3976 6456
688 417 1011 424 —._—.———

1532 579 1727 635 ANNO
1769 578 2013 634 DOMINI
2057 578 2265 633 MXXIV

242 818 1700 1051 SANCTUS
1900 814 3564 1041 HENRICUS

1302 1165 1881 1245 IMPERATOR
1958 1164 2513 1244 AUGUSTUS.

1762 1370 2137 1378 ———-—~——-—

853 1527 1036 1628 DE
1110 1526 1208 1629 S.
1286 1523 1931 1628 HENBICO
2003 1521 2949 1625 IMPERATOBE

1494 1771 1832 1816 BAEBERGE
1878 1771 1938 1814 IN

527 1980 2172 2113 COMMENTARIUS

1988 1771 2301 1815 GERMANIA

2308 1980 3309 2109 PR/EVIUS.

1291 2223 1471 2292 (Apud
1510 2221 1791 2289 Bolland.,
1815 2220 1953 2275 Julii
1984 2224 2123 2275 tom.
2156 2220 2255 2287 Ill,
2282 2220 2374 2275 die
2408 2220 2521 2289 14.)

1637 2390 1715 2397 συ-

422 2512 449 2573 §
489 2513 538 2562 l.
576 2510 768 2561 Sancti
796 2523 982 2575 genus,
1006 2523 1194 2561 nomen
1226 2512 1275 2560 et
1302 2509 1615 2574 agnomina.

210 2603 253 2650 l.
292 2598 671 2667 Episcopatus
704 2595 1138 2665 Bambergensis
1168 2596 1352 2664 elogia
1382 2596 1576 2666 paucis
1604 2594 1701 2649 sed
1735 2611 1849 2648 non

136 2688 497 2754 ineleganter
546 2684 821 2738 delibavit
873 2685 1086 2754 Gaspar
1152 2684 1498 2751 Bruschius;
1551 2684 1685 2738 urbs
1726 2684 1849 2753 ipsa

140 2791 244 2828 non
276 2775 458 2828 semel
495 2775 553 2827 in
602 2775 755 2827 Actis
784 2774 995 2827 nostris
1052 2774 1339 2843 descripta
1385 2779 1489 2835 est,
1526 2778 1765 2842 patrono
1797 2776 1851 2823 et

142 2865 445 2917 tundatore
502 2863 764 2916 Ecclesiae
799 2878 917 2915 suae
949 2862 1206 2932 gaudens
1236 2862 1292 2915 S.
1356 2862 1621 2928 Henrico,
1653 2876 1848 2931 quem,

146 2953 428 3006 Caesarum
479 2968 718 3005 suorum
758 2951 931 3005 decus
983 2956 1039 3003 et
1068 2951 1335 3021 gloriam,
1382 2951 1489 3003 hoc
1545 2950 1632 3002 vel
1660 2948 1852 3019 potius

148 3041 481 3111 praecedenti
560 3041 671 3105 die,
748 3041 890 3095 coelo
956 3039 1277 3094 transmisit
1336 3040 1661 3105 Germania,
1729 3038 1853 3107 ejus

148 3130 384 3182 nominis
461 3131 677 3199 Regem
758 3129 959 3181 ordine
1039 3129 1377 3194 secundum,
1439 3129 1849 3197 Imperatorem

148 3236 266 3270 vero
300 3218 585 3288 primum,
635 3233 805 3288 quem
860 3222 1053 3270 tamen
1107 3217 1493 3271 communiori
1524 3216 1852 3286 acceptione

151 3307 449 3361 Henricum
505 3307 551 3360 ll
611 3306 1051 3377 appellabimus,
1101 3306 1286 3359 virum
1344 3306 1557 3375 insigni
1617 3321 1852 3375 prorsus

149 3396 523 3449 sanctimonia
552 3396 795 3460 clarum,
858 3394 1182 3463 virginitate
1214 3394 1272 3447 in
1327 3393 1598 3464 conjugio
1632 3399 1852 3446 servata

152 3484 446 3549 illustrem,
477 3483 862 3536 beneficentia
892 3483 950 3536 in
989 3483 1290 3537 Ecclesiam
1315 3483 1460 3535 nulli
1494 3482 1808 3535 secundum
1836 3498 1849 3547 ;

156 3580 207 3625 nt
230 3573 295 3625 de
326 3572 634 3642 perpetuis
673 3573 796 3640 ejus
839 3572 1009 3625 etiam
1069 3570 1358 3625 intestinis
1406 3570 1569 3624 bellis
1600 3571 1694 3624 hic
1738 3585 1852 3622 non

153 3677 397 3729 agamus,
426 3661 644 3731 quibus
691 3665 810 3713 toto
858 3661 1025 3730 regni
1071 3666 1129 3713 et
1185 3660 1413 3729 imperii
1474 3659 1563 3712 sui
1593 3664 1851 3728 tempore

155 3754 306 3802 etiam
340 3766 374 3803 a
430 3747 719 3819 proximis
762 3754 819 3801 et
874 3749 979 3804 sibi
1038 3747 1485 3802 obstrictissimis
1534 3747 1852 3818 exagitatus

158 3836 284 3890 fuit:
317 3838 649 3891 Germania:
708 3836 983 3891 interiora
1029 3838 1298 3891 adversus
1354 3837 1595 3890 rebelles
1627 3836 1857 3906 egregie

158 3932 373 3991 tutatus,
434 3931 713 3979 externos
790 3942 921 3979 vero
987 3926 1175 3979 hostes
1251 3926 1466 3990 Slavos,
1552 3926 1852 3987 Bohemos,

162 4015 386 4067 Polonos
439 4013 704 4084 aliosque
754 4013 979 4066 invictis
1045 4013 1220 4067 armis
1272 4013 1602 4079 insecutus;
1638 4012 1855 4084 quique

160 4103 205 4153 in
252 4102 547 4172 oppositas
618 4101 866 4155 maxime
935 4102 1174 4171 Europae
1227 4106 1418 4171 partes
1475 4100 1741 4171 Apuliam
1802 4105 1859 4153 et

162 4189 467 4242 Flandriam
531 4187 785 4241 victricia
832 4187 995 4257 signa
1052 4187 1424 4240 circumtulit.
1469 4187 1562 4251 Ea,
1596 4186 1854 4256 inquam,

162 4279 239 4331 hic
279 4296 339 4333 ex
405 4278 671 4350 professo
756 4277 1115 4331 eruderanda
1164 4292 1277 4329 non
1357 4275 1733 4344 suscepimus,
1791 4274 1859 4326 iis

162 4368 509 4433 potissimum
538 4365 748 4420 intenti
802 4382 931 4436 quas
961 4365 1031 4419 ad
1064 4365 1385 4435 singulares
1438 4365 1561 4435 ejus
1600 4364 1858 4429 virtutes,

163 4456 469 4509 Christiano
502 4460 559 4509 et
587 4470 721 4508 vere
750 4460 944 4508 sancto
987 4453 1248 4524 principe
1310 4454 1533 4525 dignas,
1585 4452 1861 4505 miracula

164 4550 209 4596 et
240 4545 479 4609 cultum,
538 4548 666 4597 tota
695 4542 987 4598 Catholica
1027 4542 1274 4597 Ecclesia
1327 4541 1531 4595 merito
1573 4555 1859 4611 propaga-

168 4638 291 4695 tum,
322 4636 619 4703 pertinere
654 4632 1017 4685 censebimus
1049 4647 1063 4696 ;
1098 4646 1195 4684 eos
1236 4630 1524 4700 prmcipue
1556 4630 1863 4698 scriptores

170 4722 417 4781 .udituri,
447 4720 555 4792 qui
588 4720 711 4789 ejus
729 4736 833 4789 pro
865 4719 976 4774 tide
1009 4725 1065 4773 et
1116 4720 1395 4789 religione
1424 4720 1649 4773 fortiter
1678 4726 1861 4791 gesta,

174 4810 613 4863 muniﬁcentiam
645 4809 704 4862 in
727 4808 1087 4863 exstrueudis
1144 4808 1652 4878 restaurandisque
1684 4810 1859 4863 eccle-

170 4900 270 4960 suis,
326 4904 654 4969 caeteraque
704 4898 1057 4951 intemeratae
1128 4897 1445 4951 sanctitatis
1521 4904 1865 4969 argumenta

174 4987 428 5053 prosecuti
462 4991 623 5040 sunt.
652 4988 839 5056 Atque
873 4988 993 5041 haec
1049 4986 1336 5057 prmeipua
1366 4992 1538 5040 erunt
1568 4987 1861 5042 tractatio-

2035 2508 2088 2558 2.
2127 2505 2253 2557 Hinc
2283 2504 2431 2557 inter
2456 2503 2709 2573 primum
2759 2503 3006 2557 Occurrit
3036 2504 3222 2557 Sancti
3253 2504 3429 2575 ipsius
3464 2520 3668 2574 genus,

1961 2592 2156 2663 stirps,
2191 2608 2352 2659 origo
2385 2607 2482 2644 seu
2517 2592 2840 2653 familia,de
2873 2593 3236 2661 quadubium
3269 2593 3410 2647 mibi
3444 2594 3670 2647 nullum

1962 2680 2260 2734 subortum
2296 2681 2517 2741 fuisset,
2551 2688 2681 2750 post
2736 2681 2875 2734 lecta
2938 2687 3055 2735 tam
3109 2682 3266 2735 varia
3323 2685 3668 2753 scriptorum

1961 2785 2280 2822 cotevorum
2313 2770 2660 2830 testimonia.
2702 2770 2816 2822 nisi
2862 2777 3055 2823 noster
3087 2771 3383 2824 Matthmus
3413 2772 3672 2827 Raderus

1961 2858 2019 2910 in
2051 2874 2153 2912 sua
2185 2861 2423 2913 Bavaria
2474 2865 2686 2925 sancta,
2720 2864 2855 2913 tom.
2911 2861 2952 2923 I,
3004 2862 3217 2930 pagina
3267 2862 3387 2925 l03,
3443 2862 3511 2915 ad
3549 2879 3668 2917 rem

1962 2948 2132 3016 paulo
2176 2948 2491 3000 accuratius
2550 2948 2991 3002 examinandam
3047 2950 3438 3019 compulisset.
3480 2951 3667 3005 Refel-

1960 3035 2077 3089 lere
2134 3036 2261 3089 istic
2313 3042 2552 3090 conatur
2600 3037 2857 3090 Raderus
2916 3038 3291 3107 receptiorem
3337 3039 3390 3092 S.
3442 3039 3672 3093 Henrici

1962 3125 2317 3195 progeniem,
2350 3142 2463 3195 qua
2505 3142 2570 3179 ex
2630 3126 2925 3179 communi
2965 3142 3094 3179 cum
3152 3126 3405 3181 Ottonel
3457 3128 3671 3197 stipite,

1963 3230 2171 3283 nempe
2230 3214 2471 3267 Henrico
2527 3218 2783 3282 Aucupe,
2843 3215 3219 3281 descenderit,
3267 3216 3446 3285 gradu
3506 3218 3673 3270 tertio

1962 3302 2475 3372 consanguinitatis
2538 3319 2639 3372 per
2699 3303 2843 3355 duos
2902 3304 3189 3370 Henricos,
3228 3307 3473 3359 alterum
3511 3306 3671 3360 Otto-

1963 3394 2052 3444 nis
2101 3391 2296 3460 magni
2348 3390 2606 3457 fratrem,
2644 3391 2890 3445 alterum
2950 3393 3175 3446 Ottonis
3210 3395 3255 3448 ll
3313 3395 3669 3459 fratruelem,

1962 3476 2155 3532 Ottoni
2186 3480 2255 3532 Ill
2317 3478 2605 3532 decessori
2655 3495 2757 3532 suo
2807 3480 3173 3547 conjunctus,
3230 3483 3391 3552 cujus
3431 3484 3672 3554 proinde

1962 3567 2133 3620 arbor
2198 3567 2569 3637 genealogica
2642 3568 2830 3639 primo
2906 3569 3097 3623 statim
3180 3570 3386 3624 intuitu
3447 3587 3673 3643 perspe-

1963 3655 2216 3709 ctissima
2268 3657 2363 3711 sit.
2426 3656 2657 3710 Lineam
2727 3658 2897 3711 aliam
2964 3659 3041 3711 ibi
3098 3659 3352 3713 Raderus
3412 3662 3674 3732 sequenti

1966 3761 2096 3814 pag.
2148 3746 2245 3797 104
2277 3744 2590 3807 substituit,
2643 3761 2709 3798 ex
2769 3747 3093 3801 Hofmanuo
3147 3754 3463 3818 acceptam,
3514 3751 3673 3821 quasi

1971 3849 2037 3887 ex
2067 3848 2132 3885 ea
2183 3833 2458 3903 probetur
2513 3834 2569 3887 S.
2612 3835 2907 3901 Henricus,
2973 3852 3085 3888 non
3139 3836 3303 3903 Saxo,
3355 3838 3451 3892 sed
3508 3839 3676 3892 Boius

1968 3937 2179 3993 genere
2218 3922 2414 3989 fuisse,
2472 3922 2623 3993 quod
2676 3929 2869 3977 tamen
2922 3930 3095 3991 negat
3154 3926 3510 3980 Hofmannus
3555 3927 3675 3998 ipse

1967 4011 2027 4064 in
2076 4026 2295 4081 nupera
2356 4010 2626 4079 Ludiwigi
2684 4011 2958 4078 editione,
3029 4015 3135 4068 col.
3212 4017 3294 4075 56.
3359 4014 3510 4069 hisce
3558 4033 3676 4071 ver-

1967 4099 2055 4152 bis
2122 4099 2329 4152 tabulae
2388 4116 2505 4152 sum
2571 4100 2884 4170 praemissis
2938 4118 2951 4155 :
3024 4124 3046 4150 ι
3112 4103 3189 4157 Eo
3266 4104 3340 4167 (S.
3416 4106 3673 4171 Heuricol

1968 4188 2089 4240 sine
2155 4187 2302 4240 virili
2363 4189 2537 4258 stirpe
2604 4189 2931 4260 absumpto,
2992 4191 3362 4260 imperatoria
3428 4194 3676 4263 dignitas

1968 4277 2036 4329 de
2070 4282 2239 4346 gente
2298 4276 2577 4331 Saxonica
2634 4279 2857 4332 Henrici
2918 4280 3169 4349 Aucupis
3230 4280 3454 4349 excidit,
3504 4288 3557 4335 et
3606 4283 3675 4336 ad

1970 4365 2211 4418 Francos
2270 4365 2587 4419 Orientales
2650 4368 2893 4420 transiit.
2931 4386 2958 4418 ι)
3003 4368 3448 4441 Qualiscumque
3502 4372 3679 4441 igitur

1969 4453 2042 4506 sit
2093 4453 2390 4507 obscurior
2452 4453 2547 4507 illa
2606 4454 2910 4508 Hofmanni
2964 4456 3159 4510 tabula
3198 4473 3231 4510 a
3292 4458 3495 4513 Haderi
3553 4460 3678 4529 opi-

1971 4541 2144 4595 nione
2198 4540 2386 4611 ipsum
2454 4541 2719 4595 recedere
2778 4543 3144 4596 manifestum
3196 4549 3331 4598 est:
3380 4545 3679 4601 clariorem

1970 4645 2280 4698 agnoscere
2338 4633 2583 4698 oportet,
2668 4646 2840 4700 quam
2903 4630 3023 4699 ipse
3091 4631 3301 4685 frustra
3354 4633 3677 4705 impugnat,

1972 4716 2164 4771 inutili
2219 4734 2383 4787 asque
2440 4724 2649 4771 conatu
2722 4719 2879 4772 varia
2946 4719 3195 4787 insignia
3246 4721 3559 4789 adducens,
3613 4741 3679 4778 ex

1972 4803 2183 4874 quibus
2209 4804 2265 4858 id
2294 4807 2525 4859 demum
2560 4805 2877 4872 conficitur,
2915 4808 3068 4878 quod
3129 4808 3189 4861 in
3234 4812 3681 4866 controversiam

1972 4909 2087 4946 non
2116 4894 2273 4947 venit
2301 4893 2355 4947 S.
2392 4893 2699 4948 Henricum
2734 4895 2984 4949 Bavaria:
3032 4897 3233 4951 ducem
3270 4898 3465 4953 fuisse.

2044 4984 2094 5035 3.
2131 4981 2467 5035 Praedictam
2493 4982 2773 5048 tabulam,
2821 4983 2890 5037 ab
2941 4984 3258 5039 Hofmanuo
3318 4986 3444 5041 istic
3474 5005 3682 5060 prepo-

177 5086 248 5122 nis
274 5071 437 5141 hujus
474 5070 710 5142 praevias
749 5074 1108 5140 argumenta,
1164 5070 1243 5123 sic
1276 5076 1470 5124 tamen
1501 5087 1531 5123 ει
1560 5070 1724 5124 nobis
1756 5071 1863 5125 hoc
1897 5068 1937 5122 C
1976 5068 2171 5133 sitam,
2220 5075 2327 5123 eta
2365 5070 2586 5125 Hadero
2627 5071 2998 5143 descriptam,
3055 5074 3354 5144 operosius
3405 5076 3683 5131 discutere

177 5160 276 5212 loco
303 5159 645 5225 ordinanda,
694 5163 760 5211 ut
806 5159 947 5212 nihil
999 5160 1269 5213 omissuri
1327 5160 1506 5212 simus
1559 5175 1674 5230 quo
1710 5164 1865 5213 totus

176 5251 284 5300 vitae
344 5264 547 5303 cursus
601 5247 874 5301 illustrari
934 5248 1135 5317 possit,
1197 5248 1253 5301 id
1312 5247 1463 5318 quod
1526 5264 1557 5299 a
1634 5249 1863 5303 nemine

180 5336 424 5392 hactenus
481 5338 809 5409 prmstitum
862 5353 1004 5400 esse,
1070 5341 1202 5390 utut
1248 5336 1443 5390 mirati
1507 5336 1620 5388 sint
1672 5336 1862 5404 multi,

182 5441 324 5479 nemo
373 5434 527 5481 certe
606 5426 917 5495 implexam
988 5441 1178 5479 rerum
1235 5424 1433 5479 silvam
1493 5424 1863 5493 complanore

178 5526 326 5567 ausus
354 5520 455 5569 est.
499 5512 613 5568 Sed
673 5513 768 5566 hic
826 5514 988 5584 prius
1039 5513 1401 5585 exsequenda
1460 5516 1595 5565 sunt.
1644 5510 1859 5581 quaein

183 5604 323 5658 titulo
336 5603 779 5675 proposuimus.

516 5709 804 5775 Parum”
860 5707 1036 5773 CXL.

1977 5174 2079 5211 nec
2110 5158 2409 5213 studiinec
2436 5176 2625 5230 operae
2676 5160 2926 5231 pretium
2988 5168 3074 5215 est
3108 5182 3123 5229 ;
3166 5164 3302 5215 satis
3348 5164 3459 5218 erit
3488 5182 3684 5237 super-

1974 5263 2085 5318 que
2117 5263 2182 5301 ea
2211 5254 2470 5301 veterum
2526 5248 2854 5302 testimonia
2912 5250 3170 5317 proferre
3202 5251 3258 5304 in
3309 5253 3588 5319 medium,
3618 5272 3683 5307 ex

1973 5335 2182 5407 quibus
2209 5336 2505 5390 evidenter
2536 5342 2727 5407 pateat
2774 5338 2829 5392 S.
2893 5339 3120 5392 Henrici
3162 5355 3289 5393 cum
3350 5344 3556 5395 Ottoue
3617 5344 3686 5397 lll

1971 5424 2440 5494 consanguinitas
2470 5429 2586 5479 tam
2636 5425 2983 5497 propinqua,
3022 5433 3084 5480 ut
3114 5433 3171 5479 et
3220 5428 3407 5497 ipsum
3438 5446 3502 5483 ex
3530 5430 3687 5483 Otto—

1972 5512 2058 5565 nis
2113 5511 2308 5583 magni
2361 5528 2571 5581 genere
2612 5514 2787 5567 fuisse
2845 5519 3129 5583 oporteat,
3170 5516 3333 5586 cujus
3390 5518 3473 5571 rei
3525 5518 3684 5573 testis

1971 5599 2427 5671 synchrouus,et
2456 5600 2614 5659 omni
2663 5600 2995 5673 etceptione
3038 5601 3222 5672 major
3278 5607 3362 5658 est
3414 5604 3681 5661 Adelbol-
