3976 6464
353 343 411 394 ll
1012 382 1013 385 η
1654 343 1712 395 8.
1759 340 2045 395 llENRlCl
2085 340 2562 397 IMPERATORIS
3820 348 3844 397 l
3866 347 3901 396 Ξ

346 462 452 516 dus
473 462 894 533 Ultrajectensis
919 462 1219 533 episcopus
1266 463 1336 516 de
1366 463 1533 518 rebus
1561 462 1737 534 gestis
1794 463 1849 518 S.
1912 466 2055 518 Hen-
2082 468 2128 518 Α
2167 481 2357 538 neque
2411 466 2549 519 alios
2590 466 2649 520 in
2691 483 2758 520 ea
2804 446 3221 536 disceptatione
3272 468 3433 522 citari
3471 468 3689 532 solitos,
3724 484 3899 538 quo-

346 550 451 605 rici
478 552 628 623 apud
659 551 1030 619 Grestserum,
1064 567 1195 622 pag.
1255 553 1380 618 432,
1416 551 1578 606 nobis
1620 552 1768 605 infra
1796 552 1858 605 in
1904 568 2051 606 nova

346 638 614 705 editione,
644 656 806 694 num.
840 642 893 693 5.
949 639 1072 708 Ubi,
1103 639 1401 709 praemisso
1440 640 1511 694 de
1543 640 1768 695 Ottonis
1799 641 1872 694 Ill
1903 657 2047 711 pras-

346 733 573 782 matura
611 734 794 783 morte
847 729 1026 793 luctu,
1098 728 1178 783 sic
1218 728 1605 799 subjungitza
1668 729 1842 782 Dolor
1904 734 2051 784 esset

343 815 897 880 etiamiusanabilis,
936 815 1044 870 nisi
1102 820 1392 887 superstes
1438 816 1491 869 ei
1551 817 1855 870 exstitisset
1900 818 2047 871 Hen-

345 903 494 957 ricus
521 904 637 959 dux
666 905 968 974 gloriosus,
1018 910 1076 958 et
1104 903 1191 960 vir
1217 904 1286 959 ad
1335 920 1578 975 regnum
1617 905 2047 975 suscipiendum

343 997 625 1046 strenuus.
684 993 737 1046 Is
793 998 931 1046 tunc
987 992 1261 1063 temporis
1313 992 1585 1046 ducatum
1633 993 1694 1046 in
1724 992 2049 1046 Bavariensi

340 1095 522 1149 regno
550 1080 801 1139 tenebat,
834 1080 1113 1150 populum
1136 1079 1371 1150 pacifice
1399 1080 1652 1149 regebat,
1686 1095 1888 1150 pacem
1917 1096 2048 1134 am-

342 1166 652 1237 pliﬁcabat,
695 1167 1063 1222 ecclesiarum
1108 1167 1405 1221 facultates
1460 1168 1726 1237 augebat,
1780 1167 1937 1237 leges
1992 1173 2049 1222 et

342 1254 647 1325 religiones
678 1255 1107 1325 magnificabat.
1145 1256 1398 1310 Tandem
1429 1256 1509 1309 sic
1534 1257 1593 1310 in
1640 1256 1847 1310 ducatu
1888 1256 2043 1323 vixit,

341 1343 499 1413 quod
530 1344 800 1398 omnibus
827 1344 1064 1414 placuit,
1102 1348 1167 1398 ut
1216 1346 1286 1398 de
1313 1345 1525 1398 ducatu
1581 1344 2047 1399 transduceretnr

336 1431 407 1485 ad
440 1447 710 1502 regnum,
741 1432 812 1487 de
845 1432 1049 1486 vexillo
1079 1432 1533 1486 extollereturiu
1564 1432 1772 1486 solium
1821 1432 2043 1487 heredi-

340 1519 571 1573 tarium.
634 1520 1054 1575 Hereditarium
1113 1520 1384 1589 dicimus,
1433 1520 1590 1591 quia,
1621 1525 1687 1575 ut
1714 1520 1785 1575 ab
1828 1520 1918 1574 his
1942 1522 2042 1592 qui

338 1608 705 1678 genealogias
763 1615 1097 1679 computare
1153 1614 1431 1663 noverant
1478 1609 1822 1678 audivimus,
1855 1627 1886 1663 a
1938 1611 2041 1665 Ca-

338 1697 463 1749 rolo
487 1711 699 1766 magno
729 1713 799 1752 ex
864 1703 1026 1768 parte
1073 1698 1252 1768 patris
1293 1697 1572 1751 decimam
1621 1697 1947 1767 septimam,
1975 1715 2037 1751 ex

336 1790 500 1853 parte
532 1786 730 1839 matris
752 1784 1031 1840 decimam
1060 1792 1276 1840 sextam
1340 1786 1549 1839 lineam
1611 1787 2038 1856 propagationis

335 1874 584 1928 tenebat.
626 1874 864 1947 Insuper
910 1875 1114 1929 tertius
1161 1876 1290 1930 Otto
1336 1873 1521 1945 (forte,
1575 1874 1732 1928 tertii
1790 1874 2035 1945 Ottonis]

335 1966 463 2031 post
490 1962 712 2017 obitum
756 1963 817 2016 in
849 1978 1046 2033 regem
1086 1962 1430 2033 eligebatur,
1462 1968 1520 2017 et
1563 1978 1666 2017 IPSI
1690 1976 1937 2017 τειιτιωι
1969 1979 2036 2016 AD

335 2066 552 2105 mvxcan
577 2067 1099 2123 conssaoumirnis
1129 2067 1674 2106 ouuunrsnsamr.
1724 2074 1744 2100 ι
1782 2053 1912 2106 Haec
1932 2051 2033 2105 ibi.

403 2141 457 2193 4.
505 2140 719 2194 Rursus
766 2140 827 2194 in
851 2142 1115 2195 eamdem
1172 2141 1520 2194 sententiam
1571 2140 1829 2211 loquitur
1866 2139 2035 2193 Adel-

330 2226 534 2281 boldus
567 2229 738 2296 paulo
770 2234 897 2298 post
927 2244 1057 2298 pag.
1088 2230 1213 2291 434,
1278 2228 1400 2293 ubi,
1454 2229 1748 2282 recensitis
1782 2228 1837 2283 S.
1885 2229 2035 2282 Hen-

332 2314 434 2368 rici
489 2316 732 2383 temulis,
782 2316 937 2370 inter
1005 2333 1152 2387 quos
1209 2322 1331 2370 erat
1372 2316 1760 2372 Theodericus
1828 2317 2034 2371 Letha-

330 2404 558 2471 riensis,
590 2404 658 2458 de
684 2420 752 2458 eo
780 2405 860 2458 ait
903 2406 1078 2475 quod,
1112 2425 1139 2456 α
1173 2404 1482 2458 Henricum
1531 2405 1735 2458 ducem
1763 2404 1824 2457 in
1854 2420 2034 2475 regno

330 2506 451 2545 esse
506 2492 690 2546 sciens
753 2493 1044 2560 heredem,
1126 2493 1314 2547 noluit
1367 2493 1618 2563 incipere
1673 2494 1831 2564 quod
1915 2510 2033 2547 non

327 2585 521 2650 posset
563 2581 750 2634 linire.
802 2602 824 2628 ι
873 2581 1031 2635 Mitto
1100 2581 1193 2635 hic
1241 2598 1371 2652 quin
1419 2581 1775 2635 Hofmaunus
1827 2586 1884 2635 et
1934 2582 2033 2636 alii

328 2676 615 2735 asserunt,
673 2670 743 2724 de
822 2671 1058 2724 reducta
1135 2670 1206 2724 ab
1283 2672 1487 2724 Ottone
1550 2671 1628 2724 Ill
1687 2670 1755 2724 ad
1811 2675 2031 2740 septem

328 2759 601 2813 electores
643 2758 894 2828 imperii,
947 2758 1093 2829 regis
1146 2759 1466 2813 Germanize
1518 2758 1621 2824 (uti
1663 2764 1797 2811 tunc
1829 2758 2031 2828 loque-

326 2845 557 2914 bantur)
620 2847 919 2915 electione,
977 2863 1109 2900 cum
1171 2848 1309 2900 satis
1362 2851 1577 2899 certum
1621 2846 1902 2910 videatur,
1958 2844 2031 2899 ad

325 2934 379 2990 8.
416 2934 722 2989 Henrieum
755 2952 935 3006 usque
968 2934 1370 2989 hereditariam
1401 2935 1813 2987 successionem
1840 2935 2027 2987 locum

325 3023 638 3089 habuisse;
695 3024 962 3078 Sanctum
1021 3040 1153 3077 vero
1197 3040 1266 3077 eo
1306 3038 1433 3091 jure
1491 3038 1734 3091 regnum
1790 3021 2100 3093 adipisciC
2138 3028 2306 3080 variis
2366 3026 2685 3096 excogitata
2759 3028 2913 3086 sunt,

326 3128 441 3166 non
464 3112 737 3182 potuisse,
792 3111 898 3165 nisi
937 3127 1001 3165 ex
1069 3111 1377 3165 Ottoniano
1434 3127 1645 3181 genere
1711 3116 2029 3181 prognatus

326 3199 517 3260 fuerit,
554 3201 705 3270 quod
737 3199 1048 3255 clarissime
1079 3199 1254 3253 semel
1300 3204 1355 3252 et
1401 3198 1610 3252 iterum
1644 3197 1735 3253 hic
1768 3215 2026 3267 pronun-

322 3287 429 3342 tiat
453 3287 827 3342 Adelboldus.
879 3288 1072 3358 Neque
1102 3287 1343 3340 obscure
1384 3285 1671 3339 consentit
1715 3287 2021 3354 Ditmarus,

323 3375 532 3431 dumS.
560 3376 865 3430 Henrieum
908 3376 969 3429 in
1004 3374 1132 3429 libri
1179 3375 1267 3428 sui
1313 3374 1500 3445 quinti
1540 3375 1800 3444 prologo,
1837 3380 2027 3429 natum

324 3464 389 3519 de
417 3470 694 3519 stemmate
747 3480 935 3530 regum
984 3464 1287 3528 affirmat;
1337 3463 1629 3533 idemque,
1682 3462 1813 3516 libri
1864 3463 2027 3516 istius

324 3553 512 3625 quinti
544 3554 726 3617 initio,
768 3553 921 3623 apud
982 3551 1350 3618 [.eibnitinm,
1404 3567 1536 3621 pag.
1575 3552 1699 3615 365,
1724 3552 1820 3620 jus
1858 3550 2023 3605 here-

327 3641 596 3695 ditarium
636 3642 804 3712 plane
853 3640 1130 3711 agnoscit,
1175 3640 1423 3693 maxima
1475 3655 1780 3709 procerum
1831 3640 2024 3693 multi-

318 3729 517 3783 tudine
556 3745 673 3783 uua
719 3744 851 3782 voce
914 3729 1333 3798 respondente:
1382 3750 1403 3776 ι
1462 3727 1768 3781 Henricum
1817 3728 2024 3783 Christi

320 3816 633 3886 adjutorio,
681 3821 738 3870 et
781 3817 910 3887 jure
955 3816 1321 3871 hmreditario
1371 3821 1767 3886 regnaturum.
1800 3838 1819 3864 ι
1864 3815 2023 3870 Adde

322 3905 682 3976 Sigebertum
740 3904 1227 3967 Gemblacensem,
1291 3903 1455 3973 cujus
1510 3904 1629 3957 haec
1671 3909 1805 3957 sunt
1849 3903 2023 3957 verba

319 3991 392 4044 ad
426 4007 642 4045 annum
692 3993 859 4046 lOO‘Z:
913 4014 937 4040 ι
988 3991 1113 4046 Fuit
1165 3991 1381 4063 quippe
1425 3990 1502 4061 (S.
1537 3990 1828 4059 Henricus)
1870 3991 2022 4044 filius

319 4079 547 4134 Heurici
603 4080 781 4147 ducis,
826 4081 926 4152 qui
977 4081 1084 4135 fuit
1126 4080 1357 4150 genitus
1412 4080 1481 4133 de
1534 4079 1798 4142 Henrico,
1844 4079 2022 4132 fratre

320 4168 493 4239 primi
549 4168 771 4223 Ottonis
859 4168 1245 4238 Imperatoris.
1297 4188 1324 4217 ι
1400 4167 1558 4221 Ιῖιιάθ
1634 4166 2020 4221 restituendus

318 4257 631 4349 Marbillonii
698 4258 886 4349 lapsus
936 4257 993 4310 in
1046 4255 1373 4349 AAnnalibus
1431 4254 2013 4349 Bened_ic_tinis,npag.
2050 4297 2090 4349 D

319 4348 443 4414 159,
502 4360 660 4401 num.
706 4348 792 4409 25,
844 4346 983 4399 dum
1041 4345 1097 4399 S.
1152 4344 1456 4398 Henricum
1506 4342 1719 4411 scribit,
1758 4363 1785 4392 «
1830 4342 2015 4398 lilium

317 4439 544 4494 Henrici
585 4439 766 4505 ducis,
827 4438 1049 4493 Ottonis
1124 4436 1319 4507 magni
1384 4435 1612 4502 fratris;
1666 4457 1688 4484 ι
1741 4451 1806 4488 ex
1852 4435 2016 4489 dictis

314 4530 471 4583 enim
537 4528 756 4600 liquido
829 4531 986 4597 patet
1049 4526 1400 4595 legendum:
1451 4525 1661 4580 Ottonis
1708 4525 1901 4589 Magni
1949 4540 2017 4577 ea:

309 4619 489 4683 fratre
546 4619 777 4686 nepotis.
832 4615 952 4669 Huc
1018 4629 1222 4667 revoca
1283 4611 1718 4683 Chronograpbi
1781 4611 2016 4666 Saxonis

312 4707 380 4761 ad
402 4707 619 4760 dictum
673 4719 893 4758 annum
955 4704 1111 4768 1002,
1162 4702 1297 4756 satis
1343 4718 1641 4773 expressos
1688 4701 2011 4755 terminos:

315 4818 339 4845 ι
386 4794 656 4849 Ρνεὲΐειῐυε
705 4794 819 4846 dux
870 4792 1143 4845 Henricus
1193 4807 1372 4862 nepos
1423 4789 1632 4861 regalis
1679 4788 1740 4842 in
1768 4805 2013 4859 regnum

313 4884 565 4939 eligitur.
605 4902 632 4932 ιι

434 4901 565 4936 iter.
605 4902 632 4932 ιι

392 4901 448 5025 ἓ.
493 4971 661 5024 Plura
718 4969 830 5023 huc
918 4983 1032 5022 non
1099 4982 1407 5038 congeram
1446 4964 1794 5031 testimonia,
1882 4980 2012 5036 quae

306 5061 457 5131 apud
484 5060 750 5113 eumdem
790 5056 1307 5128 Chronographum
1336 5071 1431 5108 an.
1477 5057 1602 5119 683,
1646 5059 1705 5108 et
1750 5052 1887 5107 alibi
1918 5069 2013 5107 re—

304 5154 565 5212 currunt,
623 5163 756 5201 cum
825 5147 946 5217 jam
1008 5146 1250 5200 adducta
1334 5143 1561 5197 abunde
1618 5142 1879 5196 sufﬁcere
1927 5142 2012 5195 vi-

232 5274 235 5275 ν
303 5237 546 5293 deantur
611 5237 681 5290 ad
755 5252 903 5300 eam,
985 5248 1159 5305 quam
1219 5232 1310 5286 hic
1384 5233 1519 5287 dare
1581 5230 2010 5301 praetendimus,

304 5342 497 5380 veram
518 5331 575 5378 et
593 5329 842 5379 exactam
872 5323 1226 5377 Henricianaz
1267 5321 1462 5391 stirpis
1520 5321 1802 5385 notitiam,
1835 5319 2012 5391 quid-

302 5416 439 5487 quid
469 5416 737 5468 adversus
760 5430 885 5467 eam
919 5418 1136 5483 pugnet
1161 5412 1418 5465 Raderus
1476 5415 1576 5463 aut
1630 5408 1751 5476 alii,
1795 5424 1860 5462 ex
1912 5423 2010 5461 va-

300 5503 402 5557 riis
440 5503 760 5569 insignibus
787 5502 905 5555 sive
937 5500 1268 5569 Bamberga:
1308 5498 1424 5553 sive
1456 5496 1593 5551 alibi
1630 5496 2005 5550 exstantibus.

299 5592 499 5647 Salleri
529 5592 708 5644 nostri
731 5598 1031 5661 syntagma
1058 5590 1126 5643 de
1151 5588 1327 5658 stirpe
1356 5587 1410 5642 S.
1449 5585 1669 5639 Henrici
1715 5602 1829 5639 non
1862 5583 2000 5649 vidi,

2156 570 2288 608 rum
2328 557 2587 609 omnium
2612 554 2921 608 auctoritas
2968 555 3041 608 ad
3066 556 3470 624 Adelboldum,
3524 556 3895 621 Dilmarum,

2158 641 2518 713 Sigebertnm
2544 648 2602 697 et
2645 643 3154 715 Chronographum
3201 645 3486 699 Saxonem
3519 662 3892 716 comparari-

2157 731 2229 785 da
2258 748 2374 785 non
2431 737 2535 798 est,
2568 732 2770 785 saltem
2809 733 2959 803 apud
2994 749 3091 785 eos
3140 731 3241 803 qui
3280 734 3535 786 veritatis
3576 734 3893 786 historica:

2158 824 2453 873 momenta
2494 819 2673 889 probe
2719 820 2910 873 norint
2952 820 3307 890 expendere:
3351 835 3486 874 nam
3536 821 3608 874 de
3640 822 3893 875 Hezilo-

2158 908 2246 960 nis
2275 912 2652 977 cognomento
2700 907 2939 961 Henrico
2991 909 3202 961 Bavaro
3252 908 3306 962 8.
3350 909 3578 962 Henrici
3634 909 3891 979 parenti

2156 995 2377 1064 adjecto
2410 999 2603 1065 (quem
2635 996 2823 1048 verius
2867 994 3154 1062 Rixosnm,
3200 996 3291 1049 sed
3346 1001 3402 1048 et
3431 998 3594 1066 pium
3627 997 3888 1061 dixeris,

2155 1083 2437 1154 quidquid
2469 1083 2738 1137 adversus
2758 1084 3021 1136 Ottonem
3064 1085 3110 1137 ΙΙ
3160 1085 3396 1137 molitus
3443 1085 3535 1150 sit,
3586 1090 3653 1137 ut
3682 1085 3888 1138 habes

2154 1170 2213 1224 in
2244 1171 2364 1224 Vita
2392 1170 2446 1225 S.
2490 1171 2909 1237 Godehardi,1v
2940 1172 3078 1225 maii
3107 1188 3269 1227 num.
3320 1177 3374 1236 7,
3419 1188 3552 1242 pag.
3599 1173 3761 1242 504):
3803 1174 3891 1227 de

2157 1259 2460 1325 Hezilonis,
2495 1260 2755 1330 inquam,
2788 1261 3192 1329 appellatione,
3234 1262 3387 1314 unde
3414 1261 3670 1315 Raderus
3705 1263 3888 1314 varia

2153 1348 2424 1417 colligere
2453 1348 2675 1414 nititur,
2706 1348 2866 1402 nulla
2895 1348 3036 1402 mihi
3080 1349 3374 1405 altercatio
3409 1365 3423 1412 ;
3458 1350 3609 1419 apud
3642 1354 3890 1403 veteres

2152 1436 2310 1489 deest
2353 1435 2592 1489 omnino
2645 1436 2868 1490 affictus
2924 1437 3237 1505 character,
3281 1442 3452 1507 atque
3490 1454 3557 1491 ex
3599 1437 3889 1491 adductis

2153 1523 2523 1594 scriptoribus
2586 1522 2976 1578 indubitatum
3061 1524 3298 1578 omnino
3372 1529 3480 1593 est,
3548 1525 3882 1579 dicendum

2155 1612 2343 1682 ipsum
2384 1612 2608 1666 Ottonis
2655 1612 2851 1681 magni
2911 1629 2975 1666 ex
3028 1613 3199 1666 fratre
3246 1618 3537 1684 nepotem,
3594 1614 3881 1684 adeoque

2151 1700 2203 1753 8.
2240 1701 2545 1754 Henricum
2575 1700 2832 1769 ejusdem
2865 1700 3088 1754 Ottonis
3127 1702 3183 1754 in
3207 1703 3409 1755 eadem
3442 1702 3593 1754 linea
3648 1718 3885 1772 prone-

2150 1794 2384 1858 potem;
2418 1804 2531 1858 qno
2580 1793 2795 1858 spectat
2841 1787 3063 1839 Ottonis
3104 1788 3148 1841 Il
3190 1788 3466 1857 diploma,
3506 1790 3656 1857 apud
3698 1788 3882 1842 Grot-

2151 1893 2344 1930 serum
2369 1893 2499 1946 pag.
2538 1880 2622 1939 l3,
2652 1876 2709 1929 in
2734 1892 2845 1945 quo
2874 1877 3179 1929 Henricum
3232 1877 3577 1929 Bavarorum
3620 1876 3878 1944 ducem,

2145 1963 2340 2034 hujus,
2371 1981 2487 2035 quo
2522 1964 2591 2017 de
2636 1963 2881 2032 agimus,
2934 1972 3181 2033 patrem,
3229 1979 3418 2016 carum
3473 1967 3719 2031 nepotem
3755 1979 3877 2032 ap-

2146 2054 2342 2124 pellat,
2367 2053 2624 2121 intellige
2681 2053 3023 2121 patruelem,
3057 2055 3120 2105 ut
3151 2053 3295 2105 bene
3344 2052 3590 2122 explicat
3620 2051 3872 2105 Gretse-

2144 2158 2242 2196 rus
2264 2157 2395 2212 pag.
2429 2142 2516 2205 Si,
2545 2140 2645 2194 ubi
2678 2141 3075 2210 genealogiam
3128 2142 3274 2194 hanc
3316 2146 3571 2194 nostram
3621 2139 3878 2208 egregie

2143 2224 2468 2285 conﬁrmat.
2532 2230 2609 2283 Ne
2665 2229 2880 2282 diutius
2928 2230 2997 2282 de
3052 2245 3110 2281 re
3181 2229 3477 2297 explorata
3547 2228 3876 2293 disseram,

2142 2320 2374 2373 consule
2403 2318 2580 2370 Vitam
2637 2318 2696 2372 Β.
2756 2317 3041 2371 Mathildis
3087 2333 3177 2370 xw
3220 2317 3405 2369 Martii
3452 2331 3576 2385 cap.
3626 2319 3678 2377 5,
3718 2329 3873 2384 pag.

2144 2411 2265 2473 366,
2311 2408 2365 2460 8.
2405 2405 2632 2460 Henrici
2677 2406 2841 2475 jussu
2891 2406 3157 2476 scriptam
3206 2404 3435 2474 ipsique
3486 2404 3756 2467 dicatam,
3799 2408 3869 2456 et

2142 2496 2453 2550 dilucidam
2483 2494 2739 2547 invenies
2767 2494 2956 2547 Sancti
2985 2494 3163 2546 nostri
3203 2492 3625 2563 genealogiam,
3683 2507 3751 2543 ac
3784 2492 3871 2544 de

2141 2583 2386 2655 imperio
2439 2584 2561 2653 ejus
2607 2581 2979 2648 vaticinium;
3026 2597 3155 2652 quas
3199 2581 3395 2635 omnia
3434 2580 3698 2634 dubitare
3731 2596 3870 2634 non

2141 2674 2335 2726 sinunt
2367 2672 2504 2742 quin
2534 2671 2589 2725 S.
2624 2672 2899 2725 Henricus
2928 2671 2998 2724 ab
3043 2670 3285 2724 Henrico
3307 2672 3543 2739 Aucupe
3570 2684 3673 2739 per
3713 2685 3867 2739 syn-

2141 2777 2382 2833 onymos
2404 2766 2624 2830 patrem
2660 2765 2716 2814 et
2741 2776 2907 2813 avum
2940 2759 3229 2828 originem
3253 2757 3505 2811 traxerit.

2210 2854 2260 2903 6.
2291 2849 2552 2904 Pluribus
2594 2848 2771 2918 igitur
2815 2847 2907 2901 hic
2954 2846 3321 2916 supersedeo,
3370 2860 3560 2915 neque
3604 2842 3870 2913 eaéom-

2137 2940 2236 2994 nia
2282 2937 2577 3008 operosius
2617 2937 2895 2990 adducere
2952 2940 3052 2988 aut
3107 2935 3368 2987 refellere
3422 2933 3599 2999 lubet,
3652 2948 3791 3002 quas!
3825 2950 3864 2986 a

3009 3020 3285 3074 nationali
3370 3020 3565 3091 potius
3637 3022 3860 3089 spiritu

2136 3126 2310 3183 quam
2341 3110 2527 3162 studio
2569 3108 2841 3161 veritatis.
2895 3108 3150 3162 Raderns
3185 3108 3327 3179 ipse,
3360 3113 3492 3178 post
3520 3114 3638 3161 tam
3664 3110 3863 3161 multa

2134 3200 2196 3253 in
2231 3201 2572 3252 Bavarorum
2634 3197 2879 3266 gratiam
2939 3211 3008 3249 ex
3068 3196 3393 3265 insignibus
3455 3195 3759 3263 gentilitiis
3798 3202 3863 3250 et

2135 3288 2367 3343 aliunde
2398 3291 2652 3353 collecta,
2693 3291 2848 3339 tomo
2894 3286 3129 3338 demum
3178 3288 3386 3355 quarto
3436 3282 3691 3336 Bavariaa
3726 3299 3859 3336 sum

2136 3392 2365 3443 sanctae,
2396 3394 2529 3448 pag.
2571 3377 2659 3437 34,
2724 3374 2803 3428 rei
2864 3372 3163 3427 evidentiae
3217 3370 3576 3440 postliminio
3625 3369 3855 3422 cedens

2134 3468 2258 3522 haec
2304 3466 2475 3519 verba
2542 3465 2796 3518 inserere
2860 3477 2975 3513 non
3033 3459 3371 3513 dubitavit:
3444 3475 3471 3507 α
3526 3457 3848 3511 Henricnm

2133 3555 2287 3608 enim
2314 3559 2571 3607 sanctum
2596 3552 2876 3606 Saxonem
2926 3547 3147 3617 origine
3172 3547 3294 3615 jam
3337 3545 3622 3609 volumus,
3663 3549 3734 3596 ut
3784 3560 3855 3596 ex

2136 3644 2387 3717 Ditiuaro
2435 3642 2689 3711 liquet,»
2752 3644 2925 3706 atque
2973 3636 3144 3687 etiam
3204 3649 3270 3685 ex
3322 3633 3471 3687 aliis.
3526 3647 3671 3701 quos
3720 3632 3855 3701 jam

2132 3731 2356 3786 abunde
2409 3730 2694 3783 dedimus.
2743 3726 2851 3789 Qui
2890 3724 3088 3776 ambas
3139 3720 3474 3786 sententias,
3530 3718 3722 3772 nescio
3774 3736 3855 3773 an

2131 3820 2297 3884 serio,
2332 3831 2678 3887 componere
2708 3814 2994 3873 nituntur,
3019 3814 3120 3863 aut
3147 3809 3291 3862 nihil
3321 3823 3523 3878 agunt,
3556 3813 3653 3861 aut
3682 3823 3854 3861 mere

2130 3910 2189 3963 in
2213 3909 2441 3962 vocibus
2464 3906 2692 3967 ludunt,
2722 3908 2777 3955 et
2805 3901 2876 3954 ad
2907 3900 3108 3953 inanes
3160 3897 3471 3951 verborum
3513 3903 3849 3951 commuta-

2132 3997 2312 4050 tiones
2359 3993 2554 4048 omnia
2594 3993 2883 4044 revocant.
2942 3988 3065 4040 Non
3132 3985 3224 4039 hic
3278 3985 3348 4040 de
3402 3984 3589 4055 patria
3619 4000 3851 4053 pugna-

2131 4100 2279 4148 mus,
2312 4086 2375 4135 nt
2403 4098 2505 4152 pro
2533 4081 2775 4133 Homero
2819 4073 3049 4129 Graeciae
3088 4072 3363 4139 civitates,
3407 4088 3539 4125 nam
3592 4072 3646 4125 S.
3684 4073 3847 4125 Hen-

2132 4172 2311 4226 ricum
2378 4170 2437 4223 in
2495 4165 2731 4221 Bavaria
2822 4169 2879 4218 et
2943 4162 3165 4216 Abunia
3239 4167 3440 4215 natum
3476 4200 3490 4227 ,
3557 4160 3709 4213 ultro
3786 4164 3848 4213 et

2133 4260 2379 4313 libenter
2426 4256 2822 4310 concedimus:
2884 4257 2970 4305 ast
3023 4251 3174 4303 avito
3231 4248 3530 4318 sanguine,
3609 4251 3711 4300 aut
3772 4264 3845 4300 ex

2129 4347 2414 4418 prioribus
2472 4346 2585 4398 illis
2645 4341 3034 4411 Bajoariorum
3108 4337 3363 4409 dynastis
3430 4341 3530 4390 aut
3595 4334 3845 4389 ducibus

2127 4435 2409 4506 originem
2441 4433 2694 4498 duxisse,
2736 4445 2898 4501 aeque
2942 4442 3221 4497 negamus
3268 4430 3440 4496 atque
3486 4429 3705 4477 certum
3750 4428 3847 4477 est

2125 4524 2313 4579 Caroli
2345 4523 2385 4575 V
2417 4520 2653 4576 (laesuris
2671 4516 3032 4589 progeniem,
3072 4515 3133 4568 in
3176 4512 3603 4583 Angustissimo
3636 4511 3841 4580 Impe-

2124 4617 2311 4665 ratore
2361 4616 2558 4663 nostro
2607 4607 2806 4662 Carolo
2872 4605 2939 4659 Vl
2987 4602 3375 4672 superstitem,
3440 4614 3558 4653 non
3623 4598 3841 4668 Hispa-

2123 4715 2259 4755 nam
2290 4714 2522 4769 genere,
2572 4695 2671 4750 sed
2714 4693 3065 4767 Austriacam
3104 4694 3162 4743 et
3210 4688 3604 4743 Germanicam
3645 4702 3838 4754 agno-

2123 4788 2548 4841 scendamesse.
2589 4786 2729 4839 Hinc
2758 4783 2826 4835 ad
2884 4781 3108 4849 reliqua
3160 4777 3223 4831 in
3278 4773 3628 4847 paragraphi
3658 4774 3838 4828 titulo

2122 4876 2357 4947 prmlixa
2377 4882 2499 4929 tuto
2520 4871 2902 4944 procedimus.

2194 4969 2244 5017 7.
2270 4963 2529 5017 Nominis
2572 4957 2799 5015 Henrici
2843 4961 3099 5025 etymon,
3149 4956 3213 5006 ut
3252 4967 3319 5005 ex
3372 4950 3653 5005 Aventino
3675 4955 3835 5004 recte

2120 5053 2338 5108 notavit
2390 5052 2704 5112 Grctserus,
2786 5059 2912 5114 pag.
2985 5044 3073 5107 80,
3134 5040 3538 5095 Germanicum
3615 5044 3701 5092 est
3758 5039 3831 5091 ab

2122 5141 2274 5194 Dain
2302 5141 2391 5195 vel
2440 5138 2629 5201 Daim,
2688 5132 2843 5204 quod
2884 5135 2969 5184 est
3017 5130 3183 5194 domi,
3238 5133 3295 5182 et
3342 5126 3739 5192 Reich,dives,
3773 5132 3834 5179 et

2118 5244 2342 5297 regnum
2428 5232 2602 5295 atque
2678 5224 3002 5290 imperium:
3075 5218 3208 5271 inde
3267 5215 3577 5280 Dainreich,
3628 5215 3827 5269 Daim-

2117 5318 2287 5382 reich,
2322 5322 2427 5369 etc.
2476 5315 2701 5366 Veteres
2754 5311 3079 5365 Honoricum
3123 5307 3348 5371 dixere;
3377 5310 3467 5358 ast
3513 5305 3572 5357 in
3602 5319 3710 5357 usu
3737 5306 3829 5357 est

2119 5408 2403 5470 Henricus,
2464 5400 2719 5471 Hungari
2776 5398 2987 5470 (pergit
3031 5411 3096 5449 ex
3157 5396 3438 5449 Aventino
3499 5393 3817 5461 Gretserus)

2118 5495 2491 5555 Haemcricum,
2535 5494 2609 5557 et,
2661 5488 2877 5558 absque
2928 5483 3291 5556 aspiratione,
3341 5483 3667 5537 Emericum
3718 5497 3820 5534 vo-

2120 5587 2267 5639 cant.
2306 5581 2433 5635 Fuit
2477 5579 2648 5634 Filius
2697 5578 2751 5632 S.
2797 5574 3073 5646 Stephani
3122 5572 3272 5643 regis
3328 5573 3730 5641 Hungarorum
3763 5573 3820 5622 et
