3976 6468
173 387 234 433 ti:
1851 382 1885 433 Λ

3639 387 3700 437 ti

163 505 373 557 tiiselae
424 503 649 557 sororis
680 504 733 559 S.
799 504 1022 558 Henrici
1077 503 1466 573 Imperatoris.
1520 504 1886 572 Signiticatur
1917 506 1964 557 Α
2001 503 2200 570 choro,
2237 521 2356 558 rem
2414 505 2665 559 divinam
2712 511 2937 577 patrare
3002 509 3374 578 conspicatus,
3409 511 3582 567 simul
3631 513 3698 566 ab

159 595 277 646 hoc
313 594 557 647 nomine
590 594 848 664 prudens
882 599 937 646 et
967 593 1151 646 bonus
1197 597 1363 663 pater
1400 592 1669 657 familias,
1706 598 1762 646 et
1792 592 1890 663 qui

166 682 316 735 colit
344 697 596 750 regnum
629 689 687 736 et
715 680 1048 751 imperium.
1073 681 1188 736 Sub
1238 681 1464 736 Henrici
1511 680 1747 735 nomine
1770 681 1890 734 noti

160 777 304 824 sunt
346 787 516 840 reges
549 771 868 825 Germania:
891 787 991 824 seu
1025 771 1402 841 Imperatores
1423 774 1641 839 septem
1671 787 1684 835 ;
1710 771 1890 824 Fran-

160 859 269 911 cia:
293 874 470 927 reges
491 863 763 930 quatuor,
794 859 989 912 limata
1012 859 1448 912 nomenclatura
1470 858 1530 911 in
1555 859 1721 911 Hemi
1744 860 1890 921 ;An-

164 948 302 1013 glize
327 963 499 1018 reges
521 954 677 1002 octo:
707 952 878 1018 atque
898 947 957 1000 in
983 947 1310 1017 Hispaniam
1326 946 1762 1017 usquetransiit,
1788 946 1888 1000 ha-

165 1037 420 1107 buitque
482 1053 832 1106 synouymos
866 1051 1029 1105 reges
1075 1043 1324 1107 quatuor
1353 1036 1458 1089 sub
1474 1037 1748 1104 Henriun
1781 1052 1889 1088 uo-

168 1125 353 1192 mine,
387 1125 546 1196 quod
582 1125 708 1179 Itali
760 1125 950 1179 Errico
999 1125 1402 1195 pronuntiant.
1439 1125 1580 1178 Nota
1609 1129 1888 1194 praeterea

165 1213 478 1266 Gretserus
536 1218 916 1283 cognomenta
972 1213 1243 1268 habuisse
1302 1214 1607 1267 llenricum
1639 1213 1886 1284 impera-

166 1308 385 1369 torem,
447 1305 627 1356 sancti
683 1303 1054 1369 asanctitate,
1101 1305 1188 1371 pii
1235 1320 1267 1356 a
1313 1302 1546 1372 pietate,
1602 1303 1806 1367 claudi,
1857 1320 1888 1356 a

167 1391 371 1443 luxato
431 1390 673 1444 femore.
738 1392 1083 1461 Frequentes
1142 1407 1276 1444 vero
1331 1389 1503 1444 fuisse
1556 1391 1888 1460 hujusmodi

170 1479 600 1550 appellationes
635 1479 866 1549 regibus
895 1483 952 1533 et
983 1478 1433 1550 Imperatoribus
1457 1479 1726 1548 adjectas,
1761 1481 1887 1534 vul-

167 1584 238 1637 go
270 1572 484 1621 notum
517 1573 620 1621 est.
685 1568 823 1622 Hinc
852 1569 1066 1637 Auceps
1097 1567 1214 1631 ille,
1248 1567 1475 1622 Henrici
1504 1567 1683 1621 sanoti
1713 1584 1884 1638 proa-

171 1673 289 1715 vus.
339 1657 502 1726 quod
557 1656 802 1726 aucupio
853 1655 1250 1719 delectaretur,
1314 1660 1369 1710 et
1427 1658 1661 1710 Humilis
1713 1657 1883 1712 etiam

169 1745 382 1809 dictus,
464 1745 621 1815 quod
702 1759 969 1798 coronam
1057 1743 1418 1814 Imperialem
1495 1743 1880 1796 detractasset.

171 1832 376 1886 Ottoni
442 1833 488 1887 II
548 1835 672 1903 Ruﬁ
720 1849 1041 1904 cognomen
1071 1833 1334 1896 adhresit,
1367 1831 1556 1885 Ottoni
1591 1832 1663 1886 III
1701 1833 1882 1893 Pueri,

171 1920 321 1989 quod
384 1935 540 1989 puer
598 1936 840 1990 regnare
889 1925 1190 1990 coepisset:
1250 1918 1523 1972 Henricus
1577 1918 1652 1971 Ill
1718 1919 1886 1984 Niger

171 2009 355 2062 dictus
385 2014 498 2074 est,
526 2007 822 2062 Conradus
853 2010 976 2077 ejus
1011 2022 1173 2077 pater
1202 2008 1434 2063 Salicus.
1473 2007 1584 2060 Nec
1615 2005 1672 2059 in
1706 2006 1882 2058 Fran-

174 2097 256 2149 cia
288 2097 536 2150 defuere
567 2097 752 2150 indita
781 2096 1048 2150 facillime
1086 2100 1490 2166 cognomenta,
1512 2100 1576 2148 ut
1617 2094 1793 2148 habes
1826 2094 1883 2148 in

176 2186 393 2239 Carolis
425 2186 614 2251 Calvo,
648 2186 860 2247 Crasso,
893 2185 1170 2254 Simplicc,
1223 2185 1498 2254 Sapienle,
1531 2189 1661 2243 etc..
1720 2189 1785 2236 ut
1813 2183 1881 2236 ad

177 2275 400 2328 Graecos
428 2290 548 2328 non
579 2273 935 2339 accedamus,
983 2274 1192 2344 quibus
1218 2289 1333 2327 non
1366 2275 1555 2327 minor
1585 2272 1692 2328 fuit
1712 2272 1881 2326 liber-

180 2370 259 2415 tas
285 2363 676 2433 Imperatores
698 2379 830 2416 suos
859 2362 1290 2433 agnominandi.

244 2455 292 2506 8.
319 2451 388 2504 Et
417 2451 489 2505 de
520 2453 608 2520 pii
627 2451 862 2522 quidem
891 2455 1137 2506 etsancti
1157 2451 1622 2522 cognomentisS.
1643 2451 1884 2506 Henrico

179 2540 424 2604 tributis,
457 2555 550 2593 res
585 2540 641 2593 in
674 2545 968 2609 comperto
986 2545 1087 2605 est,
1108 2540 1409 2610 potissima
1433 2541 1550 2595 imo
1582 2541 1704 2594 sola
1733 2557 1885 2612 quaa-

179 2631 278 2682 stio
309 2627 565 2682 vertitur
596 2629 665 2682 de
697 2628 884 2682 claudi
907 2629 1308 2699 appellatione,
1343 2646 1516 2700 quam
1559 2629 1719 2683 miris
1757 2646 1884 2683 mo-

178 2717 257 2769 dis
287 2717 338 2771 ei
399 2717 649 2771 inditam
687 2723 924 2771 narrant
968 2718 1290 2788 scriptorcs,
1353 2735 1494 2788 quos
1529 2718 1677 2771 inter
1707 2720 1754 2771 is
1785 2717 1883 2789 qui

184 2805 364 2859 Sancti
396 2806 718 2876 aliqualem
768 2805 940 2859 vitam
988 2807 1213 2876 scripsit
1256 2807 1588 2873 monachus,
1636 2807 1879 2877 opinor;

185 2894 270 2946 sed
293 2894 405 2948 huc
437 2909 623 2964 usque
655 2910 975 2964 anonymus
1007 2895 1065 2948 in
1098 2895 1423 2964 fragmento
1454 2894 1880 2965 Bambergensi,

184 2982 439 3037 addendo
460 2983 643 3053 capiti
674 2984 763 3048 22,
797 2983 1027 3053 longam
1047 2983 1342 3036 historiam
1375 2987 1673 3044 memorat,
1708 2999 1881 3053 quam

2001 592 2308 662 Evangelio
2343 592 2599 660 recitato,
2635 594 2824 664 angeli
2882 611 3059 650 manu
3115 595 3328 651 librum
3360 598 3431 652 ad
3477 615 3535 652 se
3564 599 3701 653 ferri

1999 681 2162 747 vidit,
2197 683 2389 736 osculo
2422 681 2492 736 de
2525 699 2683 736 more
2710 683 3048 750 libandum;
3078 689 3250 755 atque
3283 702 3348 739 eo
3379 685 3438 739 in
3478 692 3700 741 ostento

1999 769 2202 823 exiisse
2271 770 2340 824 de
2416 770 2624 824 mentis
2695 776 2998 841 potestate,
3074 773 3340 826 sensibus
3398 774 3695 829 alienatis:

1999 874 2246 929 cumque
2276 857 2413 928 quid
2457 875 2650 914 secum
2691 865 2960 931 ageretur
3001 859 3097 914 ille
3151 861 3385 932 quidem
3436 863 3696 930 nesciret,

1998 947 2289 1013 angelum,
2359 947 2674 1002 collaudata
2733 949 2856 1018 ejus
2902 949 3197 1019 pudicitia,
3248 956 3304 1004 et
3354 950 3700 1005 castimoniae

1999 1035 2211 1100 studio,
2237 1035 2491 1106 tetigisse
2532 1053 2772 1091 nervum
2805 1037 3060 1104 femoris,
3095 1043 3267 1108 atque
3294 1038 3427 1092 inde
3480 1039 3699 1093 claudi-

1998 1139 2126 1177 care
2183 1124 2440 1193 coepisse.
2499 1127 2572 1179 At
2627 1125 2954 1196 comperior
3009 1127 3278 1197 equidem
3336 1127 3395 1180 in
3448 1128 3698 1181 ecclesias

1998 1212 2298 1266 I-‘uldensis
2348 1213 2702 1268 membranis
2748 1215 2818 1268 iis
2867 1214 3077 1286 quibus
3129 1215 3526 1270 muniﬁcentia
3576 1217 3699 1288 ejus

1997 1299 2155 1370 regia
2196 1300 2556 1369 describitur,
2616 1302 2818 1373 primis
2862 1303 3143 1372 regnandi
3174 1303 3443 1370 exordiis,
3475 1321 3606 1358 cum
3642 1322 3699 1358 se

1997 1394 2285 1443 exerceret
2339 1394 2570 1466 venatu,
2630 1389 2941 1460 gravitera
3000 1391 3119 1445 fera
3175 1391 3452 1458 saucium,
3486 1408 3699 1447 nomen

1997 1477 2132 1532 inde
2165 1478 2434 1550 populari
2479 1479 2791 1549 jactatione
2847 1479 3123 1548 Du/fchols
3182 1480 3477 1550 (grallator
3514 1497 3608 1534 seu
3631 1482 3698 1535 li-

1997 1579 2111 1633 gno
2170 1561 2422 1634 saliens),
2473 1564 2531 1619 id
2587 1571 2674 1619 est
2726 1566 2914 1620 claudi
2944 1567 3162 1622 tulisse.
3220 1568 3601 1631 Quamobrem
3633 1586 3696 1622 ex

1997 1653 2103 1706 hoc
2133 1653 2251 1706 fere
2282 1653 2515 1709 incursu
2567 1653 2915 1710 claudicasse
2960 1656 3170 1726 potius,
3220 1673 3349 1710 cum
3387 1658 3700 1726 majoribus

1997 1741 2226 1796 credere
2295 1742 2462 1796 liceat
2520 1741 2748 1814 [quam]
2809 1760 2875 1797 ex
2930 1744 3121 1815 angeli
3175 1750 3460 1809 contactu,
3514 1747 3559 1799 si
3616 1748 3696 1800 illi

1997 1830 2118 1883 viso
2189 1846 2291 1884 sua
2343 1831 2484 1884 ﬁdes
2537 1831 2998 1885 testiﬁcationem
3058 1833 3321 1886 retulisse
3378 1835 3697 1904 conjugalis

1997 1918 2358 1973 abstinentia!
2393 1919 2819 1990 pudicitiaeque.
2861 1941 2883 1968 ο
2918 1919 3082 1976 Clara
3137 1921 3258 1974 hinc
3306 1923 3476 1993 plana
3508 1929 3564 1976 et
3609 1940 3697 1976 sa-

1996 2023 2070 2060 na
2097 2011 2263 2063 sunt:
2293 2023 2481 2078 neque
2512 2023 2645 2062 vero
2694 2007 2972 2078 prodigiis
2994 2025 3138 2078 opus
3167 2010 3276 2063 fuit
3307 2015 3389 2076 ut,
3424 2011 3574 2082 quod
3605 2012 3698 2065 in-

1997 2101 2082 2148 ter
2122 2096 2392 2150 mortales
2450 2096 2591 2150 adeo
2628 2097 2863 2151 obvium
2894 2101 2996 2166 est,
3027 2098 3082 2152 S.
3145 2098 3418 2153 Henricus
3450 2117 3516 2154 ex
3548 2105 3698 2155 recte

1997 2187 2295 2257 gradiente
2348 2185 2582 2240 claudus
2634 2186 2988 2242 redderetur.
3047 2187 3182 2241 Hinc
3212 2188 3283 2242 ad
3334 2189 3520 2243 Sancti
3557 2196 3695 2245 atta—

1996 2281 2134 2339 tem,
2157 2274 2378 2329 obitum
2409 2279 2466 2329 et
2491 2275 2704 2329 cultum
2735 2261 3160 2346 progredimur.

1998 2367 2024 2431 §
2056 2364 2124 2418 II.
2160 2364 2350 2419 Sancti
2385 2369 2538 2428 aetas,
2581 2379 2756 2418 annus
2785 2370 2835 2419 et
2863 2365 2977 2419 dies
3003 2366 3200 2431 obitus,
3253 2369 3451 2436 cultus,
3499 2367 3693 2434 elogia.

2071 2456 2152 2508 t0.
2189 2455 2429 2507 )Etatem
2462 2453 2516 2507 S.
2551 2453 2775 2506 Henrici
2811 2469 2915 2507 nec
2939 2453 3010 2506 ab
3038 2454 3356 2509 Adelboldo
3389 2472 3490 2510 nec
3523 2473 3555 2509 a
3583 2458 3697 2511 Dit-

1996 2559 2157 2596 maro
2205 2542 2390 2611 repeti
2447 2558 2612 2612 posse
2677 2543 3046 2612 perspicuum
3103 2549 3220 2610 est;
3279 2544 3487 2614 prioris
3541 2547 3698 2600 enim

1995 2630 2395 2701 imperfectum
2428 2635 2514 2684 est
2544 2646 2712 2701 opus,
2744 2631 3009 2684 desinens
3055 2631 3116 2684 in
3142 2648 3292 2686 anno
3351 2635 3506 2700 1004,
3553 2634 3699 2689 alter

1993 2723 2187 2772 autem
2235 2717 2440 2772 Sancto
2498 2733 2615 2772 non
2668 2718 3002 2790 supervixit,
3056 2726 3403 2791 praemature
3459 2740 3489 2776 e
3557 2723 3697 2777 vivis

1994 2812 2224 2877 ereptus
2253 2822 2405 2858 anno
2445 2807 2595 2860 1018.
2629 2805 2940 2860 Monachus
2985 2823 3324 2878 anonymus,
3359 2826 3530 2881 quem
3558 2812 3697 2865 Vitae.

1995 2894 2431 2964 qualiscumque
2462 2898 2753 2948 auctorem
2786 2895 3184 2965 supponimus,
3220 2912 3342 2967 cap.
3378 2900 3445 2952 3O
3473 2898 3551 2952 sic
3583 2899 3694 2955 ait:

1998 3006 2025 3030 ‹‹
2061 2983 2334 3037 Defuncto
2386 2982 2576 3052 itaque
2609 2983 2935 3036 beatissimo
2969 2982 3068 3036 Dei
3100 2983 3315 3036 famulo
3347 3002 3499 3038 anno
3535 2987 3694 3054 regni

185 3077 239 3124 ut
267 3072 546 3141 sugillare
585 3087 821 3141 prorsus
870 3073 1068 3131 nolim.
1105 3071 1312 3142 potiori
1345 3077 1537 3125 tamen
1571 3071 1881 3125 auctorita-
1915 3074 1956 3128 C
1997 3071 2082 3126 sui
2115 3088 2264 3135 XXIV,
2296 3070 2424 3123 vitae
2475 3087 2566 3133 ιιι,
2611 3069 2839 3140 imperii
2888 3087 3019 3124 vero
3063 3087 3134 3137 ιιι,
3167 3093 3185 3116 ιι
3228 3077 3333 3126 etc.
3367 3076 3468 3127 Ast
3513 3074 3605 3128 hic
3639 3077 3695 3129 in

188 3161 249 3213 tis
297 3161 556 3230 pondere
606 3159 907 3231 praeditam
964 3161 1190 3223 vellem,
1264 3166 1321 3213 et
1368 3159 1572 3227 majori
1629 3164 1884 3213 veterum

188 3265 450 3302 consensu
489 3249 804 3313 ﬁrmatam,
837 3248 1195 3302 tradentibus
1225 3249 1350 3301 aliis
1389 3249 1539 3318 apud
1589 3248 1884 3302 laudatum

194 3337 528 3391 Gretserum.
561 3336 614 3390 S.
646 3336 977 3402 Henricum,
1003 3336 1060 3390 in
1104 3336 1255 3391 bello
1290 3337 1718 3406 Longobardico
1749 3353 1883 3390 con-

193 3431 270 3477 tra
316 3426 644 3480 Arduinum
679 3441 778 3478 seu
819 3425 1205 3494 Hardwigum.
1246 3432 1553 3497 «captum,
1604 3443 1755 3492 cum,
1786 3427 1884 3481 de-

193 3516 353 3583 ceptis
391 3514 730 3567 custodibus
756 3513 1002 3585 elapsus,
1038 3515 1107 3568 de
1140 3531 1304 3568 muro
1339 3531 1398 3568 se
1451 3515 1882 3586 praecipitasset,

195 3605 368 3656 luxato
401 3604 656 3657 fractove
688 3618 873 3668 crure,
906 3607 1102 3672 postea
1131 3603 1498 3670 claudicasse,
1527 3605 1676 3658 unde
1709 3605 1884 3658 CLAU-

197 3708 237 3744 m
292 3691 744 3761 cognomentum
809 3690 1092 3744 habuerit.
1161 3713 1181 3738 ι
1248 3692 1342 3745 His
1393 3692 1560 3757 adde,
1613 3693 1657 3744 si
1705 3693 1882 3756 lubet,

195 3797 304 3849 quae
357 3781 415 3834 in
447 3779 718 3834 eamdem
770 3796 892 3832 rem
933 3780 1216 3849 congessit
1250 3780 1625 3843 lIofmanuus,
1659 3780 1714 3834 in
1748 3781 1884 3834 cita-

194 3869 253 3921 tis
273 3869 382 3924 suis
440 3868 790 3938 Annalibus,
825 3869 935 3922 col.
976 3871 1042 3923 38
1083 3874 1139 3922 et
1179 3871 1268 3934 39,
1319 3875 1375 3922 et
1403 3869 1711 3923 novissime
1747 3871 1885 3923 Bur-

195 3959 420 4012 chardus
449 3958 718 4013 Struvius
779 3957 838 4010 in
874 3957 1245 4028 Syntagmate
1299 3958 1557 4012 historiae
1589 3975 1708 4012 sure
1749 3961 1884 4013 Ger-

197 4047 433 4112 manicae,
491 4051 659 4118 parte
710 4051 760 4112 1,
791 4063 922 4117 pag.
957 4050 1080 4101 372.
1114 4048 1305 4118 Neque
1336 4047 1770 4117 praztereundus
1803 4052 1886 4102 est

198 4133 437 4189 laudatus
480 4137 661 4189 etiam
738 4152 911 4206 supra
958 4136 1172 4206 Gaspar
1230 4135 1556 4204 Bruschius,
1615 4140 1770 4189 tomo
1816 4135 1886 4189 de

199 4223 530 4278 Monasteriis
583 4224 926 4290 Carmaniae,
969 4225 1091 4289 ubi,
1123 4240 1258 4295 pag.
1298 4227 1385 4279 87.
1420 4227 1666 4280 Montem
1701 4225 1888 4280 Mona-

199 4313 436 4380 chorum,
498 4313 568 4367 de
597 4329 744 4383 quos
790 4329 895 4366 nos
935 4313 1161 4368 abunde
1193 4314 1366 4368 locuti
1404 4330 1602 4368 sumus
1650 4314 1717 4368 ad
1752 4317 1886 4368 Acta

201 4401 244 4453 S.
267 4400 478 4456 Ottonis
509 4401 605 4456 die
665 4401 915 4455 secunda
953 4401 1110 4468 Julii,
1163 4401 1510 4468 describens,
1543 4401 1653 4456 alia
1687 4401 1884 4456 obtru-

201 4489 286 4557 dit,
308 4491 492 4544 minus
523 4493 702 4544 etiam
735 4489 1052 4556 credibilia,
1080 4495 1144 4544 ut
1191 4490 1575 4544 diversissima
1608 4491 1703 4544 illa
1736 4491 1883 4561 ejus-

201 4577 310 4632 dem
366 4579 445 4632 rei
510 4577 902 4633 diversimode
982 4583 1226 4632 narrata.-
1296 4578 1585 4648 adjuncta,
1637 4579 1885 4633 invitum

205 4667 356 4720 etiam
395 4667 717 4738 quemlibet
746 4668 817 4722 de
872 4668 1112 4722 veritate
1144 4667 1450 4738 ancipitem
1485 4668 1702 4723 hmrere
1731 4684 1885 4722 com-

201 4755 407 4822 pellant.

263 4846 307 4896 9.
332 4845 823 4900 Claudicationem
873 4845 1143 4917 equidem
1193 4844 1460 4909 admitto,
1499 4849 1574 4908 at,
1594 4850 1660 4900 ut
1689 4861 1886 4899 verum

205 4929 374 4999 fatear,
435 4934 494 4987 in
552 4935 776 4988 nullam
829 4933 1205 4988 adductamm
1262 4949 1298 4988 a
1351 4934 1726 5005 scriptoribus
1776 4933 1888 4988 illis

209 5034 476 5076 causarum
535 5024 787 5077 multum
818 5022 1098 5088 inclinor;
1163 5022 1346 5094 magis
1403 5023 1632 5094 placent
1659 5039 1726 5077 ea
1755 5039 1884 5094 quas

208 5107 353 5164 habet
382 5111 676 5166 Browerus
710 5117 903 5166 noster
932 5112 989 5165 in
1011 5111 1466 5183 Antiquitatibus
1492 5111 1886 5178 Fuldensibus,

209 5195 289 5250 lib.
336 5217 410 5266 Ill,
464 5217 592 5272 cap.
649 5204 736 5266 12$,
772 5216 902 5271 pag.
938 5203 1062 5268 255,
1118 5200 1208 5254 his
1257 5200 1476 5254 verbis:
1514 5219 1540 5250 «
1591 5200 1689 5254 Hic
1734 5201 1889 5254 idem

210 5283 451 5342 Henricus
531 5292 814 5360 (sanctus)
857 5306 958 5344 cur
1013 5289 1212 5342 Claudi
1272 5304 1592 5358 cognomen
1671 5287 1886 5353 tulerit,

213 5374 392 5444 inquiri
429 5379 615 5433 video.
676 5379 988 5432 Nauclerus
1039 5378 1190 5432 fama
1251 5383 1549 5448 exceptum
1605 5375 1889 5445 perhibet,

214 5475 265 5511 ex
292 5463 498 5532 obiecto
529 5465 673 5535 Regi
726 5465 950 5518 coalitus
993 5463 1113 5518 viso
1139 5463 1196 5518 id
1226 5464 1501 5529 evenisse,
1533 5478 1662 5516 cum
1698 5463 1892 5516 Romae

217 5546 260 5598 in
310 5551 533 5606 ecclesia
565 5553 628 5607 ι).
666 5553 858 5606 Mariae
892 5551 1119 5622 Majoris
1172 5551 1461 5607 Christum
1490 5551 1703 5617 Jesum,
1737 5565 1892 5604 sum-

218 5648 345 5691 mum
407 5641 785 5707 sacerdotem,
862 5640 1032 5696 Matre
1090 5640 1545 5712 Sanctorumque
1621 5637 1893 5708 stipatum

1997 3160 2184 3230 primo
2239 3160 2562 3212 charactere
2597 3166 2739 3223 erat,
2785 3175 2915 3213 cum
2953 3159 3142 3214 Sancti
3189 3161 3488 3216 exordium
3531 3170 3697 3219 antea

1996 3247 2324 3303 innexuerit
2379 3264 2530 3301 anno
2582 3249 2748 3313 1001;
2803 3265 3000 3302 verum
3059 3248 3126 3302 ab
3183 3265 3278 3303 vm
3339 3251 3466 3303 Idus
3514 3268 3609 3305 seu
3644 3269 3693 3307 νι

1993 3337 2149 3392 Junii
2207 3338 2341 3390 1002
2403 3337 2472 3389 ad
2527 3336 2678 3389 diem
2736 3336 2926 3391 obitus
2979 3354 3072 3392 xui
3132 3354 3228 3392 seu
3264 3355 3352 3392 xxv
3398 3339 3531 3393 Julii
3581 3357 3693 3394 non

1994 3430 2184 3496 potest
2213 3423 2452 3495 reperiri
2487 3423 2591 3477 nisi
2644 3441 2830 3478 annus
2870 3441 3005 3478 xxiii
3055 3425 3398 3492 inchoatus;
3433 3429 3698 3498 quocirca

1995 3515 2066 3569 ab
2097 3513 2223 3567 aliis
2255 3513 2502 3567 rotundo
2526 3530 2768 3567 numero
2799 3513 2984 3567 solum
3012 3530 3282 3584 regnasse
3300 3517 3510 3570 dicitur
3531 3518 3697 3571 annis

1995 3620 2129 3670 xxu,
2163 3607 2224 3656 ut
2259 3603 2576 3673 Imperator
2597 3619 2733 3656 vero
2779 3603 2946 3656 annis
2978 3618 3042 3656 x:
3092 3619 3222 3673 quae
3283 3604 3478 3658 omnia
3537 3606 3694 3659 facile

1994 3695 2429 3764 intelliguntur:
2503 3707 2616 3744 non
2673 3692 2811 3745 item
2868 3693 3024 3762 quod
3094 3697 3354 3747 mortuus
3419 3693 3493 3747 sit
3543 3711 3695 3748 anno

1996 3799 2170 3847 uxxu,
2203 3781 2286 3836 uti
2311 3781 2504 3852 plures
2533 3780 2809 3848 scripsere
2840 3795 2983 3850 quos
3025 3779 3116 3833 hic
3170 3781 3408 3835 recitare
3437 3798 3555 3836 non
3597 3799 3695 3836 va-

1994 3874 2104 3936 cat,
2135 3869 2350 3924 nedum
2398 3868 2666 3932 refutare,
2717 3884 2832 3922 non
2882 3868 3064 3939 magis
3107 3884 3281 3939 quam
3337 3869 3481 3924 alios
3529 3873 3696 3942 regni

1994 3959 2158 4014 initia
2188 3958 2431 4029 ﬁgentes
2454 3972 2604 4010 anno
2635 3955 2962 4010 millesimo.
2998 3956 3269 4011 Omnium
3303 3957 3484 4012 instar
3505 3959 3597 4013 hic
3623 3961 3696 4014 sit

1996 4053 2192 4103 auctor
2246 4047 2383 4100 Vitae
2444 4045 2498 4099 S.
2565 4044 2880 4100 Meinwerci
2933 4045 2992 4099 in
3056 4051 3253 4100 nostra
3303 4046 3576 4116 editione,
3623 4051 3690 4104 ad

1996 4137 2148 4190 diem
2180 4135 2404 4200 vJunii,
2433 4149 2556 4203 cap.
2589 4135 2669 4200 l3,
2705 4149 2866 4187 num.
2896 4133 3378 4203 lOl,ubidicitur:
3421 4160 3440 4184 ε
3464 4136 3518 4191 S.
3554 4138 3694 4192 Hen-

1996 4226 2145 4278 ricus
2177 4240 2306 4278 cum
2348 4222 2525 4276 totius
2565 4221 3007 4276 Christianitatis
3061 4222 3449 4278 inaestimabili
3482 4241 3694 4280 mozro-

1997 4328 2058 4366 re
2081 4329 2232 4366 anno
2254 4311 2381 4365 vita:
2428 4327 2544 4365 sua!
2585 4327 2676 4372 ιιι,
2736 4310 2900 4381 regni
2950 4327 3080 4376 xxu,
3117 4311 3345 4381 imperii
3395 4329 3448 4378 x,
3499 4315 3692 4368 Domi-

1996 4402 2138 4456 nicze
2187 4400 2605 4454 Incarnationis
2636 4416 2803 4454 uxnv
2853 4399 3194 4466 defunctus;
3229 4425 3253 4446 ι»
3315 4401 3468 4471 quod
3527 4403 3694 4474 plane

1996 4490 2295 4544 conﬁrmat
2351 4487 2836 4558 Chronographus
2881 4486 3024 4542 Saxo
3082 4487 3153 4541 ad
3205 4487 3420 4541 dictum
3479 4507 3696 4544 annum

2001 4581 2156 4645 1024,
2188 4583 2245 4632 et
2272 4577 2534 4632 terminis
2585 4577 2759 4646 paulo
2809 4575 3258 4646 expressioribus
3302 4579 3550 4632 Annales
3581 4579 3694 4633 Ilil-

1995 4669 2378 4731 desemenses,
2403 4681 2648 4737 quorum
2680 4664 2739 4718 hi
2772 4669 2907 4718 sunt
2935 4664 3320 4718 characteres:

2071 4760 2155 4810 11.
2221 4775 2247 4806 ‹‹
2304 4771 2490 4819 ιίχιιιν,
2553 4753 2752 4807 Indict.
2819 4769 2913 4807 vu.
2981 4752 3318 4807 Heinrichus
3379 4754 3700 4826 Imperator

2000 4845 2365 4900 Nativitatcm
2437 4841 2644 4897 Christi
2705 4841 3056 4912 Babenberg,
3111 4843 3325 4896 Pascha
3383 4844 3697 4899 Partheno-

1997 4931 2138 5004 poli,
2173 4933 2546 4986 Pentecosten
2579 4945 2713 4983 vero
2743 4930 2973 4983 Goslare
3021 4929 3336 4984 honoriﬁce
3371 4931 3695 4988 celebravit.

1997 5021 2105 5087 Qui
2136 5025 2333 5092 postea
2389 5021 2584 5074 Gruna
2629 5019 2804 5082 venit,
2851 5024 2906 5072 et
2952 5017 3030 5073 ibi
3079 5018 3357 5089 languore
3407 5027 3703 5092 correptus

2000 5109 2303 5175 decubuit;
2350 5115 2408 5162 et
2463 5123 2594 5161 cum
2648 5107 2823 5161 totius
2854 5106 3018 5177 regni
3071 5123 3315 5161 mcerore
3359 5108 3460 5163 ah!
3504 5109 3602 5164 ah!
3644 5127 3698 5164 ιιι

2002 5199 2132 5254 Idus
2157 5197 2291 5252 Julii
2322 5195 2618 5252 hominem
2649 5196 2909 5267 deposuit
2935 5211 2948 5248 :
2991 5194 3087 5250 sed
3121 5211 3230 5249 χιιι
3260 5196 3445 5262 annis,
3492 5197 3702 5252 hebdo-

2001 5288 2184 5343 madis
2213 5303 2244 5339 v
2272 5293 2329 5340 et
2379 5302 2492 5339 uno
2523 5284 2614 5339 die
2649 5285 2926 5356 regnavit.
2960 5284 3165 5339 Anima
3216 5284 3340 5354 ejus
3385 5286 3705 5356 requiescat

2002 5377 2058 5430 in
2088 5392 2244 5446 pace.
2311 5376 2413 5430 Det
2442 5373 2705 5444 requiem
2763 5374 2971 5427 animos
3031 5373 3130 5443 qui
3173 5378 3372 5427 cuncta
3421 5375 3703 5443 gubernat

2004 5462 2236 5533 ubique.
2271 5485 2296 5510 ››
2333 5462 2540 5516 Rectus
2590 5467 2675 5515 est
2704 5460 2978 5525 calculus,
3038 5459 3279 5514 exclusis
3309 5460 3401 5514 die
3443 5477 3494 5514 vr
3523 5463 3700 5529 Junii,

2003 5567 2118 5622 quo
2165 5567 2259 5604 rex
2313 5549 2652 5604 declaratus.
2700 5551 2759 5602 et
2804 5564 2901 5601 xm
2955 5547 3114 5612 Julii,
3176 5563 3291 5617 quo
3328 5549 3445 5602 vita
3475 5549 3704 5604 functus

2005 5642 2130 5702 est;
2163 5640 2470 5708 supersunt
2521 5635 2674 5690 enim
2712 5635 2833 5690 dies
2863 5651 3041 5692 xxxvi.
3085 5633 3182 5704 qui
3220 5650 3321 5706 per
3369 5641 3588 5706 septem
3611 5637 3700 5692 di-
