3976 6418
359 386 422 438 I5
833 408 836 417 ι
1254 385 1259 389 ’
1661 377 1717 432 8.
1769 377 2051 433 HENRICI
2091 376 2560 433 IMPERATORIS
3826 381 3890 429 to

349 505 452 561 visi
485 506 654 579 pleno
709 518 953 559 numero
1002 502 1247 558 reddunt
1276 502 1665 557 hebdomadas
1713 503 1967 573 quinque
1994 506 2052 555 et
2090 504 2129 555 Α
2163 502 2269 556 hac
2300 502 2604 573 receptiori
2649 499 2974 555 celebritate
3006 500 3346 555 illustranda
3398 500 3761 567 censuimus,
3820 515 3891 553 ea

349 596 498 651 diem
548 610 749 648 unum.
783 599 962 664 Atque
995 594 1113 647 hmo
1153 592 1388 663 quidem
1437 591 1571 644 satis
1616 592 1807 661 pervia
1845 596 1900 643 et
1946 590 2047 643 ob-

347 683 435 735 via
488 689 636 741 sunt.
684 684 1040 752 habeturque
1074 687 1194 735 tota
1227 681 1355 734 vitas
1406 681 1677 750 periodus
1733 680 1801 733 ad
1831 695 2046 732 annum

349 770 531 825 aetatis
588 768 1131 842 quinquagesimum
1186 768 1498 822 secundum
1531 768 1827 837 producta,
1869 774 1925 820 et
1957 783 2046 819 re-

348 857 618 927 trogrado
678 857 880 909 ordine
942 855 1297 909 numerando
1344 855 1605 924 figendos
1668 853 1905 906 omnino
1961 860 2050 907 est

351 959 536 997 annus
579 942 891 996 nativitatis
947 947 1076 995 ante
1128 957 1383 995 mensem
1432 941 1666 993 Junium
1716 957 2043 994 ncceccxxu.

349 1031 440 1086 Sic
495 1031 672 1100 igitur
710 1030 1021 1084 rectissime
1050 1031 1106 1083 in
1166 1028 1449 1082 annotatis
1480 1029 1546 1081 ad
1588 1029 1727 1081 Viue
1759 1029 2047 1098 praedictae

350 1136 471 1190 cap.
505 1122 571 1174 30
597 1119 941 1189 computavit
973 1119 1263 1172 Gretserus
1313 1118 1367 1169 in
1403 1117 1553 1170 hunc
1582 1118 1855 1170 modum:
1887 1138 1906 1163 ι
1940 1118 2048 1169 Mo-

351 1209 499 1261 ritur
555 1208 869 1277 Imperator
899 1206 1168 1259 Henricus
1227 1221 1375 1257 anno
1407 1220 1594 1269 ιιχχιν,
1637 1220 1694 1257 ιιι
1728 1205 1860 1258 litus
1888 1203 2046 1258 Julii.

352 1297 528 1349 Natus
559 1302 642 1348 est
672 1312 820 1347 anno
851 1310 1151 1347 nccccnxxu
1186 1293 1510 1347 Ratishonm
1539 1311 1565 1341 ι)
1615 1291 1824 1362 (locum
1866 1292 2047 1346 alium

350 1399 463 1436 non
492 1385 690 1454 procul
748 1383 878 1436 inde
904 1382 1185 1447 dissitum,
1218 1381 1596 1445 Abudiacum,
1631 1382 1843 1433 notavit
1864 1381 2046 1434 Ride-

347 1485 445 1523 rus
500 1472 623 1524 loco
691 1485 861 1539 supra
911 1469 1151 1536 citato):
1206 1468 1391 1538 pridie
1452 1469 1640 1520 Nonas
1695 1468 1843 1529 Maii.
1887 1474 1947 1521 ut
1978 1485 2043 1523 ex

352 1560 605 1613 Dttmaro
650 1562 808 1611 notat
840 1557 1124 1611 Fabricius
1176 1557 1236 1609 in
1295 1555 1628 1625 Originibus
1672 1556 1980 1610 Saxonicts.
2019 1579 2040 1603 ο

349 1647 581 1700 Frustra
629 1647 718 1699 hic
771 1645 1035 1716 pluribus
1065 1644 1335 1698 discutias
1384 1645 1538 1714 quod
1568 1644 1626 1696 in
1656 1644 1893 1698 dubium
1933 1662 2044 1699 non

350 1739 666 1787 revocatur.

422 1823 504 1874 I2.
541 1823 616 1875 De
647 1820 739 1874 die
770 1819 960 1873 obitus
1008 1819 1381 1891 quaestionem
1425 1835 1650 1873 movere
1682 1825 1913 1890 possent
1941 1837 2049 1873 au-

344 1911 521 1963 ctaria
550 1909 869 1963 Usuardina
898 1914 956 1961 et
1000 1909 1317 1961 recentiora
1362 1906 1758 1978 Martyrologia
1790 1909 1848 1962 in
1904 1924 2047 1977 quo-

344 2014 471 2052 rum
504 1997 793 2068 aliquibus
824 1997 1087 2065 signatur
1115 1996 1171 2050 S.
1229 1995 1504 2049 Henricus
1538 2012 1597 2050 ιιι
1631 1997 1785 2062 Idus,
1830 1997 1888 2049 in
1921 1997 2047 2050 aliis

344 2086 528 2155 pridie
560 2086 710 2149 Idus,
753 2100 867 2154 quo
899 2084 1324 2153 expressissime
1374 2085 1619 2138 refertur
1668 2085 1725 2137 in
1767 2085 2045 2138 hodierno

348 2174 639 2228 Romano:
671 2192 699 2220 ‹‹
748 2172 1100 2240 Bambergze,
1155 2171 1336 2225 sancti
1388 2172 1611 2225 Henrici
1659 2172 1828 2242 primi
1860 2174 2045 2242 Impe-

346 2261 563 2318 ratoris.
603 2261 860 2331 quicum
896 2274 1068 2312 uxore
1118 2274 1221 2312 sua
1267 2260 1661 2329 Cliunegunde
1708 2268 2043 2330 perpetuam

344 2349 732 2419 virginitatem
791 2346 1051 2413 servavit,
1103 2352 1159 2399 et
1200 2353 1462 2400 sanctum
1494 2348 1846 2417 Stephanum
1889 2348 2043 2401 Hun-

344 2451 614 2506 garorum
665 2450 857 2505 regem
887 2451 1016 2488 cum
1074 2435 1338 2487 universo
1369 2434 1486 2488 fere
1508 2436 1630 2505 ejus
1678 2452 1854 2505 regno
1876 2437 1942 2489 ad
1977 2436 2043 2488 ti-

343 2527 475 2578 dem
527 2523 738 2578 Christi
795 2522 1215 2592 suscipiendam
1248 2523 1533 2592 perduxit,
1577 2524 1742 2592 cujus
1772 2524 2045 2577 festivitas

343 2613 437 2666 die
485 2611 747 2682 sequenti
774 2610 1114 2674 celebratur,
1162 2631 1181 2657 ι
1215 2616 1277 2664 ut
1308 2610 1546 2681 proinde
1603 2627 1670 2665 eo
1698 2612 1791 2665 die
1825 2615 2038 2665 morta-

340 2700 559 2753 litatem
610 2699 832 2751 exuisse
892 2701 1058 2768 plane
1104 2703 1423 2752 censeatur.
1483 2701 1552 2752 At
1611 2715 1714 2768 pro
1755 2699 2040 2764 Gretscro,

341 2794 552 2859 praeter
581 2788 850 2859 antiquos
879 2787 1319 2856 scriptoresjam
1361 2804 1534 2857 supra
1563 2788 1843 2855 laudatos,
1870 2788 2042 2841 alios-

342 2892 474 2953 que,
509 2891 655 2946 quos
694 2891 991 2929 recensere
1021 2876 1377 2945 superﬂuum
1429 2875 1652 2945 judico,
1683 2876 1815 2929 facit
1844 2877 2041 2929 eadem

343 2964 398 3016 8.
430 2963 741 3017 Meinwerci
775 2962 917 3027 Vita,
974 2963 1097 3016 loco
1151 2963 1320 3017 citato
1363 2964 1471 3017 hoc
1519 2963 1877 3035 epitaphium
1906 2963 2045 3018 refe—

340 3067 502 3105 rens:

413 3183 615 3237 Henric
646 3186 936 3254 Angustus
963 3184 1241 3239 virtutum
1272 3185 1532 3255 germine
1547 3184 1757 3254 justus,

485 3272 615 3325 Haec
636 3278 821 3326 servat
850 3273 1012 3342 cujus
1040 3272 1256 3326 viscera
1286 3273 1468 3343 putris
1498 3274 1742 3338 humus;

411 3359 694 3430 Splendor
744 3367 868 3414 erat
914 3362 1122 3430 legum,
1159 3364 1474 3431 speculum,
1535 3362 1652 3425 lux,
1694 3378 2036 3433 gemmaque

482 3448 564 3502 Ad
597 3449 767 3503 caelos
787 3448 946 3512 abiit,
980 3464 1094 3502 non
1118 3450 1370 3503 moriens
1401 3449 1564 3504 obiit.
1785 3448 2036 3521 [regum,

415 3536 607 3590 Idibus
632 3536 689 3590 in
710 3537 887 3590 ternis
918 3543 1219 3592 vexantem
1252 3538 1507 3607 pondera
1533 3538 1719 3593 carnis

479 3623 664 3677 Julius
701 3625 951 3678 aathereo
981 3630 1307 3696 sumpserat
1334 3625 1597 3695 imperio.

416 3768 498 3820 t3.
535 3767 663 3820 Haec
706 3765 867 3820 litem
896 3782 1126 3821 omnem
1161 3782 1393 3837 prorsus
1437 3766 1705 3821 dirimere
1751 3767 2036 3835 videntur,

341 3854 620 3924 quidquid
679 3854 740 3907 in
789 3855 958 3907 variis
1012 3855 1151 3908 locis
1230 3855 1416 3909 cultus
1472 3854 1706 3907 fortasse
1760 3855 1931 3909 fuerit
1979 3857 2033 3911 S.

344 3942 618 3994 Henricus
645 3956 735 3993 xiv
765 3941 922 4006 Julii,
955 3956 1128 4011 quem
1178 3943 1524 3995 recentiores
1568 3942 1778 4011 passim
1837 3959 2038 3997 omnes

340 4028 600 4082 unanimi
628 4045 908 4097 consensu
939 4044 1006 4081 eo
1048 4029 1140 4081 die
1164 4028 1532 4089 annuntiant,
1572 4037 1629 4082 et
1656 4044 1758 4082 nos
1807 4030 1943 4083 alibi
1967 4031 2036 4085 ad

339 4116 492 4169 hunc
524 4116 713 4186 ipsum
746 4117 827 4169 vel
863 4116 929 4169 ad
965 4123 1299 4187 sequentem
1331 4132 1399 4168 xv
1440 4115 1636 4169 omnia
1670 4116 1738 4170 ad
1767 4115 2036 4170 Sanctum

340 4204 652 4275 spectantia
726 4205 1076 4269 remisimus,
1161 4204 1477 4258 secundum
1562 4204 1796 4258 citatum
1864 4207 2036 4259 modo

2145 3409 2458 3463 honoribus
2515 3409 2653 3479 ipsis
2696 3409 3039 3463 deferendis.

2161 607 2288 660 quae
2318 590 2385 644 ad
2408 592 2530 658 ejus
2567 598 2727 662 gesta
2776 596 2832 643 et
2870 591 3091 643 cultum
3121 591 3410 660 pertinent
3448 590 3538 644 hic
3596 605 3887 659 prosecu-

2160 678 2293 743 turi,
2331 678 2637 749 prasmissis
2671 679 2905 733 Usuardi
2934 679 3225 750 nonnullis
3264 678 3532 731 auctariis
3562 678 3620 731 in
3655 677 3890 748 quibus

2159 772 2217 819 et
2247 775 2533 820 XllletXlV
2562 767 2697 820 Julii
2746 768 3087 820 collocatum
3141 766 3488 827 invenimus.
3539 782 3672 819 nam
3722 765 3888 836 apud

2159 856 2513 925 antiquiores
2571 856 2726 907 nulla
2790 862 3006 908 exstare
3066 855 3255 924 potuit
3328 854 3604 908 memoria
3658 854 3885 913 Sancti,

2159 960 2329 1014 quem
2366 945 2577 997 scimus
2620 944 2925 996 undecimo
2975 944 3224 1014 primum
3255 944 3461 996 stacqu
3515 942 3583 996 ad
3617 941 3889 1013 Superos

2159 1034 2430 1086 evolasse.

2232 1122 2315 1174 14.
2390 1121 2466 1173 De
2523 1124 2726 1173 caetero
2779 1119 2914 1172 satis
2966 1126 3182 1173 certum
3244 1125 3328 1171 est
3392 1118 3660 1189 inclytam
3726 1119 3886 1172 adeo

2155 1208 2350 1275 fui~se,
2399 1214 2455 1261 et
2486 1223 2588 1278 per
2624 1214 2806 1262 totum
2840 1209 3034 1261 orbem
3075 1208 3415 1262 catholicum
3473 1208 3885 1279 percrebuisse

2156 1296 2211 1351 S.
2252 1297 2475 1350 Henrici
2505 1296 2801 1361 virtutum,
2827 1296 3051 1365 pietatis
3099 1302 3155 1349 et
3186 1296 3594 1350 miraculorum
3626 1296 3885 1363 famam,

2156 1390 2367 1438 utnon
2400 1384 2497 1437 diu
2530 1388 2658 1453 post
2687 1384 2906 1437 obitum
2962 1399 3069 1453 pro
3122 1383 3326 1437 Sancto
3371 1383 3568 1437 haberi
3628 1385 3887 1452 cmperit

2156 1473 2381 1543 colique
2438 1491 2467 1524 a
2519 1472 2803 1536 fidelibus,
2864 1471 3183 1541 praesertim
3232 1489 3260 1524 a
3320 1472 3882 1541 Bambergensibns,

2157 1577 2302 1631 quos
2331 1560 2602 1613 continuo
2634 1560 2902 1613 institisse
2964 1560 3245 1625 existimo,
3301 1567 3366 1613 ut
3409 1558 3680 1613 fundator
3734 1576 3887 1612 suus

2156 1650 2218 1703 in
2265 1650 2515 1702 ccelitum
2570 1649 2764 1701 album
2816 1648 3139 1702 referretur.
3201 1648 3476 1718 quamvis,
3527 1654 3588 1701 ut
3644 1649 3735 1713 Iit,
3802 1648 3885 1701 ob

2156 1736 2309 1789 varia
2342 1734 2677 1803 incidentia,
2730 1752 2819 1789 res
2867 1736 2926 1789 in
2978 1737 3240 1806 proxime
3295 1736 3541 1806 Sequens
3585 1737 3881 1788 saeculum

2156 1824 2331 1877 dilata
2360 1824 2570 1877 fuerit:
2615 1840 2731 1894 quo
2792 1824 3137 1877 intermedio
3186 1829 3444 1892 tempore
3502 1821 3561 1875 in
3600 1839 3707 1874 usu
3746 1838 3885 1875 esse

2155 1912 2471 1982 potuerint,
2527 1928 2669 1981 quas
2719 1911 2857 1965 olim
2930 1911 3229 1981 descripsit
3284 1915 3478 1963 noster
3519 1910 3878 1977 Januingus.

2159 2001 2388 2055 «Missas
2442 2000 2712 2070 speciales
2747 2022 2766 2046 ι
2817 2016 2922 2069 pro
2982 2000 3189 2053 sanctis
3221 1999 3539 2069 virginibus
3603 2000 3883 2069 conjugi-

2153 2087 2260 2142 bus
2314 2088 2585 2142 celebrari
2635 2089 2838 2151 solitae,
2895 2104 3141 2158 quarum
3199 2086 3289 2141 11m
3336 2091 3469 2140 sunt
3526 2086 3877 2140 orationes:

2158 2197 2180 2224 ι
2216 2176 2549 2245 Propitiare,
2583 2192 2935 2246 quaesumus.
2973 2177 3230 2242 Domine,
3274 2174 3483 2229 animas
3540 2174 3747 2228 famuli
3782 2178 3880 2229 tui

2155 2264 2399 2328 Henrici,
2435 2273 2491 2317 et
2528 2269 2733 2334 praesta
2762 2270 2843 2327 nt,
2893 2264 2995 2334 qui
3045 2264 3114 2317 de
3145 2264 3259 2317 tuis
3291 2262 3458 2316 donis
3508 2262 3569 2316 in
3594 2263 3704 2316 hoc
3736 2264 3877 2317 loco

2154 2353 2421 2423 pervigili
2452 2369 2590 2406 cura
2623 2352 2841 2406 nomini
2882 2357 2982 2405 tuo
3010 2351 3349 2423 quotidiana
3377 2351 3722 2422 prmparavit
3754 2353 3873 2405 ob-

2153 2440 2370 2511 sequia,
2432 2446 2708 2510 perpetua
2737 2454 2867 2493 cum
2924 2439 3140 2493 Sanctis
3171 2438 3388 2508 perfrui
3421 2444 3712 2492 mereatur
3759 2439 3874 2493 lip-

2152 2528 2296 2581 titia.
2332 2530 2437 2582 I’er
2488 2529 2646 2582 Dom.
2684 2550 2704 2574 ιι
2738 2526 2963 2581 Secreta
2992 2542 3005 2580 :
3038 2545 3065 2576 α
3096 2528 3248 2580 Hanc
3277 2527 3646 2581 oblationem.
3693 2543 3875 2597 quae-

2153 2632 2371 2680 sumus,
2398 2617 2658 2678 Domine,
2694 2621 2753 2668 ut
2784 2616 2835 2668 ei
2866 2615 2937 2668 ad
2974 2615 3216 2668 salutem
3250 2615 3568 2686 proveniat,
3600 2615 3771 2683 cujus
3804 2616 3870 2669 in

2154 2705 2259 2758 hoc
2316 2706 2439 2758 loco
2496 2705 2795 2774 stipendiis
2840 2710 3036 2758 nostra
3093 2703 3196 2757 tibi
3274 2703 3515 2757 servitus
3593 2709 3873 2771 vegetata

2154 2792 2461 2847 ministrat.
2495 2811 2523 2844 ιι
2588 2792 3069 2855 Postcommunio,
3114 2796 3244 2856 etc.,
3277 2791 3543 2845 eumdem
3574 2798 3867 2861 spectant.

2153 2880 2347 2935 Oratio
2397 2881 2467 2934 de
2523 2885 2715 2933 sancta
2773 2881 3123 2949 Cunegunde
3166 2878 3245 2933 ita
3299 2879 3501 2933 habet:
3541 2902 3561 2927 ‹
3616 2881 3866 2941 Praesta,

2153 2985 2503 3039 qnzesumns,
2552 2969 2916 3038 omnipotens
2946 2969 3113 3033 Deus,
3148 2974 3213 3021 ut
3253 2967 3446 3022 anima
3476 2968 3706 3022 famulas
3739 2972 3867 3021 tum

2081 3053 2121 3108 C
2161 3057 2590 3128 Chunegundm,
2641 3057 2899 3110 omnium
2945 3062 3306 3127 peccatorum
3353 3072 3585 3110 suorum
3611 3057 3871 3110 nexibus

2148 3146 2427 3214 absoluta,
2486 3161 2616 3199 cum
2665 3146 2933 3199 omnibus
2962 3145 3181 3200 Sanctis
3247 3144 3360 3199 tuis
3388 3151 3665 3215 perpetua
3714 3161 3859 3215 per-

2146 3234 2257 3289 frui
2310 3239 2597 3288 mereatur
2652 3234 2922 3300 laetitia,»
2956 3242 3061 3289 etc.
3118 3235 3196 3288 Ex
3228 3233 3437 3304 quibus
3488 3239 3637 3287 certe
3695 3240 3867 3303 patet

2147 3321 2491 3375 abstinuisse
2522 3338 2623 3393 per
2652 3321 2705 3375 id
2739 3327 2967 3393 tempus
3017 3322 3141 3392 pios
3173 3322 3406 3376 clientes
3436 3338 3468 3375 a
3508 3321 3863 3378 Sanctorum

3111 3410 3304 3480 Neque
3364 3409 3688 3463 verosimile
3743 3419 3860 3476 est,

2146 3504 2277 3552 ante
2326 3497 2811 3552 canonizationem
2867 3498 2922 3553 S.
2995 3498 3220 3552 Henrici
3265 3514 3476 3551 nomen
3536 3498 3594 3551 in
3657 3514 3862 3553 sacros

2151 3588 2340 3641 Fastos
2371 3589 2612 3640 relatum
2658 3587 2851 3652 fuisse,
2910 3590 2965 3639 et
3017 3586 3205 3656 primo
3259 3585 3496 3657 quidem
3540 3602 3640 3640 xm
3686 3587 3858 3659 Julii,

2146 3674 2351 3729 deinde
2406 3690 2516 3739 xiv,
2570 3680 2632 3728 ut
2684 3675 2870 3745 palam
2914 3674 3124 3728 facient
3165 3673 3430 3743 exempla
3486 3672 3577 3726 hic
3625 3673 3860 3727 subne-

2146 3762 2369 3817 ctenda.

2220 3855 2305 3905 15.
2340 3880 2410 3893 —
2435 3852 2591 3906 Inter
2621 3850 2843 3904 codices
2865 3855 3096 3905 nostros
3125 3850 3171 3903 is
3193 3848 3291 3921 qui
3318 3849 3387 3903 de
3420 3868 3447 3899 α
3477 3853 3670 3902 sancto
3699 3849 3855 3903 Hen-

2148 3939 2262 3993 rico
2292 3955 2390 3993 χιιι
2419 3958 2447 3990 ι)
2502 3938 2639 3993 Julii
2691 3940 2913 4009 primus
2953 3937 3231 4001 meminit,
3293 3942 3378 3991 est
3418 3937 3858 4006 Hagenoyeusis

2148 4026 2206 4080 in
2229 4027 2533 4081 Germania
2585 4026 2850 4096 scriptus,
2917 4026 3004 4080 his
3036 4024 3258 4079 verbis:
3293 4047 3312 4072 α
3372 4026 3436 4078 1η
3484 4024 3854 4093 Babenberg,

2148 4116 2328 4169 sancti
2384 4115 2610 4169 Henrici
2675 4114 3044 4185 Imperatoris
3096 4113 3454 4167 confessoris.
3509 4134 3536 4159 ››
3614 4113 3855 4168 Brevius

2146 4202 2436 4257 Matricula
2486 4204 2801 4258 Carthasim
2852 4203 3322 4270 Ultrajectinaam
3384 4200 3605 4256 Henrici
3653 4202 3854 4271 impe—

340 4290 804 4360 Martyrologium
859 4291 1202 4355 Romanum,
1235 4290 1295 4343 in
1345 4305 1458 4360 quo
1494 4289 1679 4356 hodie,
1711 4290 1783 4343 ob
1823 4292 2033 4344 solem-
2065 4304 2108 4358 ι)
2148 4292 2370 4345 ratoris.
2410 4313 2430 4338 ι
2483 4291 2746 4361 Elogium
2780 4290 3142 4345 concinnavit
3174 4290 3356 4343 Editio
3409 4289 3652 4342 Lubeco-
3681 4288 3852 4342 Colo-

340 4381 470 4432 nius
499 4379 555 4432 S.
606 4378 1015 4432 Bonaventurae
1058 4377 1287 4439 festum,
1332 4376 1593 4433 Officium
1625 4378 1805 4431 sancti
1847 4378 2032 4449 Impe-

340 4468 544 4521 ratoris
575 4468 817 4522 dilatum
869 4472 953 4520 est
982 4466 1051 4521 ad
1081 4466 1415 4529 praedictam
1447 4481 1540 4533 xv,
1587 4466 1740 4534 quod
1792 4466 2029 4536 proprio

340 4556 432 4608 die
454 4555 656 4625 reponi
682 4554 979 4609 commode
1012 4570 1128 4608 non
1166 4554 1466 4624 potuisset,
1513 4568 1641 4607 cum
1674 4553 1734 4608 S.
1773 4554 2030 4607 Anacleti

338 4643 639 4697 festivitate
702 4644 1068 4714 impediatur.
1126 4642 1234 4707 Qui
1292 4641 1559 4695 acciderit
1616 4648 1672 4694 ut
1723 4641 1784 4696 in
1839 4642 2030 4696 Sancti

338 4731 517 4783 natali
567 4730 954 4801 consignando
1020 4729 1363 4783 variaverint
1393 4729 1817 4800 Martyrologia,
1866 4745 2031 4783 com-

336 4823 564 4888 pertum
594 4818 861 4887 equidem
904 4833 1019 4871 non
1044 4818 1248 4882 habeo,
1287 4823 1365 4884 at,
1400 4818 1512 4870 nisi
1547 4820 1791 4872 multum
1842 4818 2028 4886 fallor,

336 4907 574 4961 modum
606 4920 837 4959 omnem
887 4905 947 4957 in
980 4921 1044 4957 ea
1093 4905 1424 4959 difﬁcultate
1471 4913 1862 4960 occurrentem
1896 4908 2032 4960 satis

335 4996 593 5066 apposite
640 4992 892 5047 dissolvit
949 4992 1049 5062 qui
1095 4992 1149 5046 S.
1205 4991 1508 5046 Henricum
1555 4994 1760 5048 obiisse
1808 4995 2033 5065 scripsit

335 5084 458 5154 ipsa
489 5087 651 5136 nocte
681 5081 832 5134 inter
860 5095 957 5135 xm
989 5083 1045 5132 ct
1074 5095 1161 5131 xxv
1188 5079 1322 5133 Julii
1370 5079 1806 5147 intercurrente,
1858 5084 1935 5135 sic
1968 5089 2032 5136 ut

336 5188 476 5225 ansa
532 5170 667 5224 inde
715 5164 985 5221 facillime
1033 5172 1261 5237 accepta
1318 5166 1392 5219 sit
1429 5167 1682 5221 diversos
1724 5170 1846 5239 ejus
1875 5174 2028 5224 tran-

335 5260 466 5313 situi
496 5259 617 5313 dies
643 5256 1008 5327 assignandi;
1065 5255 1175 5309 nisi
1223 5255 1371 5309 forte
1417 5256 1743 5310 solemnitas
1795 5259 2032 5311 canoni-

337 5347 594 5413 zationis,
626 5350 725 5400 aut
763 5344 955 5415 aliqua
979 5342 1089 5396 alia
1140 5343 1289 5397 ratio
1346 5342 1744 5397 intervenerit.
1808 5344 2032 5398 Utcum-

336 5451 447 5506 que
474 5450 603 5488 vero
659 5433 717 5488 id
748 5432 961 5487 factum
993 5430 1183 5498 fuerit,
1243 5432 1472 5485 tametsi
1528 5431 1803 5485 hodierna
1840 5433 2029 5487 Sancti

336 5524 665 5578 solemnitas
709 5523 780 5576 ab
841 5521 1102 5583 Ecclesia,
1137 5519 1221 5573 uti
1272 5519 1537 5580 diximus,
1597 5519 1688 5573 die
1743 5520 2026 5592 sequenti,

335 5616 433 5665 seu
469 5626 560 5670 xv,
590 5611 692 5665 hoc
720 5617 979 5682 tempore
1031 5615 1360 5664 constanter
1408 5608 1709 5677 recolatur,
1743 5616 1868 5665 Acta
1904 5612 2027 5680 ejus

1596 5798 1623 5807 ς

2146 4380 2382 4433 niensis:
2421 4399 2447 4428 α
2482 4379 2545 4432 In
2595 4379 2820 4433 civitate
2877 4378 3354 4447 Babenbergensi,
3406 4376 3687 4446 depositio
3719 4393 3853 4431 san-

2142 4467 2216 4520 cti
2253 4467 2473 4521 Henrici
2539 4467 2906 4537 Imperatoris
2953 4465 3445 4528 Cliristianissimi,
3488 4464 3588 4534 qui
3639 4480 3851 4533 regna-

2139 4556 2219 4608 vit
2280 4572 2391 4609 χχιι
2450 4555 2635 4620 annis,
2690 4554 2794 4608 sub
2852 4569 3005 4608 anno
3071 4552 3301 4607 Domini
3354 4552 3678 4606 millesimo.
3740 4553 3851 4608 Cui

2141 4644 2483 4714 desponsata
2544 4644 2651 4697 fuit
2709 4648 2900 4697 sancta
2967 4642 3358 4712 Cunegundis,
3422 4640 3539 4694 tilia
3602 4642 3847 4697 Palatini

2135 4732 2360 4786 comitis
2422 4732 2625 4795 Rheni,
2679 4732 2837 4801 virgo
2894 4731 3274 4785 devotissimt.
3328 4729 3435 4793 Qui
3490 4728 3703 4798 pariter
3731 4729 3850 4783 vir-

2140 4820 2408 4890 ginitates
2461 4836 2590 4873 suas
2640 4820 2754 4872 Deo
2786 4824 3074 4883 voventes,
3129 4818 3347 4871 occulte
3380 4817 3628 4885 virgines
3662 4832 3848 4887 usque

2140 4909 2208 4962 ad
2239 4908 2411 4962 finem
2460 4908 2589 4961 vitm
2621 4914 3090 4977 permanserunt.
3123 4924 3148 4956 ιι
3215 4906 3388 4958 Paulo
3420 4904 3586 4957 aliter
3634 4905 3846 4960 Greve-

2141 5013 2266 5060 nus,
2316 4996 2377 5049 in
2429 5010 2582 5049 anno
2635 4995 2827 5049 obitus
2879 5009 3185 5047 exerrans:
3227 4992 3470 5047 Civitate
3520 4992 3847 5049 Babenber-

2141 5085 2325 5154 gensi,
2384 5084 2563 5137 sancti
2615 5082 2840 5136 Henrici
2909 5081 3277 5152 Imperatoris
3353 5065 3844 5150 Cbristianissimi,

2141 5171 2311 5241 hujus
2333 5170 2582 5225 nominis
2611 5172 2785 5241 primi
2829 5171 3016 5241 quoad
3060 5171 3461 5241 Imperatores,
3496 5170 3847 5225 benedictio-

2142 5275 2273 5312 nem
2301 5258 2657 5328 imperialem
2699 5274 2799 5312 seu
2844 5274 3114 5312 coronam
3158 5263 3464 5311 assecutos.
3500 5257 3674 5327 Cujus
3704 5274 3847 5314 uxor

2142 5345 2511 5416 Cunegundis
2564 5346 2723 5414 virgo
2781 5346 3154 5410 sanctissima,
3219 5344 3646 5415 juvenculaque
3712 5347 3842 5415 pul-

2139 5434 2441 5498 cherrima,
2500 5434 2568 5486 ad
2603 5433 2711 5486 hoc
2739 5433 2925 5487 virum
2958 5449 3127 5487 suum
3176 5432 3403 5487 induxit
3456 5437 3521 5485 ut
3550 5436 3842 5490 communi

2139 5527 2272 5575 voto
2304 5520 2479 5575 ‘inter
2506 5537 2565 5574 se
2595 5526 2933 5593 perpetuam
2986 5521 3371 5590 virginitatem
3422 5526 3743 5577 servarent:
3780 5525 3840 5581 in

2143 5626 2257 5683 quo
2316 5615 2460 5662 statu
2512 5609 2581 5664 S.‘
2624 5610 2899 5665 Henricus
2951 5610 3174 5665 Christo
3234 5610 3507 5675 serviens,
3548 5625 3699 5665 anno
3731 5612 3838 5668 Du-
