3944 6478
128 446 183 497 l7
1784 444 1978 498 ACTA.
3561 445 3619 495 l8

120 565 259 621 mini
306 581 442 621 MXXI
468 565 639 620 beato
698 566 811 619 tiue
864 563 1099 635 quievit.
1150 562 1436 617 miraculis
1489 564 1737 619 clareus.
1786 590 1808 611 η

123 656 240 709 Hoc
272 654 432 709 idem
462 654 717 724 elogium
744 652 1037 722 ampliavit
1067 651 1355 717 Canisius;
1390 667 1573 721 neque
1625 652 1685 704 in
1716 668 1823 704 au-

123 742 314 796 ctariis
390 743 510 795 suis
567 740 933 812 praetermisit
993 740 1268 803 Molanus,
1346 739 1571 792 brevius
1632 743 1822 791 tamen

128 832 324 885 omnia
354 832 733 899 complexus:
772 850 793 877 ι
847 828 1012 896 Apud
1047 828 1379 896 Bamberge,
1441 825 1617 879 sancti
1666 827 1824 879 Hen-

124 919 225 973 rici
278 917 656 988 Imperatoris
703 922 759 971 et
790 914 1147 969 confessoris.
1198 935 1224 965 ι»
1255 919 1438 986 Atque
1469 916 1589 969 haec
1640 915 1823 969 hacte-

126 1024 230 1060 nus
261 1011 415 1060 recte
458 1007 529 1059 ad
584 1022 677 1059 xm
726 1004 894 1070 Julii;
943 1004 1152 1073 quibus
1196 1002 1327 1056 addi
1369 1008 1558 1073 posset
1601 1004 1824 1073 longior

126 1095 301 1148 oratio
354 1093 602 1148 Florarii
650 1095 1007 1158 Sanctorum,
1063 1091 1143 1144 sic
1176 1096 1234 1144 ut
1287 1090 1496 1144 mirum
1557 1092 1629 1144 sit
1681 1091 1822 1145 adeo

128 1182 493 1252 postmodum
521 1181 823 1235 invaluisse
852 1180 1003 1233 diem
1035 1182 1369 1248 sequentem
1398 1194 1512 1231 XIV.

196 1274 277 1324 16.
318 1272 425 1323 Pro
465 1271 573 1324 hac
611 1269 781 1338 linter
827 1266 1044 1321 codices
1087 1270 1307 1320 nostros
1358 1265 1701 1319 Usuardinos
1725 1282 1822 1319 so-

128 1358 242 1411 lum
326 1361 639 1411 recurrunt
697 1353 1072 1409 Bruxeliensis
1156 1350 1314 1405 brevi
1370 1351 1477 1404 hac
1549 1351 1745 1421 phrasi
1806 1368 1818 1404 :

132 1445 372 1499 «Sancti
414 1442 665 1506 Henrici,
706 1441 947 1497 Romani
1000 1438 1365 1510 Imperatoris
1418 1443 1475 1492 et
1533 1439 1821 1491 confesso-

131 1535 202 1587 ris
234 1550 248 1599 ;
288 1556 307 1580 ι
345 1537 404 1586 et
452 1533 730 1597 Molanus,
764 1546 895 1583 eum
930 1529 1037 1583 hoc
1063 1527 1153 1583 die
1210 1531 1471 1597 repetens
1505 1542 1516 1579 :
1551 1545 1578 1578 α
1608 1527 1821 1580 Eodem

132 1622 237 1685 die,
270 1620 453 1675 sancti
486 1620 712 1675 Henrici
742 1617 992 1682 secundi,
1033 1617 1426 1671 Romanorum
1458 1614 1821 1684 Imperatoris

131 1716 183 1763 et
209 1708 553 1763 confessoris
586 1724 598 1761 :
630 1707 728 1778 qui
759 1706 902 1761 obiit
938 1721 1087 1759 anno
1119 1721 1269 1758 mxx1.
1335 1724 1356 1751 ι
1395 1704 1559 1773 Lege,
1612 1708 1673 1756 ut
1728 1719 1818 1755 su-

130 1815 243 1869 pra,
289 1813 446 1850 anno
512 1812 698 1850 xxxiv.
757 1793 1003 1848 Transiit
1056 1791 1525 1846 anachronisums
1567 1790 1627 1844 in
1661 1790 1816 1843 Mau-

134 1887 404 1955 rolycum,
463 1884 564 1954 qui
614 1883 721 1937 hoc
771 1882 895 1951 ipso
952 1880 1042 1934 die
1100 1879 1343 1933 scribit:
1399 1898 1419 1925 ε
1468 1877 1816 1945 Bambergaa,

132 1972 302 2027 sancti
360 1970 594 2025 Henrici
648 1968 882 2024 secundi
933 1967 1298 2038 Imperatoris
1327 1964 1685 2031 sanctissimi,
1721 1963 1819 2035 qui

133 2078 253 2115 cum
286 2075 466 2114 uxore
499 2075 602 2111 sua
645 2056 993 2127 Cunegunde
1031 2055 1416 2124 virginitatem
1471 2052 1708 2107 servavit
1741 2068 1754 2105 :
1788 2068 1820 2105 a

137 2149 331 2219 quibus
364 2144 804 2215 Bambergensis
837 2143 1072 2197 ecclesia
1108 2142 1343 2195 fundata
1382 2145 1438 2194 et
1474 2141 1665 2194 dotata
1689 2139 1817 2201 fuit,

136 2235 378 2305 obiitque
432 2249 585 2287 anno
635 2232 832 2287 salutis
862 2247 1011 2284 MXXI.
1064 2250 1091 2282 »
1126 2228 1331 2283 Iisdem
1358 2244 1534 2299 prope
1564 2226 1819 2280 terminis

138 2326 381 2393 signatur
409 2322 585 2376 etiam
606 2337 639 2373 a
672 2320 911 2385 Felicio;
943 2318 1061 2381 sed,
1086 2317 1238 2389 quod
1274 2316 1363 2369 hic
1412 2332 1624 2370 novum
1653 2315 1819 2386 plane

138 2417 185 2464 et
225 2411 456 2473 mirum,
513 2426 545 2462 a
603 2407 889 2464 Galesinio
939 2404 1359 2476 praetermissus
1397 2409 1502 2470 est,
1558 2408 1678 2457 tum
1715 2403 1819 2457 hoc

137 2504 246 2554 tum
277 2497 624 2569 praecedenti
672 2496 781 2551 die.
825 2495 933 2560 Qui
976 2495 1232 2548 versibus
1260 2494 1597 2547 Sanctorum
1630 2491 1817 2561 elogia

140 2588 390 2651 intexuit,
428 2585 696 2640 Brautius
736 2583 1077 2639 Satsinensis
1134 2582 1438 2651 episcopus
1489 2581 1557 2634 de
1611 2579 1813 2634 Sancto

140 2678 233 2730 hoc
260 2676 348 2730 die
395 2674 606 2729 cecinit
639 2689 650 2726 :
692 2694 718 2720 α
774 2671 1046 2726 Henricus
1078 2669 1317 2740 primus,
1353 2684 1451 2723 rex
1499 2684 1698 2737 regum
1729 2672 1816 2721 to-

142 2764 237 2817 tius
288 2762 459 2829 orbis,
521 2759 781 2831 conjugis
840 2758 1063 2813 ornavit
1116 2756 1444 2827 virginitate
1502 2761 1689 2808 torum
1738 2771 1749 2807 :
1790 2777 1810 2801 ι

144 2851 278 2921 quod
332 2866 468 2903 vero
499 2847 797 2918 subjungit
840 2846 909 2900 de
970 2860 1241 2898 conversa
1272 2859 1376 2913 per
1417 2843 1471 2896 S.
1509 2842 1815 2895 Henricum

146 2936 436 3007 Hungaria,
478 2934 878 3005 explicatione,
912 2932 1145 2999 indiget,
1182 2946 1354 3001 quam
1384 2929 1527 2983 infra
1561 2945 1661 2982 suo
1694 2929 1815 2981 loco

147 3026 387 3079 dabimus
430 3040 498 3078 ;‹‹
538 3022 842 3090 Hungariaz
889 3036 1153 3088 regnum,
1188 3018 1473 3087 Stephano
1520 3032 1647 3070 cum
1680 3032 1813 3086 rege

146 3114 301 3178 ﬁdeli,
344 3111 615 3165 Henricus
656 3108 861 3164 Christi
893 3107 1086 3161 subdit
1122 3105 1416 3176 obsequio.
1478 3126 1499 3153 ι
1534 3104 1685 3157 Alios
1719 3120 1813 3156 re-
1852 3120 1891 3174 ρ

150 3201 405 3254 centiores
447 3204 753 3269 praetereo,
786 3195 869 3249 uti
898 3200 954 3248 et
980 3194 1309 3248 Bucelinum
1341 3209 1471 3246 cum
1504 3193 1675 3259 longo
1716 3209 1817 3245 suo

152 3289 334 3359 elogio,
388 3287 480 3341 cui
536 3284 867 3355 antiquiora
925 3286 980 3334 et
1031 3282 1251 3335 veriora
1306 3280 1647 3334 substituere
1689 3295 1813 3331 ma-

152 3378 237 3430 lui.

216 3468 287 3518 t'i.
320 3464 447 3517 Haec
486 3463 639 3516 inter
667 3457 943 3513 vetustius
974 3457 1197 3511 nullum
1224 3460 1323 3508 aut
1356 3454 1537 3525 magis
1575 3455 1813 3509 authen-

154 3551 301 3605 ticum
331 3549 562 3621 suggeri
620 3552 824 3619 potest,
869 3561 1041 3615 quam
1073 3543 1225 3614 quod
1258 3543 1404 3596 libro
1436 3558 1537 3595 suo
1594 3541 1813 3612 quinto,

154 3636 369 3700 praeﬁxit
400 3637 689 3691 Ditmarus
717 3632 973 3687 versibus
998 3631 1340 3685 hexametris
1366 3630 1425 3683 in
1473 3631 1593 3683 hmc
1623 3631 1814 3695 verba,

155 3737 247 3774 non
277 3740 497 3794 semper
527 3723 596 3776 ad
622 3728 869 3775 metrum
898 3726 1091 3774 exacta
1122 3736 1136 3774 :

157 3810 395 3865 Henricus
424 3811 666 3879 scandit,
692 3814 997 3880 postquam
1027 3806 1271 3877 puerilia
1314 3805 1461 3873 vicit,

160 3898 322 3950 Ardua
344 3898 638 3962 virtutum,
664 3903 829 3951 natus
860 3897 927 3949 de
954 3900 1252 3949 stemmate
1274 3909 1495 3959 regum.

162 3986 277 4039 Huic
304 3993 458 4057 pater
488 3986 763 4042 Henricus
793 3986 928 4049 dux,
959 3988 1017 4038 et
1045 3982 1288 4052 genitrix
1321 3986 1440 4033 erat
1465 3979 1587 4049 ejus

160 4074 286 4128 Gisla
310 4075 421 4129 suis
441 4075 658 4129 meritis
697 4089 930 4144 requans
960 4071 1195 4139 vestigia
1225 4070 1392 4139 regis,

163 4161 372 4216 Conradi
394 4164 571 4232 patris
606 4161 949 4229 Burgundiae
977 4154 1383 4228 [Burgundica]
1420 4171 1593 4225 regno
1615 4159 1815 4208 tenen-

163 4249 671 4319 Nutritprteclarum
710 4249 1080 4317 Wolt‘gaugus
1106 4246 1309 4315 praesul
1337 4247 1657 4309 alumnum,
1689 4242 1807 4316 [tis.

161 4336 247 4398 Qui
272 4342 516 4409 sequitur
548 4338 854 4393 Dominum
883 4342 1004 4390 toto
1030 4334 1331 4389 conamine
1363 4333 1668 4387 Christum.

2004 567 2085 618 18.
2148 564 2201 617 S.
2263 562 2486 617 Henrici
2536 561 2772 616 virtutes
2829 568 2883 613 et
2933 578 3017 615 res
3050 567 3231 632 gestas
3289 580 3389 632 per
3435 564 3620 618 varios

1933 669 2112 706 annos
2137 655 2193 707 et
2221 652 2404 722 capita
2436 651 2802 722 prosequitur
2833 651 3311 721 Chronographus
3339 652 3501 719 Saxo,
3553 669 3617 706 ex

1932 758 2044 811 quo
2111 741 2244 794 satis
2296 740 2401 794 erit
2460 741 2703 810 paucula
2751 740 3053 809 decerpere
3102 740 3172 793 ad
3230 756 3448 793 annum
3495 756 3606 794 inv.

1935 848 1961 878 ι(
2028 820 2210 897 Igitur
2248 844 2339 880 rex
2374 827 2666 891 Henricus,
2698 826 2880 880 cultor
2928 827 3212 897 aequitatis
3266 826 3530 896 inclytus.
3564 832 3618 880 et

1933 916 2225 986 religionis
2265 915 2470 969 divina:
2528 915 2869 985 praecipuus,
2906 931 3281 985 quaacumque
3320 915 3483 985 regni
3512 931 3618 968 ne—

1933 1004 2145 1073 gotiaa
2177 1004 2468 1058 decessore
2498 1019 2620 1069 suo,
2655 1008 2948 1072 tamquam
3000 1019 3200 1073 puero,
3235 1008 3291 1056 et
3346 1003 3472 1073 ipso
3528 1004 3615 1056 in-

1931 1092 2268 1162 tempestivo
2316 1091 2478 1145 obitu
2531 1096 2945 1162 praeoccupato,
2997 1091 3191 1145 relicta
3244 1091 3478 1145 inissent
3507 1093 3613 1146 mi-

1932 1196 2037 1233 nus
2063 1184 2222 1233 caute
2253 1179 2535 1245 ordinata,
2570 1179 2689 1249 ipse
2723 1180 3039 1233 secundum
3076 1178 3297 1233 Domini
3351 1180 3615 1234 timorem

1931 1274 2251 1321 restaurare
2275 1268 2540 1339 justeque
2593 1267 2895 1338 disponere
2941 1267 3176 1321 studuit.
3230 1288 3258 1316 »
3308 1266 3616 1321 Videantur

1930 1355 2008 1409 ibi
2048 1372 2174 1426 qua;
2203 1355 2273 1408 ad
2326 1354 2748 1409 restitutionem
2776 1355 3138 1425 episcopatus
3183 1356 3612 1427 Merseburgen-

1931 1445 2004 1497 sis
2046 1444 2137 1514 pie
2188 1448 2243 1497 et
2295 1443 2556 1513 religiose
2614 1443 2852 1498 contulit
2910 1446 3022 1499 Rex
3071 1444 3476 1498 sanctissimus.
3537 1446 3614 1499 En

1933 1532 2219 1585 modicum
2250 1532 2636 1602 fragmentum
2677 1548 2689 1585 :
2725 1550 2754 1584 α
2786 1533 3089 1602 Postquam
3120 1532 3298 1601 igitur
3328 1534 3441 1588 Rex
3465 1533 3615 1587 beati

1930 1619 2195 1674 desiderii
2232 1620 2317 1672 sui
2348 1620 2591 1689 explevit
2644 1624 2859 1683 votum,
2912 1635 3167 1673 reversus
3214 1620 3613 1689 Magdeburch,

1930 1723 2001 1760 ne
2032 1707 2183 1777 quod
2230 1723 2295 1760 ex
2326 1707 2431 1760 hac
2460 1707 2814 1761 institutione
2863 1706 3289 1776 archiepiscopo
3318 1709 3611 1761 incusare-

1932 1800 2023 1848 tur
2052 1794 2311 1848 intulisse
2341 1796 2634 1856 damnum,
2671 1796 2957 1865 quoddam
3010 1795 3097 1848 sui
3118 1795 3269 1865 juris
3323 1794 3507 1848 eidem
3538 1796 3613 1849 le-

1928 1882 2042 1953 gali
2094 1886 2437 1935 testamento
2524 1882 2762 1936 tradidit
2822 1882 3106 1952 praedium
3158 1898 3289 1936 cum
3350 1882 3613 1935 omnibus

1929 1970 2288 2038 pertinentiis
2318 1970 2452 2035 suis,
2491 1969 2551 2023 in
2598 1970 2821 2024 Zeudici
2878 1970 3167 2039 provincia
3213 1969 3407 2023 situm.
3470 1971 3612 2024 Nam

1928 2057 2048 2128 ipse
2089 2058 2150 2112 in
2201 2057 2439 2111 Domino
2483 2073 2705 2127 magnae
2757 2058 3069 2111 devotionis
3099 2060 3233 2119 Rex,
3278 2058 3345 2111 de
3397 2058 3613 2127 capella

1927 2162 2029 2200 sua
2059 2162 2289 2199 sumens
2321 2163 2434 2200 non
2483 2146 2760 2200 modicam
2805 2150 3025 2216 partem
3057 2145 3427 2214 reliquiarum
3460 2146 3611 2200 beati

1927 2233 2193 2301 Mauritii,
2227 2234 2414 2289 hieme
2446 2239 2582 2288 tunc
2613 2233 2758 2288 forte
2790 2233 3038 2288 redivivo
3082 2233 3293 2302 frigore
3324 2233 3606 2301 saeviente,

1926 2326 2252 2392 terramque
2285 2322 2508 2391 glaciali
2554 2324 2856 2391 asperitate
2909 2326 2964 2375 et
2994 2321 3122 2375 nive
3153 2321 3533 2390 cooperiente,
3579 2339 3614 2375 a

1928 2414 2119 2463 monte
2150 2410 2203 2463 S.
2234 2409 2465 2464 Joannis
2506 2410 2791 2479 Baptistae,
2850 2409 2950 2463 ubi
3005 2409 3392 2474 servabantur,
3441 2409 3610 2463 nudis

1924 2498 2186 2568 pedibus,
2220 2503 2281 2551 ut
2321 2498 2519 2563 fertur,
2571 2498 2755 2552 calore
2802 2497 3032 2568 pietatis
3091 2496 3256 2550 illum
3321 2497 3609 2551 animante

1924 2586 2208 2639 tricesimo
2233 2586 2323 2639 die
2364 2586 2739 2656 depositionis
2818 2585 3100 2641 Gisilharii
3177 2585 3607 2655 archiepiscopi,

1924 2673 1984 2727 in
2006 2673 2289 2728 civitatem
2311 2674 2533 2735 detulit.
2568 2675 2784 2728 cunctis
2818 2674 3015 2728 festivo
3061 2674 3193 2737 ritu,
3251 2678 3314 2728 ut
3338 2690 3440 2743 par
3465 2679 3601 2736 erat,

1923 2776 2016 2813 eas
2046 2761 2503 2830 suscipientibus,
2536 2777 2675 2831 quas
2706 2767 2762 2815 et
2817 2767 3008 2815 sancto
3056 2760 3222 2814 altari
3282 2777 3413 2814 cum
3462 2776 3603 2831 prae-

1924 2846 2085 2900 dictis
2131 2846 2379 2899 donariis
2423 2847 2648 2912 obtulit,
2704 2847 3007 2917 ipsumque
3063 2846 3217 2900 diem
3270 2846 3331 2900 in
3392 2846 3606 2900 honore

1923 2933 2142 3001 praafati
2186 2933 2441 3003 Martyris
2496 2934 2617 3003 ejus
2659 2935 2908 2988 ecclesiae.
2957 2934 3262 2996 celebrare,
3326 2933 3607 3003 quemad—

1925 3021 2155 3075 modum
2187 3021 2370 3075 adhuc
2402 3021 2663 3087 habetur,
2693 3021 2955 3075 instituit.
2995 3042 3019 3072 υ

2004 3113 2086 3163 l9.
2117 3109 2274 3163 Haud
2308 3110 2550 3163 multum
2593 3109 2865 3163 dissimile
2890 3113 3084 3163 sancto
3151 3106 3453 3178 Imperiato
3506 3123 3608 3161 en-

1925 3196 2196 3261 comiuin,
2250 3198 2345 3251 sed
2390 3197 2631 3261 brevius,
2694 3198 3049 3250 concinnavit
3099 3201 3294 3249 auctor
3350 3195 3605 3250 Chronici

1930 3284 2424 3338 Laureshamensis
2453 3286 2602 3355 apud
2638 3286 2967 3350 Freherum,
2999 3301 3128 3355 pag.
3163 3288 3230 3337 72
3276 3300 3289 3336 :
3343 3306 3368 3331 ‹‹
3403 3283 3613 3337 Ottone

1922 3372 2086 3424 tertio
2114 3372 2462 3441 Imperatore
2502 3374 2697 3426 Romae
2725 3373 3010 3437 defuncto,
3036 3376 3091 3424 et
3120 3387 3220 3442 per
3250 3372 3599 3426 Heribertum

1922 3460 2314 3515 Coloniensem
2395 3460 2882 3530 archiepiscopum
2967 3465 3135 3531 atque
3238 3459 3600 3513 Godefridum

1924 3548 2124 3600 ducem
2154 3548 2495 3618 Aquisgrani
2554 3550 2797 3619 sepulto,
2850 3547 3121 3603 Henricus
3177 3548 3287 3601 dux
3344 3547 3601 3601 Bavario-

1923 3650 2052 3687 rum
2090 3633 2317 3700 imperii
2376 3635 2617 3688 fascibus
2673 3635 2916 3702 arreptis
2973 3650 3069 3687 rex
3125 3634 3374 3703 eligitur,
3408 3639 3463 3685 et
3487 3634 3601 3687 Mo-

1923 3719 2138 3789 guntiaa
2176 3720 2487 3773 solenniter
2533 3721 2849 3774 ordinatur.
2912 3721 3085 3789 Cujus
3118 3726 3335 3790 quanta
3390 3719 3604 3773 fuerint

1921 3808 2160 3877 justitiaa
2204 3813 2254 3860 et
2299 3808 2527 3876 pietatis
2598 3808 2864 3875 insignia,
2916 3812 3155 3861 testatur
3237 3808 3335 3859 illa
3419 3806 3600 3867 nobis,

1926 3910 2095 3965 quam
2129 3894 2377 3948 condidit
2400 3896 2529 3948 etin
2552 3912 2663 3966 qua
2692 3896 2951 3949 conditus
2976 3900 3078 3957 est,
3122 3893 3604 3963 Babenbergensis

1925 3982 2176 4037 ecclesia.
2202 3983 2494 4052 Siquidem
2526 3990 2682 4038 tanto
2722 3984 3016 4053 religionis
3046 3998 3239 4035 amore
3272 3979 3599 4047 ducebatur,

1928 4077 1986 4124 ut
2019 4071 2419 4124 monachorum
2451 4079 2613 4141 pater
2641 4073 3038 4142 appellaretur.
3101 4071 3167 4123 Et
3222 4086 3377 4137 sane,
3434 4090 3461 4118 ι
3516 4069 3602 4123 in-

1926 4157 2047 4228 quit
2071 4158 2428 4211 Mabillonius
2461 4159 2517 4211 in
2548 4163 2665 4213 Act.
2702 4160 2906 4212 Bened.
2940 4175 3067 4212 saec.
3097 4175 3169 4223 v1,
3204 4165 3360 4227 parte
3388 4162 3435 4223 t,
3469 4174 3598 4228 pag.

1923 4247 2049 4301 434.
2082 4264 2103 4290 ι
2163 4260 2291 4298 vere
2350 4263 2543 4299 eorum
2579 4253 2792 4315 patrem
2851 4246 3021 4300 fuisse
3054 4252 3107 4298 et
3139 4253 3439 4315 patronum
3471 4261 3601 4314 pro-

1928 4336 2062 4387 bant
2101 4334 2291 4384 vetera
2350 4334 2554 4401 passim
2588 4334 2966 4386 instrumenta
3026 4333 3081 4385 in
3114 4348 3309 4386 eorum
3363 4333 3600 4402 gratiam

163 4392 472 4481 Rostne‘cem
519 4423 814 4500 [mortem]
848 4425 1025 4494 patris
1058 4423 1257 4475 ductor
1286 4420 1549 4473 successit
1595 4419 1809 4485 herilis,
1846 4392 1886 4443 υ
1925 4424 2074 4483 data,
2114 4444 2135 4469 ι
2172 4436 2298 4491 quae
2330 4392 2451 4473 vide
2484 4421 2580 4486 ibi,
2614 4437 2741 4473 cum
2804 4420 3038 4474 elencho
3074 4392 3409 4474 Sanctorum
3461 4436 3615 4489 quos.

164 4511 270 4580 Ejus
297 4520 347 4568 et
378 4515 683 4585 imperium
715 4514 883 4581 longe
915 4516 1130 4581 spectat
1169 4525 1397 4579 quoque
1430 4510 1670 4560 clavum.

167 4600 370 4655 Maxima
396 4620 525 4673 pars
559 4602 719 4673 regni
751 4602 913 4653 Stavo
942 4605 1153 4651 vastata
1184 4596 1397 4651 crudeli
1434 4594 1657 4666 [feroci]

168 4686 362 4743 Ilultum
388 4693 606 4745 laetatur
627 4689 783 4759 quod
814 4689 885 4740 ab
916 4688 1086 4756 hujus
1118 4702 1253 4755 pace
1284 4684 1499 4754 potitur

168 4775 368 4831 Sedibus
395 4779 618 4849 optatis,
642 4780 911 4847 justeque
945 4775 1241 4844 rapacibus
1267 4771 1441 4825 armis

168 4862 336 4919 Procul
360 4868 625 4937 depulsis,
661 4882 724 4918 ac
752 4866 879 4918 diva
903 4865 1024 4933 lege
1056 4861 1281 4925 sedatis,

175 4950 366 5006 lntlatos
392 4971 586 5008 omnes
618 4959 812 5007 contra
837 4968 893 5005 se
915 4950 1185 5020 deprimit
1215 4950 1422 5013 hostes,

174 5036 462 5095 Demulcens
495 5044 673 5096 socios
698 5040 947 5111 jocnndo
984 5040 1192 5093 famine
1222 5043 1469 5089 cunctos.

169 5124 212 5176 Si
237 5143 333 5195 quo
365 5130 601 5200 deliquit
628 5128 934 5189 modicum,
969 5128 1157 5180 statim
1194 5124 1492 5193 resipiscit,

172 5211 420 5271 Fructibus
448 5236 509 5273 ac
540 5217 731 5287 dignis
770 5216 1006 5269 curabat
1027 5216 1260 5267 vulnera
1280 5213 1487 5267 carnis.

174 5297 301 5353 Utilis
325 5304 594 5371 Ecclesiae,
621 5304 838 5357 cunctis
861 5304 1161 5357 miseratur
1191 5302 1421 5370 ubique.

176 5384 440 5462 Merspurg,
461 5394 507 5447 si
539 5394 712 5447 scires
741 5392 912 5459 hujus
942 5391 1035 5460 pia
1064 5396 1212 5454 vota,
1246 5388 1428 5441 sitires

176 5472 443 5534 Adventum
471 5483 613 5535 tanti
635 5480 890 5542 rectoris,
924 5484 981 5532 et
1010 5478 1218 5547 inclyta
1242 5475 1448 5531 Christi

181 5558 365 5619 Munera
398 5568 673 5634 laudares,
707 5567 1107 5637 eoudignaque
1138 5564 1375 5635 praemia
1404 5564 1596 5615 ferres.

1923 4512 2050 4581 pius
2081 4513 2395 4580 Imperator
2427 4509 2617 4561 vivens
2647 4509 2901 4571 coluerit,
2961 4508 3076 4560 imo
3109 4513 3289 4560 totum
3323 4508 3599 4578 elogium,

1923 4601 2072 4670 quod
2124 4600 2214 4653 hic
2244 4597 2413 4650 inseri
2447 4603 2780 4660 mereretur,
2810 4596 2915 4649 nisi
2958 4596 3132 4648 tixum
3167 4601 3315 4648 esset
3342 4596 3456 4648 sola
3509 4611 3598 4648 ve-

1922 4688 2160 4740 tustiora
2190 4686 2476 4753 colligere,
2509 4685 2676 4754 quale
2708 4685 2879 4736 etiam
2914 4683 3051 4735 illud
3093 4683 3242 4752 quod
3300 4682 3469 4735 habet
3496 4697 3592 4733 au—

1924 4780 2043 4828 ctor
2074 4775 2209 4830 Vitae
2232 4772 2411 4825 sancti
2440 4771 2749 4825 Meinwerci
2783 4771 2938 4838 apud
2966 4786 3067 4823 nos
3099 4786 3221 4838 cap.
3250 4774 3305 4834 ‘2,
3336 4785 3493 4823 num.
3544 4772 3594 4833 9,

1923 4878 2053 4932 pag.
2088 4863 2223 4915 515:
2258 4880 2283 4910 (ί
2323 4859 2593 4913 llenricus
2622 4859 2733 4911 dux
2770 4858 3106 4926 Bajoaricus,
3159 4858 3468 4911 secundum
3499 4872 3601 4909 sas-

1924 4951 2035 5003 culi
2068 4949 2399 5019 dignitatem
2428 4946 2923 5015 locupletissimus,
2947 4953 3003 4998 et
3054 4946 3372 4997 litterarum
3405 4944 3603 4997 studiis

1924 5054 2041 5091 non
2070 5037 2318 5090 tenuiter
2341 5036 2671 5097 instructus,
2725 5039 2780 5087 et
2827 5034 2976 5103 quod
3013 5033 3098 5086 his
3147 5033 3330 5102 majus
3387 5030 3603 5095 est,vir

1925 5124 1982 5177 in
2017 5127 2174 5178 omni
2224 5124 2570 5193 perfectione
2627 5122 2999 5175 ecclesiastica
3034 5121 3374 5190 praecipuus.
3406 5140 3432 5169 ιο
3472 5119 3600 5172 Plu-

1922 5212 2083 5267 ribus
2110 5213 2474 5279 supersedeo,
2504 5228 2632 5282 qua:
2669 5210 2818 5280 apud
2847 5209 3147 5278 scriptores
3180 5206 3493 5277 praesertim
3542 5205 3602 5258 in

1925 5300 2047 5353 Vita
2078 5301 2133 5354 S.
2180 5292 2492 5354 Meinwerci
2553 5298 2685 5352 satis
2732 5297 2898 5351 obvia
2956 5300 3106 5359 sunt,
3138 5310 3267 5347 cum
3320 5293 3508 5345 nullus
3534 5292 3603 5346 de

1922 5393 2115 5440 sancto
2173 5388 2518 5457 Imperatore
2568 5385 2689 5438 sine
2750 5384 2957 5437 merita
3032 5381 3199 5435 laude
3258 5379 3598 5434 meminerit.

1924 5474 2163 5543 Reliqua
2192 5474 2261 5527 ad
2292 5473 2469 5527 sancti
2503 5472 2863 5542 Imperatoris
2906 5471 3120 5522 cultum
3166 5466 3479 5537 spectantia
3502 5466 3601 5519 da-

1923 5561 2006 5612 bit
2036 5577 2276 5629 sequens
