3976 6460
300 443 363 495 19
1606 442 1658 492 S.
1707 440 1996 496 HENRICI
2036 438 2504 495 lMPEBATORlS
3746 437 3812 485 20

296 565 328 635 §
360 565 455 619 111.
490 564 864 632 Canonizatio,
884 566 1107 620 elocutio
1145 567 1291 619 sacri
1339 566 1601 634 corporis,
1650 568 1701 619 et
1748 564 1986 617 transla-
2016 567 2063 618 Α
2101 562 2464 618 sanctitatem
2517 577 2699 630 suam,
2734 559 2932 616 multis
2962 560 3253 615 miraculis
3304 560 3375 615 ad
3450 549 3829 631 sepulturam

1055 658 1244 709 tiones.

367 745 455 797 20.
484 745 685 800 Utrum
720 743 791 798 ad
814 743 869 798 S.
908 744 1130 798 Heurici
1158 742 1361 796 merita
1383 740 1725 796 ostentanda
1753 742 1852 793 aut
1881 740 2001 810 glo~

300 830 444 885 riam
477 831 529 885 ei
557 831 971 887 conciliandam
1030 832 1279 885 multum
1334 832 1590 885 conferat
1639 829 1779 882 visio
1824 843 1998 900 quam

299 920 423 990 ejus
449 919 589 973 Vita
652 919 897 974 inseruit
952 935 1278 990 anonymus
1318 918 1651 981 monachus,
1713 932 1837 986 cap.
1907 918 1999 982 28,

300 1006 426 1061 aliis
480 1007 926 1061 examinandum
976 1007 1332 1079 relinquam;
1393 1004 1704 1060 illustriora
1759 1002 2004 1074 posteris

301 1100 643 1165 argumenta
673 1095 918 1166 prabuit
946 1095 1232 1165 gloriosus
1279 1095 1339 1148 in
1387 1092 1605 1147 Sanctis
1635 1093 1752 1146 suis
1803 1092 2000 1145 Omni-

302 1188 519 1253 petens,
543 1183 679 1237 dum
712 1184 899 1253 ipsum
933 1183 1191 1252 pluribus
1244 1181 1494 1252 egregiis
1554 1180 1843 1234 miraculis
1904 1180 1997 1231 in-

302 1273 607 1325 clarescere
638 1272 836 1339 voluit,
870 1272 1078 1342 quibus
1135 1271 1367 1324 demum
1430 1274 1619 1323 motus
1680 1268 2003 1343 Egilbertus

306 1359 739 1429 Bambergensis
787 1361 1106 1430 episcopus,
1200 1359 1403 1412 ordine
1459 1374 1661 1417 nonus,
1750 1373 1816 1409 eo
1880 1372 2002 1408 rem

302 1447 567 1517 perduxit
599 1452 656 1500 ut
702 1446 845 1501 sacri
903 1448 1157 1501 coalitum
1205 1446 1451 1500 honores
1499 1450 1691 1499 sancto
1749 1445 1999 1514 Impera-

305 1534 416 1588 tori
444 1535 909 1589 decernerentur.
945 1536 1006 1589 ld
1057 1551 1171 1605 quo
1227 1550 1378 1587 anno
1419 1533 1704 1595 acciderit,
1750 1532 2002 1603 primum

306 1623 641 1693 expediam;
699 1623 1164 1678 deinde.catera
1202 1637 1536 1694 prosequar.
1596 1623 1674 1675 Ex
1733 1620 2002 1690 Egilberti

307 1714 475 1765 atate
531 1712 742 1781 pendet
793 1711 970 1765 totius
1000 1711 1085 1765 rei
1137 1711 1370 1777 decisio,
1402 1710 1873 1782 quandoquidem
1936 1724 2003 1761 eo

307 1798 672 1868 potissimum
708 1805 947 1870 urgente
978 1805 1289 1869 procurata
1337 1798 1410 1852 sit
1460 1798 1734 1868 pradicta
1762 1796 2002 1850 canoni-

309 1886 472 1952 zatio,
508 1892 565 1940 et
589 1887 656 1941 ad
686 1886 998 1957 ipsummet
1025 1887 1306 1941 directum
1361 1887 1606 1956 Eugenii
1656 1887 1760 1939 PP.
1805 1886 1879 1939 111
1926 1883 2006 1937 di-

308 1974 517 2044 ploma,
586 1975 743 2029 brevi
821 1975 1277 2046 producendum.
1338 1975 1515 2028 Porro
1600 1972 2006 2044 Episcoporum

310 2062 615 2134 Catalogus
662 2063 968 2117 novissime
1026 2062 1232 2125 editus,
1284 2066 1358 2130 et,
1403 2061 1464 2115 ni
1511 2061 1699 2127 fallor,
1746 2076 1815 2113 ex
1867 2060 2005 2114 Hef-

312 2166 525 2205 manno
556 2156 901 2217 contractus,
930 2152 1285 2223 episcopatus
1304 2150 1446 2221 Enen
1475 2149 1584 2203 nisi
1630 2169 1657 2199 ς
1690 2148 2011 2220 quinquen-

312 2238 475 2293 nium
509 2258 537 2291 ››
558 2239 842 2310 Egilberto
881 2238 1100 2305 tribuit,
1146 2254 1261 2310 quo
1285 2238 1336 2293 ei
1374 2259 1396 2287 ι
1431 2236 1683 2292 ecclesia
1711 2235 2011 2307 prafuerit

313 2326 719 2396 sollicitudine,
776 2343 909 2382 vere
977 2334 1237 2398 paterna,
1297 2327 1506 2397 dignus
1563 2326 1679 2379 vita
1727 2324 2007 2393 longiore.

315 2414 467 2471 Obiit
497 2435 525 2465 ι)
558 2420 751 2469 autem
774 2434 803 2467 ‹‹
834 2430 1058 2480 ncxnvi,
1088 2416 1463 2487 sepultusque
1495 2420 1581 2468 est
1632 2414 1691 2468 in
1746 2413 1865 2467 ade
1899 2412 2009 2464 im-

313 2503 547 2574 periali;
574 2523 604 2555 io
652 2503 819 2574 eique
849 2504 1118 2559 successit
1158 2503 1475 2559 Eberardus
1507 2503 1774 2568 Bavarus,
1811 2501 2012 2554 eodem

314 2593 438 2663 ipso
469 2608 622 2647 anno
673 2593 903 2646 electus.
947 2593 1086 2648 Cum
1151 2592 1327 2663 igitur
1373 2592 1442 2646 ad
1498 2590 1839 2663 pradictum
1870 2589 2014 2659 Egil-

316 2682 543 2735 bertum
573 2681 858 2753 pertineat
897 2687 1017 2736 tota
1072 2681 1238 2736 istius
1292 2697 1478 2735 causa
1531 2677 1878 2751 procuratio,
1943 2676 2013 2729 ad

315 2769 506 2839 ipsum
553 2772 745 2824 autem
803 2770 1124 2824 destinetur
1179 2769 1422 2840 Eugeuii
1473 2768 1834 2837 rescriptum,
1895 2781 2014 2819 non

316 2861 502 2927 potest
529 2858 681 2911 ultra
714 2857 838 2928 ejus
867 2863 1129 2928 tempora
1159 2857 1376 2912 differri
1413 2857 1475 2912 S.
1525 2854 1753 2911 Henrici
1783 2854 2014 2908 canoni-

316 2945 483 3012 zatio,
545 2946 699 2999 unde
749 2946 1050 3000 manifeste
1101 2946 1473 3018 consequitur
1550 2944 1930 3012 deserendum
1983 2958 2015 2994 a

316 3032 477 3087 nobis
518 3034 745 3088 Baronii
777 3035 1079 3101 calculum,
1121 3051 1294 3106 quem
1325 3034 1534 3088 mirum
1564 3039 1650 3088 est
1679 3033 1747 3086 ad
1793 3046 2013 3086 annum

320 3122 452 3175 1152
483 3121 817 3190 pradictam
884 3123 1379 3177 canonizationem
1408 3122 1716 3187 distulisse,
1750 3122 1848 3192 qui
1901 3120 2011 3173 Eu-

313 3207 471 3278 genii
525 3210 739 3263 litteras
796 3226 861 3263 ex
910 3213 1096 3265 nescio
1126 3227 1240 3282 quo
1304 3210 1575 3265 chronica
1607 3210 2014 3279 Bambergensi

314 3312 436 3366 pra
463 3297 643 3350 oculis
670 3296 891 3352 habuit.

385 3387 473 3438 21.
517 3384 602 3438 Ita
629 3384 826 3439 scribit
854 3386 925 3440 ad
955 3385 1172 3440 dictum
1213 3401 1432 3440 annum
1463 3389 1619 3451 “52,
1654 3401 1815 3439 num.
1849 3388 1902 3451 3,
1945 3400 2012 3439 ex

317 3471 524 3527 Ottone
591 3472 942 3546 Frisingensi
977 3473 1037 3528 in
1097 3474 1410 3542 Friderico,
1464 3474 1564 3529 lib.
1610 3490 1627 3527 ι
1680 3490 1804 3545 cap.
1864 3477 1931 3528 63
1995 3491 2008 3528 :

317 3581 346 3611 «ι
408 3561 565 3632 quod
644 3566 837 3616 autem
921 3562 1050 3617 Otto
1127 3562 1395 3617 meminit
1470 3562 1564 3617 hic
1630 3562 1699 3616 de
1776 3563 2013 3616 Henrico

317 3649 670 3717 Imperatore
699 3649 854 3703 inter
876 3649 1107 3704 Sanctos
1130 3652 1331 3712 relato,
1368 3655 1592 3705 exstant
1630 3651 1700 3704 de
1762 3665 1829 3703 ea
1857 3666 1919 3704 re
1951 3650 2011 3704 in

316 3734 599 3790 Chronico
627 3738 1034 3810 Bambergensi
1066 3737 1309 3809 Eugenii
1349 3740 1454 3793 PP.
1484 3739 1704 3792 littera.
1740 3761 1767 3787 ››
1803 3740 1904 3793 Eas
1934 3739 2015 3793 ibi

316 3823 544 3893 subjicit
603 3825 892 3894 Baronius,
935 3831 992 3881 et
1028 3844 1133 3881 nos
1164 3826 1315 3882 infra
1353 3826 1620 3881 dabimus
1652 3843 1664 3880 :
1716 3832 1803 3882 ast
1822 3827 2013 3897 ipsum

317 3911 531 3977 fefellit,
559 3913 785 3983 opinor,
830 3914 1224 3984 Frisingensis,
1262 3916 1400 3969 dum
1449 3915 1521 3969 ad
1552 3930 1771 3968 annum
1834 3914 2011 3968 istum

323 4001 475 4064 1152,
508 3999 750 4054 Conradi
778 4001 851 4054 IlI
902 4018 1257 4070 supremum,
1315 4003 1611 4057 occasione
1659 4003 1783 4073 ejus
1823 4002 2012 4072 sepul-

314 4092 478 4152 tura,
503 4086 584 4140 sic
612 4088 785 4142 habet
829 4089 954 4143 loco
1001 4089 1170 4144 citato
1202 4106 1216 4144 :
1251 4112 1273 4140 ι
1307 4092 1474 4145 Juxta
1516 4090 1778 4145 tumbam
1820 4090 2013 4161 Impe-

315 4172 522 4225 ratoris
543 4173 790 4241 Henrici,
835 4175 957 4245 ejus
1014 4177 1505 4245 Ioci-fundatoris,
1538 4178 1639 4249 qui
1667 4193 1852 4249 nuper
1914 4194 2012 4232 au-

313 4260 577 4315 ctoritate
629 4262 905 4318 Romana
962 4266 1225 4321 Ecclesia
1257 4268 1315 4321 in
1366 4270 1490 4321 loca
1539 4272 1733 4321 sancta
1763 4268 2005 4332 levatus,

313 4364 420 4417 pro
463 4356 654 4403 sancto
693 4351 955 4419 habetur,
1018 4355 1175 4424 regio
1230 4355 1387 4408 cultu
1419 4371 1548 4408 eum
1595 4356 1855 4424 sepelivit
1909 4372 1921 4408 :
1979 4377 2006 4403 ιι

313 4451 524 4508 nempe
563 4440 801 4495 ecclesia
830 4441 1287 4513 Bambergensis,
1321 4459 1450 4513 qua
1489 4443 1738 4498 Couradi
1797 4459 2005 4512 corpus

315 4526 426 4579 alio
477 4529 769 4583 transferri
797 4546 964 4600 passa
1030 4547 1146 4584 non
1196 4531 1400 4585 fuerat.
1450 4530 1630 4585 Nimis
1681 4533 2011 4602 scrupulose

313 4615 651 4682 particulam
714 4635 742 4667 α
793 4634 977 4689 nuper
1034 4640 1055 4665 »
1123 4622 1341 4691 accepit
1388 4620 1654 4674 laudatus
1713 4620 2007 4687 Baronius,

314 4718 487 4771 quam
541 4706 613 4757 ad
662 4721 842 4759 annos
922 4709 1141 4779 aliquot
1182 4709 1596 4763 extendendum
1645 4723 1768 4762 esse
1819 4708 2009 4772 docet,

315 4796 510 4858 aperte
566 4806 757 4845 rerum
808 4794 1000 4862 series,
1039 4796 1181 4850 adeo
1240 4802 1306 4851 ut
1358 4796 1666 4867 superstite
1725 4795 2010 4867 Egilberto

313 4875 804 4931 canonizationem
847 4880 1039 4934 Romae
1085 4883 1373 4937 decretam
1459 4888 1723 4954 oporteat
1770 4882 2008 4951 (verosi-

315 4961 555 5016 millime
597 4979 748 5016 anno
821 4967 998 5033 1145),
1069 4968 1359 5022 solennius
1406 4970 1610 5024 deinde
1663 4971 2009 5024 celebratam

312 5065 443 5102 cum
499 5050 815 5105 elevatione
871 5059 926 5106 et
995 5055 1369 5109 translatione
1419 5057 1568 5109 sacri
1618 5058 1876 5127 corporis
1936 5058 2006 5111 ab

315 5137 599 5192 Eberardo
629 5154 949 5194 successore
979 5157 1132 5195 anno
1196 5146 1353 5209 1147,
1400 5144 1556 5214 quod
1582 5145 1752 5214 plane
1801 5146 2012 5199 evinci-

312 5231 408 5278 tur
448 5242 516 5280 ex
558 5226 949 5282 demonstrato
1006 5229 1268 5299 superius
1354 5231 1624 5301 Egilberti
1671 5233 1858 5297 obitu;
1919 5234 2013 5286 cui

312 5329 447 5366 sane
486 5314 608 5384 jam
659 5315 774 5369 vita
799 5316 995 5370 functo
1029 5318 1266 5386 Eugenii
1296 5319 1549 5388 diploma
1579 5318 1846 5373 insceribi
1894 5336 2012 5373 non

312 5402 535 5470 potuit;
585 5404 853 5458 audiatur
909 5405 1283 5467 Hofmannus,
1315 5406 1373 5461 id
1420 5406 1685 5461 disertius
1734 5423 2009 5475 asserens,

314 5488 374 5540 in
405 5490 715 5546 Annalibus
748 5493 1283 5564 Bambergensibus,
1308 5495 1412 5549 col.
1443 5497 1558 5549 l2l.

384 5578 470 5632 22.
506 5600 527 5624 ι
558 5579 830 5649 Sequenti
862 5598 1013 5635 anno
1052 5584 1237 5651 (1145)
1273 5583 1613 5653 Babeberga
1661 5585 1759 5638 lux
1792 5584 2004 5654 ingens

319 5664 629 5717 sanctitatis
681 5669 908 5731 eluxit;
952 5671 1164 5739 quippe
1226 5672 1281 5725 S.
1348 5671 1622 5724 Henricus
1690 5672 2009 5740 Imperator

2110 652 2301 718 editis,
2326 650 2708 718 confirmavit,
2742 655 2799 706 et
2844 666 2902 704 se
2953 650 3024 704 ad
3057 650 3282 705 caleste
3312 648 3458 703 illud
3500 648 3599 703 Dei
3642 654 3817 719 atque

2110 742 2442 796 Sanctorum
2503 740 2853 795 consortium
2922 743 3218 809 receptum
3284 754 3407 792 esse
3472 737 3812 808 comproba-

2110 830 2221 896 vit;
2269 835 2331 883 ut
2357 829 2677 899 Egilbertus
2731 828 3032 898 episcopus
3080 827 3185 881 hac
3231 827 3301 881 de
3351 842 3409 880 re
3450 825 3809 896 legationem

2112 920 2354 973 Romam
2386 917 2745 980 mittendam,
2780 916 3176 986 etEugenium
3215 914 3547 968 Pontiﬁcem
3578 914 3649 968 de
3680 930 3810 966 om-

2110 1006 2279 1060 nibus
2310 1005 2616 1075 diligenter
2664 1006 3016 1058 edocendum
3076 1004 3312 1073 putarit.
3362 1002 3581 1066 Quibus
3643 1001 3819 1054 rebus

2110 1094 2350 1165 cognitis
2406 1103 2462 1147 et
2493 1094 2809 1163 legatorum
2859 1092 3136 1145 relatione
3170 1091 3383 1155 audita,
3434 1089 3696 1143 Pontifex
3735 1105 3820 1140 re-

2112 1182 2321 1252 ligione
2368 1183 2629 1253 perfusus
2684 1182 2873 1253 ipsum
2905 1180 2967 1236 S.
3028 1181 3335 1235 Heuricuni
3394 1178 3809 1241 confessorem,

2110 1272 2220 1324 hoc
2255 1270 2379 1339 ipso
2424 1287 2598 1336 anno,
2650 1286 2857 1340 nempe
2901 1275 3031 1339 post
3076 1269 3295 1323 obitum
3331 1268 3453 1338 ejus
3495 1266 3822 1320 centesimo

2111 1358 2383 1428 vigesimo
2422 1360 2632 1429 primo,
2678 1359 2737 1412 in
2772 1359 3110 1412 Sanctorum
3169 1372 3475 1410 numerum
3520 1369 3826 1407 consecra-

2110 1446 2268 1500 tione
2299 1463 2401 1501 sua
2424 1446 2674 1517 redegit;
2709 1452 2877 1518 atque
2930 1446 3036 1500 hac
3070 1446 3138 1499 de
3168 1461 3229 1498 re
3277 1444 3491 1497 litteras
3544 1444 3729 1497 Roma
3784 1459 3824 1494 ιι

2114 1537 2244 1589 ldus
2278 1536 2503 1591 Martias
2551 1536 2621 1591 ad
2666 1536 3019 1606 Egilbertum
3068 1534 3404 1603 episcopum
3464 1536 3521 1585 et
3579 1536 3825 1584 cateros

2113 1624 2366 1678 ecclesia
2416 1639 2678 1694 proceres
2741 1624 2914 1678 dedit.
2974 1624 3175 1677 Narrat
3227 1619 3551 1675 Nunnesius
3608 1633 3826 1672 mona-

2112 1712 2251 1765 chus
2301 1712 2623 1767 Jobannem
2677 1711 2985 1782 quemdam
3050 1709 3427 1773 Cardinalein,
3507 1706 3827 1759 canoniza-

2115 1800 2287 1853 tionis
2352 1801 2407 1855 S.
2474 1799 2698 1854 Henrici
2741 1802 2947 1853 acriter
3014 1798 3369 1852 obnitentem
3428 1800 3602 1863 atque
3658 1796 3828 1848 relu-

2117 1894 2384 1952 ctantem,
2433 1886 2749 1942 luminibus
2820 1888 3128 1958 privatum,
3213 1891 3387 1956 atque
3460 1883 3855 1937 intolerabili.

2118 1977 2512 2031 membrorum
2556 1976 2749 2030 dolore
2802 1981 3148 2045 correptum,
3197 1972 3583 2027 severissimas
3633 1976 3831 2025 teme-

2119 2065 2303 2119 ritatis
2358 2082 2476 2119 sua
2529 2064 2752 2119 dedisse
2808 2080 3025 2135 panas.
3061 2064 3298 2117 Demum
3354 2076 3484 2114 vero
3517 2060 3823 2124 eumdem,

2121 2154 2380 2207 invocato
2413 2152 2591 2222 ipsius
2616 2151 2958 2206 confessoris
2988 2150 3241 2215 nomine,
3295 2148 3525 2202 sanitati
3558 2145 3832 2215 pristina

2119 2241 2293 2295 fuisse
2337 2240 2685 2294 restitutum.
2716 2261 2737 2287 ι
2797 2241 3070 2294 Narratur
3100 2255 3167 2292 ea
3217 2237 3443 2308 punitio
3490 2234 3642 2305 apud
3675 2235 3839 2289 Gret-

2120 2345 2313 2383 serum
2360 2345 2484 2399 cap.
2531 2331 2619 2390 39,
2669 2335 2869 2398 estque
2916 2327 3068 2381 inter
3122 2325 3398 2380 miracula
3425 2322 3667 2378 inferius
3726 2338 3834 2375 or-

2119 2418 2251 2473 dine
2283 2433 2522 2482 nonum,
2545 2432 2706 2470 num.
2738 2420 2791 2471 9.

2192 2508 2279 2561 23.
2300 2506 2563 2576 Diploma
2590 2503 2778 2574 ipsum
2792 2484 3241 2557 canonizatiouis
3264 2517 3379 2554 non
3404 2498 3673 2571 producit
3695 2499 3839 2553 Hef-

2123 2610 2370 2647 mannus
2401 2594 2520 2664 (sed
2546 2593 2724 2661 1145),
2748 2608 2935 2663 neque
2970 2591 3110 2645 mihi
3144 2597 3345 2644 notum
3370 2589 3552 2643 fateor
3580 2588 3834 2641 citatum

2121 2700 2155 2735 a
2182 2682 2426 2736 Baronio
2458 2681 2798 2737 Chronicum
2837 2680 3171 2744 Hofmanui,
3205 2679 3301 2733 sed
3346 2694 3494 2731 vices
3520 2676 3821 2745 supplevit

2124 2772 2441 2837 Gretserus,
2471 2787 2535 2824 ex
2593 2769 2787 2840 aliquo
2832 2768 3105 2839 anonymi
3160 2766 3490 2837 apographo
3548 2763 3834 2817 Bamber-

2124 2859 2305 2929 gensi,
2349 2860 2499 2913 unde
2555 2859 2769 2913 bullam
2820 2858 2910 2912 hic
2962 2856 3387 2912 subuectimus:
3448 2873 3475 2904 α
3529 2851 3836 2922 Eugenius

2124 2948 2427 3018 episcopus
2470 2964 2664 3000 servus
2731 2961 3025 2999 servorum
3104 2945 3221 3006 Dei,
3273 2941 3589 2996 venerabili
3660 2942 3835 2993 fratri

2124 3037 2413 3107 Egilberto
2469 3036 2760 3104 episcopo,
2804 3040 2857 3088 et
2914 3033 3131 3087 dilectis
3163 3033 3296 3086 filiis
3327 3029 3617 3084 canonicis
3670 3029 3838 3082 Bam-

2054 3124 2094 3177 C
2125 3123 2421 3193 bergensis
2454 3122 2731 3186 Ecclesia,
2765 3122 3003 3175 salutem
3038 3127 3093 3173 et
3144 3118 3519 3188 apostolicam
3576 3115 3823 3169 benedi-

2123 3212 2393 3265 ctionem.
2420 3211 2579 3265 Sicut
2627 3226 2727 3281 per
2756 3211 2973 3263 litteras
3002 3214 3059 3262 et
3116 3208 3351 3261 nuntios
3395 3210 3613 3258 vestros
3660 3203 3839 3256 vobis

2125 3300 2422 3354 mandasse
2495 3298 2888 3367 meminimus,
2944 3296 3295 3351 venerabiles
3348 3294 3551 3348 fratres
3603 3296 3840 3344 nostros

2126 3390 2191 3443 N.
2225 3389 2278 3442 S.
2317 3388 2538 3449 Ruﬁna
2588 3388 2939 3457 episcopum,
2968 3392 3025 3440 et
3069 3386 3133 3439 N.
3172 3384 3570 3453 presbyterum
3618 3380 3837 3434 Cardi-

2125 3477 2312 3530 nalem
2348 3492 2449 3546 pro
2480 3475 2720 3529 diversis
2747 3474 2992 3544 negotiis
3035 3474 3105 3527 ad
3162 3477 3349 3542 partes
3416 3470 3540 3523 illas
3596 3469 3666 3521 de
3722 3484 3839 3521 no-

2122 3571 2238 3619 stro
2278 3566 2452 3618 latere
2505 3562 2913 3633 delegavimus,
2946 3563 3144 3632 eisque
3197 3560 3322 3613 viva
3350 3573 3488 3611 voce
3552 3556 3831 3625 injunxi-

2123 3668 2251 3706 mus
2290 3660 2353 3705 ut
2381 3651 2454 3705 ad
2511 3650 2806 3705 ecclesiam
2860 3655 3102 3703 vestram
3146 3648 3493 3707 accederent,
3528 3650 3700 3714 atque
3755 3644 3835 3696 de

2121 3741 2234 3795 vita
2266 3745 2325 3794 et
2370 3738 2660 3793 miraculis
2695 3737 2919 3792 Henrici
2946 3736 3097 3807 regis
3131 3736 3212 3789 rei
3242 3738 3542 3792 veritatem
3579 3732 3829 3801 diligen-

2121 3833 2208 3883 ter
2252 3827 2630 3899 inquirerent,
2691 3830 2748 3879 et
2792 3825 2995 3880 litteris
3041 3825 3158 3879 suis
3200 3823 3365 3877 nobis
3410 3821 3835 3893 signiﬁcarent.

2122 3918 2283 3970 Nunc
2312 3922 2508 3970 autem
2544 3914 2879 3969 earumdem
2924 3914 3168 3967 fratrum
3214 3918 3543 3966 nostrorum
3579 3914 3637 3963 et
3664 3908 3836 3961 mul-

2118 4009 2311 4059 torum
2338 4003 2739 4073 religiosorum
2770 4007 2826 4055 et
2869 4001 3250 4055 discretorum
3291 4000 3551 4053 virorum
3584 4001 3839 4053 attesta-

2119 4093 2295 4159 tione,
2341 4093 2412 4147 de
2462 4091 2716 4145 castitate
2773 4090 2974 4161 ipsius,
3025 4090 3096 4143 de
3159 4089 3493 4143 fundatione
3554 4088 3834 4145 Bamber-

2120 4179 2313 4252 gensis
2359 4179 2612 4233 ecclesia
2651 4182 2707 4231 et
2764 4178 3077 4231 multarum
3108 4176 3373 4242 aliarum,
3432 4179 3826 4247 quarumdam

2118 4284 2349 4340 quoque
2378 4266 2795 4339 episcopalium
2847 4266 3071 4336 sedium
3121 4265 3507 4335 reparatione,
3540 4268 3599 4317 et
3627 4266 3836 4321 multi-

2124 4356 2259 4426 plici
2315 4355 2811 4424 eleemosynarum
2888 4353 3214 4424 largitione,
3284 4352 3356 4405 de
3427 4352 3817 4407 conversione

2121 4444 2272 4515 regis
2299 4442 2571 4513 Stephani
2620 4446 2678 4496 et
2710 4441 2881 4495 totius
2926 4440 3254 4509 Hungaria,
3312 4438 3555 4492 Domino
3609 4455 3831 4509 coope-

2118 4537 2279 4588 rante
2309 4547 2412 4603 per
2473 4545 2604 4584 eum
2659 4529 2837 4595 facta;
2878 4529 2948 4584 de
2997 4526 3244 4599 glorioso
3281 4526 3455 4579 etiam
3485 4526 3664 4597 ipsius
3712 4529 3822 4583 ob-

2116 4622 2222 4687 itu,
2284 4617 2660 4690 pluribusque
2726 4617 3036 4683 miraculis,
3106 4621 3235 4686 post
3278 4615 3402 4684 ejus
3457 4614 3705 4683 obitum,
3749 4618 3829 4672 ad

2116 4708 2294 4780 ipsius
2325 4705 2579 4777 corporis
2635 4705 3001 4777 praseutiarn
3031 4703 3305 4759 divinitus
3335 4702 3596 4767 ostensis,
3634 4707 3831 4759 multa

2115 4796 2504 4867 cognovimus.

2186 4886 2276 4939 24.
2296 4906 2316 4931 ι
2338 4884 2493 4938 Inter
2504 4899 2633 4954 qua
2647 4881 3006 4952 pracipuum
3031 4887 3089 4933 et
3109 4878 3481 4934 memorabile
3494 4878 3824 4949 plurimum

2117 4972 2478 5027 attendentes
2525 4972 2701 5041 quod,
2760 4985 2891 5023 cum
2935 4969 3199 5023 diadema
3256 4974 3668 5038 sceptrumque
3709 4969 3826 5023 im-

2115 5060 2263 5131 perii
2293 5059 2653 5130 suscepisset,
2717 5074 2833 5112 non
2882 5056 3259 5128 iinperialiter
3287 5056 3386 5109 sed
3438 5056 3831 5126 spiritualiter

2116 5148 2274 5201 vixit.
2327 5149 2394 5201 In
2423 5153 2547 5201 toro
2577 5147 2751 5200 etiam
2806 5146 3067 5215 legitimo
3109 5144 3331 5215 positus
3388 5143 3568 5213 (quod
3597 5158 3831 5213 pauco-

2118 5251 2249 5290 rum
2276 5234 2449 5289 fuisse
2491 5234 2759 5304 legimus)
2811 5233 3203 5304 integritatem
3234 5232 3589 5285 castimonia
3623 5248 3822 5301 usque

2117 5323 2190 5376 ad
2222 5325 2395 5387 tinem
2422 5324 2548 5377 vita
2579 5322 2956 5377 conservavit.
2989 5322 3127 5386 Qua
3190 5320 3426 5391 quidem
3482 5334 3585 5373 nos
3626 5321 3832 5374 omnia

2119 5411 2290 5465 simul
2336 5412 2779 5481 perpendentes,
2835 5416 3008 5482 atque
3054 5409 3413 5465 devotionem
3461 5414 3710 5462 vestram
3768 5418 3835 5464 et

2119 5499 2369 5553 ecclesia
2402 5500 2857 5569 Bambergensis,
2908 5515 3039 5570 qua
3068 5503 3276 5551 sancta
3310 5498 3585 5550 Romana
3636 5497 3833 5552 Eccle-

2118 5587 2215 5640 sia
2245 5587 2375 5652 _soli
2432 5587 2657 5640 subesse
2730 5588 3110 5659 dignoscitur,
3186 5586 3495 5656 diligenter
3560 5585 3825 5641 conside-

2121 5677 2330 5738 rantes,
2364 5674 2592 5726 tametsi
2622 5675 2902 5743 ejusmodi
2935 5675 3154 5742 petitio,
3213 5674 3409 5726 nisi‘iu
3456 5675 3829 5742 generalibus
