  <div class='ocr_page' id='page_1' title='image "/cluster/home/n/w/nwhite01/storage/ocr_20150623/140-141/uc1.31175018559917/018.png"; bbox 0 0 3976 6468; ppageno 0'>
   <div class='ocr_carea' id='block_1_1' title="bbox 94 473 1788 532">
    <p class='ocr_par' dir='ltr' id='par_1_1' title="bbox 94 473 1788 530">
     <span class='ocr_line' id='line_1_1' title="bbox 94 473 1788 530; baseline 0.003 -5"><span class='ocrx_word' id='word_1_1' title='bbox 94 473 146 526; x_wconf 72' lang='grc'>21</span> <span class='ocrx_word' id='word_1_2' title='bbox 1778 500 1788 530; x_wconf 79' lang='lat' dir='ltr'><strong>l</strong></span> 
     </span>
    </p>
   </div>
   <div class='ocr_carea' id='block_1_2' title="bbox 2021 473 3635 532">
    <p class='ocr_par' dir='ltr' id='par_1_2' title="bbox 3568 482 3635 532">
     <span class='ocr_line' id='line_1_2' title="bbox 3568 482 3635 532; baseline 0 0"><span class='ocrx_word' id='word_1_3' title='bbox 3568 482 3635 532; x_wconf 77' lang='lat'><strong>22</strong></span> 
     </span>
    </p>
   </div>
   <div class='ocr_carea' id='block_1_3' title="bbox 95 596 2017 661">
    <p class='ocr_par' dir='ltr' id='par_1_3' title="bbox 95 596 2017 661">
     <span class='ocr_line' id='line_1_3' title="bbox 95 596 2017 661; baseline 0.002 -14"><span class='ocrx_word' id='word_1_4' title='bbox 95 596 352 649; x_wconf 83' lang='lat' dir='ltr'><strong>conciliis</strong></span> <span class='ocrx_word' id='word_1_5' title='bbox 419 596 654 651; x_wconf 78' lang='lat' dir='ltr'><strong>admitti</strong></span> <span class='ocrx_word' id='word_1_6' title='bbox 714 614 830 652; x_wconf 91' lang='lat' dir='ltr'><strong>non</strong></span> <span class='ocrx_word' id='word_1_7' title='bbox 886 598 1087 661; x_wconf 87' lang='lat' dir='ltr'><strong>soleat,</strong></span> <span class='ocrx_word' id='word_1_8' title='bbox 1122 597 1458 651; x_wconf 72' lang='lat' dir='ltr'><strong>auctoritate</strong></span> <span class='ocrx_word' id='word_1_9' title='bbox 1514 604 1707 652; x_wconf 89' lang='lat' dir='ltr'><strong>tamen</strong></span> <span class='ocrx_word' id='word_1_10' title='bbox 1764 599 1819 653; x_wconf 99' lang='grc'><strong>8.</strong></span> <span class='ocrx_word' id='word_1_11' title='bbox 1852 602 1898 653; x_wconf 80' lang='grc' dir='ltr'><strong>Α</strong></span> <span class='ocrx_word' id='word_1_12' title='bbox 1938 601 2017 660; x_wconf 87' lang='lat' dir='ltr'><strong>to,</strong></span> 
     </span>
    </p>
   </div>
   <div class='ocr_carea' id='block_1_4' title="bbox 100 683 1822 755">
    <p class='ocr_par' dir='ltr' id='par_1_4' title="bbox 100 683 1822 755">
     <span class='ocr_line' id='line_1_4' title="bbox 100 683 1822 755; baseline 0.002 -20"><span class='ocrx_word' id='word_1_13' title='bbox 100 683 162 735; x_wconf 75' lang='grc' dir='ltr'>Η.</span> <span class='ocrx_word' id='word_1_14' title='bbox 234 685 293 737; x_wconf 83' lang='grc' dir='ltr'><strong>Ε.</strong></span> <span class='ocrx_word' id='word_1_15' title='bbox 333 701 474 755; x_wconf 61' lang='lat' dir='ltr'><strong>qua!</strong></span> <span class='ocrx_word' id='word_1_16' title='bbox 533 686 798 739; x_wconf 90' lang='lat' dir='ltr'><strong>omnium</strong></span> <span class='ocrx_word' id='word_1_17' title='bbox 833 686 1206 739; x_wconf 82' lang='lat' dir='ltr'><strong>conciliorum</strong></span> <span class='ocrx_word' id='word_1_18' title='bbox 1235 686 1665 739; x_wconf 81' lang='lat' dir='ltr'><strong>ﬁrmamentum</strong></span> <span class='ocrx_word' id='word_1_19' title='bbox 1718 691 1822 746; x_wconf 86' lang='lat' dir='ltr'><strong>est.</strong></span> 
     </span>
    </p>
   </div>
   <div class='ocr_carea' id='block_1_5' title="bbox 103 773 1820 844">
    <p class='ocr_par' dir='ltr' id='par_1_5' title="bbox 103 773 1820 844">
     <span class='ocr_line' id='line_1_5' title="bbox 103 773 1820 844; baseline 0.002 -20"><span class='ocrx_word' id='word_1_20' title='bbox 103 773 487 840; x_wconf 75' lang='lat' dir='ltr'><strong>petitionibus</strong></span> <span class='ocrx_word' id='word_1_21' title='bbox 566 774 770 827; x_wconf 85' lang='lat' dir='ltr'><strong>vestris</strong></span> <span class='ocrx_word' id='word_1_22' title='bbox 817 774 1250 843; x_wconf 86' lang='lat' dir='ltr'><strong>acquiescimus,</strong></span> <span class='ocrx_word' id='word_1_23' title='bbox 1316 779 1491 844; x_wconf 87' lang='lat' dir='ltr'><strong>atque</strong></span> <span class='ocrx_word' id='word_1_24' title='bbox 1562 775 1820 843; x_wconf 80' lang='lat' dir='ltr'><strong>ejusdem</strong></span> 
     </span>
    </p>
   </div>
   <div class='ocr_carea' id='block_1_6' title="bbox 99 862 1819 932">
    <p class='ocr_par' dir='ltr' id='par_1_6' title="bbox 99 862 1819 932">
     <span class='ocr_line' id='line_1_6' title="bbox 99 862 1819 932; baseline 0.001 -19"><span class='ocrx_word' id='word_1_25' title='bbox 99 862 500 915; x_wconf 78' lang='lat' dir='ltr'><strong>memorabilis</strong></span> <span class='ocrx_word' id='word_1_26' title='bbox 576 863 711 928; x_wconf 88' lang='lat' dir='ltr'><strong>viri,</strong></span> <span class='ocrx_word' id='word_1_27' title='bbox 781 865 943 932; x_wconf 86' lang='lat' dir='ltr'><strong>cujus</strong></span> <span class='ocrx_word' id='word_1_28' title='bbox 1021 862 1425 916; x_wconf 79' lang='lat' dir='ltr'><strong>exaltationem</strong></span> <span class='ocrx_word' id='word_1_29' title='bbox 1504 863 1819 932; x_wconf 80' lang='lat' dir='ltr'><strong>requiritis,</strong></span> 
     </span>
    </p>
   </div>
   <div class='ocr_carea' id='block_1_7' title="bbox 99 951 1818 1021">
    <p class='ocr_par' dir='ltr' id='par_1_7' title="bbox 99 951 1818 1021">
     <span class='ocr_line' id='line_1_7' title="bbox 99 951 1818 1021; baseline 0.002 -20"><span class='ocrx_word' id='word_1_30' title='bbox 99 951 342 1003; x_wconf 81' lang='lat' dir='ltr'><strong>fratrum</strong></span> <span class='ocrx_word' id='word_1_31' title='bbox 400 956 738 1004; x_wconf 85' lang='lat' dir='ltr'><strong>nostrorum</strong></span> <span class='ocrx_word' id='word_1_32' title='bbox 804 951 1341 1021; x_wconf 87' lang='lat' dir='ltr'><strong>archepiscoporum</strong></span> <span class='ocrx_word' id='word_1_33' title='bbox 1413 956 1469 1004; x_wconf 91' lang='lat' dir='ltr'><strong>et</strong></span> <span class='ocrx_word' id='word_1_34' title='bbox 1524 952 1818 1021; x_wconf 89' lang='lat' dir='ltr'><strong>episcopo-</strong></span> 
     </span>
    </p>
   </div>
   <div class='ocr_carea' id='block_1_8' title="bbox 104 1040 1816 1110">
    <p class='ocr_par' dir='ltr' id='par_1_8' title="bbox 104 1040 1816 1110">
     <span class='ocr_line' id='line_1_8' title="bbox 104 1040 1816 1110; baseline 0.001 -19"><span class='ocrx_word' id='word_1_35' title='bbox 104 1054 250 1101; x_wconf 82' lang='lat' dir='ltr'><strong>rum,</strong></span> <span class='ocrx_word' id='word_1_36' title='bbox 281 1040 387 1109; x_wconf 87' lang='lat' dir='ltr'><strong>qui</strong></span> <span class='ocrx_word' id='word_1_37' title='bbox 422 1044 742 1110; x_wconf 65' lang='lat' dir='ltr'><strong>prmsentes</strong></span> <span class='ocrx_word' id='word_1_38' title='bbox 797 1040 1054 1105; x_wconf 89' lang='lat' dir='ltr'><strong>aderant,</strong></span> <span class='ocrx_word' id='word_1_39' title='bbox 1099 1040 1523 1093; x_wconf 88' lang='lat' dir='ltr'><strong>communicato</strong></span> <span class='ocrx_word' id='word_1_40' title='bbox 1555 1040 1816 1108; x_wconf 90' lang='lat' dir='ltr'><strong>concilio,</strong></span> 
     </span>
    </p>
   </div>
   <div class='ocr_carea' id='block_1_9' title="bbox 106 1128 1815 1195">
    <p class='ocr_par' dir='ltr' id='par_1_9' title="bbox 106 1128 1815 1195">
     <span class='ocr_line' id='line_1_9' title="bbox 106 1128 1815 1195; baseline 0 -15"><span class='ocrx_word' id='word_1_41' title='bbox 106 1129 453 1182; x_wconf 87' lang='lat' dir='ltr'><strong>memoriam</strong></span> <span class='ocrx_word' id='word_1_42' title='bbox 486 1130 641 1183; x_wconf 89' lang='lat' dir='ltr'><strong>inter</strong></span> <span class='ocrx_word' id='word_1_43' title='bbox 674 1129 909 1183; x_wconf 85' lang='lat' dir='ltr'><strong>Sanctus</strong></span> <span class='ocrx_word' id='word_1_44' title='bbox 953 1129 1023 1182; x_wconf 91' lang='lat' dir='ltr'><strong>de</strong></span> <span class='ocrx_word' id='word_1_45' title='bbox 1055 1134 1263 1182; x_wconf 68' lang='lat' dir='ltr'><strong>cretero</strong></span> <span class='ocrx_word' id='word_1_46' title='bbox 1316 1128 1441 1182; x_wconf 86' lang='lat' dir='ltr'><strong>ﬁeri</strong></span> <span class='ocrx_word' id='word_1_47' title='bbox 1495 1144 1815 1195; x_wconf 88' lang='lat' dir='ltr'><strong>censemus,</strong></span> 
     </span>
    </p>
   </div>
   <div class='ocr_carea' id='block_1_10' title="bbox 105 1217 1818 1285">
    <p class='ocr_par' dir='ltr' id='par_1_10' title="bbox 105 1217 1818 1285">
     <span class='ocr_line' id='line_1_10' title="bbox 105 1217 1818 1285; baseline 0.001 -16"><span class='ocrx_word' id='word_1_48' title='bbox 105 1223 158 1269; x_wconf 86' lang='lat' dir='ltr'><strong>et</strong></span> <span class='ocrx_word' id='word_1_49' title='bbox 210 1217 681 1271; x_wconf 84' lang='lat' dir='ltr'><strong>anniversarium</strong></span> <span class='ocrx_word' id='word_1_50' title='bbox 716 1218 895 1285; x_wconf 84' lang='lat' dir='ltr'><strong>ipsius</strong></span> <span class='ocrx_word' id='word_1_51' title='bbox 941 1218 1095 1271; x_wconf 89' lang='lat' dir='ltr'><strong>diem</strong></span> <span class='ocrx_word' id='word_1_52' title='bbox 1154 1217 1489 1270; x_wconf 83' lang='lat' dir='ltr'><strong>solemniter</strong></span> <span class='ocrx_word' id='word_1_53' title='bbox 1543 1217 1818 1271; x_wconf 82' lang='lat' dir='ltr'><strong>celebrari</strong></span> 
     </span>
    </p>
   </div>
   <div class='ocr_carea' id='block_1_11' title="bbox 109 1307 1813 1378">
    <p class='ocr_par' dir='ltr' id='par_1_11' title="bbox 109 1307 1813 1378">
     <span class='ocr_line' id='line_1_11' title="bbox 109 1307 1813 1378; baseline 0.001 -21"><span class='ocrx_word' id='word_1_54' title='bbox 109 1307 542 1360; x_wconf 78' lang='lat' dir='ltr'><strong>constituimus.</strong></span> <span class='ocrx_word' id='word_1_55' title='bbox 580 1309 775 1360; x_wconf 88' lang='lat' dir='ltr'><strong>Vestra</strong></span> <span class='ocrx_word' id='word_1_56' title='bbox 808 1308 1000 1378; x_wconf 78' lang='lat' dir='ltr'><strong>itaque</strong></span> <span class='ocrx_word' id='word_1_57' title='bbox 1033 1309 1271 1361; x_wconf 86' lang='lat' dir='ltr'><strong>interest</strong></span> <span class='ocrx_word' id='word_1_58' title='bbox 1327 1307 1496 1361; x_wconf 88' lang='lat' dir='ltr'><strong>sicin</strong></span> <span class='ocrx_word' id='word_1_59' title='bbox 1550 1307 1604 1361; x_wconf 94' lang='lat' dir='ltr'><strong>S.</strong></span> <span class='ocrx_word' id='word_1_60' title='bbox 1654 1308 1719 1361; x_wconf 84' lang='lat' dir='ltr'><strong>R.</strong></span> <span class='ocrx_word' id='word_1_61' title='bbox 1757 1307 1813 1360; x_wconf 88' lang='lat' dir='ltr'><strong>E.</strong></span> 
     </span>
    </p>
   </div>
   <div class='ocr_carea' id='block_1_12' title="bbox 111 1396 1814 1466">
    <p class='ocr_par' dir='ltr' id='par_1_12' title="bbox 111 1396 1814 1466">
     <span class='ocr_line' id='line_1_12' title="bbox 111 1396 1814 1466; baseline 0 -18"><span class='ocrx_word' id='word_1_62' title='bbox 111 1396 438 1449; x_wconf 87' lang='lat' dir='ltr'><strong>obedientia</strong></span> <span class='ocrx_word' id='word_1_63' title='bbox 469 1402 527 1449; x_wconf 91' lang='lat' dir='ltr'><strong>et</strong></span> <span class='ocrx_word' id='word_1_64' title='bbox 580 1397 858 1450; x_wconf 72' lang='lat' dir='ltr'><strong>fidelitate</strong></span> <span class='ocrx_word' id='word_1_65' title='bbox 905 1397 1234 1466; x_wconf 82' lang='lat' dir='ltr'><strong>persistere,</strong></span> <span class='ocrx_word' id='word_1_66' title='bbox 1297 1400 1353 1448; x_wconf 89' lang='lat' dir='ltr'><strong>et</strong></span> <span class='ocrx_word' id='word_1_67' title='bbox 1399 1397 1479 1448; x_wconf 92' lang='lat' dir='ltr'><strong>sic</strong></span> <span class='ocrx_word' id='word_1_68' title='bbox 1537 1396 1587 1448; x_wconf 91' lang='lat' dir='ltr'><strong>ei</strong></span> <span class='ocrx_word' id='word_1_69' title='bbox 1622 1396 1814 1464; x_wconf 67' lang='lat' dir='ltr'><strong>digna:</strong></span> 
     </span>
    </p>
   </div>
   <div class='ocr_carea' id='block_1_13' title="bbox 111 1483 1816 1556">
    <p class='ocr_par' dir='ltr' id='par_1_13' title="bbox 111 1483 1816 1556">
     <span class='ocr_line' id='line_1_13' title="bbox 111 1483 1816 1556; baseline 0.001 -20"><span class='ocrx_word' id='word_1_70' title='bbox 111 1485 433 1537; x_wconf 77' lang='lat' dir='ltr'><strong>devotionis</strong></span> <span class='ocrx_word' id='word_1_71' title='bbox 493 1485 786 1556; x_wconf 87' lang='lat' dir='ltr'><strong>obsequiis</strong></span> <span class='ocrx_word' id='word_1_72' title='bbox 819 1486 1187 1554; x_wconf 82' lang='lat' dir='ltr'><strong>respondere,</strong></span> <span class='ocrx_word' id='word_1_73' title='bbox 1240 1489 1303 1538; x_wconf 90' lang='lat' dir='ltr'><strong>ut</strong></span> <span class='ocrx_word' id='word_1_74' title='bbox 1340 1484 1610 1554; x_wconf 88' lang='lat' dir='ltr'><strong>ampliori</strong></span> <span class='ocrx_word' id='word_1_75' title='bbox 1664 1483 1816 1538; x_wconf 88' lang='lat' dir='ltr'><strong>beati</strong></span> 
     </span>
    </p>
   </div>
   <div class='ocr_carea' id='block_1_14' title="bbox 108 1572 1813 1643">
    <p class='ocr_par' dir='ltr' id='par_1_14' title="bbox 108 1572 1813 1643">
     <span class='ocr_line' id='line_1_14' title="bbox 108 1572 1813 1643; baseline 0.001 -18"><span class='ocrx_word' id='word_1_76' title='bbox 108 1573 251 1625; x_wconf 88' lang='lat' dir='ltr'><strong>Petri</strong></span> <span class='ocrx_word' id='word_1_77' title='bbox 321 1578 380 1625; x_wconf 91' lang='lat' dir='ltr'><strong>et</strong></span> <span class='ocrx_word' id='word_1_78' title='bbox 441 1579 643 1627; x_wconf 89' lang='lat' dir='ltr'><strong>nostra</strong></span> <span class='ocrx_word' id='word_1_79' title='bbox 700 1575 882 1643; x_wconf 81' lang='lat' dir='ltr'><strong>gratia</strong></span> <span class='ocrx_word' id='word_1_80' title='bbox 940 1573 1100 1643; x_wconf 92' lang='lat' dir='ltr'><strong>digni</strong></span> <span class='ocrx_word' id='word_1_81' title='bbox 1151 1572 1549 1627; x_wconf 88' lang='lat' dir='ltr'><strong>inveniamini.</strong></span> <span class='ocrx_word' id='word_1_82' title='bbox 1606 1573 1813 1627; x_wconf 84' lang='lat' dir='ltr'><strong>Datum</strong></span> 
     </span>
    </p>
   </div>
   <div class='ocr_carea' id='block_1_15' title="bbox 103 1661 1811 1730">
    <p class='ocr_par' dir='ltr' id='par_1_15' title="bbox 103 1661 1811 1730">
     <span class='ocr_line' id='line_1_15' title="bbox 103 1661 1811 1730; baseline 0.001 -18"><span class='ocrx_word' id='word_1_83' title='bbox 103 1666 250 1713; x_wconf 85' lang='lat' dir='ltr'><strong>trans</strong></span> <span class='ocrx_word' id='word_1_84' title='bbox 279 1661 540 1715; x_wconf 86' lang='lat' dir='ltr'><strong>Tiberim</strong></span> <span class='ocrx_word' id='word_1_85' title='bbox 592 1662 777 1730; x_wconf 86' lang='lat' dir='ltr'><strong>pridie</strong></span> <span class='ocrx_word' id='word_1_86' title='bbox 808 1661 939 1715; x_wconf 89' lang='lat' dir='ltr'><strong>Idus</strong></span> <span class='ocrx_word' id='word_1_87' title='bbox 968 1662 1147 1715; x_wconf 78' lang='lat' dir='ltr'><strong>Martii</strong></span> <span class='ocrx_word' id='word_1_88' title='bbox 1181 1678 1193 1714; x_wconf 75' lang='grc' dir='ltr'><strong>ε</strong></span> <span class='ocrx_word' id='word_1_89' title='bbox 1242 1682 1263 1708; x_wconf 75' lang='grc' dir='ltr'><strong><em>ο</em></strong></span> <span class='ocrx_word' id='word_1_90' title='bbox 1300 1662 1456 1714; x_wconf 91' lang='lat' dir='ltr'><strong>nullo</strong></span> <span class='ocrx_word' id='word_1_91' title='bbox 1513 1662 1625 1713; x_wconf 90' lang='lat' dir='ltr'><strong>alio</strong></span> <span class='ocrx_word' id='word_1_92' title='bbox 1678 1662 1811 1714; x_wconf 89' lang='lat' dir='ltr'><strong>cha-</strong></span> 
     </span>
    </p>
   </div>
   <div class='ocr_carea' id='block_1_16' title="bbox 106 1749 1807 1821">
    <p class='ocr_par' dir='ltr' id='par_1_16' title="bbox 106 1749 1807 1821">
     <span class='ocr_line' id='line_1_16' title="bbox 106 1749 1807 1821; baseline 0.004 -21"><span class='ocrx_word' id='word_1_93' title='bbox 106 1756 307 1801; x_wconf 86' lang='lat' dir='ltr'><strong>ractere</strong></span> <span class='ocrx_word' id='word_1_94' title='bbox 340 1752 608 1821; x_wconf 86' lang='lat' dir='ltr'><strong>apposito</strong></span> <span class='ocrx_word' id='word_1_95' title='bbox 640 1766 755 1820; x_wconf 89' lang='lat' dir='ltr'><strong>quo</strong></span> <span class='ocrx_word' id='word_1_96' title='bbox 788 1750 843 1802; x_wconf 91' lang='lat' dir='ltr'><strong>in</strong></span> <span class='ocrx_word' id='word_1_97' title='bbox 906 1756 1125 1803; x_wconf 90' lang='lat' dir='ltr'><strong>certum</strong></span> <span class='ocrx_word' id='word_1_98' title='bbox 1172 1766 1388 1803; x_wconf 89' lang='lat' dir='ltr'><strong>annum</strong></span> <span class='ocrx_word' id='word_1_99' title='bbox 1446 1749 1807 1806; x_wconf 86' lang='lat' dir='ltr'><strong>deveniatur:</strong></span> 
     </span>
    </p>
   </div>
   <div class='ocr_carea' id='block_1_17' title="bbox 108 1836 1809 1908">
    <p class='ocr_par' dir='ltr' id='par_1_17' title="bbox 108 1836 1809 1908">
     <span class='ocr_line' id='line_1_17' title="bbox 108 1836 1809 1908; baseline -0.001 -19"><span class='ocrx_word' id='word_1_100' title='bbox 108 1838 246 1891; x_wconf 90' lang='lat' dir='ltr'><strong>unde</strong></span> <span class='ocrx_word' id='word_1_101' title='bbox 288 1838 519 1891; x_wconf 84' lang='lat' dir='ltr'><strong>facilius</strong></span> <span class='ocrx_word' id='word_1_102' title='bbox 568 1840 822 1892; x_wconf 85' lang='lat' dir='ltr'><strong>excusari</strong></span> <span class='ocrx_word' id='word_1_103' title='bbox 856 1838 1035 1908; x_wconf 82' lang='lat' dir='ltr'><strong>possit</strong></span> <span class='ocrx_word' id='word_1_104' title='bbox 1088 1838 1315 1892; x_wconf 85' lang='lat' dir='ltr'><strong>Baronii</strong></span> <span class='ocrx_word' id='word_1_105' title='bbox 1343 1839 1552 1908; x_wconf 89' lang='lat' dir='ltr'><strong>lapsus,</strong></span> <span class='ocrx_word' id='word_1_106' title='bbox 1593 1836 1693 1906; x_wconf 88' lang='lat' dir='ltr'><strong>qui</strong></span> <span class='ocrx_word' id='word_1_107' title='bbox 1739 1836 1809 1888; x_wconf 88' lang='lat' dir='ltr'><strong>ad</strong></span> 
     </span>
    </p>
   </div>
   <div class='ocr_carea' id='block_1_18' title="bbox 107 1924 1805 1996">
    <p class='ocr_par' dir='ltr' id='par_1_18' title="bbox 107 1924 1805 1996">
     <span class='ocr_line' id='line_1_18' title="bbox 107 1924 1805 1996; baseline 0 -19"><span class='ocrx_word' id='word_1_108' title='bbox 107 1926 506 1995; x_wconf 78' lang='lat' dir='ltr'><strong>episcoporum</strong></span> <span class='ocrx_word' id='word_1_109' title='bbox 543 1927 1051 1996; x_wconf 67' lang='lat' dir='ltr'><strong>Bambergensium</strong></span> <span class='ocrx_word' id='word_1_110' title='bbox 1099 1926 1305 1979; x_wconf 87' lang='lat' dir='ltr'><strong>seriem</strong></span> <span class='ocrx_word' id='word_1_111' title='bbox 1338 1926 1533 1978; x_wconf 78' lang='lat' dir='ltr'><strong>oculos</strong></span> <span class='ocrx_word' id='word_1_112' title='bbox 1567 1942 1679 1978; x_wconf 90' lang='lat' dir='ltr'><strong>non</strong></span> <span class='ocrx_word' id='word_1_113' title='bbox 1712 1924 1805 1977; x_wconf 86' lang='lat' dir='ltr'><strong>iu-</strong></span> 
     </span>
    </p>
   </div>
   <div class='ocr_carea' id='block_1_19' title="bbox 110 2013 366 2066">
    <p class='ocr_par' dir='ltr' id='par_1_19' title="bbox 110 2013 366 2066">
     <span class='ocr_line' id='line_1_19' title="bbox 110 2013 366 2066; baseline 0.004 -2"><span class='ocrx_word' id='word_1_114' title='bbox 110 2013 366 2066; x_wconf 80' lang='lat' dir='ltr'><strong>tenderit.</strong></span> 
     </span>
    </p>
   </div>
   <div class='ocr_carea' id='block_1_20' title="bbox 170 2103 1802 2159">
    <p class='ocr_par' dir='ltr' id='par_1_20' title="bbox 170 2103 1802 2159">
     <span class='ocr_line' id='line_1_20' title="bbox 170 2103 1802 2159; baseline 0.001 -7"><span class='ocrx_word' id='word_1_115' title='bbox 170 2105 250 2154; x_wconf 76' lang='lat'><strong>&#39;25.</strong></span> <span class='ocrx_word' id='word_1_116' title='bbox 283 2103 625 2156; x_wconf 89' lang='lat' dir='ltr'><strong>Solemnem</strong></span> <span class='ocrx_word' id='word_1_117' title='bbox 653 2103 809 2155; x_wconf 81' lang='lat' dir='ltr'><strong>illam</strong></span> <span class='ocrx_word' id='word_1_118' title='bbox 847 2103 1067 2157; x_wconf 82' lang='lat' dir='ltr'><strong>Henrici</strong></span> <span class='ocrx_word' id='word_1_119' title='bbox 1116 2103 1174 2157; x_wconf 93' lang='lat' dir='ltr'><strong>in</strong></span> <span class='ocrx_word' id='word_1_120' title='bbox 1224 2105 1562 2159; x_wconf 89' lang='lat' dir='ltr'><strong>Sanctorum</strong></span> <span class='ocrx_word' id='word_1_121' title='bbox 1598 2118 1802 2157; x_wconf 86' lang='lat' dir='ltr'><strong>nume-</strong></span> 
     </span>
    </p>
   </div>
   <div class='ocr_carea' id='block_1_21' title="bbox 112 2192 1803 2262">
    <p class='ocr_par' dir='ltr' id='par_1_21' title="bbox 112 2192 1803 2262">
     <span class='ocr_line' id='line_1_21' title="bbox 112 2192 1803 2262; baseline -0.001 -19"><span class='ocrx_word' id='word_1_122' title='bbox 112 2206 223 2244; x_wconf 85' lang='lat' dir='ltr'><strong>rum</strong></span> <span class='ocrx_word' id='word_1_123' title='bbox 277 2192 714 2260; x_wconf 85' lang='lat' dir='ltr'><strong>cooptationem</strong></span> <span class='ocrx_word' id='word_1_124' title='bbox 768 2200 957 2245; x_wconf 88' lang='lat' dir='ltr'><strong>secuta</strong></span> <span class='ocrx_word' id='word_1_125' title='bbox 1015 2199 1121 2257; x_wconf 90' lang='lat' dir='ltr'><strong>est,</strong></span> <span class='ocrx_word' id='word_1_126' title='bbox 1164 2199 1225 2246; x_wconf 93' lang='lat' dir='ltr'><strong>ut</strong></span> <span class='ocrx_word' id='word_1_127' title='bbox 1272 2193 1604 2262; x_wconf 87' lang='lat' dir='ltr'><strong>nuperrime</strong></span> <span class='ocrx_word' id='word_1_128' title='bbox 1651 2192 1803 2245; x_wconf 89' lang='lat' dir='ltr'><strong>dice-</strong></span> 
     </span>
    </p>
   </div>
   <div class='ocr_carea' id='block_1_22' title="bbox 113 2280 1801 2351">
    <p class='ocr_par' dir='ltr' id='par_1_22' title="bbox 113 2280 1801 2351">
     <span class='ocr_line' id='line_1_22' title="bbox 113 2280 1801 2351; baseline 0.001 -20"><span class='ocrx_word' id='word_1_129' title='bbox 113 2282 246 2339; x_wconf 88' lang='lat' dir='ltr'><strong>bam,</strong></span> <span class='ocrx_word' id='word_1_130' title='bbox 286 2280 435 2333; x_wconf 89' lang='lat' dir='ltr'><strong>sacri</strong></span> <span class='ocrx_word' id='word_1_131' title='bbox 497 2282 757 2351; x_wconf 88' lang='lat' dir='ltr'><strong>corporis</strong></span> <span class='ocrx_word' id='word_1_132' title='bbox 805 2282 1067 2341; x_wconf 82' lang='lat' dir='ltr'><strong>elevatio,</strong></span> <span class='ocrx_word' id='word_1_133' title='bbox 1111 2287 1168 2335; x_wconf 91' lang='lat' dir='ltr'><strong>et</strong></span> <span class='ocrx_word' id='word_1_134' title='bbox 1198 2282 1258 2334; x_wconf 87' lang='lat' dir='ltr'><strong>in</strong></span> <span class='ocrx_word' id='word_1_135' title='bbox 1302 2282 1687 2336; x_wconf 82' lang='lat' dir='ltr'><strong>decentiorem</strong></span> <span class='ocrx_word' id='word_1_136' title='bbox 1722 2281 1801 2332; x_wconf 89' lang='lat' dir='ltr'><strong>lo-</strong></span> 
     </span>
    </p>
   </div>
   <div class='ocr_carea' id='block_1_23' title="bbox 115 2368 1806 2439">
    <p class='ocr_par' dir='ltr' id='par_1_23' title="bbox 115 2368 1806 2439">
     <span class='ocr_line' id='line_1_23' title="bbox 115 2368 1806 2439; baseline 0.001 -20"><span class='ocrx_word' id='word_1_137' title='bbox 115 2384 225 2421; x_wconf 86' lang='lat' dir='ltr'><strong>cum</strong></span> <span class='ocrx_word' id='word_1_138' title='bbox 275 2368 607 2435; x_wconf 87' lang='lat' dir='ltr'><strong>translatio,</strong></span> <span class='ocrx_word' id='word_1_139' title='bbox 664 2370 734 2422; x_wconf 90' lang='lat' dir='ltr'><strong>de</strong></span> <span class='ocrx_word' id='word_1_140' title='bbox 787 2370 994 2439; x_wconf 88' lang='lat' dir='ltr'><strong>quibus</strong></span> <span class='ocrx_word' id='word_1_141' title='bbox 1053 2370 1299 2423; x_wconf 84' lang='lat' dir='ltr'><strong>breviter</strong></span> <span class='ocrx_word' id='word_1_142' title='bbox 1362 2370 1623 2423; x_wconf 86' lang='lat' dir='ltr'><strong>laudatus</strong></span> <span class='ocrx_word' id='word_1_143' title='bbox 1672 2369 1806 2421; x_wconf 82' lang='lat' dir='ltr'><strong>llof—</strong></span> 
     </span>
    </p>
   </div>
   <div class='ocr_carea' id='block_1_24' title="bbox 118 2457 1804 2523">
    <p class='ocr_par' dir='ltr' id='par_1_24' title="bbox 118 2457 1804 2523">
     <span class='ocr_line' id='line_1_24' title="bbox 118 2457 1804 2523; baseline 0.001 -16"><span class='ocrx_word' id='word_1_144' title='bbox 118 2472 339 2509; x_wconf 86' lang='lat' dir='ltr'><strong>manuus</strong></span> <span class='ocrx_word' id='word_1_145' title='bbox 369 2457 441 2510; x_wconf 87' lang='lat' dir='ltr'><strong>ad</strong></span> <span class='ocrx_word' id='word_1_146' title='bbox 485 2474 582 2511; x_wconf 89' lang='lat' dir='ltr'><strong>an.</strong></span> <span class='ocrx_word' id='word_1_147' title='bbox 617 2458 773 2523; x_wconf 75' lang='grc'>1147,</span> <span class='ocrx_word' id='word_1_148' title='bbox 808 2458 915 2510; x_wconf 91' lang='lat' dir='ltr'><strong>col.</strong></span> <span class='ocrx_word' id='word_1_149' title='bbox 950 2461 1049 2511; x_wconf 80' lang='lat'><strong>1‘23</strong></span> <span class='ocrx_word' id='word_1_150' title='bbox 1086 2474 1098 2512; x_wconf 93' lang='lat'><strong>:</strong></span> <span class='ocrx_word' id='word_1_151' title='bbox 1160 2478 1188 2507; x_wconf 70' lang='grc' dir='ltr'><strong>α</strong></span> <span class='ocrx_word' id='word_1_152' title='bbox 1250 2460 1357 2512; x_wconf 89' lang='lat' dir='ltr'><strong>Per</strong></span> <span class='ocrx_word' id='word_1_153' title='bbox 1412 2458 1642 2511; x_wconf 86' lang='lat' dir='ltr'><strong>eosdem</strong></span> <span class='ocrx_word' id='word_1_154' title='bbox 1683 2457 1804 2511; x_wconf 91' lang='lat' dir='ltr'><strong>dies</strong></span> 
     </span>
    </p>
   </div>
   <div class='ocr_carea' id='block_1_25' title="bbox 119 2545 1804 2615">
    <p class='ocr_par' dir='ltr' id='par_1_25' title="bbox 119 2545 1804 2615">
     <span class='ocr_line' id='line_1_25' title="bbox 119 2545 1804 2615; baseline 0.001 -21"><span class='ocrx_word' id='word_1_155' title='bbox 119 2562 225 2596; x_wconf 80' lang='lat' dir='ltr'><strong>ossa</strong></span> <span class='ocrx_word' id='word_1_156' title='bbox 276 2546 330 2599; x_wconf 89' lang='lat' dir='ltr'><strong>S.</strong></span> <span class='ocrx_word' id='word_1_157' title='bbox 396 2546 627 2599; x_wconf 80' lang='lat' dir='ltr'><strong>Ileurici</strong></span> <span class='ocrx_word' id='word_1_158' title='bbox 716 2547 1083 2615; x_wconf 83' lang='lat' dir='ltr'><strong>Imperatoris</strong></span> <span class='ocrx_word' id='word_1_159' title='bbox 1159 2546 1402 2599; x_wconf 87' lang='lat' dir='ltr'><strong>solemni</strong></span> <span class='ocrx_word' id='word_1_160' title='bbox 1461 2545 1804 2599; x_wconf 80' lang='lat' dir='ltr'><strong>caeremonia</strong></span> 
     </span>
    </p>
   </div>
   <div class='ocr_carea' id='block_1_26' title="bbox 120 2634 1797 2689">
    <p class='ocr_par' dir='ltr' id='par_1_26' title="bbox 120 2634 1797 2689">
     <span class='ocr_line' id='line_1_26' title="bbox 120 2634 1797 2689; baseline 0.002 -6"><span class='ocrx_word' id='word_1_161' title='bbox 120 2635 370 2687; x_wconf 82' lang='lat' dir='ltr'><strong>translata</strong></span> <span class='ocrx_word' id='word_1_162' title='bbox 402 2634 559 2687; x_wconf 65' lang='lat' dir='ltr'><strong>sunt.</strong></span> <span class='ocrx_word' id='word_1_163' title='bbox 590 2636 654 2688; x_wconf 86' lang='lat' dir='ltr'><strong>Et</strong></span> <span class='ocrx_word' id='word_1_164' title='bbox 688 2650 820 2687; x_wconf 81' lang='lat' dir='ltr'><strong>vero</strong></span> <span class='ocrx_word' id='word_1_165' title='bbox 854 2651 941 2688; x_wconf 90' lang='lat' dir='ltr'><strong>res</strong></span> <span class='ocrx_word' id='word_1_166' title='bbox 973 2636 1119 2689; x_wconf 85' lang='lat' dir='ltr'><strong>facta</strong></span> <span class='ocrx_word' id='word_1_167' title='bbox 1150 2642 1235 2689; x_wconf 89' lang='lat' dir='ltr'><strong>est</strong></span> <span class='ocrx_word' id='word_1_168' title='bbox 1266 2636 1321 2687; x_wconf 94' lang='lat' dir='ltr'><strong>in</strong></span> <span class='ocrx_word' id='word_1_169' title='bbox 1348 2636 1499 2689; x_wconf 90' lang='lat' dir='ltr'><strong>hunc</strong></span> <span class='ocrx_word' id='word_1_170' title='bbox 1522 2635 1757 2689; x_wconf 73' lang='lat' dir='ltr'><strong>modum</strong></span> <span class='ocrx_word' id='word_1_171' title='bbox 1786 2652 1797 2687; x_wconf 90' lang='lat'>:</span> 
     </span>
    </p>
   </div>
   <div class='ocr_carea' id='block_1_27' title="bbox 122 2721 1802 2793">
    <p class='ocr_par' dir='ltr' id='par_1_27' title="bbox 122 2721 1802 2793">
     <span class='ocr_line' id='line_1_27' title="bbox 122 2721 1802 2793; baseline 0.002 -22"><span class='ocrx_word' id='word_1_172' title='bbox 122 2721 456 2775; x_wconf 78' lang='lat' dir='ltr'><strong>Eberhardus</strong></span> <span class='ocrx_word' id='word_1_173' title='bbox 511 2722 833 2793; x_wconf 81' lang='lat' dir='ltr'><strong>episcopus,</strong></span> <span class='ocrx_word' id='word_1_174' title='bbox 899 2724 1171 2777; x_wconf 88' lang='lat' dir='ltr'><strong>advocato</strong></span> <span class='ocrx_word' id='word_1_175' title='bbox 1232 2724 1561 2776; x_wconf 82' lang='lat' dir='ltr'><strong>Eberliardo</strong></span> <span class='ocrx_word' id='word_1_176' title='bbox 1621 2724 1802 2775; x_wconf 83' lang='lat' dir='ltr'><strong>archi-</strong></span> 
     </span>
    </p>
   </div>
   <div class='ocr_carea' id='block_1_28' title="bbox 122 2810 1801 2882">
    <p class='ocr_par' dir='ltr' id='par_1_28' title="bbox 122 2810 1801 2882">
     <span class='ocr_line' id='line_1_28' title="bbox 122 2810 1801 2882; baseline 0.003 -23"><span class='ocrx_word' id='word_1_177' title='bbox 122 2811 353 2880; x_wconf 78' lang='lat' dir='ltr'><strong>episcopo</strong></span> <span class='ocrx_word' id='word_1_178' title='bbox 395 2810 839 2880; x_wconf 86' lang='lat' dir='ltr'><strong>Salisburgensi,</strong></span> <span class='ocrx_word' id='word_1_179' title='bbox 871 2816 929 2864; x_wconf 90' lang='lat' dir='ltr'><strong>et</strong></span> <span class='ocrx_word' id='word_1_180' title='bbox 961 2812 1289 2865; x_wconf 83' lang='lat' dir='ltr'><strong>Hermanno</strong></span> <span class='ocrx_word' id='word_1_181' title='bbox 1346 2811 1613 2882; x_wconf 84' lang='lat' dir='ltr'><strong>episcopo</strong></span> <span class='ocrx_word' id='word_1_182' title='bbox 1679 2812 1801 2866; x_wconf 87' lang='lat' dir='ltr'><strong>Bri-</strong></span> 
     </span>
    </p>
   </div>
   <div class='ocr_carea' id='block_1_29' title="bbox 124 2900 1801 2969">
    <p class='ocr_par' dir='ltr' id='par_1_29' title="bbox 124 2900 1801 2969">
     <span class='ocr_line' id='line_1_29' title="bbox 124 2900 1801 2969; baseline 0.003 -21"><span class='ocrx_word' id='word_1_183' title='bbox 124 2900 296 2961; x_wconf 76' lang='lat' dir='ltr'><strong>xiensi,</strong></span> <span class='ocrx_word' id='word_1_184' title='bbox 327 2906 505 2969; x_wconf 89' lang='lat' dir='ltr'><strong>atque</strong></span> <span class='ocrx_word' id='word_1_185' title='bbox 540 2916 659 2952; x_wconf 87' lang='lat' dir='ltr'><strong>una</strong></span> <span class='ocrx_word' id='word_1_186' title='bbox 696 2916 824 2952; x_wconf 92' lang='lat' dir='ltr'><strong>cum</strong></span> <span class='ocrx_word' id='word_1_187' title='bbox 858 2900 1179 2964; x_wconf 85' lang='lat' dir='ltr'><strong>abbatibus,</strong></span> <span class='ocrx_word' id='word_1_188' title='bbox 1212 2900 1515 2969; x_wconf 76' lang='lat' dir='ltr'><strong>religiosis,</strong></span> <span class='ocrx_word' id='word_1_189' title='bbox 1552 2906 1609 2953; x_wconf 88' lang='lat' dir='ltr'><strong>et</strong></span> <span class='ocrx_word' id='word_1_190' title='bbox 1664 2901 1801 2969; x_wconf 80' lang='lat' dir='ltr'><strong>ipsis</strong></span> 
     </span>
    </p>
   </div>
   <div class='ocr_carea' id='block_1_30' title="bbox 128 2989 1799 3052">
    <p class='ocr_par' dir='ltr' id='par_1_30' title="bbox 128 2989 1799 3052">
     <span class='ocr_line' id='line_1_30' title="bbox 128 2989 1799 3052; baseline 0.002 -13"><span class='ocrx_word' id='word_1_191' title='bbox 128 2989 424 3051; x_wconf 75' lang='lat' dir='ltr'><strong>proceribus</strong></span> <span class='ocrx_word' id='word_1_192' title='bbox 480 2989 753 3052; x_wconf 87' lang='lat' dir='ltr'><strong>civitatis,</strong></span> <span class='ocrx_word' id='word_1_193' title='bbox 801 2990 1033 3042; x_wconf 87' lang='lat' dir='ltr'><strong>accessit</strong></span> <span class='ocrx_word' id='word_1_194' title='bbox 1077 2990 1149 3041; x_wconf 87' lang='lat' dir='ltr'><strong>ad</strong></span> <span class='ocrx_word' id='word_1_195' title='bbox 1210 2990 1393 3042; x_wconf 90' lang='lat' dir='ltr'><strong>locum</strong></span> <span class='ocrx_word' id='word_1_196' title='bbox 1446 2989 1548 3042; x_wconf 87' lang='lat' dir='ltr'><strong>ubi</strong></span> <span class='ocrx_word' id='word_1_197' title='bbox 1605 2990 1799 3042; x_wconf 85' lang='lat' dir='ltr'><strong>condi-</strong></span> 
     </span>
    </p>
   </div>
   <div class='ocr_carea' id='block_1_31' title="bbox 127 3076 1799 3147">
    <p class='ocr_par' dir='ltr' id='par_1_31' title="bbox 127 3076 1799 3147">
     <span class='ocr_line' id='line_1_31' title="bbox 127 3076 1799 3147; baseline 0.002 -22"><span class='ocrx_word' id='word_1_198' title='bbox 127 3082 222 3127; x_wconf 80' lang='lat' dir='ltr'><strong>tum</strong></span> <span class='ocrx_word' id='word_1_199' title='bbox 261 3093 467 3145; x_wconf 88' lang='lat' dir='ltr'><strong>corpus</strong></span> <span class='ocrx_word' id='word_1_200' title='bbox 501 3076 714 3130; x_wconf 82' lang='lat' dir='ltr'><strong>fuerat.</strong></span> <span class='ocrx_word' id='word_1_201' title='bbox 767 3080 959 3147; x_wconf 86' lang='lat' dir='ltr'><strong>atque,</strong></span> <span class='ocrx_word' id='word_1_202' title='bbox 1002 3088 1192 3147; x_wconf 85' lang='lat' dir='ltr'><strong>egesta</strong></span> <span class='ocrx_word' id='word_1_203' title='bbox 1233 3084 1403 3137; x_wconf 87' lang='lat' dir='ltr'><strong>terra,</strong></span> <span class='ocrx_word' id='word_1_204' title='bbox 1469 3092 1627 3130; x_wconf 90' lang='lat' dir='ltr'><strong>sacra</strong></span> <span class='ocrx_word' id='word_1_205' title='bbox 1674 3093 1799 3129; x_wconf 83' lang='lat' dir='ltr'><strong>ossa</strong></span> 
     </span>
    </p>
   </div>
   <div class='ocr_carea' id='block_1_32' title="bbox 2101 596 3637 667">
    <p class='ocr_par' dir='ltr' id='par_1_32' title="bbox 2101 596 3637 667">
     <span class='ocr_line' id='line_1_32' title="bbox 2101 596 3637 667; baseline 0.003 -17"><span class='ocrx_word' id='word_1_206' title='bbox 2101 596 2484 667; x_wconf 66' lang='lat' dir='ltr'><strong>prmsentibus</strong></span> <span class='ocrx_word' id='word_1_207' title='bbox 2542 597 2978 651; x_wconf 87' lang='lat' dir='ltr'><strong>honorabilibus</strong></span> <span class='ocrx_word' id='word_1_208' title='bbox 3044 598 3181 652; x_wconf 81' lang='lat' dir='ltr'><strong>viris</strong></span> <span class='ocrx_word' id='word_1_209' title='bbox 3240 616 3305 652; x_wconf 89' lang='lat' dir='ltr'><strong>ac</strong></span> <span class='ocrx_word' id='word_1_210' title='bbox 3387 600 3637 654; x_wconf 89' lang='lat' dir='ltr'><strong>dominis</strong></span> 
     </span>
    </p>
   </div>
   <div class='ocr_carea' id='block_1_33' title="bbox 1931 685 3634 756">
    <p class='ocr_par' dir='ltr' id='par_1_33' title="bbox 1931 685 3634 756">
     <span class='ocr_line' id='line_1_33' title="bbox 1931 685 3634 756; baseline 0.002 -16"><span class='ocrx_word' id='word_1_211' title='bbox 1931 686 2223 740; x_wconf 86' lang='lat' dir='ltr'><strong>canonicis</strong></span> <span class='ocrx_word' id='word_1_212' title='bbox 2262 685 2514 739; x_wconf 70' lang='lat' dir='ltr'><strong>ecclesia:</strong></span> <span class='ocrx_word' id='word_1_213' title='bbox 2565 686 3051 756; x_wconf 84' lang='lat' dir='ltr'><strong>Babenbcrgensis</strong></span> <span class='ocrx_word' id='word_1_214' title='bbox 3104 688 3166 741; x_wconf 93' lang='lat' dir='ltr'><strong>D.</strong></span> <span class='ocrx_word' id='word_1_215' title='bbox 3222 690 3506 742; x_wconf 86' lang='lat' dir='ltr'><strong>Berlioldo</strong></span> <span class='ocrx_word' id='word_1_216' title='bbox 3564 691 3634 744; x_wconf 91' lang='lat' dir='ltr'><strong>de</strong></span> 
     </span>
    </p>
   </div>
   <div class='ocr_carea' id='block_1_34' title="bbox 1935 772 3631 846">
    <p class='ocr_par' dir='ltr' id='par_1_34' title="bbox 1935 772 3631 846">
     <span class='ocr_line' id='line_1_34' title="bbox 1935 772 3631 846; baseline 0.002 -20"><span class='ocrx_word' id='word_1_217' title='bbox 1935 773 2257 842; x_wconf 85' lang='lat' dir='ltr'><strong>Hennberg,</strong></span> <span class='ocrx_word' id='word_1_218' title='bbox 2319 772 2439 826; x_wconf 80' lang='lat' dir='ltr'><strong>tilio</strong></span> <span class='ocrx_word' id='word_1_219' title='bbox 2498 772 2725 826; x_wconf 89' lang='lat' dir='ltr'><strong>comitis</strong></span> <span class='ocrx_word' id='word_1_220' title='bbox 2778 775 3006 828; x_wconf 87' lang='lat' dir='ltr'><strong>Henrici</strong></span> <span class='ocrx_word' id='word_1_221' title='bbox 3056 775 3124 829; x_wconf 90' lang='lat' dir='ltr'><strong>de</strong></span> <span class='ocrx_word' id='word_1_222' title='bbox 3175 777 3503 846; x_wconf 81' lang='lat' dir='ltr'><strong>Hennberg.</strong></span> <span class='ocrx_word' id='word_1_223' title='bbox 3569 779 3631 830; x_wconf 84' lang='grc' dir='ltr'>Ο.</span> 
     </span>
    </p>
   </div>
   <div class='ocr_carea' id='block_1_35' title="bbox 1934 862 3630 926">
    <p class='ocr_par' dir='ltr' id='par_1_35' title="bbox 1934 862 3630 926">
     <span class='ocr_line' id='line_1_35' title="bbox 1934 862 3630 926; baseline 0.001 -11"><span class='ocrx_word' id='word_1_224' title='bbox 1934 862 2189 915; x_wconf 83' lang='lat' dir='ltr'><strong>Udalrico</strong></span> <span class='ocrx_word' id='word_1_225' title='bbox 2223 862 2293 915; x_wconf 90' lang='lat' dir='ltr'><strong>de</strong></span> <span class='ocrx_word' id='word_1_226' title='bbox 2352 862 2625 915; x_wconf 80' lang='lat' dir='ltr'><strong>Thunt‘elt</strong></span> <span class='ocrx_word' id='word_1_227' title='bbox 2674 862 3043 926; x_wconf 89' lang='lat' dir='ltr'><strong>Scholastico,</strong></span> <span class='ocrx_word' id='word_1_228' title='bbox 3102 869 3158 917; x_wconf 91' lang='lat' dir='ltr'><strong>et</strong></span> <span class='ocrx_word' id='word_1_229' title='bbox 3212 864 3276 917; x_wconf 89' lang='lat' dir='ltr'><strong>D.</strong></span> <span class='ocrx_word' id='word_1_230' title='bbox 3348 864 3630 918; x_wconf 79' lang='lat' dir='ltr'><strong>Friderico</strong></span> 
     </span>
    </p>
   </div>
   <div class='ocr_carea' id='block_1_36' title="bbox 1928 950 3631 1019">
    <p class='ocr_par' dir='ltr' id='par_1_36' title="bbox 1928 950 3631 1019">
     <span class='ocr_line' id='line_1_36' title="bbox 1928 950 3631 1019; baseline 0.002 -16"><span class='ocrx_word' id='word_1_231' title='bbox 1928 951 2133 1003; x_wconf 89' lang='lat' dir='ltr'><strong>Zotner</strong></span> <span class='ocrx_word' id='word_1_232' title='bbox 2166 950 2235 1003; x_wconf 91' lang='lat' dir='ltr'><strong>de</strong></span> <span class='ocrx_word' id='word_1_233' title='bbox 2269 950 2536 1019; x_wconf 84' lang='lat' dir='ltr'><strong>Halberg,</strong></span> <span class='ocrx_word' id='word_1_234' title='bbox 2576 954 2802 1002; x_wconf 89' lang='lat' dir='ltr'><strong>matura</strong></span> <span class='ocrx_word' id='word_1_235' title='bbox 2832 955 2889 1003; x_wconf 91' lang='lat' dir='ltr'><strong>et</strong></span> <span class='ocrx_word' id='word_1_236' title='bbox 2927 950 3168 1004; x_wconf 84' lang='lat' dir='ltr'><strong>discreta</strong></span> <span class='ocrx_word' id='word_1_237' title='bbox 3220 951 3631 1007; x_wconf 83' lang='lat' dir='ltr'><strong>deliberatione</strong></span> 
     </span>
    </p>
   </div>
   <div class='ocr_carea' id='block_1_37' title="bbox 1926 1037 3633 1111">
    <p class='ocr_par' dir='ltr' id='par_1_37' title="bbox 1926 1037 3633 1111">
     <span class='ocr_line' id='line_1_37' title="bbox 1926 1037 3633 1111; baseline 0.003 -21"><span class='ocrx_word' id='word_1_238' title='bbox 1926 1037 2299 1091; x_wconf 86' lang='lat' dir='ltr'><strong>dominorum</strong></span> <span class='ocrx_word' id='word_1_239' title='bbox 2350 1039 2421 1092; x_wconf 89' lang='lat' dir='ltr'><strong>de</strong></span> <span class='ocrx_word' id='word_1_240' title='bbox 2442 1038 2691 1108; x_wconf 86' lang='lat' dir='ltr'><strong>capitulo</strong></span> <span class='ocrx_word' id='word_1_241' title='bbox 2724 1039 2978 1092; x_wconf 63' lang='lat' dir='ltr'><strong>ecclesia!</strong></span> <span class='ocrx_word' id='word_1_242' title='bbox 3036 1040 3546 1111; x_wconf 85' lang='lat' dir='ltr'><strong>Babenbergensis,</strong></span> <span class='ocrx_word' id='word_1_243' title='bbox 3574 1047 3633 1095; x_wconf 89' lang='lat' dir='ltr'><strong>et</strong></span> 
     </span>
    </p>
   </div>
   <div class='ocr_carea' id='block_1_38' title="bbox 1926 1127 3628 1197">
    <p class='ocr_par' dir='ltr' id='par_1_38' title="bbox 1926 1127 3628 1197">
     <span class='ocr_line' id='line_1_38' title="bbox 1926 1127 3628 1197; baseline 0.003 -18"><span class='ocrx_word' id='word_1_244' title='bbox 1926 1132 2162 1197; x_wconf 86' lang='lat' dir='ltr'><strong>propter</strong></span> <span class='ocrx_word' id='word_1_245' title='bbox 2188 1127 2356 1180; x_wconf 89' lang='lat' dir='ltr'><strong>tidem</strong></span> <span class='ocrx_word' id='word_1_246' title='bbox 2404 1128 2701 1180; x_wconf 87' lang='lat' dir='ltr'><strong>certiorem</strong></span> <span class='ocrx_word' id='word_1_247' title='bbox 2743 1128 3147 1196; x_wconf 88' lang='lat' dir='ltr'><strong>sanioremque</strong></span> <span class='ocrx_word' id='word_1_248' title='bbox 3177 1129 3438 1183; x_wconf 90' lang='lat' dir='ltr'><strong>notitiam</strong></span> <span class='ocrx_word' id='word_1_249' title='bbox 3498 1146 3628 1185; x_wconf 86' lang='lat' dir='ltr'><strong>san-</strong></span> 
     </span>
    </p>
   </div>
   <div class='ocr_carea' id='block_1_39' title="bbox 1925 1215 3627 1286">
    <p class='ocr_par' dir='ltr' id='par_1_39' title="bbox 1925 1215 3627 1286">
     <span class='ocr_line' id='line_1_39' title="bbox 1925 1215 3627 1286; baseline 0.002 -17"><span class='ocrx_word' id='word_1_250' title='bbox 1925 1222 2146 1270; x_wconf 86' lang='lat' dir='ltr'><strong>ctarum</strong></span> <span class='ocrx_word' id='word_1_251' title='bbox 2183 1216 2560 1286; x_wconf 76' lang='lat' dir='ltr'><strong>reliquiarum</strong></span> <span class='ocrx_word' id='word_1_252' title='bbox 2595 1215 2770 1268; x_wconf 86' lang='lat' dir='ltr'><strong>sancti</strong></span> <span class='ocrx_word' id='word_1_253' title='bbox 2806 1216 2985 1286; x_wconf 87' lang='lat' dir='ltr'><strong>patris</strong></span> <span class='ocrx_word' id='word_1_254' title='bbox 3021 1222 3077 1268; x_wconf 89' lang='lat' dir='ltr'><strong>et</strong></span> <span class='ocrx_word' id='word_1_255' title='bbox 3107 1216 3431 1270; x_wconf 85' lang='lat' dir='ltr'><strong>fundatoris</strong></span> <span class='ocrx_word' id='word_1_256' title='bbox 3450 1219 3627 1272; x_wconf 87' lang='lat' dir='ltr'><strong>eccle-</strong></span> 
     </span>
    </p>
   </div>
   <div class='ocr_carea' id='block_1_40' title="bbox 1925 1304 3629 1377">
    <p class='ocr_par' dir='ltr' id='par_1_40' title="bbox 1925 1304 3629 1377">
     <span class='ocr_line' id='line_1_40' title="bbox 1925 1304 3629 1377; baseline 0.002 -20"><span class='ocrx_word' id='word_1_257' title='bbox 1925 1304 2023 1357; x_wconf 75' lang='lat' dir='ltr'><strong>sia:</strong></span> <span class='ocrx_word' id='word_1_258' title='bbox 2065 1305 2554 1373; x_wconf 86' lang='lat' dir='ltr'><strong>Babenbergensis</strong></span> <span class='ocrx_word' id='word_1_259' title='bbox 2603 1306 2664 1357; x_wconf 91' lang='lat' dir='ltr'><strong>D.</strong></span> <span class='ocrx_word' id='word_1_260' title='bbox 2703 1305 2925 1358; x_wconf 84' lang='lat' dir='ltr'><strong>Henrici</strong></span> <span class='ocrx_word' id='word_1_261' title='bbox 2966 1306 3359 1374; x_wconf 86' lang='lat' dir='ltr'><strong>Imperatoris,</strong></span> <span class='ocrx_word' id='word_1_262' title='bbox 3395 1315 3629 1377; x_wconf 86' lang='lat' dir='ltr'><strong>apertus</strong></span> 
     </span>
    </p>
   </div>
   <div class='ocr_carea' id='block_1_41' title="bbox 1924 1393 3627 1463">
    <p class='ocr_par' dir='ltr' id='par_1_41' title="bbox 1924 1393 3627 1463">
     <span class='ocr_line' id='line_1_41' title="bbox 1924 1393 3627 1463; baseline 0.002 -17"><span class='ocrx_word' id='word_1_263' title='bbox 1924 1398 2011 1447; x_wconf 90' lang='lat' dir='ltr'><strong>est</strong></span> <span class='ocrx_word' id='word_1_264' title='bbox 2049 1422 2052 1427; x_wconf 84' lang='lat'><strong><em>~</em></strong></span> <span class='ocrx_word' id='word_1_265' title='bbox 2092 1393 2479 1463; x_wconf 85' lang='lat' dir='ltr'><strong>sarc0phagus</strong></span> <span class='ocrx_word' id='word_1_266' title='bbox 2524 1393 2645 1463; x_wconf 89' lang='lat' dir='ltr'><strong>jam</strong></span> <span class='ocrx_word' id='word_1_267' title='bbox 2707 1393 2843 1446; x_wconf 88' lang='lat' dir='ltr'><strong>dicti</strong></span> <span class='ocrx_word' id='word_1_268' title='bbox 2911 1394 3272 1460; x_wconf 86' lang='lat' dir='ltr'><strong>confessoris,</strong></span> <span class='ocrx_word' id='word_1_269' title='bbox 3330 1396 3401 1449; x_wconf 89' lang='lat' dir='ltr'><strong>ab</strong></span> <span class='ocrx_word' id='word_1_270' title='bbox 3458 1401 3627 1449; x_wconf 87' lang='lat' dir='ltr'><strong>antea</strong></span> 
     </span>
    </p>
   </div>
   <div class='ocr_carea' id='block_1_42' title="bbox 1922 1480 3625 1553">
    <p class='ocr_par' dir='ltr' id='par_1_42' title="bbox 1922 1480 3625 1553">
     <span class='ocr_line' id='line_1_42' title="bbox 1922 1480 3625 1553; baseline 0.002 -19"><span class='ocrx_word' id='word_1_271' title='bbox 1922 1480 2068 1534; x_wconf 87' lang='lat' dir='ltr'><strong>bene</strong></span> <span class='ocrx_word' id='word_1_272' title='bbox 2102 1482 2351 1534; x_wconf 89' lang='lat' dir='ltr'><strong>reclusus</strong></span> <span class='ocrx_word' id='word_1_273' title='bbox 2384 1487 2440 1534; x_wconf 90' lang='lat' dir='ltr'><strong>et</strong></span> <span class='ocrx_word' id='word_1_274' title='bbox 2467 1486 2689 1534; x_wconf 82' lang='lat' dir='ltr'><strong>seratus</strong></span> <span class='ocrx_word' id='word_1_275' title='bbox 2726 1481 3123 1552; x_wconf 90' lang='lat' dir='ltr'><strong>sigillatusque</strong></span> <span class='ocrx_word' id='word_1_276' title='bbox 3179 1483 3362 1553; x_wconf 88' lang='lat' dir='ltr'><strong>sigillo</strong></span> <span class='ocrx_word' id='word_1_277' title='bbox 3422 1484 3625 1553; x_wconf 88' lang='lat' dir='ltr'><strong>majori</strong></span> 
     </span>
    </p>
   </div>
   <div class='ocr_carea' id='block_1_43' title="bbox 1921 1569 3623 1641">
    <p class='ocr_par' dir='ltr' id='par_1_43' title="bbox 1921 1569 3623 1641">
     <span class='ocr_line' id='line_1_43' title="bbox 1921 1569 3623 1641; baseline 0.002 -18"><span class='ocrx_word' id='word_1_278' title='bbox 1921 1569 2058 1623; x_wconf 87' lang='lat' dir='ltr'><strong>bon.</strong></span> <span class='ocrx_word' id='word_1_279' title='bbox 2107 1586 2279 1624; x_wconf 90' lang='lat' dir='ltr'><strong>mem.</strong></span> <span class='ocrx_word' id='word_1_280' title='bbox 2321 1571 2380 1624; x_wconf 85' lang='lat' dir='ltr'><strong>D.</strong></span> <span class='ocrx_word' id='word_1_281' title='bbox 2438 1570 2654 1623; x_wconf 88' lang='lat' dir='ltr'><strong>Eberh.</strong></span> <span class='ocrx_word' id='word_1_282' title='bbox 2719 1571 2973 1641; x_wconf 87' lang='lat' dir='ltr'><strong>episcopi</strong></span> <span class='ocrx_word' id='word_1_283' title='bbox 3003 1588 3055 1625; x_wconf 80' lang='lat' dir='ltr'><strong>ix</strong></span> <span class='ocrx_word' id='word_1_284' title='bbox 3090 1571 3254 1637; x_wconf 86' lang='lat' dir='ltr'><strong>(alias</strong></span> <span class='ocrx_word' id='word_1_285' title='bbox 3293 1573 3346 1640; x_wconf 67' lang='grc' dir='ltr'><strong>ι)</strong></span> <span class='ocrx_word' id='word_1_286' title='bbox 3402 1572 3623 1627; x_wconf 87' lang='lat' dir='ltr'><strong>Babeu-</strong></span> 
     </span>
    </p>
   </div>
   <div class='ocr_carea' id='block_1_44' title="bbox 1920 1658 2609 1729">
    <p class='ocr_par' dir='ltr' id='par_1_44' title="bbox 1920 1658 2609 1729">
     <span class='ocr_line' id='line_1_44' title="bbox 1920 1658 2609 1729; baseline 0 -18"><span class='ocrx_word' id='word_1_287' title='bbox 1920 1658 2216 1729; x_wconf 89' lang='lat' dir='ltr'><strong>bergensis</strong></span> <span class='ocrx_word' id='word_1_288' title='bbox 2250 1659 2522 1714; x_wconf 60' lang='lat' dir='ltr'><strong>ecclesia.</strong></span> <span class='ocrx_word' id='word_1_289' title='bbox 2558 1681 2609 1711; x_wconf 75' lang='grc' dir='ltr'>η.</span> 
     </span>
    </p>
   </div>
   <div class='ocr_carea' id='block_1_45' title="bbox 1990 1748 3623 1819">
    <p class='ocr_par' dir='ltr' id='par_1_45' title="bbox 1990 1748 3623 1819">
     <span class='ocr_line' id='line_1_45' title="bbox 1990 1748 3623 1819; baseline 0.002 -18"><span class='ocrx_word' id='word_1_290' title='bbox 1990 1751 2078 1801; x_wconf 79' lang='lat'><strong>27.</strong></span> <span class='ocrx_word' id='word_1_291' title='bbox 2114 1750 2176 1802; x_wconf 93' lang='lat' dir='ltr'><strong>In</strong></span> <span class='ocrx_word' id='word_1_292' title='bbox 2208 1766 2323 1818; x_wconf 85' lang='lat' dir='ltr'><strong>quo</strong></span> <span class='ocrx_word' id='word_1_293' title='bbox 2353 1748 2589 1819; x_wconf 85' lang='lat' dir='ltr'><strong>quidem</strong></span> <span class='ocrx_word' id='word_1_294' title='bbox 2631 1749 2986 1817; x_wconf 82' lang='lat' dir='ltr'><strong>sarcophago</strong></span> <span class='ocrx_word' id='word_1_295' title='bbox 3040 1750 3285 1803; x_wconf 65' lang='lat' dir='ltr'><strong>inventae</strong></span> <span class='ocrx_word' id='word_1_296' title='bbox 3346 1754 3483 1803; x_wconf 90' lang='lat' dir='ltr'><strong>sunt</strong></span> <span class='ocrx_word' id='word_1_297' title='bbox 3538 1766 3623 1804; x_wconf 89' lang='lat' dir='ltr'><strong>rc-</strong></span> 
     </span>
    </p>
   </div>
   <div class='ocr_carea' id='block_1_46' title="bbox 1922 1837 3621 1907">
    <p class='ocr_par' dir='ltr' id='par_1_46' title="bbox 1922 1837 3621 1907">
     <span class='ocr_line' id='line_1_46' title="bbox 1922 1837 3621 1907; baseline 0 -17"><span class='ocrx_word' id='word_1_298' title='bbox 1922 1837 2135 1907; x_wconf 69' lang='lat' dir='ltr'><strong>liquiae,</strong></span> <span class='ocrx_word' id='word_1_299' title='bbox 2194 1837 2358 1907; x_wconf 88' lang='lat' dir='ltr'><strong>quasi</strong></span> <span class='ocrx_word' id='word_1_300' title='bbox 2408 1839 2585 1890; x_wconf 87' lang='lat' dir='ltr'><strong>totius</strong></span> <span class='ocrx_word' id='word_1_301' title='bbox 2649 1838 2903 1906; x_wconf 87' lang='lat' dir='ltr'><strong>ejusdem</strong></span> <span class='ocrx_word' id='word_1_302' title='bbox 2963 1837 3218 1907; x_wconf 90' lang='lat' dir='ltr'><strong>corporis</strong></span> <span class='ocrx_word' id='word_1_303' title='bbox 3296 1837 3439 1890; x_wconf 89' lang='lat' dir='ltr'><strong>sacri</strong></span> <span class='ocrx_word' id='word_1_304' title='bbox 3494 1854 3621 1891; x_wconf 90' lang='lat' dir='ltr'><strong>ossa</strong></span> 
     </span>
    </p>
   </div>
   <div class='ocr_carea' id='block_1_47' title="bbox 1921 1926 3617 1997">
    <p class='ocr_par' dir='ltr' id='par_1_47' title="bbox 1921 1926 3617 1997">
     <span class='ocr_line' id='line_1_47' title="bbox 1921 1926 3617 1997; baseline 0.001 -19"><span class='ocrx_word' id='word_1_305' title='bbox 1921 1926 2267 1988; x_wconf 82' lang='lat' dir='ltr'><strong>veneranda,</strong></span> <span class='ocrx_word' id='word_1_306' title='bbox 2292 1931 2502 1997; x_wconf 53' lang='lat' dir='ltr'><strong>praeter</strong></span> <span class='ocrx_word' id='word_1_307' title='bbox 2529 1932 2723 1996; x_wconf 83' lang='lat' dir='ltr'><strong>caput,</strong></span> <span class='ocrx_word' id='word_1_308' title='bbox 2749 1926 2901 1995; x_wconf 89' lang='lat' dir='ltr'><strong>quod</strong></span> <span class='ocrx_word' id='word_1_309' title='bbox 2936 1926 2992 1978; x_wconf 91' lang='lat' dir='ltr'><strong>in</strong></span> <span class='ocrx_word' id='word_1_310' title='bbox 3024 1928 3136 1979; x_wconf 88' lang='lat' dir='ltr'><strong>alia</strong></span> <span class='ocrx_word' id='word_1_311' title='bbox 3160 1926 3321 1980; x_wconf 89' lang='lat' dir='ltr'><strong>theca</strong></span> <span class='ocrx_word' id='word_1_312' title='bbox 3346 1926 3617 1980; x_wconf 87' lang='lat' dir='ltr'><strong>deaurata</strong></span> 
     </span>
    </p>
   </div>
   <div class='ocr_carea' id='block_1_48' title="bbox 1916 2013 3613 2083">
    <p class='ocr_par' dir='ltr' id='par_1_48' title="bbox 1916 2013 3613 2083">
     <span class='ocr_line' id='line_1_48' title="bbox 1916 2013 3613 2083; baseline 0.001 -17"><span class='ocrx_word' id='word_1_313' title='bbox 1916 2014 2275 2067; x_wconf 84' lang='lat' dir='ltr'><strong>reconditum</strong></span> <span class='ocrx_word' id='word_1_314' title='bbox 2327 2019 2651 2067; x_wconf 88' lang='lat' dir='ltr'><strong>veneratur.</strong></span> <span class='ocrx_word' id='word_1_315' title='bbox 2700 2013 2812 2083; x_wconf 84' lang='lat' dir='ltr'><strong>Ipsi</strong></span> <span class='ocrx_word' id='word_1_316' title='bbox 2872 2029 3008 2066; x_wconf 90' lang='lat' dir='ltr'><strong>vero</strong></span> <span class='ocrx_word' id='word_1_317' title='bbox 3057 2014 3126 2066; x_wconf 90' lang='lat' dir='ltr'><strong>de</strong></span> <span class='ocrx_word' id='word_1_318' title='bbox 3165 2030 3303 2066; x_wconf 91' lang='lat' dir='ltr'><strong>sano</strong></span> <span class='ocrx_word' id='word_1_319' title='bbox 3351 2015 3613 2079; x_wconf 69' lang='lat' dir='ltr'><strong>consilio,</strong></span> 
     </span>
    </p>
   </div>
   <div class='ocr_carea' id='block_1_49' title="bbox 1914 2101 3609 2169">
    <p class='ocr_par' dir='ltr' id='par_1_49' title="bbox 1914 2101 3609 2169">
     <span class='ocr_line' id='line_1_49' title="bbox 1914 2101 3609 2169; baseline 0 -14"><span class='ocrx_word' id='word_1_320' title='bbox 1914 2102 2176 2169; x_wconf 73' lang='lat' dir='ltr'><strong>diligenti</strong></span> <span class='ocrx_word' id='word_1_321' title='bbox 2248 2101 2503 2155; x_wconf 89' lang='lat' dir='ltr'><strong>adhibita</strong></span> <span class='ocrx_word' id='word_1_322' title='bbox 2558 2102 2835 2167; x_wconf 87' lang='lat' dir='ltr'><strong>custodia,</strong></span> <span class='ocrx_word' id='word_1_323' title='bbox 2894 2106 3119 2155; x_wconf 88' lang='lat' dir='ltr'><strong>tantum</strong></span> <span class='ocrx_word' id='word_1_324' title='bbox 3194 2103 3609 2163; x_wconf 84' lang='lat' dir='ltr'><strong>mandibulam.</strong></span> 
     </span>
    </p>
   </div>
   <div class='ocr_carea' id='block_1_50' title="bbox 1914 2189 3613 2258">
    <p class='ocr_par' dir='ltr' id='par_1_50' title="bbox 1914 2189 3613 2258">
     <span class='ocr_line' id='line_1_50' title="bbox 1914 2189 3613 2258; baseline 0.001 -17"><span class='ocrx_word' id='word_1_325' title='bbox 1914 2189 2211 2243; x_wconf 88' lang='lat' dir='ltr'><strong>brachium</strong></span> <span class='ocrx_word' id='word_1_326' title='bbox 2262 2195 2318 2243; x_wconf 88' lang='lat' dir='ltr'><strong>et</strong></span> <span class='ocrx_word' id='word_1_327' title='bbox 2369 2190 2511 2243; x_wconf 88' lang='lat' dir='ltr'><strong>duas</strong></span> <span class='ocrx_word' id='word_1_328' title='bbox 2559 2195 2741 2243; x_wconf 88' lang='lat' dir='ltr'><strong>costas</strong></span> <span class='ocrx_word' id='word_1_329' title='bbox 2785 2205 2915 2242; x_wconf 91' lang='lat' dir='ltr'><strong>cum</strong></span> <span class='ocrx_word' id='word_1_330' title='bbox 2964 2190 3153 2258; x_wconf 84' lang='lat' dir='ltr'><strong>parvis</strong></span> <span class='ocrx_word' id='word_1_331' title='bbox 3216 2190 3340 2242; x_wconf 88' lang='lat' dir='ltr'><strong>aliis</strong></span> <span class='ocrx_word' id='word_1_332' title='bbox 3393 2190 3613 2242; x_wconf 88' lang='lat' dir='ltr'><strong>ossibus</strong></span> 
     </span>
    </p>
   </div>
   <div class='ocr_carea' id='block_1_51' title="bbox 1912 2277 3612 2349">
    <p class='ocr_par' dir='ltr' id='par_1_51' title="bbox 1912 2277 3612 2349">
     <span class='ocr_line' id='line_1_51' title="bbox 1912 2277 3612 2349; baseline 0 -19"><span class='ocrx_word' id='word_1_333' title='bbox 1912 2279 2315 2349; x_wconf 44' lang='lat' dir='ltr'><strong>praedictarum</strong></span> <span class='ocrx_word' id='word_1_334' title='bbox 2346 2278 2742 2349; x_wconf 87' lang='lat' dir='ltr'><strong>reliquiarum,</strong></span> <span class='ocrx_word' id='word_1_335' title='bbox 2768 2278 2903 2330; x_wconf 89' lang='lat' dir='ltr'><strong>foris</strong></span> <span class='ocrx_word' id='word_1_336' title='bbox 2948 2277 3360 2331; x_wconf 85' lang='lat' dir='ltr'><strong>honorabiliter</strong></span> <span class='ocrx_word' id='word_1_337' title='bbox 3411 2294 3612 2330; x_wconf 84' lang='lat' dir='ltr'><strong>recon-</strong></span> 
     </span>
    </p>
   </div>
   <div class='ocr_carea' id='block_1_52' title="bbox 1914 2366 3609 2437">
    <p class='ocr_par' dir='ltr' id='par_1_52' title="bbox 1914 2366 3609 2437">
     <span class='ocr_line' id='line_1_52' title="bbox 1914 2366 3609 2437; baseline -0.001 -17"><span class='ocrx_word' id='word_1_338' title='bbox 1914 2368 2151 2430; x_wconf 87' lang='lat' dir='ltr'><strong>dendas,</strong></span> <span class='ocrx_word' id='word_1_339' title='bbox 2187 2368 2467 2437; x_wconf 67' lang='lat' dir='ltr'><strong>boumque</strong></span> <span class='ocrx_word' id='word_1_340' title='bbox 2492 2367 2686 2420; x_wconf 89' lang='lat' dir='ltr'><strong>custod</strong></span> <span class='ocrx_word' id='word_1_341' title='bbox 2716 2383 2763 2419; x_wconf 66' lang='lat' dir='ltr'><strong>re</strong></span> <span class='ocrx_word' id='word_1_342' title='bbox 2796 2366 3205 2436; x_wconf 85' lang='lat' dir='ltr'><strong>mancipandas</strong></span> <span class='ocrx_word' id='word_1_343' title='bbox 3229 2371 3609 2432; x_wconf 82' lang='lat' dir='ltr'><strong>reservarunt,</strong></span> 
     </span>
    </p>
   </div>
   <div class='ocr_carea' id='block_1_53' title="bbox 1912 2455 3609 2526">
    <p class='ocr_par' dir='ltr' id='par_1_53' title="bbox 1912 2455 3609 2526">
     <span class='ocr_line' id='line_1_53' title="bbox 1912 2455 3609 2526; baseline -0.001 -17"><span class='ocrx_word' id='word_1_344' title='bbox 1912 2472 2031 2509; x_wconf 90' lang='lat' dir='ltr'><strong>non</strong></span> <span class='ocrx_word' id='word_1_345' title='bbox 2061 2462 2254 2509; x_wconf 89' lang='lat' dir='ltr'><strong>tamen</strong></span> <span class='ocrx_word' id='word_1_346' title='bbox 2294 2456 2415 2508; x_wconf 83' lang='lat' dir='ltr'><strong>sine</strong></span> <span class='ocrx_word' id='word_1_347' title='bbox 2450 2455 2777 2509; x_wconf 86' lang='lat' dir='ltr'><strong>rationabili</strong></span> <span class='ocrx_word' id='word_1_348' title='bbox 2826 2471 2995 2508; x_wconf 77' lang='lat' dir='ltr'><strong>causa</strong></span> <span class='ocrx_word' id='word_1_349' title='bbox 3038 2456 3385 2526; x_wconf 87' lang='lat' dir='ltr'><strong>specialique</strong></span> <span class='ocrx_word' id='word_1_350' title='bbox 3440 2455 3609 2508; x_wconf 88' lang='lat' dir='ltr'><strong>devo-</strong></span> 
     </span>
    </p>
   </div>
   <div class='ocr_carea' id='block_1_54' title="bbox 1913 2542 3611 2611">
    <p class='ocr_par' dir='ltr' id='par_1_54' title="bbox 1913 2542 3611 2611">
     <span class='ocr_line' id='line_1_54' title="bbox 1913 2542 3611 2611; baseline 0.001 -17"><span class='ocrx_word' id='word_1_351' title='bbox 1913 2542 2087 2595; x_wconf 88' lang='lat' dir='ltr'><strong>tione.</strong></span> <span class='ocrx_word' id='word_1_352' title='bbox 2114 2542 2363 2596; x_wconf 84' lang='lat' dir='ltr'><strong>Tandem</strong></span> <span class='ocrx_word' id='word_1_353' title='bbox 2397 2542 2549 2609; x_wconf 83' lang='lat' dir='ltr'><strong>ipsas</strong></span> <span class='ocrx_word' id='word_1_354' title='bbox 2600 2542 2872 2611; x_wconf 82' lang='lat' dir='ltr'><strong>reliquias</strong></span> <span class='ocrx_word' id='word_1_355' title='bbox 3016 2542 3244 2596; x_wconf 84' lang='lat' dir='ltr'><strong>llenrici</strong></span> <span class='ocrx_word' id='word_1_356' title='bbox 3292 2559 3348 2596; x_wconf 82' lang='lat' dir='ltr'><strong>in</strong></span> <span class='ocrx_word' id='word_1_357' title='bbox 3408 2544 3611 2596; x_wconf 87' lang='lat' dir='ltr'><strong>eodem</strong></span> 
     </span>
    </p>
   </div>
   <div class='ocr_carea' id='block_1_55' title="bbox 1912 2630 3612 2700">
    <p class='ocr_par' dir='ltr' id='par_1_55' title="bbox 1912 2630 3612 2700">
     <span class='ocr_line' id='line_1_55' title="bbox 1912 2630 3612 2700; baseline 0.002 -19"><span class='ocrx_word' id='word_1_358' title='bbox 1912 2632 2264 2700; x_wconf 80' lang='lat' dir='ltr'><strong>sarcophago</strong></span> <span class='ocrx_word' id='word_1_359' title='bbox 2304 2630 2743 2699; x_wconf 82' lang='lat' dir='ltr'><strong>diligentissime</strong></span> <span class='ocrx_word' id='word_1_360' title='bbox 2773 2631 2977 2683; x_wconf 88' lang='lat' dir='ltr'><strong>iterato</strong></span> <span class='ocrx_word' id='word_1_361' title='bbox 3010 2632 3394 2697; x_wconf 90' lang='lat' dir='ltr'><strong>recluserunt;</strong></span> <span class='ocrx_word' id='word_1_362' title='bbox 3447 2632 3612 2700; x_wconf 79' lang='lat' dir='ltr'><strong>sigil—</strong></span> 
     </span>
    </p>
   </div>
   <div class='ocr_carea' id='block_1_56' title="bbox 1912 2718 3612 2790">
    <p class='ocr_par' dir='ltr' id='par_1_56' title="bbox 1912 2718 3612 2790">
     <span class='ocr_line' id='line_1_56' title="bbox 1912 2718 3612 2790; baseline 0.001 -19"><span class='ocrx_word' id='word_1_363' title='bbox 1912 2720 2096 2772; x_wconf 87' lang='lat' dir='ltr'><strong>lantes</strong></span> <span class='ocrx_word' id='word_1_364' title='bbox 2154 2720 2342 2790; x_wconf 88' lang='lat' dir='ltr'><strong>sigillo</strong></span> <span class='ocrx_word' id='word_1_365' title='bbox 2408 2718 2644 2788; x_wconf 82' lang='lat' dir='ltr'><strong>capituli</strong></span> <span class='ocrx_word' id='word_1_366' title='bbox 2714 2718 2993 2787; x_wconf 67' lang='lat' dir='ltr'><strong>prmdicti,</strong></span> <span class='ocrx_word' id='word_1_367' title='bbox 3065 2736 3179 2790; x_wconf 91' lang='lat' dir='ltr'><strong>quo</strong></span> <span class='ocrx_word' id='word_1_368' title='bbox 3235 2719 3343 2789; x_wconf 77' lang='lat' dir='ltr'><strong>ipsi</strong></span> <span class='ocrx_word' id='word_1_369' title='bbox 3392 2720 3612 2775; x_wconf 88' lang='lat' dir='ltr'><strong>domini</strong></span> 
     </span>
    </p>
   </div>
   <div class='ocr_carea' id='block_1_57' title="bbox 1910 2807 3613 2878">
    <p class='ocr_par' dir='ltr' id='par_1_57' title="bbox 1910 2807 3613 2878">
     <span class='ocr_line' id='line_1_57' title="bbox 1910 2807 3613 2878; baseline 0.002 -19"><span class='ocrx_word' id='word_1_370' title='bbox 1910 2813 2155 2860; x_wconf 89' lang='lat' dir='ltr'><strong>utuntur</strong></span> <span class='ocrx_word' id='word_1_371' title='bbox 2204 2808 2269 2860; x_wconf 91' lang='lat' dir='ltr'><strong>ad</strong></span> <span class='ocrx_word' id='word_1_372' title='bbox 2303 2823 2518 2860; x_wconf 84' lang='lat' dir='ltr'><strong>causas.</strong></span> <span class='ocrx_word' id='word_1_373' title='bbox 2572 2809 2819 2860; x_wconf 65' lang='lat' dir='ltr'><strong>Iuventae.</strong></span> <span class='ocrx_word' id='word_1_374' title='bbox 2877 2807 3112 2861; x_wconf 89' lang='lat' dir='ltr'><strong>fuerunt</strong></span> <span class='ocrx_word' id='word_1_375' title='bbox 3163 2824 3266 2877; x_wconf 89' lang='lat' dir='ltr'><strong>pro</strong></span> <span class='ocrx_word' id='word_1_376' title='bbox 3318 2815 3455 2862; x_wconf 90' lang='lat' dir='ltr'><strong>tunc</strong></span> <span class='ocrx_word' id='word_1_377' title='bbox 3511 2825 3613 2878; x_wconf 90' lang='lat' dir='ltr'><strong>per</strong></span> 
     </span>
    </p>
   </div>
   <div class='ocr_carea' id='block_1_58' title="bbox 1912 2896 3609 2964">
    <p class='ocr_par' dir='ltr' id='par_1_58' title="bbox 1912 2896 3609 2964">
     <span class='ocr_line' id='line_1_58' title="bbox 1912 2896 3609 2964; baseline -0.001 -15"><span class='ocrx_word' id='word_1_378' title='bbox 1912 2897 2139 2949; x_wconf 90' lang='lat' dir='ltr'><strong>eosdem</strong></span> <span class='ocrx_word' id='word_1_379' title='bbox 2175 2897 2437 2949; x_wconf 87' lang='lat' dir='ltr'><strong>dominos</strong></span> <span class='ocrx_word' id='word_1_380' title='bbox 2488 2896 2795 2948; x_wconf 86' lang='lat' dir='ltr'><strong>canonicos</strong></span> <span class='ocrx_word' id='word_1_381' title='bbox 2835 2896 3137 2964; x_wconf 62' lang='lat' dir='ltr'><strong>preedictos</strong></span> <span class='ocrx_word' id='word_1_382' title='bbox 3197 2896 3327 2950; x_wconf 77' lang='lat' dir='ltr'><strong>duae</strong></span> <span class='ocrx_word' id='word_1_383' title='bbox 3386 2903 3609 2951; x_wconf 81' lang='lat' dir='ltr'><strong>veteres</strong></span> 
     </span>
    </p>
   </div>
   <div class='ocr_carea' id='block_1_59' title="bbox 1910 2984 3608 3055">
    <p class='ocr_par' dir='ltr' id='par_1_59' title="bbox 1910 2984 3608 3055">
     <span class='ocr_line' id='line_1_59' title="bbox 1910 2984 3608 3055; baseline 0.001 -18"><span class='ocrx_word' id='word_1_384' title='bbox 1910 2985 2218 3049; x_wconf 66' lang='lat' dir='ltr'><strong>schedulm,</strong></span> <span class='ocrx_word' id='word_1_385' title='bbox 2252 2984 2512 3037; x_wconf 88' lang='lat' dir='ltr'><strong>interiori</strong></span> <span class='ocrx_word' id='word_1_386' title='bbox 2544 2985 2722 3037; x_wconf 62' lang='lat' dir='ltr'><strong>thecae</strong></span> <span class='ocrx_word' id='word_1_387' title='bbox 2750 2984 2959 3047; x_wconf 63' lang='lat' dir='ltr'><strong>affine,</strong></span> <span class='ocrx_word' id='word_1_388' title='bbox 3019 3001 3265 3055; x_wconf 62' lang='lat' dir='ltr'><strong>quarum</strong></span> <span class='ocrx_word' id='word_1_389' title='bbox 3320 3002 3432 3037; x_wconf 85' lang='lat' dir='ltr'><strong>una</strong></span> <span class='ocrx_word' id='word_1_390' title='bbox 3486 2986 3608 3039; x_wconf 63' lang='lat' dir='ltr'><strong>hinc</strong></span> 
     </span>
    </p>
   </div>
   <div class='ocr_carea' id='block_1_60' title="bbox 1912 3072 3609 3142">
    <p class='ocr_par' dir='ltr' id='par_1_60' title="bbox 1912 3072 3609 3142">
     <span class='ocr_line' id='line_1_60' title="bbox 1912 3072 3609 3142; baseline 0.001 -17"><span class='ocrx_word' id='word_1_391' title='bbox 1912 3073 2122 3141; x_wconf 87' lang='lat' dir='ltr'><strong>scripta</strong></span> <span class='ocrx_word' id='word_1_392' title='bbox 2152 3072 2480 3126; x_wconf 89' lang='lat' dir='ltr'><strong>continuit:</strong></span> <span class='ocrx_word' id='word_1_393' title='bbox 2516 3073 2557 3126; x_wconf 85' lang='grc' dir='ltr'><strong>ι)</strong></span> <span class='ocrx_word' id='word_1_394' title='bbox 2614 3072 2972 3126; x_wconf 86' lang='lat' dir='ltr'><strong>Eberhardus</strong></span> <span class='ocrx_word' id='word_1_395' title='bbox 3024 3073 3244 3142; x_wconf 88' lang='lat' dir='ltr'><strong>primus</strong></span> <span class='ocrx_word' id='word_1_396' title='bbox 3300 3074 3471 3141; x_wconf 86' lang='lat' dir='ltr'><strong>hujus</strong></span> <span class='ocrx_word' id='word_1_397' title='bbox 3514 3075 3609 3127; x_wconf 84' lang='lat' dir='ltr'><strong>Ba-</strong></span> 
     </span>
    </p>
   </div>
   <div class='ocr_carea' id='block_1_61' title="bbox 127 3160 3603 3231">
    <p class='ocr_par' dir='ltr' id='par_1_61' title="bbox 127 3160 3603 3231">
     <span class='ocr_line' id='line_1_61' title="bbox 127 3160 3603 3231; baseline -0.001 -15"><span class='ocrx_word' id='word_1_398' title='bbox 127 3165 230 3216; x_wconf 86' lang='lat' dir='ltr'><strong>inde</strong></span> <span class='ocrx_word' id='word_1_399' title='bbox 274 3165 498 3228; x_wconf 81' lang='lat' dir='ltr'><strong>levavit,</strong></span> <span class='ocrx_word' id='word_1_400' title='bbox 560 3170 616 3218; x_wconf 90' lang='lat' dir='ltr'><strong>et</strong></span> <span class='ocrx_word' id='word_1_401' title='bbox 670 3165 727 3217; x_wconf 91' lang='lat' dir='ltr'><strong>in</strong></span> <span class='ocrx_word' id='word_1_402' title='bbox 776 3166 1035 3218; x_wconf 85' lang='lat' dir='ltr'><strong>tumbam</strong></span> <span class='ocrx_word' id='word_1_403' title='bbox 1068 3182 1451 3220; x_wconf 86' lang='lat' dir='ltr'><strong>marmoream</strong></span> <span class='ocrx_word' id='word_1_404' title='bbox 1482 3166 1794 3218; x_wconf 87' lang='lat' dir='ltr'><strong>transtulit.</strong></span> <span class='ocrx_word' id='word_1_405' title='bbox 1830 3168 1870 3221; x_wconf 84' lang='lat' dir='ltr'><strong>C</strong></span> <span class='ocrx_word' id='word_1_406' title='bbox 1908 3160 2319 3231; x_wconf 81' lang='lat' dir='ltr'><strong>benbergensis</strong></span> <span class='ocrx_word' id='word_1_407' title='bbox 2368 3161 2619 3214; x_wconf 73' lang='lat' dir='ltr'><strong>ecclesiae.</strong></span> <span class='ocrx_word' id='word_1_408' title='bbox 2695 3161 2999 3230; x_wconf 84' lang='lat' dir='ltr'><strong>episcopus</strong></span> <span class='ocrx_word' id='word_1_409' title='bbox 3073 3162 3470 3230; x_wconf 70' lang='lat' dir='ltr'><strong>praescriptum</strong></span> <span class='ocrx_word' id='word_1_410' title='bbox 3548 3162 3603 3216; x_wconf 91' lang='lat' dir='ltr'><strong>S.</strong></span> 
     </span>
    </p>
   </div>
   <div class='ocr_carea' id='block_1_62' title="bbox 127 3252 1796 3323">
    <p class='ocr_par' dir='ltr' id='par_1_62' title="bbox 127 3252 1796 3323">
     <span class='ocr_line' id='line_1_62' title="bbox 127 3252 1796 3323; baseline 0.002 -22"><span class='ocrx_word' id='word_1_411' title='bbox 127 3266 332 3321; x_wconf 22' lang='lat' dir='ltr'><strong>eramque</strong></span> <span class='ocrx_word' id='word_1_412' title='bbox 386 3252 564 3305; x_wconf 79' lang='lat' dir='ltr'><strong>clavis</strong></span> <span class='ocrx_word' id='word_1_413' title='bbox 623 3253 967 3305; x_wconf 81' lang='lat' dir='ltr'><strong>obtirmavit.</strong></span> <span class='ocrx_word' id='word_1_414' title='bbox 1006 3276 1025 3297; x_wconf 73' lang='grc' dir='ltr'><strong>ιι</strong></span> <span class='ocrx_word' id='word_1_415' title='bbox 1086 3254 1289 3307; x_wconf 85' lang='lat' dir='ltr'><strong>Eadem</strong></span> <span class='ocrx_word' id='word_1_416' title='bbox 1351 3255 1522 3323; x_wconf 88' lang='lat' dir='ltr'><strong>paulo</strong></span> <span class='ocrx_word' id='word_1_417' title='bbox 1565 3259 1796 3306; x_wconf 83' lang='lat' dir='ltr'><strong>contra-</strong></span> 
     </span>
    </p>
   </div>
   <div class='ocr_carea' id='block_1_63' title="bbox 130 3340 1791 3411">
    <p class='ocr_par' dir='ltr' id='par_1_63' title="bbox 130 3340 1791 3411">
     <span class='ocr_line' id='line_1_63' title="bbox 130 3340 1791 3411; baseline 0.003 -22"><span class='ocrx_word' id='word_1_418' title='bbox 130 3340 243 3391; x_wconf 84' lang='lat' dir='ltr'><strong>ctius</strong></span> <span class='ocrx_word' id='word_1_419' title='bbox 281 3341 451 3395; x_wconf 86' lang='lat' dir='ltr'><strong>habes</strong></span> <span class='ocrx_word' id='word_1_420' title='bbox 485 3341 545 3393; x_wconf 94' lang='lat' dir='ltr'><strong>in</strong></span> <span class='ocrx_word' id='word_1_421' title='bbox 572 3342 777 3408; x_wconf 73' lang='lat' dir='ltr'><strong>elogiis</strong></span> <span class='ocrx_word' id='word_1_422' title='bbox 824 3342 1225 3411; x_wconf 88' lang='lat' dir='ltr'><strong>episcoporum</strong></span> <span class='ocrx_word' id='word_1_423' title='bbox 1281 3358 1411 3411; x_wconf 85' lang='lat' dir='ltr'><strong>pag.</strong></span> <span class='ocrx_word' id='word_1_424' title='bbox 1446 3346 1497 3395; x_wconf 79' lang='grc' dir='ltr'>ὃ.</span> <span class='ocrx_word' id='word_1_425' title='bbox 1536 3363 1562 3389; x_wconf 89' lang='grc'><strong>‹‹</strong></span> <span class='ocrx_word' id='word_1_426' title='bbox 1620 3342 1791 3395; x_wconf 75' lang='lat' dir='ltr'><strong>Iiber-</strong></span> 
     </span>
    </p>
   </div>
   <div class='ocr_carea' id='block_1_64' title="bbox 131 3426 1795 3499">
    <p class='ocr_par' dir='ltr' id='par_1_64' title="bbox 131 3426 1795 3499">
     <span class='ocr_line' id='line_1_64' title="bbox 131 3426 1795 3499; baseline 0.002 -22"><span class='ocrx_word' id='word_1_427' title='bbox 131 3426 307 3479; x_wconf 82' lang='lat' dir='ltr'><strong>bardus</strong></span> <span class='ocrx_word' id='word_1_428' title='bbox 372 3430 441 3491; x_wconf 87' lang='lat' dir='ltr'><strong>ll,</strong></span> <span class='ocrx_word' id='word_1_429' title='bbox 499 3428 616 3481; x_wconf 83' lang='lat' dir='ltr'><strong>dux</strong></span> <span class='ocrx_word' id='word_1_430' title='bbox 681 3428 931 3481; x_wconf 85' lang='lat' dir='ltr'><strong>Bavariae</strong></span> <span class='ocrx_word' id='word_1_431' title='bbox 965 3429 1196 3499; x_wconf 90' lang='lat' dir='ltr'><strong>eligitur</strong></span> <span class='ocrx_word' id='word_1_432' title='bbox 1252 3445 1468 3494; x_wconf 68' lang='lat' dir='ltr'><strong>anxur,</strong></span> <span class='ocrx_word' id='word_1_433' title='bbox 1521 3429 1795 3482; x_wconf 81' lang='lat' dir='ltr'><strong>Pontitice</strong></span> 
     </span>
    </p>
   </div>
   <div class='ocr_carea' id='block_1_65' title="bbox 132 3514 1795 3583">
    <p class='ocr_par' dir='ltr' id='par_1_65' title="bbox 132 3514 1795 3583">
     <span class='ocr_line' id='line_1_65' title="bbox 132 3514 1795 3583; baseline 0.001 -18"><span class='ocrx_word' id='word_1_434' title='bbox 132 3514 343 3583; x_wconf 77' lang='lat' dir='ltr'><strong>Eugenio</strong></span> <span class='ocrx_word' id='word_1_435' title='bbox 393 3517 490 3581; x_wconf 89' lang='lat' dir='ltr'><strong>Ill,</strong></span> <span class='ocrx_word' id='word_1_436' title='bbox 557 3516 823 3569; x_wconf 87' lang='lat' dir='ltr'><strong>Conrado</strong></span> <span class='ocrx_word' id='word_1_437' title='bbox 879 3516 1077 3569; x_wconf 83' lang='lat' dir='ltr'><strong>itidem</strong></span> <span class='ocrx_word' id='word_1_438' title='bbox 1126 3517 1221 3570; x_wconf 92' lang='lat' dir='ltr'><strong>lll.</strong></span> <span class='ocrx_word' id='word_1_439' title='bbox 1273 3517 1326 3570; x_wconf 91' lang='lat' dir='ltr'><strong>S.</strong></span> <span class='ocrx_word' id='word_1_440' title='bbox 1391 3516 1612 3570; x_wconf 85' lang='lat' dir='ltr'><strong>Henrici</strong></span> <span class='ocrx_word' id='word_1_441' title='bbox 1672 3532 1795 3569; x_wconf 90' lang='lat' dir='ltr'><strong>ossa</strong></span> 
     </span>
    </p>
   </div>
   <div class='ocr_carea' id='block_1_66' title="bbox 130 3604 1793 3670">
    <p class='ocr_par' dir='ltr' id='par_1_66' title="bbox 130 3604 1793 3670">
     <span class='ocr_line' id='line_1_66' title="bbox 130 3604 1793 3670; baseline 0.002 -18"><span class='ocrx_word' id='word_1_442' title='bbox 130 3615 301 3670; x_wconf 86' lang='lat' dir='ltr'><strong>magna</strong></span> <span class='ocrx_word' id='word_1_443' title='bbox 327 3605 677 3657; x_wconf 86' lang='lat' dir='ltr'><strong>solennitate</strong></span> <span class='ocrx_word' id='word_1_444' title='bbox 708 3604 776 3657; x_wconf 90' lang='lat' dir='ltr'><strong>ad</strong></span> <span class='ocrx_word' id='word_1_445' title='bbox 817 3605 1246 3658; x_wconf 88' lang='lat' dir='ltr'><strong>honoratiorem</strong></span> <span class='ocrx_word' id='word_1_446' title='bbox 1272 3606 1555 3659; x_wconf 91' lang='lat' dir='ltr'><strong>tumulum</strong></span> <span class='ocrx_word' id='word_1_447' title='bbox 1607 3610 1793 3657; x_wconf 81' lang='lat' dir='ltr'><strong>trans—</strong></span> 
     </span>
    </p>
   </div>
   <div class='ocr_carea' id='block_1_67' title="bbox 130 3691 1793 3763">
    <p class='ocr_par' dir='ltr' id='par_1_67' title="bbox 130 3691 1793 3763">
     <span class='ocr_line' id='line_1_67' title="bbox 130 3691 1793 3763; baseline 0.003 -24"><span class='ocrx_word' id='word_1_448' title='bbox 130 3691 250 3755; x_wconf 81' lang='lat' dir='ltr'><strong>tulit,</strong></span> <span class='ocrx_word' id='word_1_449' title='bbox 284 3697 346 3744; x_wconf 80' lang='lat' dir='ltr'><strong>et</strong></span> <span class='ocrx_word' id='word_1_450' title='bbox 394 3708 750 3756; x_wconf 88' lang='lat' dir='ltr'><strong>marmoreo,</strong></span> <span class='ocrx_word' id='word_1_451' title='bbox 813 3695 964 3763; x_wconf 88' lang='lat' dir='ltr'><strong>quod</strong></span> <span class='ocrx_word' id='word_1_452' title='bbox 1041 3694 1359 3747; x_wconf 90' lang='lat' dir='ltr'><strong>hodiedum</strong></span> <span class='ocrx_word' id='word_1_453' title='bbox 1421 3693 1611 3745; x_wconf 78' lang='lat' dir='ltr'><strong>videre</strong></span> <span class='ocrx_word' id='word_1_454' title='bbox 1688 3698 1793 3757; x_wconf 86' lang='lat' dir='ltr'><strong>est,</strong></span> 
     </span>
    </p>
   </div>
   <div class='ocr_carea' id='block_1_68' title="bbox 132 3781 1797 3850">
    <p class='ocr_par' dir='ltr' id='par_1_68' title="bbox 132 3781 1797 3850">
     <span class='ocr_line' id='line_1_68' title="bbox 132 3781 1797 3850; baseline 0.004 -24"><span class='ocrx_word' id='word_1_455' title='bbox 132 3788 464 3833; x_wconf 86' lang='lat' dir='ltr'><strong>monumento</strong></span> <span class='ocrx_word' id='word_1_456' title='bbox 524 3781 1005 3834; x_wconf 79' lang='lat' dir='ltr'><strong>condecoravit.»</strong></span> <span class='ocrx_word' id='word_1_457' title='bbox 1078 3783 1389 3850; x_wconf 87' lang='lat' dir='ltr'><strong>Quousque</strong></span> <span class='ocrx_word' id='word_1_458' title='bbox 1455 3781 1797 3835; x_wconf 81' lang='lat' dir='ltr'><strong>extendatur</strong></span> 
     </span>
    </p>
   </div>
   <div class='ocr_carea' id='block_1_69' title="bbox 132 3865 1792 3938">
    <p class='ocr_par' dir='ltr' id='par_1_69' title="bbox 132 3865 1792 3938">
     <span class='ocr_line' id='line_1_69' title="bbox 132 3865 1792 3938; baseline 0.003 -23"><span class='ocrx_word' id='word_1_459' title='bbox 132 3865 247 3921; x_wconf 67' lang='lat' dir='ltr'><strong>istud</strong></span> <span class='ocrx_word' id='word_1_460' title='bbox 276 3890 299 3915; x_wconf 73' lang='grc' dir='ltr'><strong>ε</strong></span> <span class='ocrx_word' id='word_1_461' title='bbox 353 3869 691 3923; x_wconf 87' lang='lat' dir='ltr'><strong>hodiedum.</strong></span> <span class='ocrx_word' id='word_1_462' title='bbox 728 3890 749 3915; x_wconf 67' lang='grc' dir='ltr'><em>ν</em></span> <span class='ocrx_word' id='word_1_463' title='bbox 787 3869 1029 3923; x_wconf 89' lang='lat' dir='ltr'><strong>necdum</strong></span> <span class='ocrx_word' id='word_1_464' title='bbox 1088 3869 1228 3922; x_wconf 88' lang='lat' dir='ltr'><strong>satis</strong></span> <span class='ocrx_word' id='word_1_465' title='bbox 1267 3869 1416 3922; x_wconf 86' lang='lat' dir='ltr'><strong>clare</strong></span> <span class='ocrx_word' id='word_1_466' title='bbox 1471 3868 1792 3938; x_wconf 86' lang='lat' dir='ltr'><strong>perspicio;</strong></span> 
     </span>
    </p>
   </div>
   <div class='ocr_carea' id='block_1_70' title="bbox 133 3957 1791 4025">
    <p class='ocr_par' dir='ltr' id='par_1_70' title="bbox 133 3957 1791 4025">
     <span class='ocr_line' id='line_1_70' title="bbox 133 3957 1791 4025; baseline 0.002 -20"><span class='ocrx_word' id='word_1_467' title='bbox 133 3957 477 4025; x_wconf 80' lang='lat' dir='ltr'><strong>colligendum</strong></span> <span class='ocrx_word' id='word_1_468' title='bbox 510 3959 572 4012; x_wconf 89' lang='lat' dir='ltr'><strong>id</strong></span> <span class='ocrx_word' id='word_1_469' title='bbox 595 3958 705 4011; x_wconf 90' lang='lat' dir='ltr'><strong>erit</strong></span> <span class='ocrx_word' id='word_1_470' title='bbox 745 3975 807 4011; x_wconf 82' lang='lat' dir='ltr'><strong>ex</strong></span> <span class='ocrx_word' id='word_1_471' title='bbox 838 3959 1059 4012; x_wconf 80' lang='lat' dir='ltr'><strong>schedis</strong></span> <span class='ocrx_word' id='word_1_472' title='bbox 1091 3959 1271 4012; x_wconf 76' lang='lat' dir='ltr'><strong>nostri</strong></span> <span class='ocrx_word' id='word_1_473' title='bbox 1304 3960 1362 4012; x_wconf 83' lang='lat' dir='ltr'><strong>P.</strong></span> <span class='ocrx_word' id='word_1_474' title='bbox 1406 3958 1643 4012; x_wconf 84' lang='lat' dir='ltr'><strong>Joannis</strong></span> <span class='ocrx_word' id='word_1_475' title='bbox 1686 3960 1791 4010; x_wconf 75' lang='lat' dir='ltr'><strong>Ga-</strong></span> 
     </span>
    </p>
   </div>
   <div class='ocr_carea' id='block_1_71' title="bbox 135 4046 1795 4116">
    <p class='ocr_par' dir='ltr' id='par_1_71' title="bbox 135 4046 1795 4116">
     <span class='ocr_line' id='line_1_71' title="bbox 135 4046 1795 4116; baseline 0.004 -24"><span class='ocrx_word' id='word_1_476' title='bbox 135 4046 320 4114; x_wconf 81' lang='lat' dir='ltr'><strong>inansii,</strong></span> <span class='ocrx_word' id='word_1_477' title='bbox 350 4048 520 4100; x_wconf 90' lang='lat' dir='ltr'><strong>toties</strong></span> <span class='ocrx_word' id='word_1_478' title='bbox 572 4046 630 4099; x_wconf 89' lang='lat' dir='ltr'><strong>in</strong></span> <span class='ocrx_word' id='word_1_479' title='bbox 672 4047 826 4100; x_wconf 77' lang='lat' dir='ltr'><strong>Actis</strong></span> <span class='ocrx_word' id='word_1_480' title='bbox 858 4047 1066 4100; x_wconf 87' lang='lat' dir='ltr'><strong>nostris</strong></span> <span class='ocrx_word' id='word_1_481' title='bbox 1098 4048 1332 4112; x_wconf 86' lang='lat' dir='ltr'><strong>laudati,</strong></span> <span class='ocrx_word' id='word_1_482' title='bbox 1389 4047 1487 4116; x_wconf 90' lang='lat' dir='ltr'><strong>qui</strong></span> <span class='ocrx_word' id='word_1_483' title='bbox 1540 4063 1633 4099; x_wconf 88' lang='lat' dir='ltr'><strong>eas</strong></span> <span class='ocrx_word' id='word_1_484' title='bbox 1690 4046 1795 4099; x_wconf 92' lang='lat' dir='ltr'><strong>de-</strong></span> 
     </span>
    </p>
   </div>
   <div class='ocr_carea' id='block_1_72' title="bbox 135 4132 1795 4205">
    <p class='ocr_par' dir='ltr' id='par_1_72' title="bbox 135 4132 1795 4205">
     <span class='ocr_line' id='line_1_72' title="bbox 135 4132 1795 4205; baseline 0.004 -25"><span class='ocrx_word' id='word_1_485' title='bbox 135 4132 263 4186; x_wconf 82' lang='lat' dir='ltr'><strong>scribi</strong></span> <span class='ocrx_word' id='word_1_486' title='bbox 306 4136 520 4189; x_wconf 84' lang='lat' dir='ltr'><strong>curavit</strong></span> <span class='ocrx_word' id='word_1_487' title='bbox 580 4152 645 4188; x_wconf 84' lang='lat' dir='ltr'><strong>ex</strong></span> <span class='ocrx_word' id='word_1_488' title='bbox 697 4136 793 4189; x_wconf 77' lang='lat' dir='ltr'><strong>bis.</strong></span> <span class='ocrx_word' id='word_1_489' title='bbox 829 4135 1099 4205; x_wconf 85' lang='lat' dir='ltr'><strong>Catalogo</strong></span> <span class='ocrx_word' id='word_1_490' title='bbox 1154 4135 1563 4204; x_wconf 84' lang='lat' dir='ltr'><strong>Episcoporum</strong></span> <span class='ocrx_word' id='word_1_491' title='bbox 1623 4136 1795 4187; x_wconf 86' lang='lat' dir='ltr'><strong>Bam-</strong></span> 
     </span>
    </p>
   </div>
   <div class='ocr_carea' id='block_1_73' title="bbox 134 4218 1792 4293">
    <p class='ocr_par' dir='ltr' id='par_1_73' title="bbox 134 4218 1792 4293">
     <span class='ocr_line' id='line_1_73' title="bbox 134 4218 1792 4293; baseline 0.003 -23"><span class='ocrx_word' id='word_1_492' title='bbox 134 4218 453 4289; x_wconf 84' lang='lat' dir='ltr'><strong>bcrgeusium</strong></span> <span class='ocrx_word' id='word_1_493' title='bbox 485 4224 541 4278; x_wconf 90' lang='lat' dir='ltr'><strong>S.</strong></span> <span class='ocrx_word' id='word_1_494' title='bbox 584 4223 870 4277; x_wconf 84' lang='lat' dir='ltr'><strong>Michaelis</strong></span> <span class='ocrx_word' id='word_1_495' title='bbox 904 4224 1269 4293; x_wconf 72' lang='lat' dir='ltr'><strong>Bambergre;</strong></span> <span class='ocrx_word' id='word_1_496' title='bbox 1314 4240 1458 4293; x_wconf 75' lang='lat' dir='ltr'><strong>quas</strong></span> <span class='ocrx_word' id='word_1_497' title='bbox 1488 4222 1579 4275; x_wconf 90' lang='lat' dir='ltr'><strong>hic</strong></span> <span class='ocrx_word' id='word_1_498' title='bbox 1610 4223 1792 4275; x_wconf 86' lang='lat' dir='ltr'><strong>addu-</strong></span> 
     </span>
    </p>
   </div>
   <div class='ocr_carea' id='block_1_74' title="bbox 136 4310 1795 4381">
    <p class='ocr_par' dir='ltr' id='par_1_74' title="bbox 136 4310 1795 4381">
     <span class='ocr_line' id='line_1_74' title="bbox 136 4310 1795 4381; baseline 0.004 -25"><span class='ocrx_word' id='word_1_499' title='bbox 136 4323 231 4361; x_wconf 85' lang='lat' dir='ltr'><strong>cere</strong></span> <span class='ocrx_word' id='word_1_500' title='bbox 267 4326 445 4379; x_wconf 73' lang='lat' dir='ltr'><strong>operae.</strong></span> <span class='ocrx_word' id='word_1_501' title='bbox 496 4311 759 4381; x_wconf 87' lang='lat' dir='ltr'><strong>pretium</strong></span> <span class='ocrx_word' id='word_1_502' title='bbox 810 4310 1146 4377; x_wconf 76' lang='lat' dir='ltr'><strong>existimavi,</strong></span> <span class='ocrx_word' id='word_1_503' title='bbox 1181 4326 1313 4364; x_wconf 86' lang='lat' dir='ltr'><strong>cum</strong></span> <span class='ocrx_word' id='word_1_504' title='bbox 1365 4326 1431 4363; x_wconf 91' lang='lat' dir='ltr'><strong>ea</strong></span> <span class='ocrx_word' id='word_1_505' title='bbox 1488 4310 1795 4379; x_wconf 87' lang='lat' dir='ltr'><strong>suppleant</strong></span> 
     </span>
    </p>
   </div>
   <div class='ocr_carea' id='block_1_75' title="bbox 140 4398 1110 4473">
    <p class='ocr_par' dir='ltr' id='par_1_75' title="bbox 140 4398 1110 4473">
     <span class='ocr_line' id='line_1_75' title="bbox 140 4398 1110 4473; baseline 0.006 -26"><span class='ocrx_word' id='word_1_506' title='bbox 140 4410 236 4463; x_wconf 65' lang='lat' dir='ltr'><strong>quae</strong></span> <span class='ocrx_word' id='word_1_507' title='bbox 266 4398 319 4473; x_wconf 89' lang='lat' dir='ltr'><strong>iu</strong></span> <span class='ocrx_word' id='word_1_508' title='bbox 345 4401 668 4454; x_wconf 81' lang='lat' dir='ltr'><strong>Ilofmanno</strong></span> <span class='ocrx_word' id='word_1_509' title='bbox 691 4400 1110 4453; x_wconf 84' lang='lat' dir='ltr'><strong>desiderantur.</strong></span> 
     </span>
    </p>
   </div>
   <div class='ocr_carea' id='block_1_76' title="bbox 190 4485 1786 4557">
    <p class='ocr_par' dir='ltr' id='par_1_76' title="bbox 190 4485 1786 4557">
     <span class='ocr_line' id='line_1_76' title="bbox 190 4485 1786 4557; baseline 0.003 -23"><span class='ocrx_word' id='word_1_510' title='bbox 190 4485 258 4537; x_wconf 73' lang='lat' dir='ltr'><strong>2b“.</strong></span> <span class='ocrx_word' id='word_1_511' title='bbox 288 4486 533 4557; x_wconf 89' lang='lat' dir='ltr'><strong>Scriptor</strong></span> <span class='ocrx_word' id='word_1_512' title='bbox 575 4487 707 4553; x_wconf 89' lang='lat' dir='ltr'><strong>iste,</strong></span> <span class='ocrx_word' id='word_1_513' title='bbox 750 4488 849 4557; x_wconf 90' lang='lat' dir='ltr'><strong>qui</strong></span> <span class='ocrx_word' id='word_1_514' title='bbox 883 4488 1111 4541; x_wconf 83' lang='lat' dir='ltr'><strong>nonnisi</strong></span> <span class='ocrx_word' id='word_1_515' title='bbox 1142 4488 1210 4541; x_wconf 86' lang='lat' dir='ltr'><strong>ad</strong></span> <span class='ocrx_word' id='word_1_516' title='bbox 1246 4503 1464 4541; x_wconf 89' lang='lat' dir='ltr'><strong>annum</strong></span> <span class='ocrx_word' id='word_1_517' title='bbox 1514 4489 1642 4541; x_wconf 67' lang='lat' dir='ltr'><strong>me</strong></span> <span class='ocrx_word' id='word_1_518' title='bbox 1674 4490 1786 4540; x_wconf 80' lang='lat' dir='ltr'><strong>An-</strong></span> 
     </span>
    </p>
   </div>
   <div class='ocr_carea' id='block_1_77' title="bbox 140 4570 1786 4645">
    <p class='ocr_par' dir='ltr' id='par_1_77' title="bbox 140 4570 1786 4645">
     <span class='ocr_line' id='line_1_77' title="bbox 140 4570 1786 4645; baseline 0.004 -23"><span class='ocrx_word' id='word_1_519' title='bbox 140 4570 259 4624; x_wconf 81' lang='lat' dir='ltr'><strong>nales</strong></span> <span class='ocrx_word' id='word_1_520' title='bbox 292 4592 416 4628; x_wconf 84' lang='lat' dir='ltr'><strong>suos</strong></span> <span class='ocrx_word' id='word_1_521' title='bbox 446 4576 743 4645; x_wconf 81' lang='lat' dir='ltr'><strong>perduxit,</strong></span> <span class='ocrx_word' id='word_1_522' title='bbox 772 4576 869 4629; x_wconf 89' lang='lat' dir='ltr'><strong>ubi</strong></span> <span class='ocrx_word' id='word_1_523' title='bbox 895 4592 1047 4629; x_wconf 91' lang='lat' dir='ltr'><strong>anno</strong></span> <span class='ocrx_word' id='word_1_524' title='bbox 1097 4580 1228 4631; x_wconf 74' lang='lat' dir='ltr'><strong>l37tl</strong></span> <span class='ocrx_word' id='word_1_525' title='bbox 1274 4576 1485 4629; x_wconf 89' lang='lat' dir='ltr'><strong>civium</strong></span> <span class='ocrx_word' id='word_1_526' title='bbox 1521 4577 1786 4628; x_wconf 87' lang='lat' dir='ltr'><strong>Bambcr-</strong></span> 
     </span>
    </p>
   </div>
   <div class='ocr_carea' id='block_1_78' title="bbox 144 4661 1785 4734">
    <p class='ocr_par' dir='ltr' id='par_1_78' title="bbox 144 4661 1785 4734">
     <span class='ocr_line' id='line_1_78' title="bbox 144 4661 1785 4734; baseline 0.006 -27"><span class='ocrx_word' id='word_1_527' title='bbox 144 4661 350 4721; x_wconf 64' lang='lat' dir='ltr'><strong>qensium</strong></span> <span class='ocrx_word' id='word_1_528' title='bbox 402 4665 719 4718; x_wconf 80' lang='lat' dir='ltr'><strong>seditiones</strong></span> <span class='ocrx_word' id='word_1_529' title='bbox 766 4664 1035 4717; x_wconf 62' lang='lat' dir='ltr'><strong>adversus</strong></span> <span class='ocrx_word' id='word_1_530' title='bbox 1086 4665 1451 4717; x_wconf 81' lang='lat' dir='ltr'><strong>Lambertum</strong></span> <span class='ocrx_word' id='word_1_531' title='bbox 1507 4681 1609 4717; x_wconf 76' lang='lat' dir='ltr'><strong>xxx</strong></span> <span class='ocrx_word' id='word_1_532' title='bbox 1664 4665 1785 4734; x_wconf 88' lang='lat' dir='ltr'><strong>epi—</strong></span> 
     </span>
    </p>
   </div>
   <div class='ocr_carea' id='block_1_79' title="bbox 146 4752 1788 4820">
    <p class='ocr_par' dir='ltr' id='par_1_79' title="bbox 146 4752 1788 4820">
     <span class='ocr_line' id='line_1_79' title="bbox 146 4752 1788 4820; baseline 0.004 -21"><span class='ocrx_word' id='word_1_533' title='bbox 146 4761 325 4815; x_wconf 47' lang='lat' dir='ltr'><strong>scopum</strong></span> <span class='ocrx_word' id='word_1_534' title='bbox 385 4754 580 4820; x_wconf 89' lang='lat' dir='ltr'><strong>paucis</strong></span> <span class='ocrx_word' id='word_1_535' title='bbox 660 4752 1018 4818; x_wconf 85' lang='lat' dir='ltr'><strong>memoravit,</strong></span> <span class='ocrx_word' id='word_1_536' title='bbox 1066 4753 1145 4805; x_wconf 85' lang='lat' dir='ltr'><strong>ita</strong></span> <span class='ocrx_word' id='word_1_537' title='bbox 1200 4752 1431 4806; x_wconf 86' lang='lat' dir='ltr'><strong>subdit:</strong></span> <span class='ocrx_word' id='word_1_538' title='bbox 1488 4775 1506 4797; x_wconf 73' lang='grc' dir='ltr'><strong><em>α</em></strong></span> <span class='ocrx_word' id='word_1_539' title='bbox 1572 4753 1788 4816; x_wconf 85' lang='lat' dir='ltr'><strong>Quibus</strong></span> 
     </span>
    </p>
   </div>
   <div class='ocr_carea' id='block_1_80' title="bbox 147 4837 1786 4911">
    <p class='ocr_par' dir='ltr' id='par_1_80' title="bbox 147 4837 1786 4911">
     <span class='ocr_line' id='line_1_80' title="bbox 147 4837 1786 4911; baseline 0.005 -24"><span class='ocrx_word' id='word_1_540' title='bbox 147 4837 286 4890; x_wconf 55' lang='lat' dir='ltr'><strong>verbis</strong></span> <span class='ocrx_word' id='word_1_541' title='bbox 318 4840 649 4896; x_wconf 86' lang='lat' dir='ltr'><strong>Lambertus</strong></span> <span class='ocrx_word' id='word_1_542' title='bbox 681 4841 740 4894; x_wconf 92' lang='lat' dir='ltr'><strong>in</strong></span> <span class='ocrx_word' id='word_1_543' title='bbox 776 4857 1049 4911; x_wconf 89' lang='lat' dir='ltr'><strong>magnum</strong></span> <span class='ocrx_word' id='word_1_544' title='bbox 1088 4842 1351 4894; x_wconf 88' lang='lat' dir='ltr'><strong>timorem</strong></span> <span class='ocrx_word' id='word_1_545' title='bbox 1407 4841 1661 4906; x_wconf 86' lang='lat' dir='ltr'><strong>adactus,</strong></span> <span class='ocrx_word' id='word_1_546' title='bbox 1717 4842 1786 4895; x_wconf 91' lang='lat' dir='ltr'><strong>ad</strong></span> 
     </span>
    </p>
   </div>
   <div class='ocr_carea' id='block_1_81' title="bbox 148 4918 1788 4999">
    <p class='ocr_par' dir='ltr' id='par_1_81' title="bbox 148 4918 1788 4999">
     <span class='ocr_line' id='line_1_81' title="bbox 148 4918 1788 4999; baseline 0.013 -38"><span class='ocrx_word' id='word_1_547' title='bbox 148 4918 341 4978; x_wconf 69' lang='lat' dir='ltr'><strong>divinam</strong></span> <span class='ocrx_word' id='word_1_548' title='bbox 373 4920 801 4999; x_wconf 49' lang='lat' dir='ltr'><strong>im&#39;plorandam</strong></span> <span class='ocrx_word' id='word_1_549' title='bbox 852 4945 1020 4998; x_wconf 90' lang='lat' dir='ltr'><strong>opem</strong></span> <span class='ocrx_word' id='word_1_550' title='bbox 1080 4930 1359 4999; x_wconf 82' lang='lat' dir='ltr'><strong>confugit,</strong></span> <span class='ocrx_word' id='word_1_551' title='bbox 1417 4934 1476 4983; x_wconf 89' lang='lat' dir='ltr'><strong>et</strong></span> <span class='ocrx_word' id='word_1_552' title='bbox 1521 4930 1788 4999; x_wconf 85' lang='lat' dir='ltr'><strong>sequenti</strong></span> 
     </span>
    </p>
   </div>
   <div class='ocr_carea' id='block_1_82' title="bbox 148 5015 1791 5086">
    <p class='ocr_par' dir='ltr' id='par_1_82' title="bbox 148 5015 1791 5086">
     <span class='ocr_line' id='line_1_82' title="bbox 148 5015 1791 5086; baseline 0.008 -28"><span class='ocrx_word' id='word_1_553' title='bbox 148 5023 276 5075; x_wconf 73' lang='lat' dir='ltr'><strong>anno,</strong></span> <span class='ocrx_word' id='word_1_554' title='bbox 306 5015 445 5069; x_wconf 88' lang='lat' dir='ltr'><strong>clero</strong></span> <span class='ocrx_word' id='word_1_555' title='bbox 478 5033 542 5070; x_wconf 88' lang='lat' dir='ltr'><strong>ac</strong></span> <span class='ocrx_word' id='word_1_556' title='bbox 573 5017 798 5086; x_wconf 88' lang='lat' dir='ltr'><strong>populo</strong></span> <span class='ocrx_word' id='word_1_557' title='bbox 814 5020 1107 5083; x_wconf 84' lang='lat' dir='ltr'><strong>advocato,</strong></span> <span class='ocrx_word' id='word_1_558' title='bbox 1138 5018 1453 5070; x_wconf 90' lang='lat' dir='ltr'><strong>tumultum</strong></span> <span class='ocrx_word' id='word_1_559' title='bbox 1484 5016 1537 5072; x_wconf 91' lang='lat' dir='ltr'><strong>S.</strong></span> <span class='ocrx_word' id='word_1_560' title='bbox 1566 5018 1791 5071; x_wconf 78' lang='lat' dir='ltr'><strong>Ilenrici</strong></span> 
     </span>
    </p>
   </div>
   <div class='ocr_carea' id='block_1_83' title="bbox 150 5100 1787 5177">
    <p class='ocr_par' dir='ltr' id='par_1_83' title="bbox 150 5100 1787 5177">
     <span class='ocr_line' id='line_1_83' title="bbox 150 5100 1787 5177; baseline 0.007 -30"><span class='ocrx_word' id='word_1_561' title='bbox 150 5100 334 5161; x_wconf 43' lang='lat' dir='ltr'><strong>aperuit,</strong></span> <span class='ocrx_word' id='word_1_562' title='bbox 362 5109 415 5156; x_wconf 89' lang='lat' dir='ltr'><strong>et</strong></span> <span class='ocrx_word' id='word_1_563' title='bbox 439 5105 722 5176; x_wconf 89' lang='lat' dir='ltr'><strong>reliquias</strong></span> <span class='ocrx_word' id='word_1_564' title='bbox 748 5105 872 5173; x_wconf 82' lang='lat' dir='ltr'><strong>ejus</strong></span> <span class='ocrx_word' id='word_1_565' title='bbox 904 5122 1089 5158; x_wconf 86' lang='lat' dir='ltr'><strong>sacras</strong></span> <span class='ocrx_word' id='word_1_566' title='bbox 1134 5106 1367 5175; x_wconf 88' lang='lat' dir='ltr'><strong>protulit</strong></span> <span class='ocrx_word' id='word_1_567' title='bbox 1401 5123 1417 5157; x_wconf 92' lang='lat'><strong><em>:</em></strong></span> <span class='ocrx_word' id='word_1_568' title='bbox 1458 5128 1477 5151; x_wconf 76' lang='grc' dir='ltr'><strong>ι)</strong></span> <span class='ocrx_word' id='word_1_569' title='bbox 1537 5122 1605 5159; x_wconf 84' lang='lat' dir='ltr'><strong>ex</strong></span> <span class='ocrx_word' id='word_1_570' title='bbox 1659 5106 1787 5177; x_wconf 90' lang='lat' dir='ltr'><strong>qui-</strong></span> 
     </span>
    </p>
   </div>
   <div class='ocr_carea' id='block_1_84' title="bbox 152 5180 1786 5265">
    <p class='ocr_par' dir='ltr' id='par_1_84' title="bbox 152 5180 1786 5265">
     <span class='ocr_line' id='line_1_84' title="bbox 152 5180 1786 5265; baseline 0.01 -34"><span class='ocrx_word' id='word_1_571' title='bbox 152 5180 225 5234; x_wconf 77' lang='lat' dir='ltr'><strong>bus</strong></span> <span class='ocrx_word' id='word_1_572' title='bbox 260 5190 376 5258; x_wconf 87' lang='lat' dir='ltr'><strong>quid</strong></span> <span class='ocrx_word' id='word_1_573' title='bbox 404 5198 523 5247; x_wconf 86' lang='lat' dir='ltr'><strong>tum</strong></span> <span class='ocrx_word' id='word_1_574' title='bbox 566 5200 796 5259; x_wconf 77' lang='lat' dir='ltr'><strong>gestum</strong></span> <span class='ocrx_word' id='word_1_575' title='bbox 830 5194 921 5259; x_wconf 90' lang='lat' dir='ltr'><strong>sit,</strong></span> <span class='ocrx_word' id='word_1_576' title='bbox 972 5194 1083 5259; x_wconf 81' lang='lat' dir='ltr'><strong>vix,</strong></span> <span class='ocrx_word' id='word_1_577' title='bbox 1123 5200 1220 5247; x_wconf 88' lang='lat' dir='ltr'><strong>aut</strong></span> <span class='ocrx_word' id='word_1_578' title='bbox 1275 5210 1348 5247; x_wconf 89' lang='lat' dir='ltr'><strong>ne</strong></span> <span class='ocrx_word' id='word_1_579' title='bbox 1406 5194 1494 5246; x_wconf 84' lang='lat' dir='ltr'><strong>vix</strong></span> <span class='ocrx_word' id='word_1_580' title='bbox 1553 5194 1786 5265; x_wconf 82' lang='lat' dir='ltr'><strong>quidem</strong></span> 
     </span>
    </p>
   </div>
   <div class='ocr_carea' id='block_1_85' title="bbox 153 5275 1790 5353">
    <p class='ocr_par' dir='ltr' id='par_1_85' title="bbox 153 5275 1790 5353">
     <span class='ocr_line' id='line_1_85' title="bbox 153 5275 1790 5353; baseline 0.01 -32"><span class='ocrx_word' id='word_1_581' title='bbox 153 5275 392 5347; x_wconf 78' lang='lat' dir='ltr'><strong>intelligas.</strong></span> <span class='ocrx_word' id='word_1_582' title='bbox 424 5281 555 5337; x_wconf 57' lang='lat' dir='ltr'><strong>Haec</strong></span> <span class='ocrx_word' id='word_1_583' title='bbox 585 5282 766 5353; x_wconf 88' lang='lat' dir='ltr'><strong>paulo</strong></span> <span class='ocrx_word' id='word_1_584' title='bbox 800 5282 1031 5335; x_wconf 86' lang='lat' dir='ltr'><strong>uberius</strong></span> <span class='ocrx_word' id='word_1_585' title='bbox 1078 5282 1250 5335; x_wconf 87' lang='lat' dir='ltr'><strong>citata</strong></span> <span class='ocrx_word' id='word_1_586' title='bbox 1299 5281 1587 5336; x_wconf 88' lang='lat' dir='ltr'><strong>Gamansii</strong></span> <span class='ocrx_word' id='word_1_587' title='bbox 1635 5283 1790 5337; x_wconf 90' lang='lat' dir='ltr'><strong>sche-</strong></span> 
     </span>
    </p>
   </div>
   <div class='ocr_carea' id='block_1_86' title="bbox 152 5356 1789 5439">
    <p class='ocr_par' dir='ltr' id='par_1_86' title="bbox 152 5356 1789 5439">
     <span class='ocr_line' id='line_1_86' title="bbox 152 5356 1789 5439; baseline 0.002 -20"><span class='ocrx_word' id='word_1_588' title='bbox 152 5356 216 5419; x_wconf 62' lang='lat' dir='ltr'><strong>da.</strong></span> <span class='ocrx_word' id='word_1_589' title='bbox 241 5378 386 5431; x_wconf 80' lang='lat' dir='ltr'><strong>quam</strong></span> <span class='ocrx_word' id='word_1_590' title='bbox 416 5368 471 5422; x_wconf 91' lang='lat' dir='ltr'><strong>in</strong></span> <span class='ocrx_word' id='word_1_591' title='bbox 503 5371 631 5439; x_wconf 86' lang='lat' dir='ltr'><strong>ejus</strong></span> <span class='ocrx_word' id='word_1_592' title='bbox 662 5369 777 5423; x_wconf 75' lang='lat' dir='ltr'><strong>fide</strong></span> <span class='ocrx_word' id='word_1_593' title='bbox 819 5370 1090 5439; x_wconf 89' lang='lat' dir='ltr'><strong>produco.</strong></span> <span class='ocrx_word' id='word_1_594' title='bbox 1125 5392 1150 5417; x_wconf 85' lang='grc'><strong>‹‹</strong></span> <span class='ocrx_word' id='word_1_595' title='bbox 1183 5370 1299 5425; x_wconf 90' lang='lat' dir='ltr'><strong>Sub</strong></span> <span class='ocrx_word' id='word_1_596' title='bbox 1354 5371 1463 5424; x_wconf 91' lang='lat' dir='ltr'><strong>isto</strong></span> <span class='ocrx_word' id='word_1_597' title='bbox 1522 5386 1789 5425; x_wconf 88' lang='lat' dir='ltr'><strong>reveren-</strong></span> 
     </span>
    </p>
   </div>
   <div class='ocr_carea' id='block_1_87' title="bbox 154 5444 1787 5528">
    <p class='ocr_par' dir='ltr' id='par_1_87' title="bbox 154 5444 1787 5528">
     <span class='ocr_line' id='line_1_87' title="bbox 154 5444 1787 5528; baseline 0.011 -35"><span class='ocrx_word' id='word_1_598' title='bbox 154 5444 329 5503; x_wconf 80' lang='lat' dir='ltr'><strong>dissimo</strong></span> <span class='ocrx_word' id='word_1_599' title='bbox 364 5454 417 5508; x_wconf 89' lang='lat' dir='ltr'><strong>in</strong></span> <span class='ocrx_word' id='word_1_600' title='bbox 472 5458 700 5511; x_wconf 77' lang='lat' dir='ltr'><strong>Christo</strong></span> <span class='ocrx_word' id='word_1_601' title='bbox 735 5463 897 5528; x_wconf 88' lang='lat' dir='ltr'><strong>patre</strong></span> <span class='ocrx_word' id='word_1_602' title='bbox 949 5476 1013 5512; x_wconf 90' lang='lat' dir='ltr'><strong>ac</strong></span> <span class='ocrx_word' id='word_1_603' title='bbox 1074 5459 1315 5512; x_wconf 89' lang='lat' dir='ltr'><strong>Domino</strong></span> <span class='ocrx_word' id='word_1_604' title='bbox 1347 5460 1412 5512; x_wconf 93' lang='lat' dir='ltr'><strong>D.</strong></span> <span class='ocrx_word' id='word_1_605' title='bbox 1466 5458 1787 5521; x_wconf 86' lang='lat' dir='ltr'><strong>Lamberto,</strong></span> 
     </span>
    </p>
   </div>
   <div class='ocr_carea' id='block_1_88' title="bbox 159 5543 1791 5611">
    <p class='ocr_par' dir='ltr' id='par_1_88' title="bbox 159 5543 1791 5611">
     <span class='ocr_line' id='line_1_88' title="bbox 159 5543 1791 5611; baseline 0.009 -26"><span class='ocrx_word' id='word_1_606' title='bbox 159 5546 266 5590; x_wconf 81' lang='lat' dir='ltr'><strong>anno</strong></span> <span class='ocrx_word' id='word_1_607' title='bbox 315 5543 459 5599; x_wconf 88' lang='lat' dir='ltr'><strong>Dom.</strong></span> <span class='ocrx_word' id='word_1_608' title='bbox 533 5562 834 5611; x_wconf 70' lang='lat' dir='ltr'><strong>ncccnxxx,</strong></span> <span class='ocrx_word' id='word_1_609' title='bbox 898 5547 1099 5601; x_wconf 89' lang='lat' dir='ltr'><strong>lndict.</strong></span> <span class='ocrx_word' id='word_1_610' title='bbox 1162 5565 1245 5611; x_wconf 88' lang='lat' dir='ltr'><strong>IlI,</strong></span> <span class='ocrx_word' id='word_1_611' title='bbox 1297 5546 1388 5600; x_wconf 88' lang='lat' dir='ltr'><strong>die</strong></span> <span class='ocrx_word' id='word_1_612' title='bbox 1442 5564 1539 5600; x_wconf 83' lang='lat' dir='ltr'><strong>vni</strong></span> <span class='ocrx_word' id='word_1_613' title='bbox 1579 5548 1791 5600; x_wconf 89' lang='lat' dir='ltr'><strong>mensis</strong></span> 
     </span>
    </p>
   </div>
   <div class='ocr_carea' id='block_1_89' title="bbox 160 5618 1790 5707">
    <p class='ocr_par' dir='ltr' id='par_1_89' title="bbox 160 5618 1790 5707">
     <span class='ocr_line' id='line_1_89' title="bbox 160 5618 1790 5707; baseline 0.012 -36"><span class='ocrx_word' id='word_1_614' title='bbox 160 5618 271 5707; x_wconf 70' lang='lat' dir='ltr'><strong>Iulii,</strong></span> <span class='ocrx_word' id='word_1_615' title='bbox 340 5648 443 5701; x_wconf 86' lang='lat' dir='ltr'><strong>qua</strong></span> <span class='ocrx_word' id='word_1_616' title='bbox 506 5636 716 5689; x_wconf 83' lang='lat' dir='ltr'><strong>festum</strong></span> <span class='ocrx_word' id='word_1_617' title='bbox 791 5636 983 5706; x_wconf 83' lang='lat' dir='ltr'><strong>agitur</strong></span> <span class='ocrx_word' id='word_1_618' title='bbox 1060 5643 1391 5690; x_wconf 88' lang='lat' dir='ltr'><strong>sanctorum</strong></span> <span class='ocrx_word' id='word_1_619' title='bbox 1477 5641 1790 5707; x_wconf 78' lang='lat' dir='ltr'><strong>martyrum</strong></span> 
     </span>
    </p>
   </div>
   <div class='ocr_carea' id='block_1_90' title="bbox 164 5706 1788 5794">
    <p class='ocr_par' dir='ltr' id='par_1_90' title="bbox 164 5706 1788 5794">
     <span class='ocr_line' id='line_1_90' title="bbox 164 5706 1788 5794; baseline 0.001 -20"><span class='ocrx_word' id='word_1_620' title='bbox 164 5706 328 5774; x_wconf 54' lang='lat' dir='ltr'><strong>killhni</strong></span> <span class='ocrx_word' id='word_1_621' title='bbox 383 5737 441 5771; x_wconf 87' lang='lat' dir='ltr'><strong>ac</strong></span> <span class='ocrx_word' id='word_1_622' title='bbox 519 5724 808 5777; x_wconf 85' lang='lat' dir='ltr'><strong>sociorum</strong></span> <span class='ocrx_word' id='word_1_623' title='bbox 900 5726 1042 5793; x_wconf 75' lang='lat' dir='ltr'><strong>ejus,</strong></span> <span class='ocrx_word' id='word_1_624' title='bbox 1150 5724 1445 5794; x_wconf 55' lang='lat' dir='ltr'><strong>regimini:</strong></span> <span class='ocrx_word' id='word_1_625' title='bbox 1510 5725 1593 5776; x_wconf 80' lang='lat' dir='ltr'><strong>sui</strong></span> <span class='ocrx_word' id='word_1_626' title='bbox 1660 5741 1788 5776; x_wconf 69' lang='lat' dir='ltr'><strong>sex-</strong></span> 
     </span>
    </p>
   </div>
   <div class='ocr_carea' id='block_1_91' title="bbox 1910 3248 3604 3320">
    <p class='ocr_par' dir='ltr' id='par_1_91' title="bbox 1910 3248 3604 3320">
     <span class='ocr_line' id='line_1_91' title="bbox 1910 3248 3604 3320; baseline -0.001 -15"><span class='ocrx_word' id='word_1_627' title='bbox 1910 3250 2213 3305; x_wconf 87' lang='lat' dir='ltr'><strong>Henricum</strong></span> <span class='ocrx_word' id='word_1_628' title='bbox 2246 3252 2655 3320; x_wconf 83' lang='lat' dir='ltr'><strong>Imperatorem</strong></span> <span class='ocrx_word' id='word_1_629' title='bbox 2714 3248 3068 3302; x_wconf 85' lang='lat' dir='ltr'><strong>tumulavit:</strong></span> <span class='ocrx_word' id='word_1_630' title='bbox 3129 3250 3449 3319; x_wconf 83' lang='lat' dir='ltr'><strong>Egilbertus</strong></span> <span class='ocrx_word' id='word_1_631' title='bbox 3502 3266 3604 3303; x_wconf 72' lang='lat' dir='ltr'><strong>no-</strong></span> 
     </span>
    </p>
   </div>
   <div class='ocr_carea' id='block_1_92' title="bbox 1906 3338 3605 3408">
    <p class='ocr_par' dir='ltr' id='par_1_92' title="bbox 1906 3338 3605 3408">
     <span class='ocr_line' id='line_1_92' title="bbox 1906 3338 3605 3408; baseline -0.001 -16"><span class='ocrx_word' id='word_1_632' title='bbox 1906 3356 2014 3392; x_wconf 91' lang='lat' dir='ltr'><strong>nus</strong></span> <span class='ocrx_word' id='word_1_633' title='bbox 2075 3339 2561 3403; x_wconf 82' lang='lat' dir='ltr'><strong>Babenbergensis</strong></span> <span class='ocrx_word' id='word_1_634' title='bbox 2649 3338 2951 3407; x_wconf 85' lang='lat' dir='ltr'><strong>cpiscopus</strong></span> <span class='ocrx_word' id='word_1_635' title='bbox 3007 3338 3367 3391; x_wconf 81' lang='lat' dir='ltr'><strong>canonizavit</strong></span> <span class='ocrx_word' id='word_1_636' title='bbox 3418 3338 3605 3408; x_wconf 69' lang='lat' dir='ltr'><strong>ipsum</strong></span> 
     </span>
    </p>
   </div>
   <div class='ocr_carea' id='block_1_93' title="bbox 1904 3426 3608 3497">
    <p class='ocr_par' dir='ltr' id='par_1_93' title="bbox 1904 3426 3608 3497">
     <span class='ocr_line' id='line_1_93' title="bbox 1904 3426 3608 3497; baseline -0.002 -14"><span class='ocrx_word' id='word_1_637' title='bbox 1904 3428 2293 3483; x_wconf 85' lang='lat' dir='ltr'><strong>S.Ilenricum</strong></span> <span class='ocrx_word' id='word_1_638' title='bbox 2345 3430 2571 3496; x_wconf 82' lang='lat' dir='ltr'><strong>(nempe</strong></span> <span class='ocrx_word' id='word_1_639' title='bbox 2613 3443 2717 3497; x_wconf 87' lang='lat' dir='ltr'><strong>per</strong></span> <span class='ocrx_word' id='word_1_640' title='bbox 2772 3426 3091 3497; x_wconf 83' lang='lat' dir='ltr'><strong>Eugenium</strong></span> <span class='ocrx_word' id='word_1_641' title='bbox 3151 3428 3221 3481; x_wconf 90' lang='lat' dir='ltr'><strong>III</strong></span> <span class='ocrx_word' id='word_1_642' title='bbox 3276 3428 3508 3496; x_wconf 83' lang='lat' dir='ltr'><strong>Papam)</strong></span> <span class='ocrx_word' id='word_1_643' title='bbox 3553 3432 3608 3480; x_wconf 91' lang='lat' dir='ltr'><strong>et</strong></span> 
     </span>
    </p>
   </div>
   <div class='ocr_carea' id='block_1_94' title="bbox 1908 3515 3603 3587">
    <p class='ocr_par' dir='ltr' id='par_1_94' title="bbox 1908 3515 3603 3587">
     <span class='ocr_line' id='line_1_94' title="bbox 1908 3515 3603 3587; baseline -0.001 -17"><span class='ocrx_word' id='word_1_644' title='bbox 1908 3517 2266 3570; x_wconf 87' lang='lat' dir='ltr'><strong>Eberhardus</strong></span> <span class='ocrx_word' id='word_1_645' title='bbox 2316 3517 2438 3569; x_wconf 79' lang='lat' dir='ltr'><strong>Dux</strong></span> <span class='ocrx_word' id='word_1_646' title='bbox 2489 3517 2760 3579; x_wconf 73' lang='lat' dir='ltr'><strong>Bavariae,</strong></span> <span class='ocrx_word' id='word_1_647' title='bbox 2828 3515 3084 3569; x_wconf 91' lang='lat' dir='ltr'><strong>decimus</strong></span> <span class='ocrx_word' id='word_1_648' title='bbox 3139 3515 3440 3587; x_wconf 88' lang='lat' dir='ltr'><strong>episcopus</strong></span> <span class='ocrx_word' id='word_1_649' title='bbox 3504 3517 3603 3569; x_wconf 83' lang='lat' dir='ltr'><strong>Ba-</strong></span> 
     </span>
    </p>
   </div>
   <div class='ocr_carea' id='block_1_95' title="bbox 1904 3604 3604 3675">
    <p class='ocr_par' dir='ltr' id='par_1_95' title="bbox 1904 3604 3604 3675">
     <span class='ocr_line' id='line_1_95' title="bbox 1904 3604 3604 3675; baseline -0.001 -16"><span class='ocrx_word' id='word_1_650' title='bbox 1904 3606 2076 3659; x_wconf 90' lang='lat' dir='ltr'><strong>benb.</strong></span> <span class='ocrx_word' id='word_1_651' title='bbox 2148 3606 2437 3657; x_wconf 87' lang='lat' dir='ltr'><strong>transtulit</strong></span> <span class='ocrx_word' id='word_1_652' title='bbox 2505 3605 2807 3675; x_wconf 69' lang='lat' dir='ltr'><strong>praefatum</strong></span> <span class='ocrx_word' id='word_1_653' title='bbox 2864 3610 3082 3673; x_wconf 84' lang='lat' dir='ltr'><strong>patrem</strong></span> <span class='ocrx_word' id='word_1_654' title='bbox 3128 3610 3185 3657; x_wconf 91' lang='lat' dir='ltr'><strong>et</strong></span> <span class='ocrx_word' id='word_1_655' title='bbox 3236 3604 3604 3657; x_wconf 74' lang='lat' dir='ltr'><strong>fundatorem</strong></span> 
     </span>
    </p>
   </div>
   <div class='ocr_carea' id='block_1_96' title="bbox 1903 3691 3602 3762">
    <p class='ocr_par' dir='ltr' id='par_1_96' title="bbox 1903 3691 3602 3762">
     <span class='ocr_line' id='line_1_96' title="bbox 1903 3691 3602 3762; baseline -0.001 -15"><span class='ocrx_word' id='word_1_656' title='bbox 1903 3692 2153 3747; x_wconf 72' lang='lat' dir='ltr'><strong>ecclesia:</strong></span> <span class='ocrx_word' id='word_1_657' title='bbox 2304 3691 2609 3746; x_wconf 83' lang='lat' dir='ltr'><strong>Henricum</strong></span> <span class='ocrx_word' id='word_1_658' title='bbox 2641 3692 2965 3762; x_wconf 81' lang='lat' dir='ltr'><strong>sanctisque</strong></span> <span class='ocrx_word' id='word_1_659' title='bbox 3012 3692 3150 3745; x_wconf 91' lang='lat' dir='ltr'><strong>locis</strong></span> <span class='ocrx_word' id='word_1_660' title='bbox 3210 3692 3602 3746; x_wconf 80' lang='lat' dir='ltr'><strong>venerandum</strong></span> 
     </span>
    </p>
   </div>
   <div class='ocr_carea' id='block_1_97' title="bbox 1903 3780 3598 3841">
    <p class='ocr_par' dir='ltr' id='par_1_97' title="bbox 1903 3780 3598 3841">
     <span class='ocr_line' id='line_1_97' title="bbox 1903 3780 3598 3841; baseline -0.001 -6"><span class='ocrx_word' id='word_1_661' title='bbox 1903 3781 2335 3835; x_wconf 87' lang='lat' dir='ltr'><strong>commendavit</strong></span> <span class='ocrx_word' id='word_1_662' title='bbox 2394 3798 2544 3834; x_wconf 89' lang='lat' dir='ltr'><strong>anno</strong></span> <span class='ocrx_word' id='word_1_663' title='bbox 2624 3782 2785 3834; x_wconf 90' lang='lat' dir='ltr'><strong>Dom.</strong></span> <span class='ocrx_word' id='word_1_664' title='bbox 2850 3798 3087 3840; x_wconf 65' lang='lat' dir='ltr'><strong>meum,</strong></span> <span class='ocrx_word' id='word_1_665' title='bbox 3139 3780 3229 3833; x_wconf 91' lang='lat' dir='ltr'><strong>die</strong></span> <span class='ocrx_word' id='word_1_666' title='bbox 3295 3798 3390 3834; x_wconf 81' lang='lat' dir='ltr'><strong>XIII</strong></span> <span class='ocrx_word' id='word_1_667' title='bbox 3445 3781 3598 3841; x_wconf 82' lang='lat' dir='ltr'><strong>Julii,</strong></span> 
     </span>
    </p>
   </div>
   <div class='ocr_carea' id='block_1_98' title="bbox 1904 3868 3602 3941">
    <p class='ocr_par' dir='ltr' id='par_1_98' title="bbox 1904 3868 3602 3941">
     <span class='ocr_line' id='line_1_98' title="bbox 1904 3868 3602 3941; baseline -0.004 -18"><span class='ocrx_word' id='word_1_668' title='bbox 1904 3870 2285 3941; x_wconf 75' lang='lat' dir='ltr'><strong>prmsentibus</strong></span> <span class='ocrx_word' id='word_1_669' title='bbox 2344 3869 2557 3922; x_wconf 87' lang='lat' dir='ltr'><strong>ibidem</strong></span> <span class='ocrx_word' id='word_1_670' title='bbox 2624 3869 3042 3921; x_wconf 84' lang='lat' dir='ltr'><strong>venerabilibus</strong></span> <span class='ocrx_word' id='word_1_671' title='bbox 3117 3868 3473 3939; x_wconf 86' lang='lat' dir='ltr'><strong>principibus</strong></span> <span class='ocrx_word' id='word_1_672' title='bbox 3542 3890 3602 3921; x_wconf 71' lang='lat' dir='ltr'><strong>ac,</strong></span> 
     </span>
    </p>
   </div>
   <div class='ocr_carea' id='block_1_99' title="bbox 1903 3956 3603 4026">
    <p class='ocr_par' dir='ltr' id='par_1_99' title="bbox 1903 3956 3603 4026">
     <span class='ocr_line' id='line_1_99' title="bbox 1903 3956 3603 4026; baseline -0.002 -14"><span class='ocrx_word' id='word_1_673' title='bbox 1903 3958 2153 4013; x_wconf 87' lang='lat' dir='ltr'><strong>dominis</strong></span> <span class='ocrx_word' id='word_1_674' title='bbox 2188 3959 2250 4011; x_wconf 83' lang='grc' dir='ltr'><strong>Ι).</strong></span> <span class='ocrx_word' id='word_1_675' title='bbox 2288 3958 2612 4011; x_wconf 83' lang='lat' dir='ltr'><strong>Eberliardo</strong></span> <span class='ocrx_word' id='word_1_676' title='bbox 2648 3958 3048 4026; x_wconf 82' lang='lat' dir='ltr'><strong>Salzburgensi</strong></span> <span class='ocrx_word' id='word_1_677' title='bbox 3085 3956 3513 4026; x_wconf 84' lang='lat' dir='ltr'><strong>archiepiscopo</strong></span> <span class='ocrx_word' id='word_1_678' title='bbox 3548 3962 3603 4009; x_wconf 92' lang='lat' dir='ltr'><strong>et</strong></span> 
     </span>
    </p>
   </div>
   <div class='ocr_carea' id='block_1_100' title="bbox 1904 4045 3602 4117">
    <p class='ocr_par' dir='ltr' id='par_1_100' title="bbox 1904 4045 3602 4117">
     <span class='ocr_line' id='line_1_100' title="bbox 1904 4045 3602 4117; baseline -0.003 -15"><span class='ocrx_word' id='word_1_679' title='bbox 1904 4050 2255 4102; x_wconf 85' lang='lat' dir='ltr'><strong>Ilartmanno</strong></span> <span class='ocrx_word' id='word_1_680' title='bbox 2310 4046 2584 4100; x_wconf 83' lang='lat' dir='ltr'><strong>Brixiensi</strong></span> <span class='ocrx_word' id='word_1_681' title='bbox 2668 4046 2961 4117; x_wconf 89' lang='lat' dir='ltr'><strong>episcopo,</strong></span> <span class='ocrx_word' id='word_1_682' title='bbox 3023 4062 3153 4099; x_wconf 89' lang='lat' dir='ltr'><strong>cum</strong></span> <span class='ocrx_word' id='word_1_683' title='bbox 3208 4045 3404 4099; x_wconf 81' lang='lat' dir='ltr'><strong>multis</strong></span> <span class='ocrx_word' id='word_1_684' title='bbox 3476 4045 3602 4097; x_wconf 75' lang='lat' dir='ltr'><strong>aliis</strong></span> 
     </span>
    </p>
   </div>
   <div class='ocr_carea' id='block_1_101' title="bbox 1904 4134 2981 4207">
    <p class='ocr_par' dir='ltr' id='par_1_101' title="bbox 1904 4134 2981 4207">
     <span class='ocr_line' id='line_1_101' title="bbox 1904 4134 2981 4207; baseline -0.003 -18"><span class='ocrx_word' id='word_1_685' title='bbox 1904 4136 2184 4207; x_wconf 86' lang='lat' dir='ltr'><strong>religiosis</strong></span> <span class='ocrx_word' id='word_1_686' title='bbox 2225 4135 2489 4189; x_wconf 88' lang='lat' dir='ltr'><strong>tidelibus</strong></span> <span class='ocrx_word' id='word_1_687' title='bbox 2509 4152 2571 4188; x_wconf 92' lang='lat' dir='ltr'><strong>ac</strong></span> <span class='ocrx_word' id='word_1_688' title='bbox 2605 4136 2718 4188; x_wconf 91' lang='lat' dir='ltr'><strong>Deo</strong></span> <span class='ocrx_word' id='word_1_689' title='bbox 2741 4134 2981 4188; x_wconf 87' lang='lat' dir='ltr'><strong>devotis.</strong></span> 
     </span>
    </p>
   </div>
   <div class='ocr_carea' id='block_1_102' title="bbox 1974 4222 3594 4293">
    <p class='ocr_par' dir='ltr' id='par_1_102' title="bbox 1974 4222 3594 4293">
     <span class='ocr_line' id='line_1_102' title="bbox 1974 4222 3594 4293; baseline -0.002 -16"><span class='ocrx_word' id='word_1_690' title='bbox 1974 4228 2043 4279; x_wconf 73' lang='lat'><strong>28</strong></span> <span class='ocrx_word' id='word_1_691' title='bbox 2076 4229 2359 4293; x_wconf 87' lang='lat' dir='ltr'><strong>Apertura</strong></span> <span class='ocrx_word' id='word_1_692' title='bbox 2406 4223 2745 4293; x_wconf 81' lang='lat' dir='ltr'><strong>sarcophagi</strong></span> <span class='ocrx_word' id='word_1_693' title='bbox 2804 4222 3154 4292; x_wconf 73' lang='lat' dir='ltr'><strong>requirenda</strong></span> <span class='ocrx_word' id='word_1_694' title='bbox 3213 4226 3299 4275; x_wconf 88' lang='lat' dir='ltr'><strong>est</strong></span> <span class='ocrx_word' id='word_1_695' title='bbox 3375 4222 3430 4275; x_wconf 91' lang='lat' dir='ltr'><strong>in</strong></span> <span class='ocrx_word' id='word_1_696' title='bbox 3491 4239 3594 4290; x_wconf 86' lang='lat' dir='ltr'><strong>po-</strong></span> 
     </span>
    </p>
   </div>
   <div class='ocr_carea' id='block_1_103' title="bbox 1902 4311 3599 4383">
    <p class='ocr_par' dir='ltr' id='par_1_103' title="bbox 1902 4311 3599 4383">
     <span class='ocr_line' id='line_1_103' title="bbox 1902 4311 3599 4383; baseline -0.004 -16"><span class='ocrx_word' id='word_1_697' title='bbox 1902 4312 2130 4367; x_wconf 87' lang='lat' dir='ltr'><strong>steriori</strong></span> <span class='ocrx_word' id='word_1_698' title='bbox 2160 4312 2342 4382; x_wconf 88' lang='lat' dir='ltr'><strong>capite</strong></span> <span class='ocrx_word' id='word_1_699' title='bbox 2376 4312 2480 4365; x_wconf 70' lang='lat' dir='ltr'><strong>sub</strong></span> <span class='ocrx_word' id='word_1_700' title='bbox 2509 4318 2670 4381; x_wconf 84' lang='lat' dir='ltr'><strong>tergo</strong></span> <span class='ocrx_word' id='word_1_701' title='bbox 2703 4311 2974 4383; x_wconf 80' lang='lat' dir='ltr'><strong>imaginis</strong></span> <span class='ocrx_word' id='word_1_702' title='bbox 3006 4312 3186 4364; x_wconf 61' lang='lat' dir='ltr'><strong>beatae,</strong></span> <span class='ocrx_word' id='word_1_703' title='bbox 3222 4311 3408 4364; x_wconf 68' lang='lat' dir='ltr'><strong>Mariae</strong></span> <span class='ocrx_word' id='word_1_704' title='bbox 3471 4311 3599 4362; x_wconf 77' lang='lat' dir='ltr'><strong>Vir-</strong></span> 
     </span>
    </p>
   </div>
   <div class='ocr_carea' id='block_1_104' title="bbox 1829 4401 3597 4504">
    <p class='ocr_par' dir='ltr' id='par_1_104' title="bbox 1829 4401 3597 4504">
     <span class='ocr_line' id='line_1_104' title="bbox 1829 4401 3597 4504; baseline -0.003 -49"><span class='ocrx_word' id='word_1_705' title='bbox 1829 4452 1872 4504; x_wconf 68' lang='grc' dir='ltr'><strong>Β</strong></span> <span class='ocrx_word' id='word_1_706' title='bbox 1905 4402 2075 4473; x_wconf 90' lang='lat' dir='ltr'><strong>ginis,</strong></span> <span class='ocrx_word' id='word_1_707' title='bbox 2108 4402 2205 4455; x_wconf 87' lang='lat' dir='ltr'><strong>ubi</strong></span> <span class='ocrx_word' id='word_1_708' title='bbox 2236 4401 2447 4470; x_wconf 87' lang='lat' dir='ltr'><strong>scripta</strong></span> <span class='ocrx_word' id='word_1_709' title='bbox 2470 4407 2603 4454; x_wconf 81' lang='lat' dir='ltr'><strong>sunt</strong></span> <span class='ocrx_word' id='word_1_710' title='bbox 2635 4402 2754 4453; x_wconf 68' lang='lat' dir='ltr'><strong>hmc</strong></span> <span class='ocrx_word' id='word_1_711' title='bbox 2787 4401 2958 4453; x_wconf 87' lang='lat' dir='ltr'><strong>verba</strong></span> <span class='ocrx_word' id='word_1_712' title='bbox 2992 4417 3002 4451; x_wconf 89' lang='lat'>:</span> <span class='ocrx_word' id='word_1_713' title='bbox 3038 4403 3231 4453; x_wconf 66' lang='lat' dir='ltr'><strong>ACREA</strong></span> <span class='ocrx_word' id='word_1_714' title='bbox 3268 4415 3435 4453; x_wconf 71' lang='lat' dir='ltr'><strong>PORTA</strong></span> <span class='ocrx_word' id='word_1_715' title='bbox 3468 4416 3597 4451; x_wconf 64' lang='lat' dir='ltr'><strong>cum:</strong></span> 
     </span>
    </p>
   </div>
   <div class='ocr_carea' id='block_1_105' title="bbox 1908 4488 3598 4550">
    <p class='ocr_par' dir='ltr' id='par_1_105' title="bbox 1908 4488 3598 4550">
     <span class='ocr_line' id='line_1_105' title="bbox 1908 4488 3598 4550; baseline -0.003 -5"><span class='ocrx_word' id='word_1_716' title='bbox 1908 4493 2140 4545; x_wconf 72' lang='lat' dir='ltr'><strong>Lucano</strong></span> <span class='ocrx_word' id='word_1_717' title='bbox 2192 4506 2569 4550; x_wconf 72' lang='lat' dir='ltr'><strong>RELIQUIARUM</strong></span> <span class='ocrx_word' id='word_1_718' title='bbox 2613 4507 2663 4542; x_wconf 75' lang='lat' dir='ltr'><strong>IN</strong></span> <span class='ocrx_word' id='word_1_719' title='bbox 2714 4506 2869 4542; x_wconf 74' lang='lat' dir='ltr'><strong>resro</strong></span> <span class='ocrx_word' id='word_1_720' title='bbox 2916 4490 2969 4542; x_wconf 82' lang='grc'><strong>8.</strong></span> <span class='ocrx_word' id='word_1_721' title='bbox 3031 4488 3257 4542; x_wconf 61' lang='lat' dir='ltr'><strong>limaret</strong></span> <span class='ocrx_word' id='word_1_722' title='bbox 3290 4504 3357 4540; x_wconf 60' lang='lat' dir='ltr'><strong>an</strong></span> <span class='ocrx_word' id='word_1_723' title='bbox 3406 4504 3598 4541; x_wconf 71' lang='lat' dir='ltr'><strong>sanco-</strong></span> 
     </span>
    </p>
   </div>
   <div class='ocr_carea' id='block_1_106' title="bbox 1901 4575 3595 4648">
    <p class='ocr_par' dir='ltr' id='par_1_106' title="bbox 1901 4575 3595 4648">
     <span class='ocr_line' id='line_1_106' title="bbox 1901 4575 3595 4648; baseline -0.003 -17"><span class='ocrx_word' id='word_1_724' title='bbox 1901 4594 2115 4631; x_wconf 74' lang='lat' dir='ltr'><strong>PHAGUM</strong></span> <span class='ocrx_word' id='word_1_725' title='bbox 2152 4594 2315 4631; x_wconf 72' lang='lat' dir='ltr'><strong>SITUM.</strong></span> <span class='ocrx_word' id='word_1_726' title='bbox 2362 4578 2552 4648; x_wconf 86' lang='lat' dir='ltr'><strong>Pergit</strong></span> <span class='ocrx_word' id='word_1_727' title='bbox 2606 4578 2813 4631; x_wconf 89' lang='lat' dir='ltr'><strong>deinde</strong></span> <span class='ocrx_word' id='word_1_728' title='bbox 2856 4576 3097 4646; x_wconf 82' lang='lat' dir='ltr'><strong>scriptor</strong></span> <span class='ocrx_word' id='word_1_729' title='bbox 3147 4575 3401 4645; x_wconf 87' lang='lat' dir='ltr'><strong>Catalogi</strong></span> <span class='ocrx_word' id='word_1_730' title='bbox 3458 4592 3595 4628; x_wconf 87' lang='lat' dir='ltr'><strong>enu-</strong></span> 
     </span>
    </p>
   </div>
   <div class='ocr_carea' id='block_1_107' title="bbox 1900 4662 3600 4736">
    <p class='ocr_par' dir='ltr' id='par_1_107' title="bbox 1900 4662 3600 4736">
     <span class='ocr_line' id='line_1_107' title="bbox 1900 4662 3600 4736; baseline -0.002 -18"><span class='ocrx_word' id='word_1_731' title='bbox 1900 4682 2122 4718; x_wconf 76' lang='lat' dir='ltr'><strong>merare</strong></span> <span class='ocrx_word' id='word_1_732' title='bbox 2163 4664 2416 4736; x_wconf 85' lang='lat' dir='ltr'><strong>insignes</strong></span> <span class='ocrx_word' id='word_1_733' title='bbox 2453 4665 2677 4735; x_wconf 83' lang='lat' dir='ltr'><strong>aliquot</strong></span> <span class='ocrx_word' id='word_1_734' title='bbox 2723 4664 3166 4733; x_wconf 84' lang='lat' dir='ltr'><strong>Bambergcuses</strong></span> <span class='ocrx_word' id='word_1_735' title='bbox 3207 4662 3502 4733; x_wconf 87' lang='lat' dir='ltr'><strong>reliquias,</strong></span> <span class='ocrx_word' id='word_1_736' title='bbox 3536 4681 3600 4715; x_wconf 90' lang='lat' dir='ltr'><strong>eo</strong></span> 
     </span>
    </p>
   </div>
   <div class='ocr_carea' id='block_1_108' title="bbox 1901 4751 3600 4823">
    <p class='ocr_par' dir='ltr' id='par_1_108' title="bbox 1901 4751 3600 4823">
     <span class='ocr_line' id='line_1_108' title="bbox 1901 4751 3600 4823; baseline -0.001 -16"><span class='ocrx_word' id='word_1_737' title='bbox 1901 4754 2102 4807; x_wconf 88' lang='lat' dir='ltr'><strong>ordine</strong></span> <span class='ocrx_word' id='word_1_738' title='bbox 2130 4770 2242 4823; x_wconf 89' lang='lat' dir='ltr'><strong>quo</strong></span> <span class='ocrx_word' id='word_1_739' title='bbox 2298 4754 2510 4807; x_wconf 90' lang='lat' dir='ltr'><strong>ibidem</strong></span> <span class='ocrx_word' id='word_1_740' title='bbox 2569 4753 2626 4805; x_wconf 93' lang='lat' dir='ltr'><strong>in</strong></span> <span class='ocrx_word' id='word_1_741' title='bbox 2679 4754 2898 4821; x_wconf 87' lang='lat' dir='ltr'><strong>templo</strong></span> <span class='ocrx_word' id='word_1_742' title='bbox 2948 4751 3261 4805; x_wconf 87' lang='lat' dir='ltr'><strong>cathedrali</strong></span> <span class='ocrx_word' id='word_1_743' title='bbox 3310 4751 3600 4820; x_wconf 75' lang='lat' dir='ltr'><strong>dispositae</strong></span> 
     </span>
    </p>
   </div>
   <div class='ocr_carea' id='block_1_109' title="bbox 1900 4840 3601 4912">
    <p class='ocr_par' dir='ltr' id='par_1_109' title="bbox 1900 4840 3601 4912">
     <span class='ocr_line' id='line_1_109' title="bbox 1900 4840 3601 4912; baseline -0.002 -17"><span class='ocrx_word' id='word_1_744' title='bbox 1900 4847 2053 4896; x_wconf 89' lang='lat' dir='ltr'><strong>sunt.</strong></span> <span class='ocrx_word' id='word_1_745' title='bbox 2098 4863 2123 4892; x_wconf 78' lang='grc' dir='ltr'>α</span> <span class='ocrx_word' id='word_1_746' title='bbox 2176 4842 2377 4911; x_wconf 88' lang='lat' dir='ltr'><strong>Caput,</strong></span> <span class='ocrx_word' id='word_1_747' title='bbox 2410 4841 2599 4912; x_wconf 89' lang='lat' dir='ltr'><strong>inquit</strong></span> <span class='ocrx_word' id='word_1_748' title='bbox 2631 4842 2685 4895; x_wconf 92' lang='lat' dir='ltr'><strong>S.</strong></span> <span class='ocrx_word' id='word_1_749' title='bbox 2746 4840 2973 4895; x_wconf 87' lang='lat' dir='ltr'><strong>Henrici</strong></span> <span class='ocrx_word' id='word_1_750' title='bbox 3020 4841 3079 4893; x_wconf 91' lang='lat' dir='ltr'><strong>in</strong></span> <span class='ocrx_word' id='word_1_751' title='bbox 3131 4840 3322 4893; x_wconf 88' lang='lat' dir='ltr'><strong>medio</strong></span> <span class='ocrx_word' id='word_1_752' title='bbox 3380 4841 3601 4893; x_wconf 86' lang='lat' dir='ltr'><strong>locatur</strong></span> 
     </span>
    </p>
   </div>
   <div class='ocr_carea' id='block_1_110' title="bbox 1899 4928 3601 5000">
    <p class='ocr_par' dir='ltr' id='par_1_110' title="bbox 1899 4928 3601 5000">
     <span class='ocr_line' id='line_1_110' title="bbox 1899 4928 3601 5000; baseline -0.001 -17"><span class='ocrx_word' id='word_1_753' title='bbox 1899 4937 2032 4984; x_wconf 88' lang='lat' dir='ltr'><strong>ante</strong></span> <span class='ocrx_word' id='word_1_754' title='bbox 2057 4931 2494 5000; x_wconf 86' lang='lat' dir='ltr'><strong>sarcophagum,</strong></span> <span class='ocrx_word' id='word_1_755' title='bbox 2555 4929 2625 4983; x_wconf 86' lang='lat' dir='ltr'><strong>ad</strong></span> <span class='ocrx_word' id='word_1_756' title='bbox 2653 4930 2831 4983; x_wconf 90' lang='lat' dir='ltr'><strong>altare</strong></span> <span class='ocrx_word' id='word_1_757' title='bbox 2864 4934 3073 4983; x_wconf 65' lang='lat' dir='ltr'><strong>sanctae</strong></span> <span class='ocrx_word' id='word_1_758' title='bbox 3130 4928 3344 4983; x_wconf 89' lang='lat' dir='ltr'><strong>Crucis.</strong></span> <span class='ocrx_word' id='word_1_759' title='bbox 3410 4945 3601 4982; x_wconf 81' lang='lat' dir='ltr'><strong>versus</strong></span> 
     </span>
    </p>
   </div>
   <div class='ocr_carea' id='block_1_111' title="bbox 1900 5017 3599 5083">
    <p class='ocr_par' dir='ltr' id='par_1_111' title="bbox 1900 5017 3599 5083">
     <span class='ocr_line' id='line_1_111' title="bbox 1900 5017 3599 5083; baseline -0.002 -10"><span class='ocrx_word' id='word_1_760' title='bbox 1900 5019 2190 5073; x_wconf 89' lang='lat' dir='ltr'><strong>Orientem</strong></span> <span class='ocrx_word' id='word_1_761' title='bbox 2223 5034 2235 5071; x_wconf 92' lang='lat'><strong>:</strong></span> <span class='ocrx_word' id='word_1_762' title='bbox 2269 5035 2301 5071; x_wconf 91' lang='lat' dir='ltr'><strong>a</strong></span> <span class='ocrx_word' id='word_1_763' title='bbox 2333 5017 2544 5072; x_wconf 83' lang='lat' dir='ltr'><strong>dextris</strong></span> <span class='ocrx_word' id='word_1_764' title='bbox 2598 5018 2860 5072; x_wconf 76' lang='lat' dir='ltr'><strong>exeundo</strong></span> <span class='ocrx_word' id='word_1_765' title='bbox 2892 5036 2922 5072; x_wconf 86' lang='lat' dir='ltr'><strong>e</strong></span> <span class='ocrx_word' id='word_1_766' title='bbox 2957 5018 3129 5071; x_wconf 90' lang='lat' dir='ltr'><strong>choro</strong></span> <span class='ocrx_word' id='word_1_767' title='bbox 3187 5019 3241 5072; x_wconf 92' lang='grc'><strong>8.</strong></span> <span class='ocrx_word' id='word_1_768' title='bbox 3303 5018 3473 5083; x_wconf 84' lang='lat' dir='ltr'><strong>Petri,</strong></span> <span class='ocrx_word' id='word_1_769' title='bbox 3509 5034 3599 5070; x_wconf 88' lang='lat' dir='ltr'><strong>ca-</strong></span> 
     </span>
    </p>
   </div>
   <div class='ocr_carea' id='block_1_112' title="bbox 1900 5106 3599 5177">
    <p class='ocr_par' dir='ltr' id='par_1_112' title="bbox 1900 5106 3599 5177">
     <span class='ocr_line' id='line_1_112' title="bbox 1900 5106 3599 5177; baseline -0.001 -18"><span class='ocrx_word' id='word_1_770' title='bbox 1900 5111 2007 5177; x_wconf 90' lang='lat' dir='ltr'><strong>put</strong></span> <span class='ocrx_word' id='word_1_771' title='bbox 2034 5111 2241 5161; x_wconf 69' lang='lat' dir='ltr'><strong>sancta:</strong></span> <span class='ocrx_word' id='word_1_772' title='bbox 2273 5107 2662 5176; x_wconf 85' lang='lat' dir='ltr'><strong>Cunegundis,</strong></span> <span class='ocrx_word' id='word_1_773' title='bbox 2688 5113 2745 5160; x_wconf 89' lang='lat' dir='ltr'><strong>et</strong></span> <span class='ocrx_word' id='word_1_774' title='bbox 2783 5106 2975 5177; x_wconf 88' lang='lat' dir='ltr'><strong>imago</strong></span> <span class='ocrx_word' id='word_1_775' title='bbox 3006 5106 3189 5160; x_wconf 61' lang='lat' dir='ltr'><strong>beata:</strong></span> <span class='ocrx_word' id='word_1_776' title='bbox 3227 5106 3415 5162; x_wconf 73' lang='lat' dir='ltr'><strong>Marias</strong></span> <span class='ocrx_word' id='word_1_777' title='bbox 3471 5106 3599 5160; x_wconf 89' lang='lat' dir='ltr'><strong>Vir-</strong></span> 
     </span>
    </p>
   </div>
   <div class='ocr_carea' id='block_1_113' title="bbox 1902 5194 3597 5266">
    <p class='ocr_par' dir='ltr' id='par_1_113' title="bbox 1902 5194 3597 5266">
     <span class='ocr_line' id='line_1_113' title="bbox 1902 5194 3597 5266; baseline -0.001 -18"><span class='ocrx_word' id='word_1_778' title='bbox 1902 5194 2070 5266; x_wconf 88' lang='lat' dir='ltr'><strong>ginis.</strong></span> <span class='ocrx_word' id='word_1_779' title='bbox 2105 5197 2151 5249; x_wconf 84' lang='lat' dir='ltr'><strong>A</strong></span> <span class='ocrx_word' id='word_1_780' title='bbox 2182 5195 2428 5249; x_wconf 88' lang='lat' dir='ltr'><strong>sinistris</strong></span> <span class='ocrx_word' id='word_1_781' title='bbox 2461 5196 2515 5250; x_wconf 93' lang='lat' dir='ltr'><strong>S.</strong></span> <span class='ocrx_word' id='word_1_782' title='bbox 2548 5197 2879 5266; x_wconf 70' lang='lat' dir='ltr'><strong>Margaretaz</strong></span> <span class='ocrx_word' id='word_1_783' title='bbox 2911 5200 2967 5248; x_wconf 90' lang='lat' dir='ltr'><strong>et</strong></span> <span class='ocrx_word' id='word_1_784' title='bbox 3006 5200 3180 5264; x_wconf 89' lang='lat' dir='ltr'><strong>caput</strong></span> <span class='ocrx_word' id='word_1_785' title='bbox 3229 5196 3284 5249; x_wconf 89' lang='lat' dir='ltr'><strong>S.</strong></span> <span class='ocrx_word' id='word_1_786' title='bbox 3340 5194 3554 5249; x_wconf 86' lang='lat' dir='ltr'><strong>Kiliani</strong></span> <span class='ocrx_word' id='word_1_787' title='bbox 3585 5210 3597 5247; x_wconf 93' lang='lat'><strong>:</strong></span> 
     </span>
    </p>
   </div>
   <div class='ocr_carea' id='block_1_114' title="bbox 1901 5282 3601 5353">
    <p class='ocr_par' dir='ltr' id='par_1_114' title="bbox 1901 5282 3601 5353">
     <span class='ocr_line' id='line_1_114' title="bbox 1901 5282 3601 5353; baseline -0.001 -15"><span class='ocrx_word' id='word_1_788' title='bbox 1901 5284 2167 5338; x_wconf 77' lang='lat' dir='ltr'><strong>adextris</strong></span> <span class='ocrx_word' id='word_1_789' title='bbox 2193 5285 2452 5339; x_wconf 85' lang='lat' dir='ltr'><strong>exeundo</strong></span> <span class='ocrx_word' id='word_1_790' title='bbox 2484 5302 2514 5337; x_wconf 87' lang='lat' dir='ltr'><strong>a</strong></span> <span class='ocrx_word' id='word_1_791' title='bbox 2545 5284 2719 5338; x_wconf 91' lang='lat' dir='ltr'><strong>choro</strong></span> <span class='ocrx_word' id='word_1_792' title='bbox 2748 5285 2801 5339; x_wconf 90' lang='grc'><strong>8.</strong></span> <span class='ocrx_word' id='word_1_793' title='bbox 2851 5283 3025 5350; x_wconf 84' lang='lat' dir='ltr'><strong>Petri,</strong></span> <span class='ocrx_word' id='word_1_794' title='bbox 3086 5288 3259 5353; x_wconf 89' lang='lat' dir='ltr'><strong>caput</strong></span> <span class='ocrx_word' id='word_1_795' title='bbox 3312 5282 3365 5336; x_wconf 90' lang='lat' dir='ltr'><strong>S.</strong></span> <span class='ocrx_word' id='word_1_796' title='bbox 3422 5282 3601 5336; x_wconf 86' lang='lat' dir='ltr'><strong>Theo-</strong></span> 
     </span>
    </p>
   </div>
   <div class='ocr_carea' id='block_1_115' title="bbox 1901 5371 3602 5442">
    <p class='ocr_par' dir='ltr' id='par_1_115' title="bbox 1901 5371 3602 5442">
     <span class='ocr_line' id='line_1_115' title="bbox 1901 5371 3602 5442; baseline -0.004 -16"><span class='ocrx_word' id='word_1_797' title='bbox 1901 5371 2027 5426; x_wconf 89' lang='lat' dir='ltr'><strong>dori</strong></span> <span class='ocrx_word' id='word_1_798' title='bbox 2076 5376 2132 5424; x_wconf 92' lang='lat' dir='ltr'><strong>et</strong></span> <span class='ocrx_word' id='word_1_799' title='bbox 2169 5372 2350 5425; x_wconf 87' lang='lat' dir='ltr'><strong>sancti</strong></span> <span class='ocrx_word' id='word_1_800' title='bbox 2404 5373 2697 5442; x_wconf 85' lang='lat' dir='ltr'><strong>Dionysii;</strong></span> <span class='ocrx_word' id='word_1_801' title='bbox 2740 5377 2795 5425; x_wconf 92' lang='lat' dir='ltr'><strong>et</strong></span> <span class='ocrx_word' id='word_1_802' title='bbox 2850 5388 3044 5425; x_wconf 82' lang='lat' dir='ltr'><strong>versus</strong></span> <span class='ocrx_word' id='word_1_803' title='bbox 3086 5371 3379 5425; x_wconf 75' lang='lat' dir='ltr'><strong>Orientem</strong></span> <span class='ocrx_word' id='word_1_804' title='bbox 3429 5374 3602 5439; x_wconf 84' lang='lat' dir='ltr'><strong>caput</strong></span> 
     </span>
    </p>
   </div>
   <div class='ocr_carea' id='block_1_116' title="bbox 1902 5458 3599 5530">
    <p class='ocr_par' dir='ltr' id='par_1_116' title="bbox 1902 5458 3599 5530">
     <span class='ocr_line' id='line_1_116' title="bbox 1902 5458 3599 5530; baseline 0 -19"><span class='ocrx_word' id='word_1_805' title='bbox 1902 5466 2257 5528; x_wconf 87' lang='lat' dir='ltr'><strong>argenteum.</strong></span> <span class='ocrx_word' id='word_1_806' title='bbox 2322 5465 2366 5513; x_wconf 83' lang='lat' dir='ltr'><strong>A</strong></span> <span class='ocrx_word' id='word_1_807' title='bbox 2420 5460 2665 5513; x_wconf 88' lang='lat' dir='ltr'><strong>sinistris</strong></span> <span class='ocrx_word' id='word_1_808' title='bbox 2704 5478 2828 5530; x_wconf 83' lang='lat' dir='ltr'><strong>cap.</strong></span> <span class='ocrx_word' id='word_1_809' title='bbox 2891 5465 3217 5513; x_wconf 85' lang='lat' dir='ltr'><strong>sanctorum</strong></span> <span class='ocrx_word' id='word_1_810' title='bbox 3268 5458 3486 5511; x_wconf 64' lang='lat' dir='ltr'><strong>Cosma».</strong></span> <span class='ocrx_word' id='word_1_811' title='bbox 3549 5465 3599 5511; x_wconf 88' lang='lat' dir='ltr'><strong>et</strong></span> 
     </span>
    </p>
   </div>
   <div class='ocr_carea' id='block_1_117' title="bbox 1904 5546 3597 5618">
    <p class='ocr_par' dir='ltr' id='par_1_117' title="bbox 1904 5546 3597 5618">
     <span class='ocr_line' id='line_1_117' title="bbox 1904 5546 3597 5618; baseline -0.001 -17"><span class='ocrx_word' id='word_1_812' title='bbox 1904 5548 2190 5610; x_wconf 89' lang='lat' dir='ltr'><strong>Damiani,</strong></span> <span class='ocrx_word' id='word_1_813' title='bbox 2248 5553 2304 5602; x_wconf 90' lang='lat' dir='ltr'><strong>et</strong></span> <span class='ocrx_word' id='word_1_814' title='bbox 2342 5556 2515 5617; x_wconf 84' lang='lat' dir='ltr'><strong>caput</strong></span> <span class='ocrx_word' id='word_1_815' title='bbox 2557 5554 2942 5618; x_wconf 89' lang='lat' dir='ltr'><strong>argenteum:</strong></span> <span class='ocrx_word' id='word_1_816' title='bbox 3002 5564 3196 5599; x_wconf 83' lang='lat' dir='ltr'><strong>versus</strong></span> <span class='ocrx_word' id='word_1_817' title='bbox 3245 5546 3485 5599; x_wconf 87' lang='lat' dir='ltr'><strong>chorum</strong></span> <span class='ocrx_word' id='word_1_818' title='bbox 3544 5548 3597 5602; x_wconf 91' lang='lat' dir='ltr'><strong>S.</strong></span> 
     </span>
    </p>
   </div>
   <div class='ocr_carea' id='block_1_118' title="bbox 1906 5634 3598 5706">
    <p class='ocr_par' dir='ltr' id='par_1_118' title="bbox 1906 5634 3598 5706">
     <span class='ocr_line' id='line_1_118' title="bbox 1906 5634 3598 5706; baseline -0.001 -16"><span class='ocrx_word' id='word_1_819' title='bbox 1906 5636 2076 5701; x_wconf 84' lang='lat' dir='ltr'><strong>Petri,</strong></span> <span class='ocrx_word' id='word_1_820' title='bbox 2130 5642 2302 5706; x_wconf 90' lang='lat' dir='ltr'><strong>caput</strong></span> <span class='ocrx_word' id='word_1_821' title='bbox 2355 5636 2410 5689; x_wconf 90' lang='grc'><strong>8.</strong></span> <span class='ocrx_word' id='word_1_822' title='bbox 2459 5636 2702 5697; x_wconf 80' lang='lat' dir='ltr'><strong>Ottonis,</strong></span> <span class='ocrx_word' id='word_1_823' title='bbox 2753 5642 2809 5689; x_wconf 91' lang='lat' dir='ltr'><strong>et</strong></span> <span class='ocrx_word' id='word_1_824' title='bbox 2855 5640 3026 5706; x_wconf 84' lang='lat' dir='ltr'><strong>caput</strong></span> <span class='ocrx_word' id='word_1_825' title='bbox 3082 5635 3137 5688; x_wconf 90' lang='grc'><strong>8.</strong></span> <span class='ocrx_word' id='word_1_826' title='bbox 3194 5634 3275 5687; x_wconf 90' lang='lat' dir='ltr'><strong>Pii</strong></span> <span class='ocrx_word' id='word_1_827' title='bbox 3325 5650 3490 5704; x_wconf 71' lang='lat' dir='ltr'><strong>papa:</strong></span> <span class='ocrx_word' id='word_1_828' title='bbox 3541 5642 3598 5689; x_wconf 87' lang='lat' dir='ltr'><strong>et</strong></span> 
     </span>
    </p>
   </div>
   <div class='ocr_carea' id='block_1_119' title="bbox 1906 5722 3598 5795">
    <p class='ocr_par' dir='ltr' id='par_1_119' title="bbox 1906 5722 3598 5795">
     <span class='ocr_line' id='line_1_119' title="bbox 1906 5722 3598 5795; baseline -0.002 -17"><span class='ocrx_word' id='word_1_829' title='bbox 1906 5726 2189 5795; x_wconf 68' lang='lat' dir='ltr'><strong>martyris.</strong></span> <span class='ocrx_word' id='word_1_830' title='bbox 2230 5747 2247 5771; x_wconf 74' lang='grc' dir='ltr'><strong>ι</strong></span> <span class='ocrx_word' id='word_1_831' title='bbox 2286 5725 2556 5793; x_wconf 76' lang='lat' dir='ltr'><strong>Sequitur</strong></span> <span class='ocrx_word' id='word_1_832' title='bbox 2586 5727 2640 5777; x_wconf 92' lang='lat' dir='ltr'><strong>iu</strong></span> <span class='ocrx_word' id='word_1_833' title='bbox 2688 5725 2879 5776; x_wconf 83' lang='lat' dir='ltr'><strong>charta</strong></span> <span class='ocrx_word' id='word_1_834' title='bbox 2914 5722 3292 5777; x_wconf 72' lang='lat' dir='ltr'><strong>Cantausiana</strong></span> <span class='ocrx_word' id='word_1_835' title='bbox 3350 5722 3598 5776; x_wconf 77' lang='lat' dir='ltr'><strong>miracu-</strong></span> 
     </span>
    </p>
   </div>
  </div>
