3976 6464
337 473 404 521 ‘23
1649 467 1702 519 8.
1747 463 2032 520 HENBIUI
2072 461 2546 518 IMPERATORIS

3807 461 3883 513 ει

339 593 460 645 lum
512 591 581 645 de
615 589 975 644 restitutione
1006 588 1066 642 in
1095 588 1385 658 integrum
1438 587 1706 659 imaginis
1767 587 2032 642 Crucitixi
2063 593 2108 644 Α
2145 585 2383 652 tionem,
2411 590 2804 640 consecratum
2841 587 2968 649 fuit,
3001 586 3382 656 praesentibus
3416 588 3603 640 adhuc
3663 602 3877 641 omni-

341 679 602 742 eburnei,
631 679 729 751 qui
762 697 790 733 e
824 677 1156 750 longinquis
1184 677 1348 731 terris
1397 695 1427 732 a
1463 679 1518 732 S.
1573 677 1811 731 Henrico
1865 677 2032 730 Bam-

342 770 580 839 bergam
611 772 1016 840 comportatus,
1073 772 1130 820 et
1159 766 1418 820 fulminis
1448 766 1564 820 ictu
1608 766 1666 819 in
1724 765 1904 820 frusta
1926 767 2029 819 mi-

343 855 648 911 nutissima
677 857 909 911 collisus
960 860 1016 909 et
1068 855 1346 908 contritus
1397 854 1569 907 fuisse
1598 851 1807 906 dicitur
1855 851 1947 906 die
2003 868 2031 905 x

343 945 470 999 Maii
540 948 670 1000 1515
749 950 987 1012 (annum
1065 947 1196 998 1516
1269 947 1425 996 notat
1482 940 1837 995 continuatio
1903 941 2033 993 Hot-

344 1033 544 1088 manni
583 1034 736 1104 apud
787 1033 1057 1103 Ludwig.)
1119 1033 1434 1098 Utcumque
1487 1029 1542 1083 id
1568 1030 1776 1083 factum
1838 1028 2032 1092 fuerit,

344 1121 413 1176 ad
463 1137 585 1175 rem
620 1125 874 1175 nostram
927 1119 1162 1191 propius
1221 1122 1474 1190 spectant
1495 1134 1622 1188 quae
1646 1117 1714 1170 de
1766 1117 1872 1170 hac
1902 1133 2035 1188 pro-

345 1207 468 1279 prie
501 1209 649 1263 dicta
677 1224 966 1262 sacrarum
998 1207 1370 1278 reliquiarum
1403 1205 1774 1259 translatione
1797 1205 2035 1275 subjun-

344 1298 428 1368 git
457 1297 624 1351 citata
657 1297 853 1351 charta
876 1296 935 1348 in
962 1295 1114 1349 hunc
1144 1294 1402 1348 modum.
1918 1300 1923 1305 '

413 1389 510 1441 29.
551 1406 579 1437 α
605 1389 772 1440 Anno
804 1383 1030 1440 Domini
1072 1399 1265 1447 nuxm,
1295 1381 1496 1437 lndict.
1535 1385 1583 1445 1,
1630 1382 1722 1436 die
1780 1386 1834 1436 lt
1894 1382 2038 1452 Sep-

343 1473 601 1539 tembris,
679 1472 1015 1543 sarcophagi
1067 1471 1289 1541 antiqui
1328 1475 1656 1523 sanctorum
1714 1467 1939 1523 Henrici
1982 1473 2040 1522 et

345 1560 711 1632 Cunegundis
740 1555 1108 1615 fundator'um
1163 1558 1346 1630 aperti
1377 1558 1595 1612 suntin
1660 1573 1897 1630 corpore
1947 1572 2038 1610 ec-

346 1651 553 1715 clesiae,
584 1655 736 1704 retro
769 1651 944 1703 altare
980 1649 1035 1703 S.
1069 1647 1462 1718 Cunegundis,
1496 1664 1598 1718 per
1628 1644 2038 1702 reverendissi-

347 1752 506 1791 mum
555 1744 813 1791 nostrum
867 1735 1170 1791 dominum
1227 1736 1713 1806 praenominatum
1751 1736 1821 1792 de
1872 1737 2038 1805 Lym-

347 1825 512 1895 burg,
577 1829 812 1895 propter
852 1841 1060 1878 novam
1117 1825 1472 1894 sepulturam
1528 1823 1786 1894 praefatis
1832 1821 2042 1877 sanctis

346 1913 604 1983 patronis
636 1929 700 1967 ex
734 1929 1018 1967 marmore
1062 1913 1344 1982 sculptam
1381 1929 1393 1965 :
1427 1912 1631 1983 inquo
1689 1912 2041 1982 sarcophago

345 2001 582 2071 antiquo
633 2005 862 2071 reperta
916 1999 1026 2054 fuit
1073 2005 1293 2054 vetusta
1338 2017 1505 2071 capsa
1561 2001 1729 2054 unica
1786 2001 1846 2054 in
1931 2016 2045 2070 qua

344 2094 509 2142 erant
559 2089 822 2159 pulveres
871 2088 940 2143 de
969 2104 1206 2158 corpore
1236 2089 1289 2143 8.
1355 2089 1603 2156 Henrici,
1636 2106 1768 2160 pars
1831 2105 1946 2143 una
1975 2089 2044 2143 de

348 2177 580 2247 scapula
610 2193 709 2231 seu
760 2177 986 2246 spatula
1046 2177 1326 2246 ejusdem,
1386 2193 1516 2231 cum
1571 2178 1915 2248 quibusdam
1973 2178 2042 2232 de

348 2265 503 2318 corio
562 2270 618 2319 et
675 2264 876 2330 serico,
933 2265 994 2319 in
1039 2265 1249 2336 quibus
1293 2266 1616 2320 involutum
1672 2266 1780 2321 fuit
1840 2283 2046 2338 corpus

348 2355 402 2407 8.
458 2352 703 2407 Henrici.
770 2354 833 2407 In
885 2354 1236 2424 sarcophago
1284 2354 1340 2410 S.
1388 2355 1755 2425 Cunegundis
1816 2355 2047 2410 inventa

351 2445 437 2494 est
468 2441 714 2511 capsella
743 2457 904 2496 aenea
933 2441 991 2495 in
1019 2458 1132 2513 qua
1161 2442 1395 2496 inclusae
1435 2443 1669 2497 fuerunt
1689 2443 1946 2515 reliquiae
1977 2444 2046 2498 de

351 2545 592 2598 corpore
622 2530 678 2585 S.
713 2531 1102 2601 Cunegundis,
1134 2531 1262 2584 dum
1313 2535 1482 2584 costae
1530 2547 1660 2585 cum
1700 2532 2043 2603 quibusdam

353 2617 478 2671 aliis
510 2617 767 2688 reliquiis
797 2619 1083 2688 ejusdem.
1137 2619 1197 2672 In
1246 2625 1492 2691 utroque
1550 2620 1900 2691 sarcophago
1931 2621 2048 2674 col-

353 2707 482 2760 lecti
543 2711 677 2760 sunt
731 2708 998 2778 pulveres
1055 2707 1125 2763 de
1181 2707 1449 2762 cordibus
1507 2707 1840 2775 amborum;
1918 2726 2045 2780 qua:

356 2793 616 2866 reliquiae
646 2811 776 2849 cum
818 2795 1037 2850 honore
1088 2803 1143 2850 et
1202 2797 1521 2851 reverentia
1573 2797 1630 2851 in
1690 2797 1871 2868 capsis
1931 2797 2048 2851 suis

357 2883 426 2936 ad
458 2899 726 2952 magnam
762 2885 1078 2938 sacristiam
1101 2890 1237 2939 sunt
1263 2885 1577 2955 deportatus
1605 2901 1708 2957 per
1737 2887 2040 2956 praefatum

359 2971 420 3023 Ι).
451 2972 756 3040 Georgium
779 2973 1136 3043 episcopum,
1163 2974 1224 3027 D.
1251 2974 1562 3044 Casparum
1622 2975 2048 3044 sutfraganeum

357 3060 634 3128 ejusdem,
686 3066 742 3114 et
772 3062 836 3114 D.
896 3062 1174 3116 Joannem
1233 3063 1501 3117 abbatem
1542 3063 1785 3118 caanobii
1838 3063 1892 3118 S.
1941 3063 2042 3116 Mi-

2142 673 2249 728 bus
2282 676 2401 744 jam
2456 690 2626 744 supra
2678 673 3003 727 nominatis.
3072 674 3296 727 Atrium
3345 680 3478 729 ante
3535 675 3865 729 ecclesiam

2148 762 2702 832 Babenbergensem,
2758 779 2786 814 a
2838 769 3004 833 porta
3061 763 3194 817 Adae
3259 769 3315 817 et
3363 765 3489 818 Evae
3545 781 3739 835 usque
3785 764 3867 817 ad

2146 856 2370 921 portam
2397 851 2620 922 gratiae,
2655 853 2856 904 Pudt'lll
2904 851 3192 921 aunojam
3224 867 3415 921 supra,
3450 852 3684 922 lapideo
3747 870 3862 922 pa-

2147 941 2397 993 vimento
2449 945 2711 1000 stratum,
2769 956 2833 992 ac
2885 955 3049 993 muro
3090 940 3361 1010 pectorali
3394 940 3606 994 cavatis
3640 941 3875 1010 lapidi-

2145 1028 2252 1083 bus
2299 1027 2540 1082 artiticio
2572 1027 2884 1098 magistrali
2928 1043 3032 1098 per
3060 1044 3267 1098 gyrum
3299 1044 3359 1081 ac
3389 1029 3640 1082 formam
3695 1045 3875 1082 coro-

2148 1134 2236 1172 nae
2263 1117 2680 1171 circumdatum
2739 1117 2868 1181 fuit,
2927 1132 2996 1170 ne
3047 1117 3398 1170 eli‘nderetur
3454 1117 3532 1170 ibi
3603 1119 3866 1187 sanguis

2150 1205 2418 1260 innoxius
2471 1205 2696 1258 labente
2781 1205 3044 1275 aliquo.»
3106 1207 3386 1259 Hactenus
3443 1205 3661 1269 charta,
3745 1222 3867 1275 pro

2148 1293 2416 1347 coronide
2449 1293 2766 1363 adjungens
2793 1308 2922 1363 quas
2953 1293 3126 1346 habes
3164 1293 3313 1363 apud
3345 1293 3652 1346 Hotmanni
3716 1309 3870 1347 con-

2148 1380 2514 1447 tinuatorem,
2549 1380 2656 1434 col.
2689 1381 2812 1434 242.
2841 1379 2964 1434 Alia
2993 1379 3244 1450 religiosi
3297 1380 3484 1434 cultus
3529 1397 3866 1451 argumen-

2149 1473 2206 1522 ta
2236 1485 2675 1539 prosequamur.

2151 1577 2298 1644 διν.
2335 1576 2604 1645 Reliquiz
2658 1576 3088 1642 Bambergenses,
3125 1590 3281 1629 sacra
3325 1575 3557 1643 cimelia,
3619 1592 3866 1630 mauso-

2222 1648 2359 1700 leum
2391 1649 2796 1713 Hmiricianum,
2843 1647 3041 1714 Ofﬁcia
3093 1648 3471 1712 ecclesiastica,
3535 1651 3586 1701 et
3617 1652 3870 1716 antiqua

2221 1720 2412 1772 Missa.

2222 1824 2309 1876 21.
2334 1823 2409 1876 De
2423 1821 2679 1894 reliquiis
2696 1826 2753 1877 et
2773 1821 2942 1875 sacris
2966 1821 3482 1892 Bambergensibus
3501 1838 3680 1876 monu
3694 1839 3788 1877 me
3801 1840 3872 1876 n-

2152 1910 2223 1964 tis
2261 1928 2324 1965 ac
2354 1911 2617 1978 cimeliis,
2649 1927 2801 1979 cum,
2833 1916 3040 1981 praeter
3070 1927 3136 1964 ea
3176 1927 3305 1982 qua:
3334 1927 3401 1964 ex
3428 1911 3757 1964 Hofmanno
3795 1917 3867 1963 et

2151 1999 2374 2054 schedis
2404 1999 2798 2054 Gamansianis
2845 1999 2967 2068 jam
2999 1999 3258 2069 proxime
3301 1999 3432 2052 data
3487 2003 3640 2064 sunt,
3709 2000 3867 2053 nihil

2153 2087 2222 2142 ad
2280 2104 2517 2142 manum
2576 2093 2746 2156 esset,
2793 2089 2866 2142 ad
2912 2088 3131 2142 fontem
3186 2087 3375 2157 ipsum
3437 2089 3869 2142 recurrendum

2155 2173 2371 2242 censui,
2402 2174 2555 2228 unde
2595 2174 2803 2227 certius
2847 2179 2906 2228 et
2937 2174 3192 2228 securius
3238 2190 3411 2245 quam
3469 2191 3537 2228 ex
3581 2175 3653 2228 iis
3713 2191 3861 2245 qua:

2158 2250 2476 2332 Ludwigius
2532 2264 2881 2333 vulgaverat,
2954 2262 3180 2316 edoceri
3234 2278 3480 2333 possem.
3545 2263 3657 2316 Nec
3716 2279 3871 2315 sane

2156 2357 2426 2422 concepta
2454 2367 2552 2422 spe
2583 2351 2886 2406 frustratus
2933 2368 3079 2415 sum,
3141 2367 3274 2405 nam
3305 2367 3414 2421 ope
3470 2357 3527 2405 et
3581 2352 3870 2422 praesidio

2159 2440 2220 2494 Η.
2253 2440 2312 2494 Ρ.
2346 2441 2560 2494 Nicolai
2596 2441 2782 2506 Pottu,
2844 2439 3082 2510 Collegii
3146 2440 3325 2494 nostri
3381 2439 3506 2493 istic
3569 2441 3864 2506 Rectoris,

2159 2528 2337 2581 multa
2383 2529 2607 2582 erudite
2678 2544 3009 2599 suggessere
3090 2528 3321 2594 nobilis,
3392 2528 3745 2582 clarissimus
3792 2546 3869 2583 ac

2157 2617 2613 2671 consultissimus
2663 2617 2934 2672 dominus
2995 2619 3242 2672 Joannes
3297 2617 3628 2671 Franciscus
3677 2619 3862 2672 Xave.

2159 2705 2278 2759 rius
2305 2707 2659 2777 Eppenauer,
2710 2705 3153 2761 eminentissimi
3208 2706 3476 2760 Electoris
3531 2706 3867 2775 Moguntini

2159 2798 2216 2847 et
2288 2794 2550 2864 Episcopi
2605 2795 3040 2865 Bambergensis
3099 2795 3468 2860 archivarius,
3504 2798 3566 2846 ut
3612 2801 3866 2858 vocant;

2159 2898 2224 2936 ac
2270 2883 2441 2939 Adm.
2509 2885 2573 2939 Η.
2608 2885 2668 2938 Ρ.
2705 2885 2864 2938 Dom.
2908 2886 3039 2938 Otto
3089 2885 3465 2954 Schugentes,
3527 2885 3762 2939 Ordinis
3829 2887 3870 2938 8

2165 2971 2452 3026 Benedicti
2482 2973 2550 3026 ad
2577 2973 2822 3026 Montem
2853 2973 2908 3026 8.
2942 2973 3248 3038 Michaelis,
3283 2973 3522 3043 antiqua
3549 2989 3653 3026 sua
3685 2973 3870 3027 bene-

2161 3059 2428 3122 volentia,
2485 3059 2820 3130 collatisque
2851 3060 2920 3114 ad
2950 3064 3088 3114 Acta
3134 3060 3189 3114 S.
3239 3060 3463 3114 Ottonis
3521 3060 3869 3115 illustranda

355 3148 565 3201 chaelis
595 3148 1279 3228 Montis-monachorum.
1319 3151 1524 3220 Expost
1570 3149 1860 3220 praedicta:
1916 3150 2045 3203 reli-
2087 3147 2126 3202 C
2158 3147 2419 3216 pluribus
2479 3148 2614 3201 olim
2666 3148 2964 3218 suppetiis,
3021 3154 3193 3202 notus
3239 3153 3295 3202 et
3338 3147 3573 3214 amicus,
3607 3165 3867 3219 quorum

357 3252 485 3305 qua:
533 3237 590 3289 in
623 3242 871 3305 quatuor
918 3254 1094 3291 novas
1137 3255 1332 3308 capsas
1389 3243 1521 3291 sunt
1573 3238 1789 3303 divisae,
1851 3237 1942 3291 die
1999 3254 2047 3291 Ix

361 3323 573 3376 mensis
652 3324 1025 3392 Septembris,
1123 3324 1214 3378 die
1294 3326 1556 3379 videlicet
1657 3326 2051 3380 translationis

361 3412 418 3465 8.
453 3412 843 3481 Cunegundis,
874 3429 997 3465 non.
1012 3413 1134 3466 sine
1165 3413 1539 3483 dispositione
1572 3414 1782 3475 divina.
1825 3415 1895 3468 ad
1941 3431 2052 3468 no-

361 3514 496 3553 vum
527 3506 662 3552 sunt
685 3500 1102 3570 sarcophagum
1159 3503 1470 3569 deportata;
1502 3510 1674 3574 atque
1726 3511 2054 3557 reverenter

362 3586 643 3656 imposita:
703 3594 759 3641 et
806 3588 1039 3642 inclusa:
1074 3606 1176 3659 per
1231 3591 1294 3643 Ι).
1356 3591 1659 3660 Georgium
1719 3591 2051 3661 episcopum

362 3681 420 3728 et
442 3677 510 3730 Ι).
551 3677 862 3746 Casparum
910 3678 1354 3748 sntfraganeum,
1405 3679 1784 3748 praesentibus
1841 3679 2053 3733 ibidem

364 3764 426 3817 D.
494 3765 710 3818 Joanne
769 3765 972 3818 abbate
1031 3767 1100 3819 de
1160 3768 1366 3831 Bantz;
1433 3768 1494 3820 Ι).
1556 3768 1796 3837 Georgio
1844 3769 2051 3835 Stiber,

362 3853 576 3906 decano
621 3855 755 3907 eccl.
816 3855 999 3919 Cath.,
1046 3856 1107 3908 Ι).
1164 3856 1466 3909 Wilhelmo
1511 3855 1776 3925 Schengk
1834 3857 2053 3910 Bai-one

362 3941 432 3993 de
492 3941 780 4011 Limburg,
836 3949 1064 4007 cantor;
1133 3945 1192 3996 l).
1261 3944 1551 3997 Leonardo
1603 3945 1670 3997 de
1742 3945 2053 4014 Eglofstein

361 4026 613 4092 doctore,
653 4026 1024 4091 Scliolastico;
1061 4027 1120 4077 ll.
1172 4027 1504 4081 Sebastiano
1560 4027 1630 4081 de
1693 4029 2051 4098 Kungsperg,

361 4113 678 4177 cellerario,
712 4119 766 4166 et
821 4113 949 4167 aliis
982 4115 1270 4167 canonicis
1296 4115 1705 4185 capitularibus
1735 4117 1900 4170 dictze
1961 4118 2056 4169 Ba-

363 4201 775 4270 benbergensis
860 4201 1130 4266 ecclesiae,
1216 4207 1434 4255 astante
1490 4202 1642 4255 clero
1695 4207 1750 4254 et
1820 4205 2052 4272 populo,

361 4295 639 4360 quantum
659 4290 893 4344 basilica
923 4291 1261 4344 cathedralis
1287 4307 1491 4358 capere
1522 4296 1769 4361 poterat.
1812 4314 1838 4340 ››

433 4381 520 4433 30.
546 4384 727 4449 Atque
759 4381 880 4434 haec
907 4380 1225 4450 pennltima
1255 4385 1338 4433 est
1396 4396 1686 4433 sacrarum
1737 4381 1792 4434 8.
1829 4381 2053 4434 Henrici

362 4468 735 4538 reliquiarum
769 4469 1020 4522 solennis
1040 4468 1365 4533 translatio;
1399 4484 1550 4521 nunc
1605 4476 1808 4521 caetera
1869 4469 2053 4537 subji-

361 4557 447 4610 cio
493 4573 623 4627 qua:
663 4557 720 4610 in
781 4557 981 4611 eadem
1047 4556 1428 4610 Gamansiana
1457 4557 1653 4610 charta
1684 4556 2053 4627 colliguntur.

366 4669 392 4692 ‹‹
447 4645 734 4715 Scriptura
783 4646 906 4700 ilch
957 4647 1017 4700 in
1067 4661 1448 4716 pergamenea
1480 4645 1750 4698 schedula
1804 4646 2057 4715 reposita

362 4736 446 4784 est
493 4733 561 4786 ad
603 4733 933 4803 plumbeam
987 4735 1304 4805 capsulam.
1376 4735 1439 4788 In
1526 4733 1632 4786 isto
1702 4733 2055 4803 sarcophago

362 4819 604 4890 lapideo,
635 4837 763 4874 cum
790 4838 892 4875 sua
938 4827 1152 4875 tectura
1191 4823 1414 4892 lapidea
1448 4823 1586 4876 olim
1618 4838 1792 4892 supra
1841 4828 2052 4875 terram

363 4910 600 4974 elevato,
653 4909 763 4962 fuit
793 4910 1150 4963 reconditum
1192 4911 1484 4980 quondam
1513 4927 1721 4981 corpus
1752 4911 1807 4965 S.
1867 4911 2052 4965 Cune-

361 4995 572 5065 gundis
619 4995 856 5066 virginis
888 5002 943 5048 et
998 4997 1397 5066 lmperatricis,
1431 5003 1560 5050 ante
1619 4999 2051 5051 translationem

362 5085 502 5155 ejus.
532 5084 709 5148 Nunc,
745 5091 982 5154 propter
1024 5090 1368 5138 structuram
1404 5088 1460 5137 et
1511 5085 1861 5138 erectionem
1920 5086 2053 5139 novi

361 5171 720 5241 sarcophagi,
755 5178 819 5224 ut
849 5172 1018 5225 hodie
1043 5173 1318 5236 cernitur,
1372 5173 1476 5225 fuit
1525 5171 1615 5224 hic
1669 5173 2052 5241 sarcophagus

360 5260 463 5313 snb
495 5265 644 5313 terra
675 5260 998 5312 reconditus
1027 5261 1079 5313 8.
1117 5260 1339 5312 Henrici
1380 5260 1716 5312 confessoris
1769 5265 1824 5310 et
1872 5261 2052 5329 lmpe-

361 5349 586 5414 ratoris,
647 5365 709 5401 ac
768 5349 938 5418 hujus
985 5349 1236 5401 ecclesiae
1289 5348 1624 5400 t'uudatoris.
1662 5367 1687 5397 ιο
1753 5349 1843 5401 Est
1897 5349 2049 5417 quod

361 5437 430 5490 ad
460 5438 812 5491 clarietateni
847 5437 936 5490 hic
965 5436 1280 5491 desideres.
1350 5456 1376 5487 (ι
1409 5439 1578 5489 Porro
1619 5438 1797 5489 altare
1826 5439 1882 5490 S.
1939 5437 2047 5490 Cu-

359 5526 641 5595 negundis
673 5526 821 5596 quod
853 5526 1061 5580 nudius
1091 5526 1429 5578 demolitum
1461 5531 1516 5576 et
1548 5524 1901 5578 confractum
1933 5533 2039 5591 est,

357 5613 691 5667 innovatum
749 5622 805 5667 et
860 5621 1113 5667 erectum
1169 5613 1297 5680 fuit,
1359 5620 1413 5667 et
1474 5629 1576 5682 per
1609 5615 1668 5667 D.
1731 5615 2046 5683 Casparum

357 5701 802 5769 sulfraganenm,
836 5703 927 5754 die
976 5703 1177 5755 eodem
1209 5707 1340 5772 post
1387 5702 1756 5772 reliquiarum
1808 5702 2045 5770 imposi-

2165 3235 2517 3288 subsidiariis
2576 3237 2839 3289 manibus
2897 3237 3147 3306 adjutus,
3204 3237 3482 3290 nonnulla
3515 3237 3606 3290 hic
3655 3245 3867 3306 parato

2156 3323 2277 3392 jam
2310 3325 2724 3379 commentario
2775 3326 3025 3380 inserere
3056 3326 3234 3391 licuit,
3261 3343 3390 3395 qua:
3431 3327 3568 3379 alias
3622 3328 3868 3382 omnino

2163 3413 2559 3482 praetereunda
2589 3413 2842 3468 fuissent.
2876 3418 3173 3467 Accessere
3225 3430 3257 3466 a
3298 3414 3584 3467 muniﬁcis
3615 3416 3858 3469 sanctis-

2163 3501 2293 3555 simi
2323 3502 2553 3572 patroni
2595 3518 2658 3555 ac
2705 3503 3022 3556 fundatoris
3070 3502 3371 3556 clientibus
3411 3503 3733 3556 necessaria
3793 3522 3866 3558 ea

2163 3589 2398 3655 auxilia,
2437 3589 2646 3661 quibus
2675 3590 2800 3645 istic
2833 3591 3139 3656 delineata,
3183 3591 3273 3644 hic
3302 3607 3434 3644 vero
3465 3591 3527 3645 in
3576 3608 3652 3645 tes
3681 3592 3867 3646 incisa
3897 3591 3919 3599 “”

2163 3679 2277 3733 sint
2307 3677 2481 3743 varia,
2514 3695 2642 3750 qua:
2679 3679 2923 3749 proinde
2976 3679 3234 3733 omnium
3288 3679 3468 3733 oculis
3525 3685 3579 3733 et
3627 3680 3736 3750 piae
3767 3699 3866 3735 cn-

2163 3767 2406 3821 riositati
2435 3768 2640 3838 exponi
2666 3776 2926 3837 potuere.

2234 3858 2319 3910 3'2.
2355 3856 2422 3909 Ut
2453 3855 2652 3909 ordine
2711 3855 2939 3925 singula
2979 3855 3334 3923 digerantur,
3391 3855 3460 3908 ab
3518 3856 3588 3909 iis
3647 3856 3864 3928 incipio

2164 3959 2293 4013 quas
2341 3959 2527 3997 sacras
2586 3944 2859 4014 reliquias
2908 3943 3144 4013 propius
3183 3949 3459 4014 spectant.
3493 3960 3702 4014 easque
3732 3947 3863 4016 pri-

2166 4047 2327 4084 mum
2360 4036 2550 4101 partes
2603 4048 2730 4102 qua:
2787 4036 2885 4085 aut
2939 4031 3001 4084 in
3055 4031 3177 4102 ipsa
3229 4033 3542 4087 cathedrali
3601 4035 3857 4099 ecclesia,

2165 4123 2264 4171 aut
2295 4117 2355 4170 in
2386 4117 2513 4170 aliis
2537 4117 3050 4186 Bambergensibus
3098 4119 3328 4188 templis
3360 4120 3622 4189 religiose
3677 4137 3860 4174 asser-

2169 4211 2388 4258 vantur.
2449 4206 2571 4259 Jam
2623 4205 2879 4275 proxime
2935 4206 3279 4273 notavimus,
3359 4207 3419 4259 in
3475 4206 3661 4276 prima
3712 4210 3863 4262 sacri

2167 4293 2422 4363 corporis
2442 4293 2780 4361 elevatione,
2813 4299 2870 4348 et
2910 4293 3278 4358 exultatione,
3310 4295 3630 4364 sejunctum
3661 4312 3693 4348 a
3721 4298 3861 4349 reli-

2168 4397 2282 4452 quo
2305 4397 2544 4450 corpore
2595 4382 2992 4436 honorandum
3034 4383 3325 4448 verticem,
3388 4384 3616 4452 piorum
3678 4385 3860 4438 culto-

2168 4486 2295 4524 rum
2328 4471 2681 4524 venerationi
2712 4473 3138 4542 exponendum,
3169 4477 3233 4525 ut
3289 4472 3637 4542 praecedenti
3691 4490 3855 4542 para-

2164 4557 2383 4628 grapho
2431 4559 2601 4612 etiam
2662 4558 2977 4613 indicatum
3032 4564 3136 4612 est.
3202 4559 3291 4614 Sic
3338 4559 3529 4629 ipsum
3589 4560 3862 4616 describit

2164 4645 2310 4701 Clar.
2357 4646 2718 4718 Eppenauer,
2756 4653 2817 4700 ut
2847 4648 3158 4701 secundum
3191 4647 3485 4701 decentem
3531 4651 3855 4719 proportio-

2165 4750 2296 4788 nem
2321 4735 2507 4805 capiat
2540 4752 2808 4789 coronam
2841 4736 3197 4805 imperialem
3229 4742 3558 4804 argenteam
3617 4738 3857 4792 deaura-

2165 4828 2300 4889 tam,
2335 4840 2586 4893 gravem,
2610 4824 2856 4895 gemmis
2883 4823 3259 4877 orientalibus
3293 4824 3489 4878 multis
3520 4826 3856 4896 magnisque

2163 4918 2516 4978 exornatam,
2549 4913 2851 4982 aureisque
2893 4911 3022 4966 hinc
3070 4913 3201 4966 inde
3243 4913 3488 4966 cimeliis
3543 4913 3853 4970 circumda-

2163 5007 2301 5065 tam,
2334 5003 2496 5070 cujus
2524 5001 2676 5055 linea
2708 5000 3058 5054 diametralis
3089 5001 3162 5054 sit
3182 5006 3306 5054 octo
3354 5001 3622 5071 pollicum
3684 5003 3854 5057 unius

2163 5088 2342 5158 pedis,
2375 5089 2621 5142 altitudo
2638 5089 3055 5160 propemodum
3092 5105 3209 5154 sex,
3241 5090 3390 5144 unde
3422 5090 3589 5144 facile
3619 5090 3847 5161 colliga-

2160 5181 2255 5230 tur
2286 5177 2622 5246 magnitudo
2679 5177 2900 5247 capitis,
2955 5178 3106 5245 quod
3169 5195 3236 5232 eo
3297 5179 3467 5233 modo
3517 5185 3854 5236 coronatum

2159 5267 2403 5319 detineri
2454 5267 2554 5328 ait,
2588 5267 2647 5320 in
2717 5283 2888 5335 pomo
2947 5267 3236 5337 imperiali
3292 5267 3506 5322 dextrae
3588 5268 3853 5339 imaginis

2161 5360 2445 5424 argentea:
2493 5355 2806 5409 humanam
2855 5362 3130 5410 staturam
3200 5356 3473 5411 umbilico
3533 5362 3695 5409 tenus
3749 5359 3849 5412 ad-

2160 5441 2441 5510 tequantis
2477 5457 2490 5494 :
2533 5441 2715 5504 Quam
2771 5444 3063 5509 Romane,
3114 5443 3260 5498 infra
3318 5444 3675 5510 exhibendas,
3736 5461 3850 5500 non

2159 5529 2405 5582 multum
2426 5530 2747 5584 absimilem
2765 5532 3046 5600 concipio,
3080 5532 3191 5585 nisi
3219 5532 3373 5602 quod
3408 5531 3464 5584 in
3501 5531 3598 5584 illa
3629 5533 3850 5588 brachia

2159 5617 2571 5685 exprimantur.
2609 5620 2681 5672 Ex
2727 5619 3008 5673 delineata
3037 5636 3248 5672 corona
3278 5621 3346 5672 de
3388 5620 3512 5690 ejus
3561 5621 3734 5688 pretio
3791 5631 3848 5677 et

2159 5705 2446 5772 elegantia
2511 5711 2742 5768 statues,
2829 5707 3155 5776 ridebisque
3226 5724 3354 5760 cum
3428 5709 3838 5775 Bambergeusi,
