1972 3219
45 245 77 272 25
881 243 977 271 ACTA.
1770 239 1803 263 ‘21}

45 305 127 333 binas
143 305 212 332 illas
226 313 260 333 ex
276 305 304 333 S.
333 303 474 332 Michaelis
488 312 505 330 a
529 302 673 338 Ludwigio
692 302 732 330 sic
754 303 902 335 exhibitas,
957 301 1071 330 subesse
1100 300 1174 337 mihi
1195 302 1313 327 testatus
1349 301 1391 326 est
1415 297 1612 333 Schugeutius.
1635 298 1699 325 Sola
1717 297 1804 332 hujus

45 352 75 376 ut
105 349 232 376 alteram
259 349 291 377 in
320 348 508 381 solemnibus,
531 348 651 375 alteram
674 347 704 374 in
730 347 904 383 quotidianis
957 350 1062 375 nostrae
1081 346 1234 374 delineatio
1255 345 1289 372 ad
1312 352 1355 371 me
1369 343 1453 370 missa
1481 345 1533 375 est,
1553 350 1640 378 quam
1656 341 1728 368 satis
1743 341 1804 368 feli-

46 394 182 420 usitatam
222 393 468 425 comminiscetur,
502 393 582 427 cujus
609 392 651 419 rei
688 399 740 419 nec
772 392 903 418 umbram
957 392 1169 418 citerexcusam
1190 389 1373 425 reprieseuto.

462 728 483 759 ιλ
996 731 1014 741 ε
1415 708 1432 733 ρ

324 770 352 814 ᾗ
894 764 911 810 ὁ
1495 761 1529 827 ,ξ

329 855 412 909 ira
578 898 580 902 .
619 874 646 907 ε
667 878 691 906 ι.
815 897 817 905 ,
891 839 943 889 θ,
1151 895 1158 905 κ

396 970 406 1004 Ῠ
481 981 489 986 ”
634 962 663 1012 (ί
685 954 715 1010 [μ
860 959 861 962 η
910 967 953 1012 ‘
973 968 986 987 ⁵
1079 945 1135 1002 λὺ
1169 955 1200 995 ἦ·
1236 925 1466 1033 ’[’Υμηέὲξῖξὲιξ

512 1055 529 1116 Ῠ
625 1085 628 1089 λ
704 1055 768 1067 ”
951 1058 977 1107 ῖ,
1245 1050 1419 1118 ἔθ’έένθῖιέξινξ

707 1091 794 1202 λι

376 1194 400 1239 ’⁸
489 1198 613 1267 31.511"
688 1198 954 1272 εἰ
1054 1202 1195 1270 δῖ’]

784 1417 985 1433 .4”,
1034 1430 1051 1432 η
1160 1417 1166 1420 η

94 1665 134 1691 33.
155 1663 306 1698 Reliquias
324 1662 394 1689 alias
412 1662 457 1689 his
479 1663 569 1690 ferme
595 1664 687 1691 verbis
709 1665 842 1695 describit
853 1669 905 1703 Ep-
922 1670 942 1696 Β
961 1675 1027 1694 crux
1048 1666 1243 1699 celeberrima,
1259 1672 1345 1701 quam
1361 1663 1462 1690 vidisse
1478 1670 1507 1689 se
1532 1663 1649 1688 testatur
1664 1659 1804 1687 llenschc-

64 1716 200 1742 penauer:
227 1706 392 1734 Mandibula
405 1714 469 1733 cum
480 1707 623 1741 dentibus,
644 1709 752 1737 inclusa
769 1711 857 1738 thecae
872 1720 905 1739 ex
960 1711 1025 1738 nius
1044 1712 1079 1738 ad
1099 1712 1164 1738 Acta
1181 1711 1208 1737 S.
1229 1707 1429 1744 Cunegundis,
1450 1713 1572 1742 quasque
1587 1705 1616 1731 in
1636 1705 1729 1731 Monte
1745 1711 1805 1729 mo-

62 1751 189 1779 deaurato
203 1754 338 1786 argento,
359 1751 492 1778 decorata
514 1753 556 1779 est
578 1755 641 1779 octo
660 1754 793 1788 pretiosis
808 1755 907 1790 lapidi—
961 1756 1118 1782 nachorum
1134 1763 1182 1781 seu
1214 1754 1248 1780 ad
1269 1753 1295 1780 S.
1322 1751 1463 1780 Michaelis
1490 1749 1637 1776 recondita
1653 1750 1719 1779 est;
1735 1747 1804 1773 item

62 1795 128 1830 bus;
151 1805 245 1825 nonus
267 1797 298 1825 iu
319 1797 423 1824 vertice
449 1799 492 1824 est
518 1797 678 1832 sapphyrus
705 1798 905 1833 magnitudine

62 1840 207 1876 adaequans
222 1842 299 1868 duos
325 1841 453 1876 pollices.
479 1841 581 1868 Guttur
599 1841 731 1868 similiter
753 1842 792 1869 ita
812 1843 905 1870 inclu-

63 1892 118 1912 sum
132 1886 232 1913 asserit
247 1886 383 1921 crystallo
402 1885 555 1920 diaphana,
572 1885 620 1912 sed
636 1885 743 1920 absque
762 1886 906 1921 lapidibus

63 1929 196 1963 pretiosis.
213 1930 262 1956 Est
272 1930 303 1956 in
323 1929 496 1956 monasterio
513 1929 539 1956 S.
563 1929 711 1962 Michaelis,
726 1929 756 1956 in
780 1930 905 1965 quodam

65 1973 221 2008 reliquiario
232 1973 342 2008 ligneo,
369 1981 454 2008 parva
481 1972 578 2007 aliqua
601 1972 741 2007 particula
767 1982 847 2000 ossea
870 1974 905 2001 de

64 2017 86 2042 S.
124 2018 236 2044 llenrici
269 2025 400 2052 corpore.
433 2017 464 2043 In
496 2017 669 2044 monasterio
704 2017 905 2053 Bambergensi

65 2058 188 2096 SsAnnre
206 2061 263 2088 RR.
300 2061 353 2087 PP.
388 2060 528 2087 Minorum
561 2060 675 2087 Ordinis
707 2061 733 2088 S.
766 2062 904 2089 Francisci

66 2103 210 2139 Seraphici,
228 2105 259 2131 in
279 2104 423 2132 ambobus
448 2104 585 2131 lateribus
608 2105 784 2132 tabernaculi
800 2106 905 2133 summi

66 2147 163 2181 altaris,
192 2151 379 2175 asservantur
399 2148 455 2175 duo
493 2148 617 2175 maxima
645 2157 677 2175 ac
702 2149 814 2184 integra
842 2158 905 2177 ossa

67 2190 176 2219 duorum
197 2192 305 2228 pedum
327 2192 355 2219 S.
370 2192 492 2225 llenrici,
518 2200 642 2227 quorum
661 2192 774 2228 singula
790 2193 820 2220 in
844 2194 905 2221 lon-

67 2235 182 2269 gitudine
215 2237 373 2270 adaequant
395 2244 485 2263 unum
507 2236 608 2271 pedem
635 2239 663 2263 et
684 2237 780 2264 decem
814 2237 902 2265 ferme

68 2280 391 2313 pollices;manifestum
419 2280 566 2313 indicium,
596 2280 700 2316 inquit,
731 2289 853 2316 magum,
874 2283 904 2307 ut

67 2331 143 2358 supra
157 2324 274 2357 dictum,
292 2326 420 2357 statura,
437 2325 476 2351 ita
489 2327 520 2351 ut
534 2332 568 2351 ea
586 2324 714 2359 proxime
734 2325 847 2351 accedat
868 2325 903 2351 ad
919 2337 939 2363 ρ

69 2367 144 2399 pedes
157 2369 275 2395 omnino
289 2370 409 2403 septem.
426 2369 490 2395 Haec
506 2368 684 2402 Eppenauer,
701 2375 735 2394 ex
745 2376 801 2403 quo
816 2368 904 2394 disce-

71 2417 95 2436 re
108 2419 162 2439 non
174 2412 254 2440 licuit
273 2420 333 2448 quo
355 2414 483 2447 tempore
508 2419 570 2438 ossa
590 2411 638 2438 illa
666 2411 733 2438 bina
752 2419 767 2437 e
794 2412 903 2438 tumulo

71 2457 181 2483 extracta
192 2456 269 2488 sint;
296 2455 372 2482 infra
388 2455 498 2490 patebit
524 2455 590 2482 inde
615 2457 743 2490 acceptas
771 2463 830 2482 esse
846 2456 902 2482 Ro-

72 2504 158 2525 manas
171 2500 320 2535 reliquias,
336 2499 370 2525 de
394 2498 498 2534 quibus
514 2498 593 2525 brevi
619 2507 746 2534 agemus.
763 2499 837 2527 Nihil
857 2499 903 2526 hic

71 2540 100 2567 de
115 2553 124 2566 ε
137 2542 249 2570 brachio
266 2546 295 2570 et
310 2543 423 2570 duabus
441 2542 527 2569 costis
541 2551 606 2569 cum
623 2543 716 2577 parvis
741 2543 804 2569 aliis
829 2543 899 2570 ossi-

72 2583 125 2618 bus,
138 2595 199 2621 quae
215 2588 285 2615 foris
300 2587 508 2614 honorabiliter
523 2587 700 2614 recondenda
716 2598 727 2609 ι
746 2586 903 2622 desumpsit

73 2627 220 2658 Lambertus
244 2631 397 2667 episcopus
425 2639 501 2658 anno
528 2632 615 2665 l380;
631 2633 674 2657 ast
697 2630 761 2658 inde
783 2631 902 2658 fortasse

73 2672 185 2708 reliquie!
198 2676 258 2702 ista:
284 2674 486 2710 processerint,
509 2674 543 2701 de
561 2674 665 2709 quibus
690 2682 808 2709 agemus
823 2682 903 2709 para~

73 2718 167 2751 grapho
177 2719 318 2754 sequenti.

102 2761 139 2787 34.
156 2763 258 2801 νΝθῳιο
284 2770 353 2789 vero
381 2762 582 2797 prastereunda
607 2765 673 2789 sunt
695 2769 773 2788 sacra
794 2761 849 2788 alia
863 2761 903 2788 ci-

74 2804 146 2832 melia
158 2806 328 2834 sanctissimi
361 2806 615 2841 Bambergensium
644 2805 768 2841 patroni,
797 2805 903 2832 ibidem

77 2848 269 2882 religiosissime
280 2850 433 2877 custodita.
454 2850 599 2885 Prwcipua
624 2849 681 2876 duo
709 2851 784 2881 sunt,
800 2856 903 2883 nempe

960 1801 1099 1832 manium,
1120 1801 1152 1825 ut
1165 1797 1205 1824 ibi
1218 1797 1375 1832 appellant,
1392 1803 1439 1822 seu
1467 1793 1597 1829 pallium,
1615 1790 1739 1818 mirabili
1755 1798 1802 1817 ar-

960 1842 1047 1869 tiﬁcio
1075 1842 1263 1873 elaboratum,
1291 1840 1321 1867 in
1342 1838 1463 1866 sacrario
1482 1836 1607 1864 ecclesia:
1636 1834 1804 1862 cathedralis

960 1886 1138 1921 depositum:
1153 1893 1217 1920 quas
1232 1885 1261 1911 in
1285 1883 1443 1918 appendice
1471 1883 1536 1917 post
1558 1882 1637 1912 Acta,
1664 1878 1801 1913 singulari

959 1930 1155 1965 explicatione,
1175 1936 1232 1964 qua
1250 1928 1355 1963 poterit
1384 1925 1541 1961 diligentia,
1572 1923 1803 1950 illustrahuntur.

961 1975 1047 2001 Porro
1059 1973 1226 2001 Henriciana
1241 1972 1296 1999 alia
1308 1973 1431 2007 quatuor
1445 1971 1541 1996 manta
1551 1977 1601 1995 seu
1616 1968 1703 2003 pallia
1714 1967 1802 1994 serica

959 2017 1071 2044 caerulei
1092 2017 1204 2050 coloris,
1236 2024 1359 2052 quorum
1390 2022 1480 2042 unum
1506 2022 1558 2049 per
1583 2015 1676 2040 totum
1700 2019 1804 2046 magna

959 2069 1041 2088 cruce
1051 2064 1219 2088 exornatum
1234 2063 1286 2091 est,
1310 2060 1397 2086 refert
1413 2060 1580 2093 Eppenauer
1597 2067 1604 2089 ς
1632 2058 1717 2091 atque
1732 2055 1798 2082 item

960 2114 974 2130 α
1000 2113 1096 2132 ensem
1126 2105 1152 2132 S.
1184 2104 1295 2132 llenrici
1317 2103 1476 2139 proprium,
1507 2102 1704 2133 bissecantem,
1742 2099 1802 2125 sine

959 2149 1060 2184 vagina
1088 2152 1195 2181 tamen,
1215 2149 1249 2175 ad
1279 2148 1393 2175 initium
1425 2145 1521 2173 saeculi
1546 2144 1675 2180 proxime
1704 2143 1802 2179 elapsi,

959 2193 1072 2220 noviter
1095 2195 1257 2219 consecrato
1287 2192 1404 2219 domino
1433 2191 1567 2226 episcopo
1599 2186 1801 2222 Bambergensi

958 2237 1061 2265 Joanni
1086 2237 1238 2264 Godefrido
1264 2236 1298 2263 ab
1317 2236 1478 2262 Aschausen
1506 2235 1667 2268 Augustam
1686 2232 1801 2258 domino

959 2281 1091 2316 episcopo
1119 2283 1281 2315 Augustano
1317 2279 1471 2306 liberaliter
1504 2278 1611 2308 datum,
1650 2276 1802 2303 habentem

961 2325 1142 2352 manubrium
1166 2325 1357 2359 ellypsiforme
1383 2331 1414 2349 ex
1438 2322 1560 2356 crispato
1585 2320 1663 2356 ligno
1682 2319 1801 2350 huxino,

957 2370 1074 2402 longum
1091 2368 1181 2395 tribus
1201 2368 1258 2395 fere
1283 2367 1411 2402 pedibus.
1438 2367 1526 2393 latum
1555 2364 1768 2400 sesquipollice.
1790 2375 1799 2385 -

958 2413 1072 2441 Habeet
1102 2412 1211 2447 reliqua
1243 2411 1370 2446 ejusdem
1399 2411 1471 2437 Clar.
1505 2409 1663 2438 Archivarii
1690 2407 1801 2434 verbis:

993 2459 1062 2484 35.41
1090 2457 1146 2490 Est,
1174 2456 1278 2492 inquit.
1314 2455 1407 2491 cuspis
1430 2455 1522 2482 ferrea
1544 2454 1695 2486 hissecans,
1726 2454 1802 2478 tam-

957 2509 1042 2536 quam
1057 2501 1201 2536 pertinens
1225 2502 1367 2535 superstes
1401 2500 1444 2526 sui
1471 2499 1508 2533 (S.
1533 2497 1655 2530 Henrici)
1673 2495 1802 2524 militaris

956 2545 1061 2576 vexilli.
1078 2545 1163 2577 longa
1178 2545 1289 2572 duobus
1304 2544 1424 2580 pedibus
1439 2551 1503 2570 cum
1518 2541 1647 2574 dimidio,
1675 2541 1728 2567 lata
1743 2539 1802 2574 pol-

957 2588 1058 2615 licibus
1073 2589 1193 2616 duobus.
1210 2589 1310 2623 Cuspis
1324 2588 1391 2615 item
1408 2587 1506 2614 similis
1531 2585 1674 2612 vexillaris
1694 2584 1800 2613 minor,

956 2632 1040 2663 longa
1058 2641 1115 2659 uno
1144 2633 1225 2667 pede,
1255 2633 1369 2667 lataque
1394 2632 1468 2658 ullra
1498 2630 1642 2664 pollicem,
1675 2636 1738 2663 qua
1767 2635 1800 2654 ex

956 2676 1112 2703 traditione
1127 2685 1142 2703 a
1157 2677 1184 2703 S.
1202 2676 1333 2711 Georgio,
1359 2676 1414 2710 ipsi
1428 2675 1455 2702 S.
1482 2673 1611 2705 Henrico,
1640 2672 1676 2698 ad
1698 2671 1800 2698 devin-

959 2720 1062 2747 cendos
1112 2729 1246 2755 paganos,
1285 2719 1454 2747 miraculose
1491 2717 1636 2744 obvenisse
1686 2716 1799 2743 dicitur.

960 2764 1055 2791 Exstat
1069 2764 1192 2800 denique
1208 2764 1283 2791 ensis
1297 2764 1412 2799 quidam
1428 2762 1519 2789 brevis
1543 2768 1608 2788 cum
1623 2760 1726 2795 vagina
1740 2760 1800 2791 vili,

959 2807 1129 2843 cinguloque
1144 2816 1279 2843 appenso,
1297 2815 1353 2834 una
1365 2806 1456 2833 solum
1486 2805 1555 2837 acie,
1584 2803 1734 2841 manubrio
1748 2812 1799 2830 an-

959 2851 1050 2886 gulari
1077 2852 1214 2883 eburneo,
1240 2850 1438 2878 circumcincto
1463 2857 1551 2883 parvo
1576 2849 1682 2876 annulo
1702 2857 1799 2883 argen-
