3976 6390
322 426 389 476 ‘27
1632 432 1686 485 8.
1735 430 2021 486 HENRICI
2062 432 2532 487 lMPEBATORlS
3780 434 3855 485 ‘28

326 553 418 601 teo
458 563 654 601 ensem
686 564 904 615 versus,
939 549 1031 603 cui
1078 550 1258 603 nitido
1306 551 1548 621 graphio
1577 552 1857 622 insculpta
1888 558 2021 606 sunt
2050 553 2097 606 Α
2135 552 2371 620 Reinch,
2426 569 2477 606 ix
2518 549 2871 622 Septembris
2924 552 3082 618 1658,
3127 549 3377 603 invitatis
3428 549 3499 604 ad
3556 550 3855 621 insignem

326 641 575 706 quatuor
628 637 794 707 signa
840 639 1348 708 Evangelistarum.
1417 640 1513 694 Pie
1569 641 1821 694 creditur
1869 657 2024 695 nunc

327 740 525 779 ensem
551 725 1001 781 instrumentum
1039 744 1159 781 esse
1192 728 1447 798 martyrii
1477 730 1531 784 S.
1580 729 1837 793 Adriani,
1866 730 2021 799 quod

325 814 568 884 longum
598 815 654 868 in
684 820 867 868 totum
912 832 1025 869 uno
1064 817 1207 886 pede
1254 833 1381 870 cum
1438 822 1653 885 septem
1694 818 2019 887 pollicibus,

326 900 512 954 latum
538 907 729 956 autem
763 904 964 972 pollice
988 921 1101 956 uno
1125 910 1181 957 et
1209 910 1409 975 quarta
1446 910 1622 975 parte.
1657 925 1683 956 ι)
1742 908 2024 959 Hactenus

325 989 547 1056 relatio,
581 990 640 1044 in
673 1008 788 1061 qua
834 992 890 1045 id
939 999 1289 1062 postremum
1337 998 1565 1046 notatur
1597 1011 1609 1047 :
1654 996 1929 1049 asservari
1959 1012 2027 1048 ea

326 1078 525 1131 omnia
563 1079 621 1131 in
656 1080 816 1133 tholo
840 1081 1086 1149 quodam
1136 1082 1386 1134 ecclesia
1443 1082 1800 1148 cathedralis,
1832 1105 1859 1131 ››
1895 1100 2025 1153 qua

323 1167 691 1220 venerationi
719 1168 960 1237 publica
1001 1170 1247 1238 plurima
1278 1186 1342 1222 ex
1380 1176 1545 1239 parte
1578 1172 1779 1225 diebus
1811 1172 2025 1226 festivis

328 1254 399 1308 ad
426 1255 605 1309 altare
626 1256 680 1309 S.
715 1256 1131 1326 Chuuigunda,
1169 1258 1390 1311 tumulo
1428 1260 1779 1328 proximum,
1814 1262 2026 1332 exponi

327 1343 541 1398 solent.
581 1364 608 1396 ιο
643 1345 786 1398 Sunt
830 1350 886 1398 et
934 1345 1060 1398 libri
1092 1344 1257 1407 sacri,
1309 1353 1371 1399 ut
1402 1348 1667 1402 Missales.
1694 1350 2022 1415 Graduales,

326 1436 387 1484 et
417 1430 475 1485 id
521 1447 704 1501 genus
750 1431 869 1496 alii,
911 1432 1319 1501 pretiosissime
1340 1435 1615 1503 coeperti.
1670 1437 2023 1507 picturisquc

324 1518 444 1571 suis
475 1520 681 1586 ornati,
754 1520 906 1590 quia
964 1520 1322 1576 sanctissimo
1375 1529 1638 1591 patrono,
1708 1526 1959 1579 ecclesia
1991 1544 2025 1581 a

323 1623 387 1661 se
429 1608 703 1672 fundata,
744 1608 927 1661 relicti
971 1608 1258 1676 dicuntur,
1320 1627 1452 1664 cum
1490 1613 1613 1682 ipsa
1660 1614 1836 1668 Cruce
1863 1620 2020 1684 post-

325 1695 563 1749 modum
588 1696 912 1751 exhibendi.
967 1698 1175 1768 Atjam
1224 1700 1481 1754 tumulus
1526 1701 1668 1771 ipse,
1700 1708 1898 1772 utpote
1930 1720 2025 1773 pa-

324 1783 715 1838 tentissimum
763 1785 1065 1857 utriusque
1096 1788 1441 1843 sanctissimi
1495 1790 1755 1860 conjugis
1810 1792 2020 1845 cultus-

327 1878 756 1941 argumentum,
796 1868 968 1943 paulo
1023 1875 1311 1930 attentius
1341 1876 1729 1948 inspiciendus
1781 1885 1883 1945 est,
1937 1882 2025 1952 ip-

324 1958 558 2029 siusque
595 1960 814 2014 laudati
874 1962 997 2031 jam
1061 1961 1232 2015 toties
1287 1962 1434 2019 Clar.
1497 1964 1614 2018 Viri
1673 1967 1891 2020 calamo
1922 1968 2026 2021 de-

323 2047 674 2103 scribendus.

398 2138 485 2189 36.
537 2137 867 2207 Repetenda
921 2138 1014 2193 hic
1065 2141 1278 2210 paucis,
1332 2142 1529 2196 saltem
1574 2143 1635 2197 in
1684 2144 2024 2199 memoriam

323 2225 664 2292 revocanda,
736 2241 867 2295 qua
927 2230 1292 2299 paragrapho
1321 2232 1667 2301 pracedenti
1700 2249 1764 2287 ex
1813 2233 2025 2288 chartis

331 2312 725 2367 Gamansianis
753 2314 938 2369 fusius
985 2316 1136 2371 dicta
1184 2324 1319 2372 sunt
1385 2319 1455 2373 de
1500 2321 1689 2390 primo
1717 2340 1745 2371 α
1775 2338 2024 2376 marmo-

323 2414 431 2454 reo
468 2401 876 2473 qualicumque
914 2411 1293 2461 monumento
1324 2427 1352 2459 »
1394 2424 1499 2477 per
1544 2410 1935 2465 Eberhardum
1973 2412 2023 2466 Il

324 2488 663 2559 episcopum
717 2491 925 2546 Sancto
981 2498 1276 2565 tamquam
1333 2496 1602 2566 populari
1639 2504 1865 2564 erecto;
1899 2505 2023 2553 tum

324 2591 456 2629 vero
491 2576 563 2631 de
597 2600 618 2626 ι
649 2592 798 2632 nova
820 2580 1115 2650 sepultura
1152 2604 1172 2630 ι
1209 2599 1361 2639 anno
1410 2588 1544 2639 1513
1577 2604 1604 2637 α
1646 2602 1710 2640 ex
1738 2603 2023 2642 marmore

324 2664 565 2734 sculpta,
600 2684 627 2713 »
657 2666 727 2719 ad
760 2682 888 2737 qua
921 2685 1037 2722 non
1085 2669 1220 2724 satis
1268 2672 1635 2728 adverterunt
1671 2674 1790 2745 qui,
1824 2692 1890 2729 ex
1922 2692 2022 2730 ne-

328 2751 446 2805 scio
491 2769 605 2823 qua
636 2755 958 2824 traditione,
1005 2774 1343 2827 persuasum
1382 2762 1633 2816 habuere
1664 2762 1815 2817 idem
1850 2764 2022 2819 hodie

326 2849 765 2896 monumentum
804 2846 1204 2900 Henricianum
1254 2854 1474 2903 exstare
1514 2852 1665 2921 quod
1697 2852 1833 2905 olim
1882 2854 2023 2907 San-

326 2933 416 2981 cto
466 2931 709 2984 erexisse
757 2932 964 2987 dicitur
1002 2935 1362 2990 Eberhardus
1418 2940 1486 3001 ll,
1531 2940 1800 3010 quodque
1857 2948 2025 2995 antea

327 3015 389 3069 in
435 3019 624 3072 medio
684 3021 842 3074 navis
892 3024 1145 3078 ecclesia
1201 3027 1466 3079 cancellis
1532 3028 1731 3082 ferreis
1776 3030 2021 3083 circum-

2133 640 2523 694 celebritatem
2584 638 2969 709 snfl‘ragaueo,
3050 638 3468 707 Herbipolensi,
3547 639 3858 694 abbatibus

2133 738 2385 800 quatuor
2443 728 2978 798 Bambcrgensibus,
3039 743 3104 780 ac
3162 726 3429 796 parochis
3478 727 3855 799 circumqua-

2134 834 2245 887 que
2266 818 2336 871 ad
2369 822 2614 887 quatuor
2675 814 2944 868 milliaria
2984 814 3238 880 dissitis;
3287 815 3500 885 quibus
3542 818 3859 883 praesenti-

2134 906 2241 959 bus
2280 921 2465 958 sacras
2495 904 2769 974 reliquias
2794 903 3072 973 imposuit
3105 920 3170 957 ac
3226 904 3477 965 inclusit,
3512 904 3605 958 die
3644 904 3855 958 festivo

2134 1010 2239 1064 per
2288 998 2464 1047 totam
2501 993 2793 1047 dioecesim
2833 991 3067 1060 indicto,
3124 1008 3300 1061 quem
3332 992 3516 1046 dictus
3560 994 3856 1064 suffraga-

2134 1099 2278 1136 neus
2326 1083 2421 1153 pia
2474 1098 2591 1135 non
2642 1081 2835 1135 minus
2876 1097 3051 1151 quam
3093 1080 3342 1149 eleganti
3387 1080 3459 1135 ad
3490 1082 3857 1136 confertissi-

2134 1186 2294 1224 mum
2330 1170 2610 1240 populum
2673 1169 2924 1223 dictione
2969 1169 3309 1239 panegyrica
3356 1168 3419 1222 in
3477 1169 3707 1224 laudem
3743 1171 3850 1226 SS.

2136 1259 2363 1312 Heurici
2393 1264 2450 1311 et
2505 1257 2864 1327 Cunigunda
2920 1257 3137 1310 directa
3176 1256 3500 1323 honoravit,
3556 1256 3662 1311 sub
3710 1257 3854 1311 the-

2134 1354 2287 1400 mate
2326 1363 2339 1400 :
2377 1369 2403 1394 ‹‹
2468 1347 2643 1400 David
2704 1351 2759 1398 et
2827 1344 3015 1398 omnis
3071 1345 3275 1398 domus
3337 1344 3510 1398 Israel
3557 1345 3859 1399 ducebant

2135 1450 2323 1487 arcam
2350 1434 2675 1486 testamenti
2708 1432 2935 1485 Domini
2968 1432 3027 1485 in
3078 1432 3262 1501 jubilo
3301 1437 3359 1485 et
3406 1433 3674 1502 clangore
3703 1433 3855 1487 buc-

2134 1523 2299 1589 cina,
2351 1523 2400 1576 II
2442 1523 2578 1591 Reg.
2613 1538 2665 1574 γι
2732 1538 2878 1574 vers.
2934 1523 3017 1574 15.
3059 1542 3079 1568 ι
3142 1522 3331 1574 Exstat
3384 1520 3456 1574 de
3504 1521 3612 1575 hac
3660 1526 3858 1575 trans-

2135 1612 2308 1664 missa
2367 1611 2438 1665 ad
2511 1626 2603 1664 me
2658 1626 2727 1663 ex
2802 1609 3031 1663 archivo
3088 1608 3496 1680 Bambcrgensi
3544 1608 3856 1680 inscriptio

2133 1700 2336 1754 litteris
2410 1698 2742 1768 majusculis
2815 1713 3120 1767 expressa,
3209 1713 3384 1769 quam
3457 1697 3552 1752 hic
3637 1698 3853 1753 reddo.

2140 1809 2166 1835 ‹‹
2199 1791 2363 1842 Anno
2392 1789 2454 1842 D.
2491 1802 2744 1854 uocxux,
2772 1789 2805 1839 2
2846 1785 3218 1855 Septembris,
3262 1786 3428 1856 jussu
3473 1786 3860 1841 Reverendis-

2139 1876 2267 1929 simi
2308 1881 2365 1930 et
2416 1875 2791 1930 Illustrissimi
2836 1874 3114 1945 principis
3171 1890 3236 1928 ac
3297 1875 3359 1928 D.
3396 1876 3468 1929 D.
3518 1874 3858 1930 Melchioris

2135 1965 2376 2031 Ottonis,
2454 1966 2547 2019 SS.
2626 1963 2853 2018 Henrici
2925 1968 2982 2017 et
3056 1962 3427 2033 Cunegundis
3511 1963 3856 2033 sepulcrum

2135 2069 2579 2107 marmoreume
2629 2053 2818 2105 media
2883 2051 3017 2105 navi
3076 2050 3329 2105 ecclesia
3380 2049 3452 2104 ad
3499 2052 3738 2105 chorum
3775 2053 3852 2105 D.

2134 2143 2379 2213 Georgii,
2423 2142 2579 2195 velut
2633 2141 2825 2193 locum
2881 2139 3063 2209 magis
3101 2138 3496 2211 conspicuum,
3530 2139 3640 2193 fuit
3659 2146 3858 2194 trans-

2132 2231 2356 2285 latum:
2418 2247 2592 2284 sacra
2662 2245 2796 2282 vero
2867 2228 3152 2299 reliquia,
3218 2233 3469 2298 quatuor
3515 2228 3722 2297 ligneis
3764 2244 3859 2283 ar-

2132 2321 2274 2374 culis
2306 2320 2566 2383 occlusa,
2599 2317 2660 2371 in
2711 2317 2967 2371 sacristia
3019 2316 3302 2387 tantisper
3343 2322 3602 2385 servata,
3659 2317 3858 2372 donec

2132 2407 2665 2463 Reverendissimus
2704 2410 2761 2459 et
2810 2405 3235 2459 Illustrissimus
3272 2404 3541 2475 princeps
3579 2420 3644 2459 ac
3673 2406 3738 2459 D.
3777 2407 3852 2461 D.

2133 2497 2429 2567 Philippus
2459 2494 2792 2548 Valentinus
2830 2493 3090 2560 .easdem,
3125 2492 3258 2547 huic
3289 2493 3503 2548 tumba
3527 2493 3856 2548 honorifice

2130 2583 2394 2645 insertas,
2453 2599 2590 2636 cura
2634 2586 2987 2652 sumptaque
3044 2581 3376 2652 magnifico,
3436 2581 3854 2636 assistentibus

2135 2672 2196 2724 D.
2258 2673 2319 2724 D.
2392 2670 2690 2724 Francisco
2773 2670 3034 2725 Conrado
3094 2685 3128 2723 a
3183 2670 3419 2725 Stadion
3506 2672 3853 2742 praposito,

2133 2759 2375 2828 Georgio
2420 2758 2661 2813 Henrico
2703 2775 2735 2811 a
2786 2759 3089 2828 Kunsberg
3146 2758 3383 2824 decano,
3435 2760 3655 2814 Joanne
3704 2760 3854 2814 Phi-

2134 2848 2289 2918 lippo
2317 2848 2388 2900 ab
2430 2847 2811 2916 Egglosfstein
2850 2847 3160 2901 decanatus
3198 2847 3547 2917 coadjutore,
3596 2848 3853 2902 Martino

2131 2953 2165 2989 a
2210 2937 2583 2990 Seckendortl‘
2626 2936 2870 3001 seniore,
2918 2952 3023 2989 nec
3078 2951 3197 2989 non
3228 2935 3598 3007 Suffraganeo
3646 2936 3856 2991 Herbi—

2132 3026 2372 3095 poleusi,
2402 3025 2659 3095 quinque
2681 3024 2983 3078 abbatibus
3008 3040 3073 3077 ac
3123 3024 3345 3077 cateris
3399 3024 3849 3094 capitularibus,

324 3110 553 3175 septum
606 3107 733 3173 fuit,
776 3110 1010 3164 tandem
1067 3112 1125 3165 in
1173 3113 1345 3167 choro
1406 3116 1459 3169 S.
1513 3117 1742 3186 Georgii
1803 3118 2025 3188 aliquot
2055 3110 2097 3166 (ἶ
2133 3116 2285 3168 clero
2351 3114 2677 3185 populoque
2722 3113 3025 3181 universis,
3086 3127 3314 3166 summa
3356 3128 3488 3166 cum
3534 3112 3849 3183 religione,

325 3194 598 3262 gradibus
657 3197 986 3253 exaltatum.
1061 3202 1192 3255 Hac
1261 3210 1615 3272 prapostere
1672 3206 2027 3262 circumferri

323 3282 463 3336 satis
505 3284 958 3354 observaveram,
1015 3289 1224 3343 certius
1283 3307 1416 3344 vero
1463 3309 1554 3346 me
1600 3294 2024 3353 docuitllauda-

324 3374 417 3422 tus
465 3370 530 3424 R.
589 3373 648 3425 Ρ.
702 3373 927 3439 Rector,
989 3392 1056 3429 ex
1111 3377 1481 3449 inscriptione
1552 3383 1905 3448 Germanica,
1966 3386 2026 3440 in

330 3457 564 3512 archivo
595 3467 823 3529 reperta
854 3467 911 3516 et
969 3463 1047 3517 sic
1079 3465 1255 3520 latine
1292 3483 1452 3521 versa
1486 3485 1500 3521 :
1536 3488 1563 3519 α
1608 3470 1908 3525 Sciendum
1942 3479 2027 3526 est

332 3546 489 3615 quod
539 3563 898 3603 marmoreus
939 3554 1215 3620 tumulus;
1280 3556 1379 3627 qui
1428 3557 1489 3611 in
1537 3558 1773 3613 ecclesia
1832 3562 2023 3614 cathe-

329 3632 479 3686 drali
505 3649 678 3704 supra
703 3638 1027 3707 sepulcrum
1083 3639 1137 3694 S.
1199 3642 1424 3696 Henrici
1471 3649 1527 3696 et
1549 3645 1603 3699 S.
1656 3646 2025 3716 Cunegundis

326 3720 550 3799 visitur,
579 3729 937 3781 constructus
984 3731 1040 3781 et
1082 3729 1315 3784 clathris
1369 3731 1566 3785 ferreis
1624 3735 1878 3789 munitus
1909 3736 2025 3790 fue-

326 3807 404 3862 rit
432 3824 587 3864 anno
636 3826 880 3881 anxvm,
928 3814 1027 3885 qui
1084 3831 1370 3871 annorum
1430 3835 1706 3874 numerus
1770 3823 1918 3876 infra
1964 3824 2025 3877 in

324 3896 471 3964 pede
524 3899 736 3952 tumuli
786 3916 1088 3970 expressus
1135 3908 1237 3957 est.
1279 3925 1308 3957 ν
1377 3908 1514 3960 Eam
1584 3913 1776 3964 notam
1850 3912 2024 3966 modo

325 3984 522 4039 abesse
578 3986 660 4040 nil
718 3988 930 4043 mirum
984 3994 1088 4056 est,
1137 4008 1266 4046 cum
1320 3994 1444 4048 basi
1502 4011 1667 4051 nova
1721 3998 2026 4069 impositus

327 4072 403 4126 sit
466 4074 727 4128 tumulus
784 4076 956 4131 hodie
1014 4084 1383 4136 restauratus.
1430 4082 1779 4155 Scripturam
1833 4094 2025 4143 autem

328 4161 725 4217 Germanicam
766 4179 870 4234 pro
935 4181 1085 4219 anno
1153 4170 1287 4223 l5l3
1329 4185 1630 4241 perperam
1683 4177 2024 4246 expressisse

326 4262 545 4301 annum
604 4250 739 4302 1518
794 4248 998 4319 probat
1053 4251 1174 4319 jam
1227 4253 1397 4308 citata
1451 4257 1739 4313 Gamansii
1805 4263 2021 4329 charta,

326 4334 419 4388 cui
464 4334 735 4401 similem,
789 4338 1175 4393 recentissima
1249 4349 1555 4411 repertam,
1618 4347 1883 4401 submisit
1938 4369 2020 4405 se-

326 4420 498 4473 dulus
529 4423 938 4491 Collaborator,
981 4427 1118 4480 dum
1169 4429 1291 4483 hac
1318 4434 1498 4498 pralo
1545 4435 2014 4504 subjiciebautur.

328 4508 693 4566 Diversitates
724 4513 875 4567 inter
912 4520 1214 4588 utramque
1261 4520 1527 4576 schedam
1574 4523 1719 4576 tanti
1751 4541 1862 4578 non
1895 4531 2028 4581 sunt

324 4601 387 4685 ut
424 4600 610 4653 notari
654 4608 986 4657 mereantur
1015 4621 1029 4671 ;
1061 4622 1167 4660 nec
1220 4624 1378 4678 vero,
1425 4611 1576 4681 typis
1614 4612 1735 4683 jam
1799 4631 2028 4685 compo-

326 4683 468 4751 sitis,
504 4688 689 4742 notari
714 4698 968 4760 potuere.

395 4776 490 4827 37.
569 4777 1009 4833 Praclarissimo
1076 4798 1222 4837 novo
1297 4785 1461 4853 operi
1542 4786 1888 4843 immortuus
1943 4794 2028 4843 est

330 4862 642 4916 munificus
671 4863 963 4920 hodierna
1007 4870 1320 4937 sepultura
1355 4880 1725 4940 restaurator,
1758 4876 2028 4932 Melchior

330 4951 458 5004 Otto
488 4951 810 5021 episcopus,
838 4970 869 5006 e
901 4954 1039 5007 vivis
1088 4962 1320 5026 ereptus
1350 4975 1502 5012 anno
1537 4964 1693 5028 1653,
1736 4964 1834 5018 sed
1865 4967 2025 5035 prius

330 5036 631 5090 destinatis
685 5040 754 5091 ad
813 5054 955 5093 rem‘
995 5046 1170 5096 totam
1221 5046 1727 5100 consummandam
1775 5066 2027 5105 necessa-

326 5124 429 5177 riis
469 5124 757 5189 subsidiis,
800 5143 929 5197 qua
979 5130 1220 5199 proinde
1268 5131 1373 5184 soli
1420 5132 1530 5202 ipsi
1579 5134 1940 5205 adscribitur,
1966 5144 2027 5192 ut

325 5229 391 5265 ex
430 5212 902 5283 inscriptionibus
924 5232 1055 5269 mox
1113 5218 1429 5273 referendis
1470 5222 1825 5290 apertissime
1858 5224 2025 5279 datur

326 5298 590 5371 intelligi.
639 5302 994 5355 Postremam
1040 5302 1219 5373 igitur
1281 5304 1436 5359 illam
1487 5325 1776 5365 sacrarum
1818 5311 2025 5367 utrius-

328 5400 439 5454 que
464 5388 806 5442 sanctissimi
854 5390 1136 5461 conjugis,
1176 5391 1237 5446 in
1280 5402 1538 5450 amotum
1569 5414 1599 5452 e
1633 5400 1819 5453 media
1874 5407 2019 5455 tem-

325 5472 407 5539 pli
434 5473 565 5525 navi
607 5475 1049 5546 restitutumque
1085 5478 1144 5532 in
1187 5480 1360 5535 choro
1391 5482 1445 5537 S.
1499 5485 1728 5555 Georgii
1769 5502 2020 5543 marmo-

332 5574 494 5612 reum
518 5564 828 5626 tumulum,
860 5566 1235 5636 reliquiarum
1256 5572 1690 5628 translationem
1722 5592 1819 5629 seu
1842 5581 2023 5631 trans-

328 5649 676 5717 positionem
758 5655 1156 5710 solennissime
1245 5659 1475 5713 demum
1535 5667 1591 5715 et
1659 5663 2021 5719 festivissime

325 5736 548 5806 peregit
599 5739 723 5809 ejus
777 5758 1066 5796 successor
1118 5745 1417 5817 Philippus
1466 5748 1798 5801 Valentinus
1848 5752 2018 5804 Voita

2133 3202 2393 3256 instituta
2450 3202 2519 3255 ad
2560 3202 2667 3255 hoc
2706 3217 2809 3272 per
2852 3201 3055 3255 urbem
3078 3200 3441 3270 processione
3481 3200 3705 3255 soleuni
3737 3218 3851 3254 cu-

2136 3292 2345 3345 raverit
2408 3290 2726 3353 transferri,
2796 3294 2854 3343 et
2922 3291 3091 3343 hocce
3183 3293 3457 3342 renovato
3550 3304 3853 3343 marmore

2134 3378 2367 3433 recondi
2394 3395 2653 3443 uocum,
2688 3378 2779 3432 die
2811 3377 3169 3447 Septembris
3198 3393 3372 3430 nona.
3408 3396 3436 3427 in

2206 3467 2423 3522 38.tlic
2479 3467 2548 3520 de
2643 3466 2847 3520 ultima
2945 3466 3045 3519 illa
3144 3480 3438 3519 sacrarum
3503 3463 3857 3520 exuviarum

2134 3555 2506 3611 translatione
2545 3554 2880 3625 pramissis,
2930 3554 3224 3607 tumulum
3253 3552 3445 3623 ipsum
3485 3552 3567 3607 sic
3595 3552 3858 3608 divisum

2133 3644 2374 3698 exhibeo
2414 3648 2475 3695 ut
2526 3647 2717 3713 partes
2773 3642 3017 3713 singula
3077 3640 3256 3695 oculis
3305 3645 3559 3711 pateant,
3604 3640 3859 3708 adjectis

2133 3731 2594 3786 dimensionibus
2622 3730 2693 3785 ab
2724 3732 3099 3801 Eppenauero
3128 3745 3354 3783 mecum
3383 3728 3859 3799 communicatis,

2134 3836 2275 3890 quas
2307 3820 2431 3888 ejus
2460 3818 2668 3885 verbis,
2716 3817 3212 3889 quemadmodum
3268 3822 3326 3872 et
3376 3825 3585 3872 catera
3615 3834 3682 3871 eo
3711 3834 3863 3889 spe-

2131 3908 2365 3974 ctantia,
2399 3907 2680 3961 describo.
2728 3924 2758 3957 ci
2812 3907 3039 3977 Longus
3089 3910 3195 3972 est,
3229 3905 3441 3976 inquit,
3490 3910 3711 3975 septem
3743 3923 3859 3977 pe-

2133 3995 2302 4050 dibus
2359 4012 2424 4050 ac
2464 3995 2734 4050 undecim
2780 3994 3085 4066 pollicibus
3135 3993 3325 4061 (unius
3376 3993 3539 4064 pedis
3576 3993 3860 4048 Noriber-

2134 4084 2326 4153 gensis
2355 4085 2415 4138 in
2445 4082 2748 4138 duodecim
2804 4082 3044 4153 pollices
3078 4082 3268 4141 divisi)
3324 4083 3474 4136 latus
3522 4082 3707 4138 tribus
3737 4100 3858 4154 pe-

2134 4171 2304 4226 dibus
2334 4176 2392 4225 et
2418 4174 2449 4224 2
2478 4171 2816 4242 pollicibus;
2850 4171 2998 4224 altus
3027 4186 3161 4225 vero
3186 4175 3439 4241 quatuor
3458 4170 3701 4241 pedibus
3730 4176 3853 4226 acii

2131 4260 2452 4331 pollicibus.
2487 4259 2755 4314 Continet
2795 4258 3044 4314 exterius
3086 4258 3352 4313 historias
3382 4258 3661 4329 quinque,
3697 4274 3856 4327 quas

2132 4365 2381 4418 superne
2434 4347 2724 4402 concludit
2798 4351 3207 4418 tegumentum
3275 4363 3406 4399 cum
3452 4346 3854 4403 delineatione

2129 4450 2291 4488 num.
2326 4452 2365 4502 ι,
2397 4450 2516 4504 pra
2547 4450 2605 4488 se
2630 4434 2848 4489 ferente
2877 4438 3103 4488 sanctos
3159 4433 3488 4487 Heinricum
3539 4439 3596 4488 et
3624 4435 3855 4490 Chuni-

2134 4523 2409 4594 gundam,
2463 4524 2635 4593 justa
2683 4528 2914 4578 statura
2964 4524 3256 4589 humana,
3329 4522 3637 4578 artiﬁciosa
3701 4540 3856 4580 sane

2133 4627 2311 4665 manu
2342 4612 2600 4666 statuarii
2655 4611 2757 4666 illo
2789 4612 3015 4666 saeculo.
3073 4630 3102 4662 ιο
3172 4610 3497 4676 Quaerimus
3532 4611 3631 4682 qui
3685 4618 3855 4669 certo

2135 4704 2348 4753 statuat
2375 4705 2568 4754 utrum
2630 4701 2838 4754 saculo
2888 4716 2987 4765 xu,
3031 4715 3104 4754 an
3161 4699 3355 4769 potius
3384 4716 3475 4752 xv1
3532 4700 3855 4756 elaboratae

2134 4791 2269 4842 sint.
2298 4808 2326 4838 ι)
2380 4789 2700 4843 Amborum
2752 4788 3093 4842 Sanctorum
3153 4787 3398 4857 pedibus
3448 4787 3663 4841 ibidem
3706 4789 3857 4843 sub-

2134 4875 2494 4945 stratijacent
2548 4876 2663 4929 duo
2721 4876 2913 4929 leones
2968 4869 3257 4945 geutilitii,
3316 4891 3562 4945 quorum
3594 4874 3756 4946 prior
3786 4876 3854 4932 in

2135 4964 2367 5018 dextera
2423 4966 2478 5019 8.
2547 4963 2968 5034 Chuuigunda,
3052 4970 3265 5032 prater
3338 4964 3609 5017 rhombos
3668 4964 3857 5019 habet

2131 5052 2276 5106 duos
2305 5057 2609 5106 coronatos
2636 5068 2839 5122 parvos
2896 5053 3112 5119 leones,
3169 5049 3402 5104 sinister
3452 5067 3581 5105 vero
3630 5058 3857 5122 prater

2132 5140 2422 5207 rhombos,
2470 5141 2738 5195 ducatum
2774 5139 3026 5194 Bavaria
3081 5139 3454 5207 involventes,
3496 5140 3637 5194 duas
3694 5139 3854 5196 bici-

2131 5229 2279 5299 pites
2308 5228 2553 5300 aquilas,
2578 5246 2694 5283 non
2722 5233 3042 5293 coronatas,
3099 5243 3228 5298 qua
3267 5228 3380 5281 duo
3409 5228 3661 5299 insignia
3697 5232 3856 5301 opti-

2130 5333 2223 5372 me
2252 5317 2354 5371 ari
2408 5316 2591 5370 incisa
2664 5316 2893 5371 exhibet
2949 5318 3004 5371 P.
3062 5315 3316 5371 Raderus
3362 5316 3424 5369 in
3471 5333 3573 5371 sua
3606 5318 3856 5376 Bavaria

2131 5410 2343 5469 sancta,
2366 5405 2659 5458 volumine
2693 5413 2742 5469 1,
2798 5404 2894 5459 fol.
2934 5406 3031 5458 103
3067 5419 3243 5457 verso.
3282 5425 3302 5450 ι
3341 5404 3577 5475 Utique;
3619 5411 3680 5459 at
3708 5423 3854 5477 qua

2131 5493 2265 5548 inde
2292 5509 2351 5545 se
2380 5492 2691 5547 confecisse
2734 5492 3101 5547 existimabat
3146 5492 3427 5557 Baderus,
3464 5494 3672 5548 melius
3703 5498 3853 5553 alibi

2132 5580 2451 5635 revocanda
2513 5581 2777 5648 censuit;
2815 5586 2879 5635 ut
2905 5597 2972 5634 ex
3027 5579 3304 5652 appositis
3360 5581 3487 5635 istic
3514 5582 3852 5654 insignibus

2130 5668 2275 5722 nihil
2307 5669 2568 5724 concludi
2594 5686 2762 5740 posse
2787 5668 2955 5724 fateri
2971 5669 3406 5739 compellamur.
