3976 6404
405 415 462 467 3t

468 539 556 591 39.

402 625 486 679 ibi
530 626 835 695 eftigiatas.
894 624 1102 676 desunt
1154 640 1282 694 quae
1348 629 1561 676 exacta:
1621 623 1870 676 veritatis
1909 623 2100 676 limam

403 715 596 768 subire
650 713 961 781 refugiant.
1027 714 1230 766 Earum
1289 712 1473 782 prima
1530 713 1634 766 sub
1675 728 1835 765 num.
1900 716 1982 774 tl,
2045 711 2102 764 iu

407 803 548 856 l'acie
606 802 900 867 anteriori,
981 801 1168 853 navim
1227 801 1481 853 ccclesiw
1538 800 1878 854 calhedralis
1925 800 2101 871 respi-

404 891 613 956 ciente,
649 890 825 942 refert
853 888 1075 942 obitum
1105 889 1162 942 S.
1219 889 1466 952 lli-,nrici,
1523 889 1777 942 relictam
1820 889 2102 957 virginem

405 977 788 1048 indigitantis,
858 993 1028 1046 quam
1106 982 1161 1030 et
1223 978 1396 1046 paulo
1454 977 1770 1045 elegantius
1827 979 2103 1046 expressit

408 1067 935 1135 Baderus,nosque
1001 1066 1071 1119 ab
1137 1065 1580 1120 obtrectatorum
1641 1066 1943 1120 calumniis
2002 1083 2104 1120 suo

409 1156 530 1208 loco
593 1153 1024 1208 vindicavimus.
1081 1154 1207 1206 Non
1257 1154 1336 1206 ita
1394 1154 1581 1224 placet
1655 1169 1785 1224 quae
1863 1153 1924 1207 in
1964 1154 2104 1208 facie

407 1243 631 1296 laterali
670 1243 952 1296 bilancem
1023 1247 1412 1311 repra:sentat,
1450 1243 2104 1313 praeponderantemque

401 1331 657 1396 calicem,
693 1331 762 1385 de
791 1347 904 1402 qua
950 1329 1189 1383 historia
1219 1330 1458 1384 candide
1515 1330 1854 1400 pronuntiat
1915 1331 2104 1400 Eppe-

401 1435 607 1486 nauer,
645 1438 672 1470 α
713 1419 820 1474 ωνί
861 1418 950 1472 sui
980 1419 1348 1490 simplicitate
1407 1419 1601 1489 potius
1649 1419 1899 1488 gaudere
1929 1435 2104 1490 quam

400 1507 617 1562 acribia
667 1507 1008 1577 theologica,
1069 1529 1089 1554 υ
1153 1507 1238 1560 uti
1283 1513 1340 1561 et
1397 1523 1502 1560 nos
1558 1507 1696 1561 alibi
1743 1507 1876 1561 satis
1933 1509 2104 1576 expli-

401 1596 647 1650 cuimus.
679 1595 964 1658 Proxima,
997 1595 1056 1648 in
1088 1595 1290 1648 eodem
1327 1595 1534 1649 tumuli
1566 1595 1759 1662 latere,
1812 1596 1947 1649 satis
1975 1597 2104 1649 rudi

405 1685 662 1740 minerva
719 1681 948 1738 exhibet
1007 1683 1410 1738 liberationem
1453 1684 1855 1739 miraculosam
1906 1701 1936 1738 a
1985 1685 2115 1748 cal-l

401 1775 550 1839 culo,
605 1789 714 1844 ope
743 1775 797 1828 S.
850 1773 1140 1827 Benedicti
1194 1773 1255 1827 in
1308 1780 1502 1826 monte
1559 1773 1785 1839 Casino,
1832 1774 1902 1827 de
1939 1774 2101 1842 cujus

401 1861 686 1931 adjunctis
735 1878 840 1915 suo
893 1861 1021 1915 loco
1051 1861 1224 1915 etiam
1279 1866 1469 1914 actum
1501 1865 1604 1915 est.
1647 1863 1709 1914 ln
1763 1862 1943 1915 altero
2010 1868 2100 1915 tu-

403 1951 546 2004 muli
581 1952 778 2016 latere,
812 1950 918 2003 sub
951 1965 1111 2002 num.
1169 1965 1251 2013 Ill,
1320 1964 1577 2002 vomeres
1648 1949 1864 2019 ignitos
1919 1950 2102 2004 illaesa

401 2039 582 2093 calcat
610 2039 664 2092 S.
693 2037 1088 2107 Cunegundis,
1120 2037 1284 2106 cujus
1311 2037 1482 2090 etiam
1513 2036 1596 2090 rei
1625 2037 1866 2091 vividior
1909 2038 2100 2108 imago

401 2130 483 2179 est
508 2126 663 2195 apud
709 2126 1004 2179 laudatum
1038 2125 1344 2178 Baderum.
1379 2124 1590 2178 Ultima
1641 2125 1875 2179 demum
1930 2127 1990 2180 in
2035 2144 2101 2180 eo

402 2219 664 2267 versatur
697 2219 760 2267 ut
818 2213 1155 2267 memoriam
1212 2218 1450 2266 renovet
1499 2213 1861 2268 miraculosaa
1906 2215 2100 2269 distri-

400 2301 660 2355 butionis
712 2302 992 2356 mercedis
1031 2302 1252 2356 diurnae
1291 2318 1396 2371 pro
1451 2302 1819 2356 mercenariis
1876 2304 2098 2358 incum-

401 2391 670 2445 bentibus
726 2391 955 2445 fabricae
1008 2391 1066 2445 S.
1125 2391 1416 2462 Stephani,
1471 2407 1501 2444 e
1563 2393 1817 2458 scutella,
1872 2393 1932 2446 in
1989 2409 2102 2464 qua

402 2479 707 2549 pecuniam
727 2481 789 2534 S.
827 2479 1160 2550 lmperatrix
1188 2495 1291 2549 pro
1322 2479 1605 2533 solutione
1646 2497 1928 2551 exponere
1962 2499 2100 2535 con-

402 2571 728 2635 sueverant,
761 2568 830 2623 de
870 2585 984 2638 qua
1017 2567 1294 2622 videndus
1325 2567 1719 2622 Henschenius
1770 2570 1838 2622 ad
1874 2587 1930 2624 lll
1965 2571 2100 2624 Mar-

404 2655 492 2717 tii,
554 2654 969 2710 Commentarii
1025 2653 1114 2707 sui
1162 2655 1276 2720 3‘4,
1326 2669 1381 2706 n.
1422 2657 1508 2707 25.
1569 2654 1876 2726 Reliquum
1916 2657 2100 2711 verbis

407 2743 769 2812 Eppenaueri
798 2743 1048 2796 absolvo.

473 2833 565 2887 40.
599 2852 627 2880 ‹‹
658 2831 808 2886 Finit
838 2831 1016 2885 dictas
1047 2830 1304 2901 quinque
1332 2829 1599 2885 historias
1624 2833 1832 2887 tumuli
1866 2833 2100 2906 inscrip-

401 2919 478 2974 tio
537 2921 601 2975 D.
639 2921 902 2992 Episcopi
979 2919 1415 2990 Bambergensis
1476 2920 1796 2976 Melchioris
1850 2923 2095 2990 Ottonis,

402 3008 461 3062 in
485 3009 626 3063 facie
658 3009 862 3064 ultima
890 3009 996 3062 sub
1050 3024 1211 3062 num.
1270 3024 1329 3061 ni
1377 3008 1712 3064 orichalceis
1756 3011 1975 3066 inclusa
2013 3013 2097 3065 ci-

1713 413 1766 465 S.
1818 407 2112 465 HENRlCl
2160 407 2631 466 lMl’EBATORlS

657 537 849 606 Neque
918 535 1070 588 inter
1136 532 1404 588 historias
1506 534 1640 588 istas
1728 533 2104 605 anaglyphice
2144 535 2185 585 Α
2222 536 2608 589 Henschenius
2642 535 2701 588 in
2735 537 3052 590 Comment.
3115 537 3328 606 praevio
3377 538 3447 593 ad
3503 541 3645 594 Acta
3693 537 3751 595 S.
3828 541 3944 593 Cu-

404 3097 608 3162 meliis,
642 3099 728 3151 vel
763 3099 952 3168 potius
982 3097 1214 3164 tabulis,
1246 3112 1376 3167 qua!
1407 3113 1698 3152 summum
1731 3101 1910 3154 altare
1941 3101 2102 3155 chori
2135 3091 2173 3144 (ἶ

402 3188 457 3238 ς.
483 3186 710 3256 Georgii
741 3189 1005 3257 martyris
1035 3188 1289 3258 respicit,
1320 3189 1410 3244 his
1439 3187 1625 3244 verbis
1659 3203 1671 3240 :

407 3311 467 3362 lu
503 3309 642 3362 facie
669 3313 711 3363 A
951 3313 1210 3368 GLORIA
1253 3314 1408 3368 11.Εο
1447 3314 1566 3368 EST

830 3400 1131 3455 OMNIBUS
1178 3401 1459 3457 SANCTIS
1501 3402 1672 3456 EJUS.

406 3486 463 3538 In
498 3486 638 3538 facie
667 3487 705 3538 Β
1113 3491 1172 3543 D.
1217 3491 1281 3544 0.
1322 3491 1390 3545 Μ.

954 3579 1226 3633 HUMAMI
1267 3580 1564 3634 GENERIS

745 3663 1192 3721 HEDEMPTORI
1230 3668 1386 3722 δεδι]
1429 3669 1514 3723 CH
1527 3671 1562 3722 Β
1575 3669 1746 3732 ISTO,

953 3756 1074 3809 HUJ
1086 3756 1166 3810 US
1217 3757 1559 3812 ECCLESLE

606 3839 738 3894 FUN
754 3841 1103 3909 DATOHIB.,
1152 3845 1469 3900 TUTORIB.
1483 3885 1496 3908 ,
1543 3847 1904 3910 PATRONIS,

689 3928 870 3981 DIVIS
909 3931 1210 3985 HENRlCO
1252 3933 1332 3986 ET
1375 3933 1825 3989 ΚΠΝΕΟΗΝΟᾹΞ

577 4011 930 4068 ϐίΕδΑΗΕΙΞ
971 4016 1050 4069 ΕΤ
1091 4017 1446 4072 VIHGINEIS
1497 4020 1920 4076 CONJUGIBUS

599 4101 819 4164 ARAM,
863 4103 1285 4171 TROPHASUM,
1337 4107 1580 4161 MONUN
1593 4109 1918 4163 UMENTUM

776 4189 1140 4257 SACHAVIT,
1196 4194 1461 4260 EREXIT,
1514 4196 1754 4250 POSUIT

1106 4282 1172 4335 Μ.
1217 4281 1281 4336 Ο.
1331 4284 1396 4337 Ε.

404 4417 661 4488 Suntque
693 4433 868 4473 merae
900 4420 1080 4475 litera:
1112 4424 1443 4492 majuscula-
1467 4441 1709 4494 quarum
1749 4432 1865 4480 tres
1885 4429 2102 4483 ultima:

404 4505 706 4576 designant
754 4507 1118 4564 Melchiorem
1174 4512 1440 4566 Ottonem
1497 4514 1857 4584 Episcopum.
1925 4538 1946 4565 ιι
2005 4518 2103 4571 Su-

405 4600 596 4664 perest
647 4602 710 4650 ut
741 4597 810 4652 de
864 4597 1077 4654 Ofﬁciis
1113 4601 1506 4656 ecclesiasticis
1562 4603 1808 4674 paucula
1861 4606 2096 4679 subjun-

403 4699 624 4752 gamus.

473 4772 563 4825 41.
619 4772 800 4826 Variis
872 4775 1069 4830 diebus
1125 4778 1406 4850 variisque
1493 4779 1725 4846 Ofﬁciis,
1785 4797 1890 4851 pro
1951 4799 2099 4836 rece-

405 4864 504 4928 pto
547 4860 978 4930 particularium
1033 4865 1396 4921 ecclesiarum
1455 4870 1585 4935 ritu,
1636 4871 1689 4924 S.
1745 4870 1970 4924 Henrici
2027 4870 2101 4924 fe-

405 4948 714 5002 stivitatem
771 4950 906 5004 olim
960 4953 1305 5008 celebratam
1357 4956 1530 5010 fuisse
1610 4975 1783 5028 supra
1827 4959 2100 5015 indicavi-

405 5050 562 5101 mus;
595 5051 782 5105 neque
840 5037 1067 5108 singula
1121 5057 1417 5095 recensere
1464 5045 1633 5097 modo
1672 5047 1903 5116 jus-erit,
1963 5049 2100 5102 dum

405 5120 462 5174 in
497 5123 757 5176 Romano
791 5125 1078 5181 Breviario
1104 5144 1208 5198 pro
1270 5134 1392 5182 tota
1448 5131 1690 5184 Ecclesia
1739 5133 1910 5188 hodie
1953 5152 2100 5204 prie-

405 5211 681 5280 scriptum
714 5217 818 5285 est,
877 5215 1243 5287 relatumque
1296 5218 1484 5272 Sancti
1541 5235 1751 5274 nomen
1799 5221 1855 5274 in
1899 5223 2098 5292 Marty-

401 5299 686 5369 rologium
716 5317 806 5354 xiv
842 5301 996 5370 Julii,
1041 5309 1212 5375 atque
1254 5307 1325 5359 ob
1366 5305 1606 5360 ditatum
1638 5308 1974 5377 praedictum
2005 5311 2099 5364 Of-

405 5386 618 5456 ﬁcium,
678 5390 942 5460 sequenti
997 5393 1090 5447 die
1133 5410 1202 5446 xv
1253 5397 1443 5448 denuo
1513 5395 1821 5466 signatum,
1875 5401 2100 5453 tametsi

404 5481 608 5532 neutro
661 5479 753 5534 die
804 5482 994 5551 ipsum
1025 5482 1232 5537 obiisse
1271 5499 1444 5553 supra
1485 5484 1923 5541 ostenderimus.
1964 5488 2101 5552 Quae

405 5566 612 5618 sanctis
646 5571 1008 5642 conjugibus,
1039 5572 1107 5624 ad
1159 5575 1483 5642 exemplum
1535 5573 1628 5628 SS.
1701 5575 2098 5644 Apostolorum

409 5654 556 5708 Petri
596 5661 652 5709 et
685 5659 861 5725 Pauli,
909 5662 1237 5715 communia
1287 5667 1437 5728 sunt,
1483 5662 1602 5732 jam
1648 5663 1783 5716 olim
1834 5665 2102 5734 explicuit

2142 4371 2186 4424 D

3869 420 3938 468 31’

2215 625 2520 693 negnndis,
2556 641 2710 678 num.
2741 629 2793 687 9,
2854 625 3134 679 nonnulla
3194 626 3321 680 istic
3351 627 3644 682 adducens
3675 646 3746 682 ex
3783 629 3945 682 Vita-

2219 715 2521 779 Bruxellis,
2551 730 2644 766 an.
2715 714 2847 768 l-i8’i
2878 730 3102 780 excusa,
3162 731 3291 784 quae
3328 715 3418 768 hic
3452 725 3740 786 repetere,
3787 717 3942 788 quid

2216 803 2371 856 aliud
2406 807 2550 855 esset
2579 819 2753 872 quam
2813 807 3002 856 actum
3053 805 3262 871 agere?
3317 805 3468 858 Inter
3518 807 3766 860 scliedas
3827 823 3942 859 no-

2215 896 2360 944 stras
2395 895 2616 944 eXstant
2645 892 2770 945 Mss.
2827 890 3025 945 Ofﬁcia
3075 892 3323 945 Passavii
3379 897 3435 946 et
3487 893 3626 947 alibi
3689 894 3942 948 recitari

2215 980 2381 1033 solita
2407 999 2421 1043 ;
2452 985 2538 1033 ast
2569 996 2636 1033 ea
2663 979 3017 1033 auctoritatis
3048 996 3165 1034 non
3220 997 3468 1050 magnae,
3508 987 3711 1052 utpote
3766 999 3943 1035 erro-

2212 1068 2371 1121 ribus
2402 1068 2629 1134 iufecta,
2671 1069 2881 1137 quibus
2911 1085 3014 1121 nec
3039 1068 3276 1121 omnino
3304 1085 3545 1121 vacuum
3573 1075 3660 1123 est
3696 1070 3947 1124 hodier-

2213 1173 2353 1211 num
2388 1157 2729 1222 Romanum,
2761 1172 2829 1210 ex
2875 1158 2930 1211 S.
2988 1157 3271 1211 Michaelis
3341 1157 3813 1228 Bambergensis,
3884 1160 3948 1212 ni

2213 1246 2397 1308 fallor,
2429 1250 2744 1316 acceptum,
2803 1245 2863 1299 in
2897 1246 3049 1317 qUod
3081 1245 3148 1298 ad
3209 1246 3644 1300 accommodum
3687 1263 3947 1300 sensum

2213 1335 2535 1390 reducenda
2583 1339 2718 1388 sunt
2755 1334 2877 1388 haec
2930 1337 3222 1403 postrema
3251 1333 3455 1403 primae
3493 1335 3763 1389 lectionis
3804 1353 3948 1389 ver-

2213 1424 2284 1478 ba
2315 1439 2328 1476 :
2362 1445 2383 1472 α
2423 1423 2792 1476 Benedictum
2845 1423 2984 1487 Vlll,
3019 1439 3053 1476 a
3107 1437 3222 1493 quo
3253 1421 3482 1492 imperii
3515 1439 3804 1478 coronam
3844 1442 3948 1477 ac-

2212 1515 2459 1580 ceperat,
2493 1510 2799 1579 profugum
2832 1507 3072 1578 excepit,
3101 1525 3335 1578 suaeque
3366 1508 3496 1562 Sedi
3531 1509 3790 1564 restituit
3832 1528 3847 1564 :
3921 1537 3946 1558 s

2211 1599 2295 1652 uti
2326 1604 2382 1652 et
2411 1598 2510 1652 illa
2535 1599 2595 1652 in
2625 1599 2753 1652 lect.
2787 1597 2821 1651 2
2854 1614 2866 1651 :
2901 1618 2928 1647 ς
2959 1597 3313 1651 Pannoniam
3373 1597 3558 1652 adhuc
3595 1599 3950 1663 inﬁdelem,

2211 1687 2421 1741 tradita
2450 1687 2739 1756 Stephano
2790 1685 2910 1755 regi
2936 1702 3134 1739 sorore
3183 1701 3285 1739 sua
3314 1685 3374 1739 in
3409 1702 3669 1754 uxorem,
3737 1705 3952 1758 eoque

2215 1776 2527 1845 baptizato,
2560 1776 2626 1829 ad
2662 1775 2871 1829 Christi
2901 1776 3072 1828 ﬁdem
3100 1775 3393 1845 perduxit.
3432 1799 3459 1822 ››

2285 1867 2372 1920 42.
2436 1863 2652 1918 Etenim
2705 1864 2789 1916 vel
2848 1863 2908 1916 in
2966 1863 3270 1934 hypotliesi
3328 1863 3481 1935 quod
3542 1863 3947 1918 Benedictum

2214 1953 2331 2006 Vlll
2362 1952 2673 2022 profugum
2731 1951 3043 2021 susceperit
3091 1951 3150 2006 S.
3211 1953 3506 2014 Henricus,
3569 1952 3730 2023 quod
3785 1953 3950 2006 mihi

2214 2040 2458 2094 necdum
2498 2039 2824 2093 verosimile
2855 2044 2965 2105 est;
3020 2039 3082 2093 in
3141 2056 3229 2105 ea,
3291 2040 3551 2111 inquam,
3608 2043 3954 2112 bypothesi

2213 2129 2443 2202 proprie
2476 2128 2587 2182 dici
2641 2145 2756 2182 non
2803 2132 2990 2198 potest
3019 2128 3335 2199 suscepisse
3374 2129 3566 2199 ipsum
3599 2131 3952 2201 profugum

2215 2239 2242 2270 (ι
2275 2236 2305 2272 a
2327 2235 2442 2289 quo
2462 2233 2735 2272 coronam
2755 2222 3076 2288 acceperat;
3108 2237 3134 2268 ι)
3155 2218 3504 2289 supponitur
3522 2218 3679 2272 enim
3702 2221 3953 2290 fugisse

2214 2308 2547 2362 Benedictus
2604 2323 2697 2360 an.
2737 2310 2889 2370 lOl2,
2925 2307 3022 2360 ubi
3061 2307 3299 2361 Sanctus
3329 2323 3601 2360 coronam
3663 2308 3953 2378 primum

2211 2395 2430 2465 accepit
2458 2411 2553 2449 an.
2593 2395 2748 2448 1014.
2771 2395 3126 2462 Stephanum
3159 2411 3332 2465 porro
3382 2412 3414 2448 a
3461 2396 3516 2448 S.
3559 2395 3824 2449 Henrico
3865 2400 3946 2452 ad

2211 2484 2381 2537 ﬁdem
2440 2481 2784 2553 perductum
2839 2483 3009 2552 paulo
3060 2483 3245 2536 latiori
3304 2483 3638 2553 acceptione
3703 2484 3950 2540 intelli-

2210 2572 2465 2642 gendum
2507 2576 2612 2636 est,
2668 2586 2798 2624 cum
2849 2569 2918 2639 is,
2950 2570 3118 2625 Geiza
3162 2576 3396 2642 parente
3442 2573 3564 2642 jam
3592 2573 3955 2628 Christiano

2211 2667 2397 2727 natus,
2441 2660 2630 2714 infans
2658 2658 2980 2729 baptizatus
3029 2659 3119 2713 sit.
3180 2661 3247 2714 Et
3304 2677 3439 2714 sane
3487 2662 3605 2731 jam
3656 2679 3765 2733 pro
3820 2666 3955 2718 fide.

2212 2749 2532 2805 Christiana
2580 2764 2699 2801 non
2746 2748 2922 2801 semel
2968 2747 3374 2813 decertaverat,
3427 2750 3771 2821 priusquam
3833 2755 3955 2807 Gi-

2211 2840 2390 2892 selam
2436 2852 2672 2890 uxorem
2704 2835 2955 2889 duceret.
2990 2835 3074 2888 Ad
3113 2836 3272 2906 regni
3334 2837 3644 2908 Hungarici
3677 2855 3956 2894 conver-

2210 2927 2433 2981 sionem
2482 2941 2595 2979 non
2643 2939 2846 2995 parum
2873 2923 3154 2994 profuisse
3208 2929 3556 2979 contractam
3601 2925 3759 2981 inter
3792 2946 3956 2983 san-

2210 3020 2333 3070 ctos
2361 3014 2724 3079 afﬁnitatem,
2757 3012 2816 3067 id
2866 3012 3101 3083 quidem
3147 3012 3389 3067 minime
3445 3013 3687 3069 dubium
3723 3022 3847 3081 est,
3891 3024 3957 3071 at

2213 3120 2314 3158 nos
2346 3103 2437 3158 hic
2463 3102 2744 3173 periodos,
2778 3105 2844 3154 ut
2865 3101 3076 3170 jacent,
3125 3101 3527 3171 expendimus.
3565 3103 3660 3156 Est
3711 3109 3775 3157 et
3837 3107 3952 3160 Οἴ-

2212 3195 2405 3248 ﬁcium
2445 3193 2494 3245 S.
2545 3189 2771 3245 Henrici
2828 3189 3129 3260 proprium
3188 3190 3247 3243 in
3299 3190 3582 3245 Breviaric
3647 3192 3948 3247 Bamber-

2213 3282 2391 3353 gensi,
2428 3280 2669 3350 Dilingm
2701 3294 2907 3332 excuso
2941 3294 3030 3332 an.
3073 3281 3236 3344 1575;
3294 3282 3380 3332 ast
3426 3277 3486 3332 in
3517 3295 3584 3332 eo
3614 3280 3763 3334 nihil
3794 3297 3948 3337 ma-

2213 3385 2466 3441 gnopere
2497 3367 2631 3422 novi
2679 3366 2947 3432 occurrit,
3003 3366 3470 3437 quandoquidem
3502 3366 3780 3424 lectiones
3818 3370 3952 3424 de-

2213 3464 2456 3530 sumptae
2492 3457 2606 3510 sint
2642 3472 2709 3510 ex
2734 3454 3021 3524 Anonymi
3081 3454 3362 3524 Legenda,
3420 3455 3762 3525 antiphona:
3819 3475 3950 3514 au-

2212 3555 2350 3613 tem,
2405 3543 2766 3616 responsoria
2817 3546 2872 3596 et
2901 3542 2957 3596 id
3006 3558 3188 3612 genus
3236 3543 3368 3608 alia,
3427 3548 3525 3596 aut
3579 3550 3957 3602 communia

2213 3636 2393 3690 ferme
2448 3632 2584 3697 sint,
2647 3634 2745 3684 aut
2787 3630 3054 3684 eumdem
3131 3629 3347 3683 fontem
3407 3631 3543 3685 satis
3590 3631 3949 3690 redoleant.

2214 3721 2453 3778 Ponitur
2502 3721 2623 3774 haec
2663 3718 2845 3772 oratio
2893 3717 3162 3788 propria:
3211 3739 3238 3767 ς
3292 3719 3462 3782 Deus,
3521 3719 3619 3789 qui
3675 3720 3952 3779 beatum

2215 3810 2547 3876 Henricum,
2594 3812 2727 3878 post.
2779 3813 3075 3861 terrenum
3141 3797 3454 3876 imperium
3537 3806 3953 3878 insignitum,

2215 3899 2481 3956 athereis
2522 3896 2750 3952 sedibus
2795 3895 3114 3958 collocasti;
3170 3895 3380 3961 tribue,
3438 3911 3809 3966 quaesumus,
3877 3910 3958 3956 ut

2217 4005 2390 4060 quem
2447 3986 2624 4057 signis
2709 3984 3050 4038 miraculum
3121 3985 3334 4038 clarere
3380 3984 3689 4048 cernimus,
3755 4003 3955 4044 eum-

2218 4079 2348 4134 dem
2382 4077 2812 4129 intercessorem
2841 4073 2901 4126 in
2951 4072 3230 4142 angustiis
3268 4072 3582 4126 sentiamus
3616 4089 3628 4126 :
3695 4093 3724 4122 υ
3789 4093 3958 4146 qua;

2217 4171 2447 4236 accepta
2475 4169 2559 4218 est
2611 4179 2676 4216 ex
2727 4164 2946 4215 vetusto
3007 4161 3211 4214 Missali
3282 4161 3705 4231 Bambergensi,
3769 4169 3958 4223 unde

2217 4257 2440 4311 Missam
2472 4252 2762 4323 prepriam
2793 4250 2862 4304 ad
2892 4266 2981 4304 me
3014 4249 3169 4303 irisit
3199 4249 3463 4302 laudatus
3493 4250 3554 4302 Β.
3592 4250 3650 4302 Ρ.
3706 4251 3962 4310 Hector

2219 4343 2479 4397 Nicolaus
2511 4343 2697 4405 Pottu,
2730 4339 2822 4392 hic
2843 4355 2874 4390 a
2905 4353 2994 4390 me
3018 4337 3211 4407 paucis
3242 4336 3694 4390 describendam.

2227 4477 2233 4481 .
2281 4435 2370 4487 43.
2427 4431 2489 4485 Et
2537 4446 2602 4482 ea
2656 4429 2726 4481 de
2775 4426 3065 4480 communi
3122 4425 3281 4480 Conf.
3341 4441 3457 4478 non
3516 4426 3703 4488 Pont.,
3756 4431 3958 4500 cujus

2211 4521 2486 4576 Introitus
2535 4520 2604 4572 0s
2650 4517 2812 4586 justi.
2871 4515 3139 4585 Sequitur
3187 4514 3310 4583 jam
3360 4513 3511 4567 dicta
3557 4514 3768 4580 oratio,
3844 4523 3955 4574 cui

2212 4610 2496 4664 iudivulse
2555 4606 2857 4675 subjuncta
2911 4608 2994 4657 est
3045 4603 3280 4673 propria
3329 4602 3398 4656 de
3429 4602 3482 4656 S.
3533 4602 3955 4672 Cuneguude.

2211 4698 2602 4769 Epist.Justus
2629 4711 2728 4748 cor
2759 4709 2924 4746 suum
2973 4691 3166 4745 tradit.
3209 4714 3228 4738 ι
3289 4691 3558 4745 Graduali
3606 4694 3958 4759 peculiaris

2210 4789 2304 4842 hic
2321 4802 2513 4838 versus
2532 4799 2816 4837 connexus
2840 4798 2852 4834 :
2879 4781 2921 4834 Ο
2948 4803 2968 4827 ε
3001 4780 3166 4851 [forte
3188 4779 3349 4851 hoc]!
3374 4779 3547 4831 totius
3568 4785 3954 4841 monarchirP

2211 4879 2498 4944 sceptrum
2535 4887 2739 4941 regens
2796 4869 3062 4927 solidum,
3121 4872 3317 4920 nactus
3365 4882 3446 4931 es,
3485 4865 3774 4933 Heiurice,
3837 4873 3955 4926 die

2209 4963 2335 5016 (δαεΙὶ
2400 4963 2629 5015 culmen
2682 4958 2986 5028 fulgidum.
3043 4957 3120 5009 Te
3151 4970 3426 5022 rogamus
3481 4955 3542 5006 in
3588 4953 3701 5018 die,
3753 4961 3955 5013 strati

2209 5053 2356 5107 ﬂexo
2380 5050 2613 5121 poplite,
2631 5054 2692 5101 ut
2722 5048 2791 5100 ad
2815 5061 3055 5114 regnum
3079 5042 3414 5097 hierarchizr.
3447 5042 3619 5094 ducas
3633 5058 3763 5108 nos,
3805 5045 3952 5103 Rex

2209 5141 2436 5208 inclyte.
2502 5159 2524 5186 ι
2577 5136 2791 5191 Deinde
2840 5135 2958 5188 haec
3005 5131 3348 5202 sequentia:
3389 5152 3407 5178 ι
3447 5129 3662 5184 Laudet
3721 5139 3954 5192 omnis

2209 5225 2445 5295 spiritus
2522 5223 2830 5284 Christum,
2903 5221 3003 5291 qui
3046 5219 3320 5273 divinitus
3385 5217 3675 5271 coronavit
3728 5221 3953 5288 gloria

2209 5312 2528 5383 gloriosum
2587 5311 2992 5374 confessorem,
3043 5323 3218 5378 quem
3269 5311 3579 5377 patronum
3624 5313 3682 5360 et
3711 5318 3950 5367 aucto~

2209 5417 2333 5454 rem
2380 5400 2503 5454 haec
2558 5400 2693 5453 colit
2749 5398 3005 5452 ecclesia.
3081 5398 3261 5450 Homo
3330 5401 3491 5449 vetus
3544 5395 3602 5448 in
3657 5403 3951 5466 peccatis

2209 5489 2457 5560 primam
2487 5489 2691 5542 stolam
2735 5485 3010 5540 novitatis
3038 5484 3253 5554 recepit
3281 5500 3410 5537 cum
3447 5484 3661 5537 annulo
3694 5505 3706 5538 :
3748 5485 3950 5550 Quis-

2210 5594 2320 5649 que
2350 5580 2542 5631 mente
2589 5576 2820 5647 puriore
2847 5573 3069 5644 plaudit
3111 5589 3305 5637 manu,
3341 5573 3530 5642 psallit
3572 5587 3692 5633 ore,
3739 5574 3947 5644 digne

2214 5666 2313 5720 Dei
2369 5659 2602 5719 famulo.
2682 5668 2810 5719 Post
2865 5679 2958 5715 sex
3014 5663 3228 5732 legens,
3276 5661 3499 5714 dubitat
3559 5661 3671 5712 Rex
3735 5679 3941 5732 quem
