3944 6444
61 411 119 461 33
702 474 709 477 λ
1710 416 1905 470 ACTA.
2191 408 2217 423 ‘
3488 424 3555 475 34

60 544 283 582 sensum
321 534 518 584 teneat
547 532 727 585 oratio
777 537 1055 586 truncata.
1118 533 1316 587 Sextus
1367 551 1551 588 annus
1581 537 1753 589 volvi-
1786 542 1831 592 Α
1872 537 2013 589 verit
2049 560 2067 585 ε
2107 538 2182 591 De
2234 537 2468 591 brachio
2500 539 2677 591 sancti
2709 540 3013 594 Willibaldi
3046 543 3296 613 episcopi
3325 550 3377 599 et
3422 562 3556 599 con-

58 626 167 683 tur,
202 624 255 670 et
288 619 589 687 problema
638 620 891 686 solvitur,
940 637 1151 674 corona
1186 623 1487 691 duplicata.
1542 626 1753 693 Purga-

59 712 186 757 tura
216 706 480 759 criminis
512 713 725 772 notam,
768 708 926 776 virgo
972 708 1217 778 Virginis
1271 711 1520 764 vindicat
1575 714 1755 781 pudo-

62 807 201 843 rem.
240 793 453 859 Purgat
510 795 876 858 adulterium,
932 795 1245 864 ignitorum
1300 814 1589 851 vomerum
1642 816 1756 853 non

63 882 313 931 sentiens
376 883 644 935 calorem.
695 883 755 935 In
798 884 1025 935 Cassino
1085 892 1275 939 monte
1333 903 1525 939 curam
1589 888 1758 940 Bene-

66 968 198 1020 dicti
243 975 373 1038 post
420 986 745 1039 pressuram
804 974 1030 1037 longam
1082 974 1249 1025 sentit
1303 975 1531 1028 calculi:
1563 992 1754 1044 quem,

64 1054 196 1107 dum
248 1072 536 1125 nusquam
594 1060 664 1109 sit
714 1065 1034 1112 contactum
1094 1076 1320 1129 corpus,
1384 1068 1570 1114 tamen
1627 1062 1757 1114 inde

63 1149 305 1196 tractum
368 1146 731 1199 admirantur
769 1146 1001 1215 singuli.
1056 1149 1303 1217 Angelus
1364 1149 1527 1201 fortis
1552 1150 1759 1202 militat

62 1233 117 1283 in
148 1232 371 1296 castris,
408 1234 588 1286 victor
642 1234 909 1286 victorem
938 1236 1119 1303 gloria
1150 1252 1444 1301 coronans,
1478 1238 1639 1289 hoste
1670 1236 1753 1289 fu-

62 1326 213 1386 gato.
247 1321 517 1373 Precibus
570 1322 783 1375 crebris
826 1322 1017 1388 instat,
1078 1324 1280 1376 alienis
1333 1323 1483 1376 curis
1526 1340 1756 1389 vacuus,

67 1410 175 1459 Deo
206 1424 417 1461 vacans
456 1410 684 1478 saepius,
742 1411 879 1463 orbe
926 1416 1147 1480 pacato.
1199 1412 1340 1464 Dum
1391 1412 1661 1480 migraret
1692 1429 1755 1464 ex

63 1497 165 1549 hac
194 1500 331 1562 vita,
361 1500 534 1552 tinem
583 1502 662 1552 rei
713 1501 951 1553 eremita
1017 1501 1208 1555 didicit
1246 1517 1313 1553 ex
1343 1500 1637 1554 dzemonc:
1674 1502 1756 1554 Nil

66 1586 361 1639 inventum
424 1595 606 1641 morte
664 1589 925 1657 dignum,
990 1606 1174 1659 neque
1205 1590 1418 1643 faenum
1453 1605 1638 1658 neque
1689 1589 1755 1640 li-

66 1690 264 1742 gnum,
319 1676 399 1727 nil
433 1676 683 1729 hominis
714 1677 774 1730 in
805 1678 1055 1730 homine.
1113 1678 1260 1730 Talis
1317 1678 1536 1731 Christo
1569 1678 1755 1728 deser-

67 1763 217 1826 vivit,
251 1762 384 1814 talis
425 1764 647 1817 Christo
678 1765 869 1817 vivens
898 1764 1035 1816 vivit
1080 1765 1139 1817 in
1194 1770 1403 1817 aeterna
1436 1763 1613 1833 patria
1646 1779 1755 1815 ser-

69 1866 161 1901 vus
184 1856 318 1903 tuus
350 1856 407 1902 et
446 1852 693 1916 amicus;
735 1856 851 1920 tua,
885 1854 1052 1909 Deus.
1079 1869 1181 1905 nos
1215 1852 1523 1915 Heiuricus,
1557 1868 1751 1904 conso-

65 1937 212 1990 letur
242 1940 462 2007 gratia.
506 1962 525 1985 θ

130 2028 221 2079 44.
264 2026 408 2088 Qum
458 2027 547 2078 hic
578 2027 645 2079 ad
679 2027 1003 2080 historicum
1040 2027 1333 2080 veritatem
1382 2027 1514 2079 satis
1565 2031 1757 2078 exacta

68 2130 175 2167 non
205 2120 365 2177 sunt,
422 2114 538 2167 suis
596 2116 732 2167 locis
787 2115 1035 2167 discussa
1072 2115 1351 2169 invenies.
1393 2114 1753 2183 Evangelium

68 2203 340 2269 ponitur;
384 2226 405 2252 σ
468 2204 644 2255 Homo
702 2203 933 2273 quidam
988 2205 1218 2257 nobilis.
1281 2225 1303 2250 ι
1354 2202 1752 2256 Dﬂ‘ertorium:

70 2310 92 2335 «ι
126 2289 394 2352 Posuisti,
432 2290 691 2343 Domine.
729 2310 753 2339 »ι
788 2290 1040 2343 Secreta:
1076 2313 1091 2336 ι
1144 2289 1451 2343 Ρτεῑδερῐιὶίει
1499 2305 1755 2352 munera,

70 2392 397 2444 quaesumus
448 2377 709 2442 Domine,
769 2379 843 2429 ita
895 2394 1093 2430 serena
1141 2379 1350 2446 pietate
1409 2378 1651 2437 intuere,
1695 2385 1759 2429 ut

72 2464 242 2516 sancti
298 2463 549 2533 Spiritus
612 2464 1028 2533 perfundantur
1099 2464 1515 2529 benedictione,
1591 2469 1645 2515 et
1699 2463 1755 2515 in

72 2552 274 2604 nostris
306 2553 575 2604 Cordibus
601 2568 725 2604 eam
755 2552 1117 2605 dilectionem
1169 2552 1409 2604 validam
1455 2552 1759 2603 infundant

73 2655 169 2707 per
198 2655 372 2709 quam
422 2639 477 2691 S.
511 2640 825 2704 Heinricus,
879 2640 1166 2692 confessor
1229 2644 1381 2703 tuus,
1430 2639 1621 2692 omnia
1643 2656 1759 2691 cor-

72 2726 217 2794 poris
248 2727 669 2796 impedimenta
726 2728 1000 2780 devicit.»
1060 2728 1398 2780 Communio
1445 2729 1641 2779 eadem
1676 2731 1757 2779 est

69 2830 188 2866 cum
244 2814 575 2879 Offertorio,
651 2835 676 2861 ‹‹
729 2814 989 2877 Posuisti,
1066 2813 1322 2867 Domine.
1380 2837 1404 2858 ι»
1466 2815 1758 2882 Completa

70 2918 156 2953 seu
192 2902 695 2955 Postcommunio:
727 2924 747 2949 σ
785 2903 950 2956 Plebs
994 2908 1112 2967 tua,
1165 2902 1424 2973 Domine,
1468 2902 1522 2955 8.
1586 2902 1757 2955 llein-

70 2989 162 3041 rici
200 2990 547 3042 confessoris
596 2991 677 3042 tui
734 3006 793 3043 se
838 2990 1250 3060 glorificatione
1284 2991 1624 3058 magniﬁcet,
1680 2996 1755 3055 et,

1864 624 2110 689 fessoris,
2168 642 2228 677 ac
2269 624 2323 679 8.
2393 627 2732 696 Walpurgis,
2778 628 2899 697 ipso
2969 630 3060 682 die
3120 633 3557 687 consecrationis

1863 712 2039 781 ipsius
2074 714 2211 766 Viti:
2248 733 2273 763 ι)
2323 715 2552 783 quando
2581 736 2605 759 ‹‹
2660 732 2688 766 e
2735 731 3006 769 converso
3065 718 3215 772 idem
3275 721 3339 773 D.
3400 722 3557 774 Vitus

1867 801 1935 853 de
1983 816 2264 852 consensu
2321 801 2683 854 dominorum
2735 804 2968 871 capituli
3029 805 3135 871 sui,
3193 806 3343 859 dono
3402 808 3557 861 dedit

1865 888 2049 941 eidem
2083 889 2325 942 Gabrieli
2370 889 2634 959 episcopo
2674 890 2742 943 de
2780 892 3036 961 reliquiis
3086 894 3137 947 8.
3200 895 3422 947 Henrici
3455 912 3551 965 pe-

1867 977 2024 1037 tiam.
2056 1000 2084 1025 υ
2112 993 2207 1029 seu
2234 984 2449 1045 partem
2480 1000 2498 1023 ‹
2548 995 2714 1030 unam
2745 996 2756 1043 ;
2788 1002 2805 1023 ιτ
2845 986 3014 1048 atque
3074 1000 3098 1027 ‹‹
3135 982 3270 1034 item
3308 985 3375 1034 de
3434 988 3556 1051 gut-

1864 1068 1990 1116 ture
2044 1064 2327 1133 ejusdem:
2362 1066 2496 1117 item
2539 1066 2606 1117 de
2666 1066 2719 1119 S.
2780 1068 3145 1135 Cuncgunde,
3179 1070 3555 1136 praesentibus

1866 1150 2072 1204 ibidem
2140 1153 2561 1205 venerabilibus
2612 1154 2856 1223 egregiis
2913 1155 3161 1207 dominis
3214 1156 3415 1209 Carolo
3486 1158 3553 1211 de

1866 1237 2237 1291 Seckendorff
2260 1239 2493 1303 decano,
2545 1239 2785 1307 Georgio
2819 1241 2887 1293 de
2920 1241 3312 1312 Schwinburg,
3356 1250 3409 1295 et
3440 1244 3555 1297 Fri-

1866 1326 2055 1378 derico
2100 1326 2168 1378 de
2202 1325 2457 1388 Quedwiz
2486 1327 2802 1379 senioribus
2853 1329 3259 1396 capitularibus
3291 1336 3347 1383 et
3382 1347 3551 1384 cano-

1864 1414 2023 1477 nicis,
2071 1414 2137 1467 ad
2188 1415 2307 1467 haec
2363 1414 2752 1484 capitulariter
2783 1416 3086 1484 deputatis.
3114 1440 3139 1463 ››
3181 1419 3302 1470 Non
3346 1426 3431 1471 est
3460 1420 3550 1472 in-

1864 1501 2169 1554 verisimile
2197 1501 2317 1570 pias
2352 1501 2679 1569 hujusmodi
2709 1504 3186 1556 commutationes
3218 1504 3388 1557 factas
3433 1521 3553 1559 esse

1865 1604 1991 1640 cum
2022 1588 2147 1640 aliis
2176 1588 2525 1641 Germanicis
2555 1591 2822 1655 ecclesiis,
2859 1592 3009 1644 unde
3053 1592 3121 1645 ad
3167 1594 3316 1661 ipsas
3345 1609 3547 1662 perve-

1865 1676 2057 1729 nerint
2099 1677 2152 1729 S.
2202 1676 2426 1729 Henrici
2457 1679 2739 1746 reliquiae,
2788 1679 3010 1733 tametsi
3070 1680 3137 1733 de
3172 1680 3237 1732 iis
3268 1681 3408 1735 nihil
3440 1697 3550 1750 pu-

1864 1763 2021 1816 blicis
2048 1763 2254 1816 tabulis
2279 1764 2674 1832 consignatum
2706 1767 3072 1835 comperiam.

1934 1854 2020 1904 46.
2058 1850 2206 1903 Nihil
2254 1851 2486 1919 pronius
2542 1858 2687 1904 esset
2718 1869 2888 1921 quam
2943 1854 3011 1905 de
3045 1854 3551 1923 Herbipolensibus

1866 1939 1920 1991 id
1946 1938 2237 2008 suspicari,
2295 1939 2401 1991 nisi
2433 1938 2661 1992 aliunde
2715 1946 2996 1992 constaret
3040 1941 3094 1994 S.
3141 1941 3345 1994 Kiliani
3395 1958 3550 1995 sacra

1866 2026 2085 2095 lipsana
2118 2026 2443 2093 Bambergte
2498 2026 2795 2088 exstitisse,
2830 2028 2965 2097 quin
2998 2035 3052 2079 et.
3082 2029 3346 2083 Sanctum
3376 2030 3546 2084 istum

1865 2113 2091 2182 patroni
2149 2114 2272 2165 loco
2304 2113 2561 2166 habitum
2621 2118 2749 2165 ante
2801 2115 2853 2168 S.
2908 2116 3132 2167 Henrici
3164 2121 3443 2185 tempora,
3492 2124 3549 2170 ut

1867 2201 2034 2254 fidem
2068 2200 2282 2253 faciunt
2315 2199 2644 2270 diplomata,
2679 2201 2734 2254 in
2767 2202 2971 2271 quibus
3018 2202 3071 2253 8.
3103 2202 3375 2264 Kilianus,
3398 2204 3552 2272 ipsa-

1868 2294 1984 2341 met
2006 2287 2059 2341 8.
2122 2288 2561 2351 Ηρῑιτίοίαδῐεὶθ,
2612 2305 2739 2341 cum
2790 2290 2843 2342 8.
2880 2290 3120 2357 Georgio
3168 2292 3549 2360 conjungitur.

1867 2378 2143 2429 Caeterum
2185 2375 2463 2444 praedictis
2490 2376 3029 2429 commutationibus
3066 2379 3230 2445 longe
3266 2378 3551 2448 antiquio-

1867 2478 1986 2516 rem
2018 2479 2136 2515 esse
2158 2467 2381 2531 oportet
2433 2464 2693 2516 notabilis
2746 2465 2891 2517 haud
2925 2465 3093 2517 dubie
3140 2465 3282 2517 sacri
3305 2467 3553 2535 corporis

1867 2552 2042 2622 partis
2080 2552 2511 2603 translationem
2546 2551 2600 2604 in
2654 2551 2995 2619 Merseburg,
3051 2553 3119 2605 de
3177 2570 3289 2622 qua
3319 2560 3432 2606 tam
3466 2554 3549 2606 di-

1867 2646 2013 2691 serte
2042 2639 2157 2706 agit
2192 2643 2524 2707 Anonymus
2551 2639 2699 2707 apud
2723 2640 3067 2696 Gretserum.
3100 2655 3222 2708 cap.
3282 2640 3368 2705 fit,
3403 2640 3552 2709 apud

1866 2727 2144 2779 nosinter
2188 2726 2459 2779 miracula
2495 2742 2651 2779 num.
2690 2730 2774 2792 ll,
2807 2743 2978 2795 quam
3009 2744 3123 2779 non
3171 2727 3264 2780 diu
3319 2734 3445 2797 post
3467 2744 3554 2781 ce-

1869 2815 2142 2867 lebratam
2189 2814 2371 2867 Sancti
2419 2814 2901 2867 canonizationem
2948 2815 3213 2868 accidisse
3245 2817 3342 2885 qui
3395 2816 3549 2868 dixe-

1868 2903 1958 2967 rit,
1993 2901 2141 2955 haud
2204 2903 2445 2955 multum
2484 2918 2516 2954 a
2558 2918 2689 2955 vero
2714 2903 3074 2969 aberraverlt,
3106 2919 3234 2956 cum
3278 2920 3344 2956 eo
3376 2903 3551 2956 ferme

1866 2990 2063 3043 ordine
2093 3006 2125 3043 a
2177 2990 2324 3043 dicto
2381 2989 2655 3059 scriptore
2704 2992 3015 3043 referatur:
3051 3010 3077 3037 α
3130 2992 3406 3059 Tempore
3452 2990 3552 3043 illo

68 3078 257 3131 eodem
290 3094 525 3147 semper
572 3085 860 3147 precante,
900 3084 953 3131 te
1011 3082 1298 3131 mereatur
1326 3079 1535 3131 habere
1574 3084 1759 3131 recto-
1793 3081 1832 3133 C
1871 3094 1983 3147 quo
2012 3078 2346 3130 venerabilis
2377 3078 2550 3130 abbas
2609 3078 3085 3147 Merseburgensis
3139 3078 3385 3131 ecclesize
3421 3078 3552 3130 Vol-

68 3181 205 3220 rem.
282 3167 393 3219 Per
429 3166 757 3220 Dominum.
792 3188 819 3216 »
861 3167 985 3219 Alia
1014 3166 1083 3219 de
1112 3166 1311 3220 Sancto
1343 3167 1551 3219 oratio:
1583 3190 1603 3215 ι
1635 3167 1754 3220 Ad-

70 3260 147 3305 sto
203 3254 719 3323 supplicationibus
775 3255 986 3307 nostris
1040 3255 1403 3324 omnipotens
1454 3255 1624 3317 Deus,
1677 3260 1750 3321 et,

69 3342 266 3409 quibus
301 3342 574 3395 fiduciam
600 3342 894 3413 sperandae
916 3343 1161 3413 pietatis.
1198 3364 1223 3390 ››
1253 3349 1362 3396 etc.
1395 3343 1463 3395 Ex
1498 3342 1751 3411 praedicti

72 3430 295 3482 Missalis
334 3430 499 3494 folio,
533 3431 600 3483 ad
631 3446 719 3484 me
750 3432 982 3495 directo,
1018 3436 1191 3500 patet,
1252 3431 1565 3498 majoribus
1620 3432 1756 3483 Teu-

72 3517 262 3569 tonicis
318 3518 533 3571 litteris
563 3518 701 3571 satis
758 3518 1116 3588 elegantibus
1147 3534 1415 3571 excusum
1448 3534 1584 3577 esse,
1627 3534 1754 3570 cum

75 3606 231 3658 variis
262 3606 509 3659 rubricis
556 3613 687 3676 apte
718 3607 1082 3671 intermixtis,
1130 3607 1197 3660 ad
1229 3608 1389 3674 cujus
1416 3606 1654 3665 ‘calcem.
1691 3622 1755 3657 ex

72 3696 337 3764 temporis
388 3696 553 3748 istius
611 3711 789 3759 more,
847 3695 1175 3764 hujusmodi
1207 3694 1517 3764 epigraphe
1558 3694 1755 3761 adjun-

73 3780 250 3847 gitur:
313 3803 339 3833 «ι
375 3787 545 3835 Anno
606 3782 1016 3836 Incarnatiouis
1085 3783 1392 3835 Dominicze
1454 3798 1754 3843 naccaxcrx,

77 3875 267 3937 quarto
297 3871 421 3924 Kal.
480 3869 658 3933 Junii,
714 3870 860 3922 liber
901 3869 1154 3931 Missalis,
1191 3870 1248 3921 in
1277 3870 1501 3922 laudem
1536 3875 1590 3921 et
1632 3870 1755 3935 glo-

78 3959 206 4011 riam
236 3964 445 4011 sanctae
482 3974 547 4011 ac
578 3958 882 4011 individua:
913 3957 1219 4017 Trinitatis,
1263 3958 1613 4010 intemeratas.
1649 3959 1759 4008 Vir-

77 4046 324 4116 ginisque
355 4046 572 4111 Marize,
616 4046 671 4098 in
724 4046 948 4098 civitate
989 4045 1461 4114 Babenbergensi,
1496 4061 1596 4115 per
1640 4062 1757 4097 ma-

76 4134 299 4197 gistrum
352 4136 635 4187 Joannem
699 4132 872 4201 Pfeyl,
904 4134 1154 4202 pl‘tPf’dliP
1208 4133 1445 4185 civitatis
1490 4133 1756 4197 incolam,

77 4238 234 4289 quam
264 4222 712 4291 diligentissime
746 4222 1078 4291 impressus,
1111 4221 1238 4274 linit
1280 4221 1541 4274 feliciter.
1578 4240 1605 4271 ι)
1635 4222 1760 4273 Haec

77 4308 138 4359 de
167 4312 579 4375 monumentis,
633 4310 868 4371 Officiis,
940 4310 1230 4381 veterique
1264 4310 1426 4362 Missa
1491 4311 1757 4364 Bamher-

78 4399 329 4463 gensibus
360 4399 514 4452 dicta
564 4399 884 4465 sufticient;
918 4414 1067 4451 nunc
1113 4414 1299 4451 sacras
1330 4396 1618 4467 reliquias,
1652 4398 1763 4450 alio

78 4488 381 4552 translatas,
431 4487 863 4556 investigemus.

83 4590 186 4651 §\'.
235 4596 498 4662 Reliquiap
560 4594 669 4645 alio
702 4594 999 4657 translatae,
1052 4593 1350 4660 praesertim
1407 4594 1646 4655 Romam,
1692 4592 1765 4645 ad

275 4675 535 4741 templum
564 4672 751 4725 domus
791 4675 1050 4737 Pro/essm
1088 4672 1366 4725 Societatis
1393 4672 1548 4723 Jesu.

146 4762 223 4811 45.
259 4762 329 4813 Ex
349 4764 472 4831 jam
501 4760 761 4812 deductis
791 4762 923 4811 satis
954 4759 1317 4811 manifestum
1346 4762 1428 4810 est
1450 4758 1762 4827 praecipuas

86 4861 253 4899 sacras
282 4849 517 4902 exuvias
586 4848 883 4917 utriusque
942 4846 1283 4899 sanctissimi
1324 4846 1583 4914 conjugis
1624 4846 1765 4897 llen-

85 4932 170 4985 rici
223 4940 275 4987 ct
331 4933 707 5005 Cunegundis
751 4934 809 4986 in
850 4933 974 5003 ipso
1008 4932 1408 5001 Bambergensi
1470 4933 1761 4985 mansoleo

84 5018 370 5076 hodiedum
443 5022 727 5075 asservari
793 5037 1141 5091 quamquam
1210 5025 1398 5090 partes
1468 5021 1760 5073 nonnullm

85 5109 180 5161 alio
228 5112 291 5164 ad
362 5111 799 5165 venerationem
848 5112 1133 5163 translata:
1208 5108 1339 5172 sint,
1413 5124 1554 5177 quas
1618 5107 1758 5160 mihi

84 5206 393 5269 promptum
446 5215 566 5253 non
628 5198 699 5250 sit
758 5197 1048 5266 sigillatim
1107 5211 1461 5249 enumerare.
1498 5194 1762 5263 Suggerit

88 5283 256 5339 charta
302 5287 710 5352 Gamansiana,
770 5286 1030 5355 superius
1077 5285 1263 5346 citata,
1324 5299 1474 5335 anno
1536 5282 1758 5335 Domini

96 5374 740 5443 l3301,1ndict.i(voluit
795 5373 982 5426 dicere
1033 5375 1108 5438 iv)
1170 5372 1260 5425 die
1310 5387 1439 5424 xvm
1492 5369 1625 5423 Julii
1683 5369 1757 5422 fa-

87 5466 215 5514 ctam
270 5464 416 5517 inter
470 5463 796 5518 Gabrielem
847 5462 1255 5529 Eystettensem
1325 5460 1655 5528 episcopum
1704 5462 1759 5509 et

90 5546 255 5604 Vitam
335 5552 819 5620 Bambergeusem
874 5550 1027 5619 piam
1086 5562 1375 5601 sacrorum
1451 5546 1756 5616 pignorum

91 5640 595 5703 commutationem,
630 5640 707 5694 sic.
770 5642 829 5692 ut
875 5639 969 5692 ille
1022 5633 1531 5705 Bambergensibus
1579 5632 1753 5688 dona-

1864 3183 2088 3221 cmarus
2136 3166 2403 3235 reliquias
2467 3166 2524 3218 Β.
2583 3166 2806 3219 Henrici
2874 3165 3210 3219 confessoris
3266 3166 3551 3220 Saxonica:

1863 3260 2031 3309 terras
2063 3254 2292 3307 invexit.
2319 3276 2345 3300 ι»
2378 3255 2436 3307 In
2501 3254 2791 3307 Poloniam
2840 3270 3020 3323 usque
3054 3254 3342 3307 transiisse
3393 3254 3555 3307 intel-

1864 3344 2001 3413 liges
2032 3358 2096 3396 ex
2138 3342 2422 3394 miraculis
2447 3342 2614 3406 infra,
2652 3359 2809 3395 num.
2865 3346 2946 3395 t8.
2998 3346 3083 3395 An
3115 3348 3170 3395 et
3203 3358 3315 3413 quo
3356 3350 3551 3412 pacto-

1864 3430 2141 3501 perierint
2186 3431 2303 3498 jam
2336 3427 2523 3483 'dictze
2572 3430 2831 3499 reliquiae
2861 3430 3367 3500 Merseburgenses,
3401 3432 3550 3484 haud

1867 3518 2130 3589 equidem
2161 3516 2302 3581 scio;
2357 3534 2573 3583 verum,
2610 3534 2675 3569 ex
2707 3520 3088 3571 instrumento
3120 3519 3271 3587 quod
3332 3520 3401 3572 ad
3461 3535 3549 3573 me

1867 3607 2021 3661 misit
2052 3607 2309 3659 laudatus
2356 3622 2528 3674 supra
2558 3606 2704 3657 Clar.
2762 3607 3115 3675 Eppenauer,
3150 3606 3369 3675 liquido
3402 3612 3552 3677 pate-

1866 3694 1951 3747 bit
1992 3694 2259 3763 reliquias
2305 3694 2443 3745 alias
2502 3694 2703 3745 eodem
2751 3694 3056 3745 destinatas
3118 3694 3310 3759 fuisse,
3356 3695 3549 3763 procul

1866 3783 2038 3836 dubio
2074 3787 2133 3833 ut
2162 3781 2383 3833 amissis
2414 3780 2700 3849 prioribus
2731 3780 3228 3833 Substituerentur.

1942 3871 2030 3923 47.
2082 3868 2305 3922 Litterae
2353 3873 2486 3921 sunt
2514 3868 2696 3921 Adolti
2749 3868 3223 3935 Merseburgensis
3272 3868 3545 3938 episcopi,

1869 3957 2162 4011 Anhaldiae
2186 3955 2472 4026 principis,
2525 3955 2591 4008 ad
2621 3955 2925 4023 Georgium
2981 3971 3010 4006 a
3045 3956 3315 4025 Liniburg
3342 3956 3552 4026 episco-

1868 4063 2004 4117 pum
2038 4046 2532 4113 Bambergensem,
2565 4044 2710 4096 datae
2742 4065 2767 4089 ‹‹
2792 4044 2881 4096 die
2913 4043 3131 4096 veneris
3173 4044 3315 4097 infra
3348 4044 3551 4097 festum

1867 4137 1920 4187 S.
1956 4134 2179 4188 Martini
2210 4152 2236 4181 »
2272 4148 2475 4201 nempe
2508 4148 2598 4184 xm
2652 4130 2977 4184 Novembris
3023 4148 3172 4184 anno
3238 4135 3391 4199 1517,
3426 4149 3552 4200 qum

1868 4222 2043 4275 latine
2081 4236 2255 4273 versa!
2309 4220 2385 4271 sic
2419 4224 2658 4272 sonant:
2697 4238 2725 4267 α
2786 4220 2987 4271 Nostra
3016 4220 3333 4272 amicabilia
3365 4221 3553 4274 ol‘licia

1874 4309 2113 4377 praevia;
2148 4306 2490 4359 Venerabilis
2520 4307 2577 4358 in
2614 4307 2724 4358 Deo
2775 4306 2960 4373 Pater,
3013 4305 3297 4374 imprimis
3346 4305 3550 4358 dilecte

1875 4397 2101 4448 domine
2137 4400 2191 4445 et
2241 4393 2438 4446 amice.
2494 4394 2632 4446 Cum
2666 4392 2892 4445 dilectio
2944 4398 3147 4457 vestra,
3204 4392 3269 4444 ad
3319 4398 3552 4460 rogato-

1873 4484 2014 4537 riam
2051 4489 2302 4536 nostram
2353 4481 2705 4552 petitionem,
2761 4480 3034 4548 quasdam
3058 4479 3110 4531 8.
3157 4478 3404 4531 Heinrici
3435 4479 3551 4531 lm-

1871 4572 2148 4642 peratoris
2232 4587 2414 4623 sacras
2496 4568 2766 4639 reliquias
2843 4568 3196 4629 concesserit,
3258 4568 3486 4620 easdem
3519 4584 3547 4619 a

1870 4661 2172 4714 dilectione
2195 4665 2376 4711 vestra
2405 4658 2730 4718 submissas,
2780 4670 2909 4708 cum
2946 4654 3330 4718 veneratione,
3388 4660 3548 4723 grato

1870 4747 2259 4816 benevoloque
2317 4744 2508 4797 animo
2567 4742 2907 4811 accepimus.
2944 4742 3009 4793 Et
3065 4757 3412 4811 quamquam
3446 4758 3547 4810 pro

1870 4841 1983 4888 tam
2037 4834 2357 4887 mstimabili
2404 4833 2575 4897 dono,
2612 4830 2763 4899 quod
2812 4830 3118 4899 temporali
3177 4830 3319 4882 nulli
3370 4831 3551 4899 pretio

1870 4929 2340 5000 mquiparandum
2397 4932 2499 4991 est,
2558 4927 2721 4980 nobis
2770 4930 2825 4979 et
2882 4925 3131 4979 ecclesia?
3184 4929 3389 4978 nostrae
3419 4940 3555 4977 con-

1868 5035 2044 5085 cesso,
2095 5016 2384 5071 dilectioni
2432 5021 2631 5069 vestras
2681 5015 2981 5069 obstrictos
3013 5030 3115 5066 nos
3142 5028 3260 5065 esse
3291 5012 3552 5081 profitea-

1869 5121 2014 5166 mur,
2048 5106 2137 5157 cui
2170 5109 2362 5157 tamen
2420 5101 2757 5171 obligationi
2788 5100 3110 5153 satisfacere
3145 5099 3203 5151 in
3236 5104 3430 5152 nostra
3461 5116 3557 5168 po-

1867 5198 2065 5245 testate
2121 5192 2445 5245 nullatenus
2495 5196 2606 5255 est;
2643 5188 3020 5241 nihilominus
3074 5187 3131 5239 in
3179 5187 3428 5239 ecclesias
3451 5203 3551 5239 no-

1867 5286 1996 5333 strm
2024 5280 2227 5333 sanctis
2259 5278 2511 5348 patronis
2540 5282 2595 5330 et
2640 5276 2927 5346 praecipue
2958 5276 3162 5329 dilecto
3199 5275 3253 5327 S.
3292 5273 3551 5327 Heinrico

1867 5370 2211 5438 lmperatore
2242 5366 2600 5430 conlidimus,
2649 5381 2763 5428 eos,
2810 5368 3061 5433 optatam
3102 5362 3160 5414 in
3199 5360 3302 5413 hac
3331 5365 3551 5431 tempo-

1866 5457 1992 5519 rali,
2027 5460 2082 5509 et
2111 5455 2261 5525 apud
2293 5457 2467 5507 Deum
2496 5452 2777 5522 imprimis
2807 5453 2863 5505 in
2910 5452 3019 5503 vita
3066 5455 3279 5502 aeterna
3323 5448 3553 5503 felicita-

1865 5550 1977 5598 tem
2010 5542 2316 5605 exorando,
2370 5541 2617 5610 idipsum
2668 5538 2957 5593 dilectioni
2989 5542 3187 5590 vestrae
3217 5538 3549 5608 centuplum

1866 5636 2349 5703 compensaturos.
2390 5650 2410 5677 ι
2465 5628 2747 5694 Quamdiu
2779 5628 3077 5682 thesaurus
3108 5624 3229 5689 iste,
3264 5640 3295 5678 a
3329 5624 3551 5695 signata
