  <div class='ocr_page' id='page_1' title='image "/cluster/home/n/w/nwhite01/storage/ocr_20150623/140-141/uc1.31175018559917/025.png"; bbox 0 0 3976 6430; ppageno 0'>
   <div class='ocr_carea' id='block_1_1' title="bbox 440 368 3950 441">
    <p class='ocr_par' dir='ltr' id='par_1_1' title="bbox 440 368 3950 441">
     <span class='ocr_line' id='line_1_1' title="bbox 440 368 3950 441; baseline -0.003 -15"><span class='ocrx_word' id='word_1_1' title='bbox 440 374 506 427; x_wconf 79' lang='lat'><strong>35</strong></span> <span class='ocrx_word' id='word_1_2' title='bbox 1737 371 1792 421; x_wconf 80' lang='lat' dir='ltr'><strong>S.</strong></span> <span class='ocrx_word' id='word_1_3' title='bbox 1837 369 2122 423; x_wconf 80' lang='lat' dir='ltr'><strong>IIENRICI</strong></span> <span class='ocrx_word' id='word_1_4' title='bbox 2161 368 2637 441; x_wconf 59' lang='lat' dir='ltr'><strong>IMPERATORIS</strong></span> <span class='ocrx_word' id='word_1_5' title='bbox 3903 375 3950 421; x_wconf 69' lang='lat' dir='ltr'><strong>3c</strong></span> 
     </span>
    </p>
   </div>
   <div class='ocr_carea' id='block_1_2' title="bbox 439 464 3956 563">
    <p class='ocr_par' dir='ltr' id='par_1_2' title="bbox 439 464 3956 563">
     <span class='ocr_line' id='line_1_2' title="bbox 439 464 3956 563; baseline -0.002 -12"><span class='ocrx_word' id='word_1_6' title='bbox 439 495 599 551; x_wconf 86' lang='lat' dir='ltr'><strong>fatali</strong></span> <span class='ocrx_word' id='word_1_7' title='bbox 652 493 992 550; x_wconf 70' lang='lat' dir='ltr'><strong>Lutherana:</strong></span> <span class='ocrx_word' id='word_1_8' title='bbox 1024 492 1322 563; x_wconf 66' lang='lat' dir='ltr'><strong>apostasia:</strong></span> <span class='ocrx_word' id='word_1_9' title='bbox 1353 492 1588 562; x_wconf 77' lang='lat' dir='ltr'><strong>epocha,</strong></span> <span class='ocrx_word' id='word_1_10' title='bbox 1622 464 1745 544; x_wconf 87' lang='lat' dir='ltr'><strong>istic</strong></span> <span class='ocrx_word' id='word_1_11' title='bbox 1780 490 1841 543; x_wconf 92' lang='lat' dir='ltr'><strong>in</strong></span> <span class='ocrx_word' id='word_1_12' title='bbox 1874 490 2052 560; x_wconf 86' lang='lat' dir='ltr'><strong>pretio</strong></span> <span class='ocrx_word' id='word_1_13' title='bbox 2083 493 2138 541; x_wconf 92' lang='lat' dir='ltr'><strong>et</strong></span> <span class='ocrx_word' id='word_1_14' title='bbox 2165 492 2210 542; x_wconf 83' lang='lat' dir='ltr'><strong>A</strong></span> <span class='ocrx_word' id='word_1_15' title='bbox 2253 491 2475 544; x_wconf 87' lang='lat' dir='ltr'><strong>ritatem</strong></span> <span class='ocrx_word' id='word_1_16' title='bbox 2510 490 2787 560; x_wconf 74' lang='lat' dir='ltr'><strong>reportari</strong></span> <span class='ocrx_word' id='word_1_17' title='bbox 2826 489 3136 561; x_wconf 81' lang='lat' dir='ltr'><strong>potuerint,</strong></span> <span class='ocrx_word' id='word_1_18' title='bbox 3194 490 3573 545; x_wconf 81' lang='lat' dir='ltr'><strong>nihilominus</strong></span> <span class='ocrx_word' id='word_1_19' title='bbox 3628 491 3839 546; x_wconf 83' lang='lat' dir='ltr'><strong>sedulo</strong></span> <span class='ocrx_word' id='word_1_20' title='bbox 3875 491 3956 544; x_wconf 78' lang='lat' dir='ltr'><strong>in</strong></span> 
     </span>
    </p>
   </div>
   <div class='ocr_carea' id='block_1_3' title="bbox 442 579 2139 649">
    <p class='ocr_par' dir='ltr' id='par_1_3' title="bbox 442 579 2139 649">
     <span class='ocr_line' id='line_1_3' title="bbox 442 579 2139 649; baseline -0.005 -10"><span class='ocrx_word' id='word_1_21' title='bbox 442 585 635 640; x_wconf 88' lang='lat' dir='ltr'><strong>debita</strong></span> <span class='ocrx_word' id='word_1_22' title='bbox 663 582 1033 638; x_wconf 74' lang='lat' dir='ltr'><strong>veneratione</strong></span> <span class='ocrx_word' id='word_1_23' title='bbox 1098 580 1291 644; x_wconf 85' lang='lat' dir='ltr'><strong>fuerit,</strong></span> <span class='ocrx_word' id='word_1_24' title='bbox 1347 579 1497 634; x_wconf 88' lang='lat' dir='ltr'><strong>haud</strong></span> <span class='ocrx_word' id='word_1_25' title='bbox 1551 580 1628 634; x_wconf 90' lang='lat' dir='ltr'><strong>ita</strong></span> <span class='ocrx_word' id='word_1_26' title='bbox 1666 585 2002 649; x_wconf 89' lang='lat' dir='ltr'><strong>promptum</strong></span> <span class='ocrx_word' id='word_1_27' title='bbox 2052 582 2139 631; x_wconf 86' lang='lat' dir='ltr'><strong>est</strong></span> 
     </span>
    </p>
   </div>
   <div class='ocr_carea' id='block_1_4' title="bbox 437 672 801 743">
    <p class='ocr_par' dir='ltr' id='par_1_4' title="bbox 437 672 801 743">
     <span class='ocr_line' id='line_1_4' title="bbox 437 672 801 743; baseline -0.008 -15"><span class='ocrx_word' id='word_1_28' title='bbox 437 672 801 743; x_wconf 88' lang='lat' dir='ltr'><strong>investigare.</strong></span> 
     </span>
    </p>
   </div>
   <div class='ocr_carea' id='block_1_5' title="bbox 509 755 2135 826">
    <p class='ocr_par' dir='ltr' id='par_1_5' title="bbox 509 755 2135 826">
     <span class='ocr_line' id='line_1_5' title="bbox 509 755 2135 826; baseline -0.006 -10"><span class='ocrx_word' id='word_1_29' title='bbox 509 763 599 816; x_wconf 83' lang='grc'>48.</span> <span class='ocrx_word' id='word_1_30' title='bbox 632 763 975 816; x_wconf 84' lang='lat' dir='ltr'><strong>Persuasum</strong></span> <span class='ocrx_word' id='word_1_31' title='bbox 1028 758 1215 812; x_wconf 86' lang='lat' dir='ltr'><strong>habeo</strong></span> <span class='ocrx_word' id='word_1_32' title='bbox 1273 761 1332 811; x_wconf 88' lang='lat' dir='ltr'><strong>et</strong></span> <span class='ocrx_word' id='word_1_33' title='bbox 1388 756 1527 810; x_wconf 90' lang='lat' dir='ltr'><strong>alias</strong></span> <span class='ocrx_word' id='word_1_34' title='bbox 1580 756 1839 809; x_wconf 84' lang='lat' dir='ltr'><strong>ecclesias</strong></span> <span class='ocrx_word' id='word_1_35' title='bbox 1867 755 2135 826; x_wconf 86' lang='lat' dir='ltr'><strong>pretiosa-</strong></span> 
     </span>
    </p>
   </div>
   <div class='ocr_carea' id='block_1_6' title="bbox 441 843 2135 918">
    <p class='ocr_par' dir='ltr' id='par_1_6' title="bbox 441 843 2135 918">
     <span class='ocr_line' id='line_1_6' title="bbox 441 843 2135 918; baseline -0.006 -13"><span class='ocrx_word' id='word_1_36' title='bbox 441 866 573 905; x_wconf 92' lang='lat' dir='ltr'><strong>rum</strong></span> <span class='ocrx_word' id='word_1_37' title='bbox 633 848 967 905; x_wconf 82' lang='lat' dir='ltr'><strong>exuviarum</strong></span> <span class='ocrx_word' id='word_1_38' title='bbox 1012 846 1321 918; x_wconf 83' lang='lat' dir='ltr'><strong>participes</strong></span> <span class='ocrx_word' id='word_1_39' title='bbox 1368 844 1563 912; x_wconf 84' lang='lat' dir='ltr'><strong>fuisse,</strong></span> <span class='ocrx_word' id='word_1_40' title='bbox 1592 844 1852 915; x_wconf 83' lang='lat' dir='ltr'><strong>quamvis</strong></span> <span class='ocrx_word' id='word_1_41' title='bbox 1897 843 1969 897; x_wconf 91' lang='lat' dir='ltr'><strong>ad</strong></span> <span class='ocrx_word' id='word_1_42' title='bbox 2014 860 2135 897; x_wconf 84' lang='lat' dir='ltr'><strong>ma-</strong></span> 
     </span>
    </p>
   </div>
   <div class='ocr_carea' id='block_1_7' title="bbox 441 931 2136 1004">
    <p class='ocr_par' dir='ltr' id='par_1_7' title="bbox 441 931 2136 1004">
     <span class='ocr_line' id='line_1_7' title="bbox 441 931 2136 1004; baseline -0.006 -10"><span class='ocrx_word' id='word_1_43' title='bbox 441 955 583 994; x_wconf 89' lang='lat' dir='ltr'><strong>num</strong></span> <span class='ocrx_word' id='word_1_44' title='bbox 617 954 735 993; x_wconf 92' lang='lat' dir='ltr'><strong>non</strong></span> <span class='ocrx_word' id='word_1_45' title='bbox 764 937 880 991; x_wconf 90' lang='lat' dir='ltr'><strong>sint</strong></span> <span class='ocrx_word' id='word_1_46' title='bbox 937 937 1320 991; x_wconf 89' lang='lat' dir='ltr'><strong>instrumenta</strong></span> <span class='ocrx_word' id='word_1_47' title='bbox 1375 933 1581 1004; x_wconf 86' lang='lat' dir='ltr'><strong>quibus</strong></span> <span class='ocrx_word' id='word_1_48' title='bbox 1630 932 1699 985; x_wconf 92' lang='lat' dir='ltr'><strong>de</strong></span> <span class='ocrx_word' id='word_1_49' title='bbox 1746 931 1816 984; x_wconf 80' lang='lat' dir='ltr'><strong>iis</strong></span> <span class='ocrx_word' id='word_1_50' title='bbox 1863 932 2136 985; x_wconf 82' lang='lat' dir='ltr'><strong>certiores</strong></span> 
     </span>
    </p>
   </div>
   <div class='ocr_carea' id='block_1_8' title="bbox 438 1020 2136 1094">
    <p class='ocr_par' dir='ltr' id='par_1_8' title="bbox 438 1020 2136 1094">
     <span class='ocr_line' id='line_1_8' title="bbox 438 1020 2136 1094; baseline -0.007 -12"><span class='ocrx_word' id='word_1_51' title='bbox 438 1026 770 1082; x_wconf 90' lang='lat' dir='ltr'><strong>reddamur.</strong></span> <span class='ocrx_word' id='word_1_52' title='bbox 820 1025 886 1078; x_wconf 90' lang='lat' dir='ltr'><strong>In</strong></span> <span class='ocrx_word' id='word_1_53' title='bbox 934 1023 1120 1094; x_wconf 89' lang='lat' dir='ltr'><strong>ipsam</strong></span> <span class='ocrx_word' id='word_1_54' title='bbox 1180 1020 1504 1091; x_wconf 84' lang='lat' dir='ltr'><strong>Hispaniam</strong></span> <span class='ocrx_word' id='word_1_55' title='bbox 1580 1025 1911 1089; x_wconf 84' lang='lat' dir='ltr'><strong>penetrasse</strong></span> <span class='ocrx_word' id='word_1_56' title='bbox 1966 1023 2136 1072; x_wconf 83' lang='lat' dir='ltr'><strong>testes</strong></span> 
     </span>
    </p>
   </div>
   <div class='ocr_carea' id='block_1_9' title="bbox 441 1106 2138 1184">
    <p class='ocr_par' dir='ltr' id='par_1_9' title="bbox 441 1106 2138 1184">
     <span class='ocr_line' id='line_1_9' title="bbox 441 1106 2138 1184; baseline -0.007 -14"><span class='ocrx_word' id='word_1_57' title='bbox 441 1120 578 1170; x_wconf 90' lang='lat' dir='ltr'><strong>sunt</strong></span> <span class='ocrx_word' id='word_1_58' title='bbox 605 1115 839 1184; x_wconf 71' lang='lat' dir='ltr'><strong>collega:</strong></span> <span class='ocrx_word' id='word_1_59' title='bbox 869 1111 1052 1166; x_wconf 84' lang='lat' dir='ltr'><strong>nostri</strong></span> <span class='ocrx_word' id='word_1_60' title='bbox 1083 1109 1276 1165; x_wconf 88' lang='lat' dir='ltr'><strong>Pinius</strong></span> <span class='ocrx_word' id='word_1_61' title='bbox 1304 1123 1360 1162; x_wconf 80' lang='lat' dir='ltr'><strong>et</strong></span> <span class='ocrx_word' id='word_1_62' title='bbox 1382 1108 1660 1178; x_wconf 87' lang='lat' dir='ltr'><strong>Cuperus,</strong></span> <span class='ocrx_word' id='word_1_63' title='bbox 1697 1107 1907 1178; x_wconf 88' lang='lat' dir='ltr'><strong>quibus</strong></span> <span class='ocrx_word' id='word_1_64' title='bbox 1935 1106 2138 1161; x_wconf 88' lang='lat' dir='ltr'><strong>biblio-</strong></span> 
     </span>
    </p>
   </div>
   <div class='ocr_carea' id='block_1_10' title="bbox 438 1194 2138 1259">
    <p class='ocr_par' dir='ltr' id='par_1_10' title="bbox 438 1194 2138 1259">
     <span class='ocr_line' id='line_1_10' title="bbox 438 1194 2138 1259; baseline -0.007 0"><span class='ocrx_word' id='word_1_65' title='bbox 438 1204 664 1259; x_wconf 86' lang='lat' dir='ltr'><strong>thecam</strong></span> <span class='ocrx_word' id='word_1_66' title='bbox 734 1202 789 1257; x_wconf 92' lang='lat' dir='ltr'><strong>S.</strong></span> <span class='ocrx_word' id='word_1_67' title='bbox 875 1198 1165 1255; x_wconf 87' lang='lat' dir='ltr'><strong>Laurentii</strong></span> <span class='ocrx_word' id='word_1_68' title='bbox 1244 1196 1689 1251; x_wconf 80' lang='lat' dir='ltr'><strong>Escorialensem</strong></span> <span class='ocrx_word' id='word_1_69' title='bbox 1762 1194 2138 1249; x_wconf 91' lang='lat' dir='ltr'><strong>lustrantibus</strong></span> 
     </span>
    </p>
   </div>
   <div class='ocr_carea' id='block_1_11' title="bbox 441 1284 2138 1364">
    <p class='ocr_par' dir='ltr' id='par_1_11' title="bbox 441 1284 2138 1364">
     <span class='ocr_line' id='line_1_11' title="bbox 441 1284 2138 1364; baseline -0.006 -16"><span class='ocrx_word' id='word_1_70' title='bbox 441 1297 676 1364; x_wconf 89' lang='lat' dir='ltr'><strong>apertus</strong></span> <span class='ocrx_word' id='word_1_71' title='bbox 706 1294 790 1345; x_wconf 88' lang='lat' dir='ltr'><strong>est</strong></span> <span class='ocrx_word' id='word_1_72' title='bbox 835 1288 1075 1359; x_wconf 81' lang='lat' dir='ltr'><strong>insignis</strong></span> <span class='ocrx_word' id='word_1_73' title='bbox 1131 1287 1433 1340; x_wconf 85' lang='lat' dir='ltr'><strong>thesaurus</strong></span> <span class='ocrx_word' id='word_1_74' title='bbox 1480 1284 1855 1356; x_wconf 84' lang='lat' dir='ltr'><strong>reliquiarum</strong></span> <span class='ocrx_word' id='word_1_75' title='bbox 1914 1301 1980 1338; x_wconf 90' lang='lat' dir='ltr'><strong>eo</strong></span> <span class='ocrx_word' id='word_1_76' title='bbox 2010 1300 2138 1338; x_wconf 86' lang='lat' dir='ltr'><strong>con-</strong></span> 
     </span>
    </p>
   </div>
   <div class='ocr_carea' id='block_1_12' title="bbox 439 1372 2138 1453">
    <p class='ocr_par' dir='ltr' id='par_1_12' title="bbox 439 1372 2138 1453">
     <span class='ocr_line' id='line_1_12' title="bbox 439 1372 2138 1453; baseline -0.006 -17"><span class='ocrx_word' id='word_1_77' title='bbox 439 1385 731 1453; x_wconf 86' lang='lat' dir='ltr'><strong>gestarum</strong></span> <span class='ocrx_word' id='word_1_78' title='bbox 764 1396 797 1433; x_wconf 91' lang='lat' dir='ltr'><strong>a</strong></span> <span class='ocrx_word' id='word_1_79' title='bbox 825 1377 1090 1447; x_wconf 85' lang='lat' dir='ltr'><strong>Philippo</strong></span> <span class='ocrx_word' id='word_1_80' title='bbox 1123 1376 1167 1429; x_wconf 88' lang='lat' dir='ltr'><strong>Il</strong></span> <span class='ocrx_word' id='word_1_81' title='bbox 1200 1390 1357 1445; x_wconf 88' lang='lat' dir='ltr'><strong>rege,</strong></span> <span class='ocrx_word' id='word_1_82' title='bbox 1392 1373 1943 1444; x_wconf 77' lang='lat' dir='ltr'><strong>magniﬁcentissimi</strong></span> <span class='ocrx_word' id='word_1_83' title='bbox 1976 1372 2138 1426; x_wconf 87' lang='lat' dir='ltr'><strong>istius</strong></span> 
     </span>
    </p>
   </div>
   <div class='ocr_carea' id='block_1_13' title="bbox 440 1461 2137 1540">
    <p class='ocr_par' dir='ltr' id='par_1_13' title="bbox 440 1461 2137 1540">
     <span class='ocr_line' id='line_1_13' title="bbox 440 1461 2137 1540; baseline -0.006 -16"><span class='ocrx_word' id='word_1_84' title='bbox 440 1468 658 1540; x_wconf 86' lang='lat' dir='ltr'><strong>palatii,</strong></span> <span class='ocrx_word' id='word_1_85' title='bbox 712 1465 951 1522; x_wconf 76' lang='lat' dir='ltr'><strong>ccenobii</strong></span> <span class='ocrx_word' id='word_1_86' title='bbox 1012 1469 1068 1518; x_wconf 92' lang='lat' dir='ltr'><strong>et</strong></span> <span class='ocrx_word' id='word_1_87' title='bbox 1122 1462 1326 1533; x_wconf 85' lang='lat' dir='ltr'><strong>templi</strong></span> <span class='ocrx_word' id='word_1_88' title='bbox 1364 1463 1679 1527; x_wconf 87' lang='lat' dir='ltr'><strong>conditore,</strong></span> <span class='ocrx_word' id='word_1_89' title='bbox 1739 1478 1805 1516; x_wconf 92' lang='lat' dir='ltr'><strong>ea</strong></span> <span class='ocrx_word' id='word_1_90' title='bbox 1842 1461 2137 1515; x_wconf 89' lang='lat' dir='ltr'><strong>occasione</strong></span> 
     </span>
    </p>
   </div>
   <div class='ocr_carea' id='block_1_14' title="bbox 439 1545 2139 1625">
    <p class='ocr_par' dir='ltr' id='par_1_14' title="bbox 439 1545 2139 1625">
     <span class='ocr_line' id='line_1_14' title="bbox 439 1545 2139 1625; baseline -0.008 -17"><span class='ocrx_word' id='word_1_91' title='bbox 439 1569 615 1625; x_wconf 89' lang='lat' dir='ltr'><strong>quam</strong></span> <span class='ocrx_word' id='word_1_92' title='bbox 673 1550 1030 1605; x_wconf 87' lang='lat' dir='ltr'><strong>notissimam</strong></span> <span class='ocrx_word' id='word_1_93' title='bbox 1077 1547 1355 1601; x_wconf 83' lang='lat' dir='ltr'><strong>existimo.</strong></span> <span class='ocrx_word' id='word_1_94' title='bbox 1414 1547 1479 1599; x_wconf 90' lang='lat' dir='ltr'><strong>In</strong></span> <span class='ocrx_word' id='word_1_95' title='bbox 1511 1561 1577 1599; x_wconf 92' lang='lat' dir='ltr'><strong>eo</strong></span> <span class='ocrx_word' id='word_1_96' title='bbox 1616 1545 1861 1598; x_wconf 85' lang='lat' dir='ltr'><strong>sacrario</strong></span> <span class='ocrx_word' id='word_1_97' title='bbox 1914 1560 2139 1614; x_wconf 84' lang='lat' dir='ltr'><strong>repere-</strong></span> 
     </span>
    </p>
   </div>
   <div class='ocr_carea' id='block_1_15' title="bbox 435 1632 2139 1703">
    <p class='ocr_par' dir='ltr' id='par_1_15' title="bbox 435 1632 2139 1703">
     <span class='ocr_line' id='line_1_15' title="bbox 435 1632 2139 1703; baseline -0.008 -5"><span class='ocrx_word' id='word_1_98' title='bbox 435 1647 575 1698; x_wconf 85' lang='lat' dir='ltr'><strong>runt</strong></span> <span class='ocrx_word' id='word_1_99' title='bbox 632 1644 824 1695; x_wconf 88' lang='lat' dir='ltr'><strong>ternas</strong></span> <span class='ocrx_word' id='word_1_100' title='bbox 871 1653 1157 1692; x_wconf 88' lang='lat' dir='ltr'><strong>sacrarum</strong></span> <span class='ocrx_word' id='word_1_101' title='bbox 1189 1636 1245 1690; x_wconf 89' lang='lat' dir='ltr'><strong>S.</strong></span> <span class='ocrx_word' id='word_1_102' title='bbox 1302 1634 1527 1690; x_wconf 84' lang='lat' dir='ltr'><strong>Henriei</strong></span> <span class='ocrx_word' id='word_1_103' title='bbox 1575 1634 1907 1688; x_wconf 83' lang='lat' dir='ltr'><strong>exuviarum</strong></span> <span class='ocrx_word' id='word_1_104' title='bbox 1960 1632 2139 1703; x_wconf 85' lang='lat' dir='ltr'><strong>parti-</strong></span> 
     </span>
    </p>
   </div>
   <div class='ocr_carea' id='block_1_16' title="bbox 438 1723 2137 1797">
    <p class='ocr_par' dir='ltr' id='par_1_16' title="bbox 438 1723 2137 1797">
     <span class='ocr_line' id='line_1_16' title="bbox 438 1723 2137 1797; baseline -0.006 -12"><span class='ocrx_word' id='word_1_105' title='bbox 438 1734 614 1797; x_wconf 90' lang='lat' dir='ltr'><strong>culas,</strong></span> <span class='ocrx_word' id='word_1_106' title='bbox 642 1728 894 1784; x_wconf 88' lang='lat' dir='ltr'><strong>minores</strong></span> <span class='ocrx_word' id='word_1_107' title='bbox 951 1727 1090 1781; x_wconf 90' lang='lat' dir='ltr'><strong>duas</strong></span> <span class='ocrx_word' id='word_1_108' title='bbox 1121 1724 1246 1777; x_wconf 84' lang='lat' dir='ltr'><strong>aliis</strong></span> <span class='ocrx_word' id='word_1_109' title='bbox 1288 1723 1642 1793; x_wconf 87' lang='lat' dir='ltr'><strong>eonjunctas,</strong></span> <span class='ocrx_word' id='word_1_110' title='bbox 1690 1727 1913 1793; x_wconf 91' lang='lat' dir='ltr'><strong>partem</strong></span> <span class='ocrx_word' id='word_1_111' title='bbox 1966 1738 2137 1792; x_wconf 88' lang='lat' dir='ltr'><strong>porro</strong></span> 
     </span>
    </p>
   </div>
   <div class='ocr_carea' id='block_1_17' title="bbox 440 1811 2135 1889">
    <p class='ocr_par' dir='ltr' id='par_1_17' title="bbox 440 1811 2135 1889">
     <span class='ocr_line' id='line_1_17' title="bbox 440 1811 2135 1889; baseline -0.006 -15"><span class='ocrx_word' id='word_1_112' title='bbox 440 1819 720 1889; x_wconf 86' lang='lat' dir='ltr'><strong>majorem</strong></span> <span class='ocrx_word' id='word_1_113' title='bbox 767 1817 892 1886; x_wconf 87' lang='lat' dir='ltr'><strong>ejus</strong></span> <span class='ocrx_word' id='word_1_114' title='bbox 934 1814 1119 1886; x_wconf 87' lang='lat' dir='ltr'><strong>pellis,</strong></span> <span class='ocrx_word' id='word_1_115' title='bbox 1146 1812 1213 1867; x_wconf 90' lang='lat' dir='ltr'><strong>ad</strong></span> <span class='ocrx_word' id='word_1_116' title='bbox 1246 1812 1453 1883; x_wconf 77' lang='lat' dir='ltr'><strong>digitos</strong></span> <span class='ocrx_word' id='word_1_117' title='bbox 1488 1816 1737 1882; x_wconf 87' lang='lat' dir='ltr'><strong>quatuor</strong></span> <span class='ocrx_word' id='word_1_118' title='bbox 1764 1811 1824 1864; x_wconf 91' lang='lat' dir='ltr'><strong>in</strong></span> <span class='ocrx_word' id='word_1_119' title='bbox 1872 1811 2135 1880; x_wconf 89' lang='lat' dir='ltr'><strong>longum,</strong></span> 
     </span>
    </p>
   </div>
   <div class='ocr_carea' id='block_1_18' title="bbox 443 1899 2134 1976">
    <p class='ocr_par' dir='ltr' id='par_1_18' title="bbox 443 1899 2134 1976">
     <span class='ocr_line' id='line_1_18' title="bbox 443 1899 2134 1976; baseline -0.007 -13"><span class='ocrx_word' id='word_1_120' title='bbox 443 1908 586 1963; x_wconf 89' lang='lat' dir='ltr'><strong>duos</strong></span> <span class='ocrx_word' id='word_1_121' title='bbox 616 1906 677 1961; x_wconf 93' lang='lat' dir='ltr'><strong>in</strong></span> <span class='ocrx_word' id='word_1_122' title='bbox 727 1906 954 1976; x_wconf 91' lang='lat' dir='ltr'><strong>largum</strong></span> <span class='ocrx_word' id='word_1_123' title='bbox 1001 1907 1335 1967; x_wconf 84' lang='lat' dir='ltr'><strong>extensam;</strong></span> <span class='ocrx_word' id='word_1_124' title='bbox 1389 1916 1518 1971; x_wconf 66' lang='lat' dir='ltr'><strong>quae</strong></span> <span class='ocrx_word' id='word_1_125' title='bbox 1563 1899 1715 1953; x_wconf 90' lang='lat' dir='ltr'><strong>unde</strong></span> <span class='ocrx_word' id='word_1_126' title='bbox 1774 1916 1841 1953; x_wconf 92' lang='lat' dir='ltr'><strong>eo</strong></span> <span class='ocrx_word' id='word_1_127' title='bbox 1881 1915 2134 1976; x_wconf 73' lang='lat' dir='ltr'><strong>accesse-</strong></span> 
     </span>
    </p>
   </div>
   <div class='ocr_carea' id='block_1_19' title="bbox 442 1987 2135 2065">
    <p class='ocr_par' dir='ltr' id='par_1_19' title="bbox 442 1987 2135 2065">
     <span class='ocr_line' id='line_1_19' title="bbox 442 1987 2135 2065; baseline -0.007 -15"><span class='ocrx_word' id='word_1_128' title='bbox 442 1996 578 2063; x_wconf 89' lang='lat' dir='ltr'><strong>rint,</strong></span> <span class='ocrx_word' id='word_1_129' title='bbox 611 1994 673 2048; x_wconf 93' lang='lat' dir='ltr'><strong>in</strong></span> <span class='ocrx_word' id='word_1_130' title='bbox 704 1994 828 2065; x_wconf 91' lang='lat' dir='ltr'><strong>ipso</strong></span> <span class='ocrx_word' id='word_1_131' title='bbox 860 1988 1284 2061; x_wconf 89' lang='lat' dir='ltr'><strong>Lipsanologio,</strong></span> <span class='ocrx_word' id='word_1_132' title='bbox 1312 2004 1409 2041; x_wconf 89' lang='lat' dir='ltr'><strong>seu</strong></span> <span class='ocrx_word' id='word_1_133' title='bbox 1443 1987 1819 2058; x_wconf 87' lang='lat' dir='ltr'><strong>reliquiarum</strong></span> <span class='ocrx_word' id='word_1_134' title='bbox 1854 1988 2135 2056; x_wconf 84' lang='lat' dir='ltr'><strong>catalogo,</strong></span> 
     </span>
    </p>
   </div>
   <div class='ocr_carea' id='block_1_20' title="bbox 441 2076 2138 2146">
    <p class='ocr_par' dir='ltr' id='par_1_20' title="bbox 441 2076 2138 2146">
     <span class='ocr_line' id='line_1_20' title="bbox 441 2076 2138 2146; baseline -0.005 -8"><span class='ocrx_word' id='word_1_135' title='bbox 441 2083 718 2139; x_wconf 86' lang='lat' dir='ltr'><strong>traditum</strong></span> <span class='ocrx_word' id='word_1_136' title='bbox 751 2096 869 2135; x_wconf 89' lang='lat' dir='ltr'><strong>non</strong></span> <span class='ocrx_word' id='word_1_137' title='bbox 916 2083 1019 2134; x_wconf 85' lang='lat' dir='ltr'><strong>est.</strong></span> <span class='ocrx_word' id='word_1_138' title='bbox 1054 2077 1274 2132; x_wconf 85' lang='lat' dir='ltr'><strong>Monuit</strong></span> <span class='ocrx_word' id='word_1_139' title='bbox 1303 2093 1394 2131; x_wconf 91' lang='lat' dir='ltr'><strong>me</strong></span> <span class='ocrx_word' id='word_1_140' title='bbox 1431 2076 1603 2130; x_wconf 90' lang='lat' dir='ltr'><strong>etiam</strong></span> <span class='ocrx_word' id='word_1_141' title='bbox 1653 2076 1912 2130; x_wconf 88' lang='lat' dir='ltr'><strong>laudatus</strong></span> <span class='ocrx_word' id='word_1_142' title='bbox 1956 2076 2138 2146; x_wconf 89' lang='lat' dir='ltr'><strong>Eppe-</strong></span> 
     </span>
    </p>
   </div>
   <div class='ocr_carea' id='block_1_21' title="bbox 445 2164 2140 2239">
    <p class='ocr_par' dir='ltr' id='par_1_21' title="bbox 445 2164 2140 2239">
     <span class='ocr_line' id='line_1_21' title="bbox 445 2164 2140 2239; baseline -0.006 -11"><span class='ocrx_word' id='word_1_143' title='bbox 445 2188 648 2238; x_wconf 88' lang='lat' dir='ltr'><strong>nauer,</strong></span> <span class='ocrx_word' id='word_1_144' title='bbox 704 2170 808 2224; x_wconf 90' lang='lat' dir='ltr'><strong>sub</strong></span> <span class='ocrx_word' id='word_1_145' title='bbox 870 2167 1151 2239; x_wconf 86' lang='lat' dir='ltr'><strong>regimine</strong></span> <span class='ocrx_word' id='word_1_146' title='bbox 1200 2164 1675 2220; x_wconf 87' lang='lat' dir='ltr'><strong>Reverendissimi</strong></span> <span class='ocrx_word' id='word_1_147' title='bbox 1727 2170 1783 2218; x_wconf 90' lang='lat' dir='ltr'><strong>et</strong></span> <span class='ocrx_word' id='word_1_148' title='bbox 1830 2164 2140 2222; x_wconf 88' lang='lat' dir='ltr'><strong>Celsissimi</strong></span> 
     </span>
    </p>
   </div>
   <div class='ocr_carea' id='block_1_22' title="bbox 441 2252 2137 2333">
    <p class='ocr_par' dir='ltr' id='par_1_22' title="bbox 441 2252 2137 2333">
     <span class='ocr_line' id='line_1_22' title="bbox 441 2252 2137 2333; baseline -0.006 -17"><span class='ocrx_word' id='word_1_149' title='bbox 441 2259 720 2333; x_wconf 86' lang='lat' dir='ltr'><strong>principis</strong></span> <span class='ocrx_word' id='word_1_150' title='bbox 773 2256 925 2311; x_wconf 90' lang='lat' dir='ltr'><strong>Petri</strong></span> <span class='ocrx_word' id='word_1_151' title='bbox 960 2252 1286 2326; x_wconf 55' lang='lat' dir='ltr'><strong>Philippi&#39;a</strong></span> <span class='ocrx_word' id='word_1_152' title='bbox 1333 2253 1625 2308; x_wconf 82' lang='lat' dir='ltr'><strong>Dernbacli</strong></span> <span class='ocrx_word' id='word_1_153' title='bbox 1676 2254 1927 2324; x_wconf 80' lang='lat' dir='ltr'><strong>episcOpi</strong></span> <span class='ocrx_word' id='word_1_154' title='bbox 1974 2254 2137 2307; x_wconf 87' lang='lat' dir='ltr'><strong>Bam-</strong></span> 
     </span>
    </p>
   </div>
   <div class='ocr_carea' id='block_1_23' title="bbox 443 2342 2137 2420">
    <p class='ocr_par' dir='ltr' id='par_1_23' title="bbox 443 2342 2137 2420">
     <span class='ocr_line' id='line_1_23' title="bbox 443 2342 2137 2420; baseline -0.006 -16"><span class='ocrx_word' id='word_1_155' title='bbox 443 2348 758 2420; x_wconf 90' lang='lat' dir='ltr'><strong>bergensis,</strong></span> <span class='ocrx_word' id='word_1_156' title='bbox 791 2346 940 2400; x_wconf 90' lang='lat' dir='ltr'><strong>intra</strong></span> <span class='ocrx_word' id='word_1_157' title='bbox 965 2360 1182 2398; x_wconf 89' lang='lat' dir='ltr'><strong>annum</strong></span> <span class='ocrx_word' id='word_1_158' title='bbox 1228 2346 1361 2397; x_wconf 75' lang='lat'><strong>1672</strong></span> <span class='ocrx_word' id='word_1_159' title='bbox 1394 2346 1450 2397; x_wconf 89' lang='lat' dir='ltr'><strong>et</strong></span> <span class='ocrx_word' id='word_1_160' title='bbox 1484 2345 1639 2408; x_wconf 81' lang='grc'><strong>1683,</strong></span> <span class='ocrx_word' id='word_1_161' title='bbox 1693 2342 1761 2395; x_wconf 91' lang='lat' dir='ltr'><strong>ad</strong></span> <span class='ocrx_word' id='word_1_162' title='bbox 1805 2342 2137 2413; x_wconf 88' lang='lat' dir='ltr'><strong>petitionem</strong></span> 
     </span>
    </p>
   </div>
   <div class='ocr_carea' id='block_1_24' title="bbox 448 2430 2141 2508">
    <p class='ocr_par' dir='ltr' id='par_1_24' title="bbox 448 2430 2141 2508">
     <span class='ocr_line' id='line_1_24' title="bbox 448 2430 2141 2508; baseline -0.006 -16"><span class='ocrx_word' id='word_1_163' title='bbox 448 2438 645 2508; x_wconf 87' lang='lat' dir='ltr'><strong>magni</strong></span> <span class='ocrx_word' id='word_1_164' title='bbox 675 2436 833 2490; x_wconf 89' lang='lat' dir='ltr'><strong>ducis</strong></span> <span class='ocrx_word' id='word_1_165' title='bbox 878 2434 1140 2500; x_wconf 59' lang='lat' dir='ltr'><strong>Etruriae,</strong></span> <span class='ocrx_word' id='word_1_166' title='bbox 1173 2432 1446 2503; x_wconf 84' lang='lat' dir='ltr'><strong>quasdam</strong></span> <span class='ocrx_word' id='word_1_167' title='bbox 1495 2431 1548 2485; x_wconf 86' lang='lat' dir='ltr'><strong>S.</strong></span> <span class='ocrx_word' id='word_1_168' title='bbox 1594 2430 1819 2484; x_wconf 84' lang='lat' dir='ltr'><strong>Renrici</strong></span> <span class='ocrx_word' id='word_1_169' title='bbox 1869 2431 2141 2501; x_wconf 86' lang='lat' dir='ltr'><strong>reliquias</strong></span> 
     </span>
    </p>
   </div>
   <div class='ocr_carea' id='block_1_25' title="bbox 447 2518 2140 2587">
    <p class='ocr_par' dir='ltr' id='par_1_25' title="bbox 447 2518 2140 2587">
     <span class='ocr_line' id='line_1_25' title="bbox 447 2518 2140 2587; baseline -0.006 -6"><span class='ocrx_word' id='word_1_170' title='bbox 447 2524 794 2582; x_wconf 85' lang='lat' dir='ltr'><strong>Florentiam</strong></span> <span class='ocrx_word' id='word_1_171' title='bbox 839 2522 1146 2576; x_wconf 89' lang='lat' dir='ltr'><strong>destinatas</strong></span> <span class='ocrx_word' id='word_1_172' title='bbox 1198 2536 1335 2586; x_wconf 89' lang='lat' dir='ltr'><strong>esse,</strong></span> <span class='ocrx_word' id='word_1_173' title='bbox 1368 2524 1455 2573; x_wconf 86' lang='lat' dir='ltr'><strong>ast</strong></span> <span class='ocrx_word' id='word_1_174' title='bbox 1510 2518 1609 2572; x_wconf 89' lang='lat' dir='ltr'><strong>ubi</strong></span> <span class='ocrx_word' id='word_1_175' title='bbox 1639 2534 1720 2571; x_wconf 63' lang='lat' dir='ltr'><strong>ea:</strong></span> <span class='ocrx_word' id='word_1_176' title='bbox 1769 2519 1941 2571; x_wconf 92' lang='lat' dir='ltr'><strong>modo</strong></span> <span class='ocrx_word' id='word_1_177' title='bbox 1971 2533 2140 2587; x_wconf 87' lang='lat' dir='ltr'><strong>expo-</strong></span> 
     </span>
    </p>
   </div>
   <div class='ocr_carea' id='block_1_26' title="bbox 446 2605 2139 2679">
    <p class='ocr_par' dir='ltr' id='par_1_26' title="bbox 446 2605 2139 2679">
     <span class='ocr_line' id='line_1_26' title="bbox 446 2605 2139 2679; baseline -0.006 -12"><span class='ocrx_word' id='word_1_178' title='bbox 446 2614 569 2667; x_wconf 69' lang='lat' dir='ltr'><strong>sitae</strong></span> <span class='ocrx_word' id='word_1_179' title='bbox 590 2612 725 2676; x_wconf 89' lang='lat' dir='ltr'><strong>sint,</strong></span> <span class='ocrx_word' id='word_1_180' title='bbox 779 2613 880 2664; x_wconf 89' lang='lat' dir='ltr'><strong>aut</strong></span> <span class='ocrx_word' id='word_1_181' title='bbox 904 2625 1019 2679; x_wconf 89' lang='lat' dir='ltr'><strong>quo</strong></span> <span class='ocrx_word' id='word_1_182' title='bbox 1072 2608 1133 2661; x_wconf 88' lang='lat' dir='ltr'><strong>in</strong></span> <span class='ocrx_word' id='word_1_183' title='bbox 1165 2607 1384 2661; x_wconf 86' lang='lat' dir='ltr'><strong>honore</strong></span> <span class='ocrx_word' id='word_1_184' title='bbox 1414 2605 1753 2671; x_wconf 84' lang='lat' dir='ltr'><strong>habeantur,</strong></span> <span class='ocrx_word' id='word_1_185' title='bbox 1782 2611 2139 2674; x_wconf 88' lang='lat' dir='ltr'><strong>compertum</strong></span> 
     </span>
    </p>
   </div>
   <div class='ocr_carea' id='block_1_27' title="bbox 444 2699 793 2756">
    <p class='ocr_par' dir='ltr' id='par_1_27' title="bbox 444 2699 793 2756">
     <span class='ocr_line' id='line_1_27' title="bbox 444 2699 793 2756; baseline -0.011 0"><span class='ocrx_word' id='word_1_186' title='bbox 444 2717 561 2756; x_wconf 90' lang='lat' dir='ltr'><strong>non</strong></span> <span class='ocrx_word' id='word_1_187' title='bbox 590 2699 793 2754; x_wconf 84' lang='lat' dir='ltr'><strong>habeo.</strong></span> 
     </span>
    </p>
   </div>
   <div class='ocr_carea' id='block_1_28' title="bbox 515 2778 2142 2856">
    <p class='ocr_par' dir='ltr' id='par_1_28' title="bbox 515 2778 2142 2856">
     <span class='ocr_line' id='line_1_28' title="bbox 515 2778 2142 2856; baseline -0.007 -13"><span class='ocrx_word' id='word_1_188' title='bbox 515 2790 603 2843; x_wconf 85' lang='grc'><strong>46.</strong></span> <span class='ocrx_word' id='word_1_189' title='bbox 637 2785 977 2856; x_wconf 89' lang='lat' dir='ltr'><strong>Longiorem</strong></span> <span class='ocrx_word' id='word_1_190' title='bbox 1025 2800 1098 2837; x_wconf 90' lang='lat' dir='ltr'><strong>ne</strong></span> <span class='ocrx_word' id='word_1_191' title='bbox 1133 2783 1256 2837; x_wconf 89' lang='lat' dir='ltr'><strong>aliis</strong></span> <span class='ocrx_word' id='word_1_192' title='bbox 1284 2797 1745 2855; x_wconf 88' lang='lat' dir='ltr'><strong>quaquaversum</strong></span> <span class='ocrx_word' id='word_1_193' title='bbox 1794 2778 2142 2835; x_wconf 86' lang='lat' dir='ltr'><strong>transmissis</strong></span> 
     </span>
    </p>
   </div>
   <div class='ocr_carea' id='block_1_29' title="bbox 445 2868 2140 2947">
    <p class='ocr_par' dir='ltr' id='par_1_29' title="bbox 445 2868 2140 2947">
     <span class='ocr_line' id='line_1_29' title="bbox 445 2868 2140 2947; baseline -0.006 -15"><span class='ocrx_word' id='word_1_194' title='bbox 445 2875 619 2932; x_wconf 91' lang='lat' dir='ltr'><strong>sacris</strong></span> <span class='ocrx_word' id='word_1_195' title='bbox 671 2874 1009 2947; x_wconf 90' lang='lat' dir='ltr'><strong>pignoribus</strong></span> <span class='ocrx_word' id='word_1_196' title='bbox 1043 2871 1502 2943; x_wconf 88' lang='lat' dir='ltr'><strong>disquisitionem</strong></span> <span class='ocrx_word' id='word_1_197' title='bbox 1541 2870 1633 2924; x_wconf 90' lang='lat' dir='ltr'><strong>hic</strong></span> <span class='ocrx_word' id='word_1_198' title='bbox 1664 2885 1782 2923; x_wconf 90' lang='lat' dir='ltr'><strong>non</strong></span> <span class='ocrx_word' id='word_1_199' title='bbox 1814 2868 2140 2936; x_wconf 88' lang='lat' dir='ltr'><strong>instituam;</strong></span> 
     </span>
    </p>
   </div>
   <div class='ocr_carea' id='block_1_30' title="bbox 443 2956 2141 3037">
    <p class='ocr_par' dir='ltr' id='par_1_30' title="bbox 443 2956 2141 3037">
     <span class='ocr_line' id='line_1_30' title="bbox 443 2956 2141 3037; baseline -0.008 -16"><span class='ocrx_word' id='word_1_200' title='bbox 443 2970 503 3021; x_wconf 89' lang='lat' dir='ltr'><strong>at</strong></span> <span class='ocrx_word' id='word_1_201' title='bbox 530 2964 813 3037; x_wconf 62' lang='lat' dir='ltr'><strong>praeteriri</strong></span> <span class='ocrx_word' id='word_1_202' title='bbox 843 2979 961 3017; x_wconf 92' lang='lat' dir='ltr'><strong>non</strong></span> <span class='ocrx_word' id='word_1_203' title='bbox 1008 2966 1198 3032; x_wconf 90' lang='lat' dir='ltr'><strong>potest</strong></span> <span class='ocrx_word' id='word_1_204' title='bbox 1248 2959 1545 3014; x_wconf 89' lang='lat' dir='ltr'><strong>Societatis</strong></span> <span class='ocrx_word' id='word_1_205' title='bbox 1572 2964 1783 3012; x_wconf 66' lang='lat' dir='ltr'><strong>nostrae</strong></span> <span class='ocrx_word' id='word_1_206' title='bbox 1813 2957 1874 3011; x_wconf 90' lang='lat' dir='ltr'><strong>in</strong></span> <span class='ocrx_word' id='word_1_207' title='bbox 1904 2956 2141 3011; x_wconf 89' lang='lat' dir='ltr'><strong>sanctis-</strong></span> 
     </span>
    </p>
   </div>
   <div class='ocr_carea' id='block_1_31' title="bbox 2247 578 3956 650">
    <p class='ocr_par' dir='ltr' id='par_1_31' title="bbox 2247 578 3956 650">
     <span class='ocr_line' id='line_1_31' title="bbox 2247 578 3956 650; baseline -0.001 -18"><span class='ocrx_word' id='word_1_208' title='bbox 2247 578 2453 650; x_wconf 88' lang='lat' dir='ltr'><strong>quisivi</strong></span> <span class='ocrx_word' id='word_1_209' title='bbox 2484 595 2619 632; x_wconf 91' lang='lat' dir='ltr'><strong>num</strong></span> <span class='ocrx_word' id='word_1_210' title='bbox 2652 578 2800 632; x_wconf 86' lang='lat' dir='ltr'><strong>forte</strong></span> <span class='ocrx_word' id='word_1_211' title='bbox 2857 578 3073 650; x_wconf 88' lang='lat' dir='ltr'><strong>aliquid</strong></span> <span class='ocrx_word' id='word_1_212' title='bbox 3133 578 3290 633; x_wconf 90' lang='lat' dir='ltr'><strong>illius</strong></span> <span class='ocrx_word' id='word_1_213' title='bbox 3349 579 3539 633; x_wconf 88' lang='lat' dir='ltr'><strong>Sancti</strong></span> <span class='ocrx_word' id='word_1_214' title='bbox 3585 579 3649 634; x_wconf 89' lang='lat' dir='ltr'><strong>in</strong></span> <span class='ocrx_word' id='word_1_215' title='bbox 3705 579 3841 634; x_wconf 90' lang='lat' dir='ltr'><strong>aliis</strong></span> <span class='ocrx_word' id='word_1_216' title='bbox 3875 595 3956 632; x_wconf 69' lang='lat' dir='ltr'><strong>eo</strong></span> 
     </span>
    </p>
   </div>
   <div class='ocr_carea' id='block_1_32' title="bbox 2243 666 3956 738">
    <p class='ocr_par' dir='ltr' id='par_1_32' title="bbox 2243 666 3956 738">
     <span class='ocr_line' id='line_1_32' title="bbox 2243 666 3956 738; baseline -0.001 -17"><span class='ocrx_word' id='word_1_217' title='bbox 2243 667 2428 721; x_wconf 90' lang='lat' dir='ltr'><strong>clesiis</strong></span> <span class='ocrx_word' id='word_1_218' title='bbox 2458 666 2807 737; x_wconf 86' lang='lat' dir='ltr'><strong>reperiretur</strong></span> <span class='ocrx_word' id='word_1_219' title='bbox 2840 684 2853 735; x_wconf 89' lang='lat'><strong>;</strong></span> <span class='ocrx_word' id='word_1_220' title='bbox 2891 684 2957 721; x_wconf 93' lang='lat' dir='ltr'><strong>ac</strong></span> <span class='ocrx_word' id='word_1_221' title='bbox 3009 667 3368 737; x_wconf 85' lang='lat' dir='ltr'><strong>deprehendi</strong></span> <span class='ocrx_word' id='word_1_222' title='bbox 3415 668 3649 723; x_wconf 90' lang='lat' dir='ltr'><strong>tandem</strong></span> <span class='ocrx_word' id='word_1_223' title='bbox 3682 668 3780 722; x_wconf 87' lang='lat' dir='ltr'><strong>hic</strong></span> <span class='ocrx_word' id='word_1_224' title='bbox 3814 684 3956 738; x_wconf 70' lang='lat' dir='ltr'><strong>aput</strong></span> 
     </span>
    </p>
   </div>
   <div class='ocr_carea' id='block_1_33' title="bbox 2249 754 3948 827">
    <p class='ocr_par' dir='ltr' id='par_1_33' title="bbox 2249 754 3948 827">
     <span class='ocr_line' id='line_1_33' title="bbox 2249 754 3948 827; baseline -0.002 -17"><span class='ocrx_word' id='word_1_225' title='bbox 2249 757 2441 810; x_wconf 85' lang='lat' dir='ltr'><strong>Patres</strong></span> <span class='ocrx_word' id='word_1_226' title='bbox 2513 756 2913 810; x_wconf 87' lang='lat' dir='ltr'><strong>Franciscanos</strong></span> <span class='ocrx_word' id='word_1_227' title='bbox 2960 754 3350 827; x_wconf 81' lang='lat' dir='ltr'><strong>fragmentum</strong></span> <span class='ocrx_word' id='word_1_228' title='bbox 3412 757 3483 810; x_wconf 89' lang='lat' dir='ltr'><strong>de</strong></span> <span class='ocrx_word' id='word_1_229' title='bbox 3546 773 3674 811; x_wconf 90' lang='lat' dir='ltr'><strong>osse</strong></span> <span class='ocrx_word' id='word_1_230' title='bbox 3722 756 3948 810; x_wconf 78' lang='lat' dir='ltr'><strong>femori</strong></span> 
     </span>
    </p>
   </div>
   <div class='ocr_carea' id='block_1_34' title="bbox 2244 844 3945 916">
    <p class='ocr_par' dir='ltr' id='par_1_34' title="bbox 2244 844 3945 916">
     <span class='ocr_line' id='line_1_34' title="bbox 2244 844 3945 916; baseline 0 -19"><span class='ocrx_word' id='word_1_231' title='bbox 2244 844 2505 916; x_wconf 70' lang='lat' dir='ltr'><strong>przedicti</strong></span> <span class='ocrx_word' id='word_1_232' title='bbox 2534 844 2711 898; x_wconf 89' lang='lat' dir='ltr'><strong>sancti</strong></span> <span class='ocrx_word' id='word_1_233' title='bbox 2734 844 2963 899; x_wconf 87' lang='lat' dir='ltr'><strong>Patroni</strong></span> <span class='ocrx_word' id='word_1_234' title='bbox 2992 845 3129 914; x_wconf 90' lang='lat' dir='ltr'><strong>mei,</strong></span> <span class='ocrx_word' id='word_1_235' title='bbox 3191 846 3263 900; x_wconf 91' lang='lat' dir='ltr'><strong>ab</strong></span> <span class='ocrx_word' id='word_1_236' title='bbox 3293 846 3511 916; x_wconf 87' lang='lat' dir='ltr'><strong>aliquot</strong></span> <span class='ocrx_word' id='word_1_237' title='bbox 3536 845 3801 900; x_wconf 82' lang='lat' dir='ltr'><strong>centenis</strong></span> <span class='ocrx_word' id='word_1_238' title='bbox 3864 861 3945 898; x_wconf 87' lang='lat' dir='ltr'><strong>an</strong></span> 
     </span>
    </p>
   </div>
   <div class='ocr_carea' id='block_1_35' title="bbox 2245 932 3950 987">
    <p class='ocr_par' dir='ltr' id='par_1_35' title="bbox 2245 932 3950 987">
     <span class='ocr_line' id='line_1_35' title="bbox 2245 932 3950 987; baseline 0 -2"><span class='ocrx_word' id='word_1_239' title='bbox 2245 932 2333 985; x_wconf 92' lang='lat' dir='ltr'><strong>nis</strong></span> <span class='ocrx_word' id='word_1_240' title='bbox 2362 948 2587 985; x_wconf 89' lang='lat' dir='ltr'><strong>summa</strong></span> <span class='ocrx_word' id='word_1_241' title='bbox 2628 948 2756 985; x_wconf 89' lang='lat' dir='ltr'><strong>cum</strong></span> <span class='ocrx_word' id='word_1_242' title='bbox 2785 933 3151 986; x_wconf 85' lang='lat' dir='ltr'><strong>veneratione</strong></span> <span class='ocrx_word' id='word_1_243' title='bbox 3173 932 3233 986; x_wconf 90' lang='lat' dir='ltr'><strong>in</strong></span> <span class='ocrx_word' id='word_1_244' title='bbox 3265 949 3465 987; x_wconf 91' lang='lat' dir='ltr'><strong>eorum</strong></span> <span class='ocrx_word' id='word_1_245' title='bbox 3498 933 3743 987; x_wconf 88' lang='lat' dir='ltr'><strong>ecclesia</strong></span> <span class='ocrx_word' id='word_1_246' title='bbox 3771 948 3950 985; x_wconf 89' lang='lat' dir='ltr'><strong>asser</strong></span> 
     </span>
    </p>
   </div>
   <div class='ocr_carea' id='block_1_36' title="bbox 2248 1021 3956 1092">
    <p class='ocr_par' dir='ltr' id='par_1_36' title="bbox 2248 1021 3956 1092">
     <span class='ocr_line' id='line_1_36' title="bbox 2248 1021 3956 1092; baseline 0.002 -22"><span class='ocrx_word' id='word_1_247' title='bbox 2248 1026 2457 1083; x_wconf 79' lang='lat' dir='ltr'><strong>vatum,</strong></span> <span class='ocrx_word' id='word_1_248' title='bbox 2494 1022 2655 1090; x_wconf 89' lang='lat' dir='ltr'><strong>cujus</strong></span> <span class='ocrx_word' id='word_1_249' title='bbox 2684 1026 2903 1090; x_wconf 89' lang='lat' dir='ltr'><strong>partem</strong></span> <span class='ocrx_word' id='word_1_250' title='bbox 2957 1021 3167 1075; x_wconf 87' lang='lat' dir='ltr'><strong>bonam</strong></span> <span class='ocrx_word' id='word_1_251' title='bbox 3202 1021 3341 1075; x_wconf 87' lang='lat' dir='ltr'><strong>mihi</strong></span> <span class='ocrx_word' id='word_1_252' title='bbox 3374 1022 3589 1092; x_wconf 81' lang='lat' dir='ltr'><strong>petenti</strong></span> <span class='ocrx_word' id='word_1_253' title='bbox 3640 1022 3956 1075; x_wconf 85' lang='lat' dir='ltr'><strong>donarunt</strong></span> 
     </span>
    </p>
   </div>
   <div class='ocr_carea' id='block_1_37' title="bbox 2245 1109 3954 1181">
    <p class='ocr_par' dir='ltr' id='par_1_37' title="bbox 2245 1109 3954 1181">
     <span class='ocr_line' id='line_1_37' title="bbox 2245 1109 3954 1181; baseline -0.001 -18"><span class='ocrx_word' id='word_1_254' title='bbox 2245 1126 2417 1181; x_wconf 90' lang='lat' dir='ltr'><strong>quam</strong></span> <span class='ocrx_word' id='word_1_255' title='bbox 2451 1109 2600 1163; x_wconf 89' lang='lat' dir='ltr'><strong>Patri</strong></span> <span class='ocrx_word' id='word_1_256' title='bbox 2632 1109 2970 1163; x_wconf 91' lang='lat' dir='ltr'><strong>Provinciali</strong></span> <span class='ocrx_word' id='word_1_257' title='bbox 3016 1109 3457 1180; x_wconf 86' lang='lat' dir='ltr'><strong>Capucinorum,</strong></span> <span class='ocrx_word' id='word_1_258' title='bbox 3518 1110 3642 1164; x_wconf 87' lang='lat' dir='ltr'><strong>aliis</strong></span> <span class='ocrx_word' id='word_1_259' title='bbox 3673 1110 3747 1164; x_wconf 91' lang='lat' dir='ltr'><strong>de</strong></span> <span class='ocrx_word' id='word_1_260' title='bbox 3773 1111 3954 1164; x_wconf 83' lang='lat' dir='ltr'><strong>causi</strong></span> 
     </span>
    </p>
   </div>
   <div class='ocr_carea' id='block_1_38' title="bbox 2246 1197 3955 1263">
    <p class='ocr_par' dir='ltr' id='par_1_38' title="bbox 2246 1197 3955 1263">
     <span class='ocr_line' id='line_1_38' title="bbox 2246 1197 3955 1263; baseline -0.001 -11"><span class='ocrx_word' id='word_1_261' title='bbox 2246 1216 2313 1252; x_wconf 92' lang='lat' dir='ltr'><strong>eo</strong></span> <span class='ocrx_word' id='word_1_262' title='bbox 2347 1197 2603 1263; x_wconf 91' lang='lat' dir='ltr'><strong>abeunti,</strong></span> <span class='ocrx_word' id='word_1_263' title='bbox 2670 1197 2976 1251; x_wconf 88' lang='lat' dir='ltr'><strong>Serenitati</strong></span> <span class='ocrx_word' id='word_1_264' title='bbox 3023 1203 3225 1251; x_wconf 66' lang='lat' dir='ltr'><strong>vestrae</strong></span> <span class='ocrx_word' id='word_1_265' title='bbox 3281 1197 3643 1253; x_wconf 76' lang='lat' dir='ltr'><strong>offerendum</strong></span> <span class='ocrx_word' id='word_1_266' title='bbox 3710 1198 3955 1253; x_wconf 87' lang='lat' dir='ltr'><strong>tradidi</strong></span> 
     </span>
    </p>
   </div>
   <div class='ocr_carea' id='block_1_39' title="bbox 2246 1286 3955 1358">
    <p class='ocr_par' dir='ltr' id='par_1_39' title="bbox 2246 1286 3955 1358">
     <span class='ocr_line' id='line_1_39' title="bbox 2246 1286 3955 1358; baseline -0.002 -17"><span class='ocrx_word' id='word_1_267' title='bbox 2246 1293 2419 1358; x_wconf 89' lang='lat' dir='ltr'><strong>atque</strong></span> <span class='ocrx_word' id='word_1_268' title='bbox 2448 1287 2629 1340; x_wconf 84' lang='lat' dir='ltr'><strong>amice</strong></span> <span class='ocrx_word' id='word_1_269' title='bbox 2670 1303 2808 1357; x_wconf 87' lang='lat' dir='ltr'><strong>rogo</strong></span> <span class='ocrx_word' id='word_1_270' title='bbox 2868 1286 3246 1340; x_wconf 85' lang='lat' dir='ltr'><strong>Serenitatem</strong></span> <span class='ocrx_word' id='word_1_271' title='bbox 3292 1287 3573 1352; x_wconf 70' lang='lat' dir='ltr'><strong>Vestram,</strong></span> <span class='ocrx_word' id='word_1_272' title='bbox 3634 1302 3767 1341; x_wconf 88' lang='lat' dir='ltr'><strong>eam</strong></span> <span class='ocrx_word' id='word_1_273' title='bbox 3834 1287 3955 1340; x_wconf 82' lang='lat' dir='ltr'><strong>bon</strong></span> 
     </span>
    </p>
   </div>
   <div class='ocr_carea' id='block_1_40' title="bbox 2247 1375 3956 1444">
    <p class='ocr_par' dir='ltr' id='par_1_40' title="bbox 2247 1375 3956 1444">
     <span class='ocr_line' id='line_1_40' title="bbox 2247 1375 3956 1444; baseline 0 -15"><span class='ocrx_word' id='word_1_274' title='bbox 2247 1380 2309 1429; x_wconf 91' lang='lat' dir='ltr'><strong>ut</strong></span> <span class='ocrx_word' id='word_1_275' title='bbox 2335 1375 2612 1440; x_wconf 87' lang='lat' dir='ltr'><strong>consulat,</strong></span> <span class='ocrx_word' id='word_1_276' title='bbox 2665 1390 2871 1444; x_wconf 89' lang='lat' dir='ltr'><strong>meque</strong></span> <span class='ocrx_word' id='word_1_277' title='bbox 2920 1379 2978 1428; x_wconf 89' lang='lat' dir='ltr'><strong>et</strong></span> <span class='ocrx_word' id='word_1_278' title='bbox 3017 1375 3214 1429; x_wconf 90' lang='lat' dir='ltr'><strong>ambas</strong></span> <span class='ocrx_word' id='word_1_279' title='bbox 3243 1390 3403 1429; x_wconf 89' lang='lat' dir='ltr'><strong>meas</strong></span> <span class='ocrx_word' id='word_1_280' title='bbox 3449 1376 3715 1430; x_wconf 88' lang='lat' dir='ltr'><strong>ecclesias</strong></span> <span class='ocrx_word' id='word_1_281' title='bbox 3765 1375 3956 1429; x_wconf 82' lang='lat' dir='ltr'><strong>cathe</strong></span> 
     </span>
    </p>
   </div>
   <div class='ocr_carea' id='block_1_41' title="bbox 2247 1462 3956 1534">
    <p class='ocr_par' dir='ltr' id='par_1_41' title="bbox 2247 1462 3956 1534">
     <span class='ocr_line' id='line_1_41' title="bbox 2247 1462 3956 1534; baseline -0.001 -17"><span class='ocrx_word' id='word_1_282' title='bbox 2247 1463 2434 1517; x_wconf 92' lang='lat' dir='ltr'><strong>drales</strong></span> <span class='ocrx_word' id='word_1_283' title='bbox 2459 1462 2658 1534; x_wconf 90' lang='lat' dir='ltr'><strong>quavis</strong></span> <span class='ocrx_word' id='word_1_284' title='bbox 2700 1463 2994 1517; x_wconf 87' lang='lat' dir='ltr'><strong>occasione</strong></span> <span class='ocrx_word' id='word_1_285' title='bbox 3049 1462 3475 1518; x_wconf 90' lang='lat' dir='ltr'><strong>commendatas</strong></span> <span class='ocrx_word' id='word_1_286' title='bbox 3504 1464 3719 1518; x_wconf 88' lang='lat' dir='ltr'><strong>habere</strong></span> <span class='ocrx_word' id='word_1_287' title='bbox 3756 1463 3956 1534; x_wconf 74' lang='lat' dir='ltr'><strong>digne</strong></span> 
     </span>
    </p>
   </div>
   <div class='ocr_carea' id='block_1_42' title="bbox 2246 1551 3956 1621">
    <p class='ocr_par' dir='ltr' id='par_1_42' title="bbox 2246 1551 3956 1621">
     <span class='ocr_line' id='line_1_42' title="bbox 2246 1551 3956 1621; baseline -0.001 -15"><span class='ocrx_word' id='word_1_288' title='bbox 2246 1556 2359 1606; x_wconf 91' lang='lat' dir='ltr'><strong>tur.</strong></span> <span class='ocrx_word' id='word_1_289' title='bbox 2398 1552 2749 1621; x_wconf 66' lang='lat' dir='ltr'><strong>Bambergaa,</strong></span> <span class='ocrx_word' id='word_1_290' title='bbox 2787 1568 2844 1605; x_wconf 84' lang='grc' dir='ltr'><strong>ιιι</strong></span> <span class='ocrx_word' id='word_1_291' title='bbox 2906 1551 3242 1606; x_wconf 87' lang='lat' dir='ltr'><strong>Novembris</strong></span> <span class='ocrx_word' id='word_1_292' title='bbox 3296 1566 3522 1607; x_wconf 76' lang='lat' dir='ltr'><strong>unchl.</strong></span> <span class='ocrx_word' id='word_1_293' title='bbox 3555 1553 3773 1607; x_wconf 63' lang='lat' dir='ltr'><strong>Vestra</strong></span> <span class='ocrx_word' id='word_1_294' title='bbox 3810 1551 3956 1606; x_wconf 76' lang='lat' dir='ltr'><strong>Sen</strong></span> 
     </span>
    </p>
   </div>
   <div class='ocr_carea' id='block_1_43' title="bbox 2245 1638 3956 1710">
    <p class='ocr_par' dir='ltr' id='par_1_43' title="bbox 2245 1638 3956 1710">
     <span class='ocr_line' id='line_1_43' title="bbox 2245 1638 3956 1710; baseline -0.001 -16"><span class='ocrx_word' id='word_1_295' title='bbox 2245 1639 2441 1694; x_wconf 90' lang='lat' dir='ltr'><strong>nitatis</strong></span> <span class='ocrx_word' id='word_1_296' title='bbox 2472 1638 2928 1692; x_wconf 78' lang='lat' dir='ltr'><strong>ofﬁciosissimus</strong></span> <span class='ocrx_word' id='word_1_297' title='bbox 2985 1642 3042 1693; x_wconf 89' lang='lat' dir='ltr'><strong>et</strong></span> <span class='ocrx_word' id='word_1_298' title='bbox 3076 1639 3651 1710; x_wconf 89' lang='lat' dir='ltr'><strong>obsequentissimus,</strong></span> <span class='ocrx_word' id='word_1_299' title='bbox 3692 1640 3956 1694; x_wconf 76' lang='lat' dir='ltr'><strong>Francis</strong></span> 
     </span>
    </p>
   </div>
   <div class='ocr_carea' id='block_1_44' title="bbox 2247 1726 3789 1797">
    <p class='ocr_par' dir='ltr' id='par_1_44' title="bbox 2247 1726 3789 1797">
     <span class='ocr_line' id='line_1_44' title="bbox 2247 1726 3789 1797; baseline -0.001 -16"><span class='ocrx_word' id='word_1_300' title='bbox 2247 1744 2347 1781; x_wconf 90' lang='lat' dir='ltr'><strong>cus</strong></span> <span class='ocrx_word' id='word_1_301' title='bbox 2376 1726 2677 1797; x_wconf 81' lang='lat' dir='ltr'><strong>episcopus</strong></span> <span class='ocrx_word' id='word_1_302' title='bbox 2718 1726 3153 1796; x_wconf 88' lang='lat' dir='ltr'><strong>Bambergensis</strong></span> <span class='ocrx_word' id='word_1_303' title='bbox 3182 1734 3239 1782; x_wconf 90' lang='lat' dir='ltr'><strong>et</strong></span> <span class='ocrx_word' id='word_1_304' title='bbox 3268 1727 3711 1797; x_wconf 83' lang='lat' dir='ltr'><strong>Herbipolensis.</strong></span> <span class='ocrx_word' id='word_1_305' title='bbox 3760 1747 3789 1779; x_wconf 68' lang='lat' dir='ltr'><strong>n</strong></span> 
     </span>
    </p>
   </div>
   <div class='ocr_carea' id='block_1_45' title="bbox 2320 1814 3956 1885">
    <p class='ocr_par' dir='ltr' id='par_1_45' title="bbox 2320 1814 3956 1885">
     <span class='ocr_line' id='line_1_45' title="bbox 2320 1814 3956 1885; baseline -0.001 -17"><span class='ocrx_word' id='word_1_306' title='bbox 2320 1819 2412 1870; x_wconf 80' lang='lat' dir='ltr'><strong>5t.</strong></span> <span class='ocrx_word' id='word_1_307' title='bbox 2455 1817 2562 1869; x_wconf 85' lang='lat' dir='ltr'><strong>Has</strong></span> <span class='ocrx_word' id='word_1_308' title='bbox 2594 1814 2745 1884; x_wconf 85' lang='lat' dir='ltr'><strong>ipsas</strong></span> <span class='ocrx_word' id='word_1_309' title='bbox 2803 1814 3073 1885; x_wconf 90' lang='lat' dir='ltr'><strong>reliquias</strong></span> <span class='ocrx_word' id='word_1_310' title='bbox 3116 1831 3181 1869; x_wconf 85' lang='lat' dir='ltr'><strong>ex</strong></span> <span class='ocrx_word' id='word_1_311' title='bbox 3234 1816 3387 1870; x_wconf 91' lang='lat' dir='ltr'><strong>dono</strong></span> <span class='ocrx_word' id='word_1_312' title='bbox 3445 1815 3822 1870; x_wconf 88' lang='lat' dir='ltr'><strong>Serenissimi</strong></span> <span class='ocrx_word' id='word_1_313' title='bbox 3868 1818 3956 1872; x_wconf 71' lang='grc' dir='ltr'>ΕΙ.</span> 
     </span>
    </p>
   </div>
   <div class='ocr_carea' id='block_1_46' title="bbox 2250 1903 3956 1969">
    <p class='ocr_par' dir='ltr' id='par_1_46' title="bbox 2250 1903 3956 1969">
     <span class='ocr_line' id='line_1_46' title="bbox 2250 1903 3956 1969; baseline 0.001 -11"><span class='ocrx_word' id='word_1_314' title='bbox 2250 1904 2605 1963; x_wconf 82' lang='lat' dir='ltr'><strong>ctoris,misit</strong></span> <span class='ocrx_word' id='word_1_315' title='bbox 2638 1903 2839 1957; x_wconf 84' lang='lat' dir='ltr'><strong>eodem</strong></span> <span class='ocrx_word' id='word_1_316' title='bbox 2856 1919 3006 1957; x_wconf 89' lang='lat' dir='ltr'><strong>anno</strong></span> <span class='ocrx_word' id='word_1_317' title='bbox 3041 1906 3195 1969; x_wconf 64' lang='lat' dir='ltr'><strong>ttiit,</strong></span> <span class='ocrx_word' id='word_1_318' title='bbox 3217 1904 3308 1957; x_wconf 89' lang='lat' dir='ltr'><strong>die</strong></span> <span class='ocrx_word' id='word_1_319' title='bbox 3339 1922 3370 1957; x_wconf 72' lang='grc' dir='ltr'>γ</span> <span class='ocrx_word' id='word_1_320' title='bbox 3403 1904 3753 1965; x_wconf 84' lang='lat' dir='ltr'><strong>Decembris,</strong></span> <span class='ocrx_word' id='word_1_321' title='bbox 3797 1904 3863 1959; x_wconf 72' lang='grc' dir='ltr'><strong>Β</strong></span> <span class='ocrx_word' id='word_1_322' title='bbox 3888 1948 3903 1959; x_wconf 95' lang='grc'><strong>.</strong></span> <span class='ocrx_word' id='word_1_323' title='bbox 3937 1907 3956 1959; x_wconf 83' lang='grc'><strong>1</strong></span> 
     </span>
    </p>
   </div>
   <div class='ocr_carea' id='block_1_47' title="bbox 2247 1992 3955 2063">
    <p class='ocr_par' dir='ltr' id='par_1_47' title="bbox 2247 1992 3955 2063">
     <span class='ocr_line' id='line_1_47' title="bbox 2247 1992 3955 2063; baseline -0.002 -15"><span class='ocrx_word' id='word_1_324' title='bbox 2247 1996 2454 2048; x_wconf 84' lang='lat' dir='ltr'><strong>Rector</strong></span> <span class='ocrx_word' id='word_1_325' title='bbox 2484 1992 2711 2062; x_wconf 76' lang='lat' dir='ltr'><strong>enllegii</strong></span> <span class='ocrx_word' id='word_1_326' title='bbox 2757 1992 2940 2046; x_wconf 75' lang='lat' dir='ltr'><strong>nostri</strong></span> <span class='ocrx_word' id='word_1_327' title='bbox 2996 1993 3406 2047; x_wconf 78' lang='lat' dir='ltr'><strong>Monachiensis</strong></span> <span class='ocrx_word' id='word_1_328' title='bbox 3448 1992 3729 2063; x_wconf 82' lang='lat' dir='ltr'><strong>Georgius</strong></span> <span class='ocrx_word' id='word_1_329' title='bbox 3791 1993 3955 2063; x_wconf 68' lang='lat' dir='ltr'><strong>Spa:</strong></span> 
     </span>
    </p>
   </div>
   <div class='ocr_carea' id='block_1_48' title="bbox 2249 2080 3956 2149">
    <p class='ocr_par' dir='ltr' id='par_1_48' title="bbox 2249 2080 3956 2149">
     <span class='ocr_line' id='line_1_48' title="bbox 2249 2080 3956 2149; baseline 0.002 -17"><span class='ocrx_word' id='word_1_330' title='bbox 2249 2095 2338 2132; x_wconf 92' lang='lat' dir='ltr'><strong>ser</strong></span> <span class='ocrx_word' id='word_1_331' title='bbox 2368 2080 2607 2133; x_wconf 81' lang='lat' dir='ltr'><strong>Romam</strong></span> <span class='ocrx_word' id='word_1_332' title='bbox 2641 2080 2708 2134; x_wconf 90' lang='lat' dir='ltr'><strong>ad</strong></span> <span class='ocrx_word' id='word_1_333' title='bbox 2731 2080 3068 2149; x_wconf 76' lang='lat' dir='ltr'><strong>praedictum</strong></span> <span class='ocrx_word' id='word_1_334' title='bbox 3122 2080 3187 2134; x_wconf 83' lang='lat' dir='ltr'><strong>R.</strong></span> <span class='ocrx_word' id='word_1_335' title='bbox 3245 2082 3306 2134; x_wconf 87' lang='lat' dir='ltr'><strong>P.</strong></span> <span class='ocrx_word' id='word_1_336' title='bbox 3364 2081 3697 2135; x_wconf 85' lang='lat' dir='ltr'><strong>Gualterum</strong></span> <span class='ocrx_word' id='word_1_337' title='bbox 3754 2080 3956 2136; x_wconf 70' lang='lat' dir='ltr'><strong>Mune</strong></span> 
     </span>
    </p>
   </div>
   <div class='ocr_carea' id='block_1_49' title="bbox 2249 2168 3956 2238">
    <p class='ocr_par' dir='ltr' id='par_1_49' title="bbox 2249 2168 3956 2238">
     <span class='ocr_line' id='line_1_49' title="bbox 2249 2168 3956 2238; baseline 0.002 -16"><span class='ocrx_word' id='word_1_338' title='bbox 2249 2168 2425 2235; x_wconf 91' lang='lat' dir='ltr'><strong>brott,</strong></span> <span class='ocrx_word' id='word_1_339' title='bbox 2473 2175 2540 2223; x_wconf 88' lang='lat' dir='ltr'><strong>ut</strong></span> <span class='ocrx_word' id='word_1_340' title='bbox 2609 2186 2673 2223; x_wconf 90' lang='lat' dir='ltr'><strong>ex</strong></span> <span class='ocrx_word' id='word_1_341' title='bbox 2718 2168 3018 2238; x_wconf 90' lang='lat' dir='ltr'><strong>ipsiusmet</strong></span> <span class='ocrx_word' id='word_1_342' title='bbox 3071 2168 3327 2238; x_wconf 67' lang='lat' dir='ltr'><strong>epistolae</strong></span> <span class='ocrx_word' id='word_1_343' title='bbox 3393 2174 3516 2222; x_wconf 92' lang='lat' dir='ltr'><strong>tum</strong></span> <span class='ocrx_word' id='word_1_344' title='bbox 3575 2169 3724 2222; x_wconf 62' lang='lat' dir='ltr'><strong>datm</strong></span> <span class='ocrx_word' id='word_1_345' title='bbox 3776 2170 3956 2225; x_wconf 82' lang='lat' dir='ltr'><strong>verb</strong></span> 
     </span>
    </p>
   </div>
   <div class='ocr_carea' id='block_1_50' title="bbox 2249 2256 3956 2327">
    <p class='ocr_par' dir='ltr' id='par_1_50' title="bbox 2249 2256 3956 2327">
     <span class='ocr_line' id='line_1_50' title="bbox 2249 2256 3956 2327; baseline 0.001 -16"><span class='ocrx_word' id='word_1_346' title='bbox 2249 2258 2454 2312; x_wconf 86' lang='lat' dir='ltr'><strong>clarius</strong></span> <span class='ocrx_word' id='word_1_347' title='bbox 2485 2256 2843 2327; x_wconf 88' lang='lat' dir='ltr'><strong>intelligitur.</strong></span> <span class='ocrx_word' id='word_1_348' title='bbox 2870 2257 2961 2311; x_wconf 88' lang='lat' dir='ltr'><strong>Sic</strong></span> <span class='ocrx_word' id='word_1_349' title='bbox 2981 2256 3199 2311; x_wconf 88' lang='lat' dir='ltr'><strong>scribit.</strong></span> <span class='ocrx_word' id='word_1_350' title='bbox 3239 2275 3267 2307; x_wconf 80' lang='grc' dir='ltr'><strong>α</strong></span> <span class='ocrx_word' id='word_1_351' title='bbox 3322 2257 3647 2311; x_wconf 88' lang='lat' dir='ltr'><strong>Reverende</strong></span> <span class='ocrx_word' id='word_1_352' title='bbox 3701 2257 3773 2311; x_wconf 89' lang='lat' dir='ltr'><strong>in</strong></span> <span class='ocrx_word' id='word_1_353' title='bbox 3804 2259 3956 2313; x_wconf 86' lang='lat' dir='ltr'><strong>Chr</strong></span> 
     </span>
    </p>
   </div>
   <div class='ocr_carea' id='block_1_51' title="bbox 2250 2344 3956 2417">
    <p class='ocr_par' dir='ltr' id='par_1_51' title="bbox 2250 2344 3956 2417">
     <span class='ocr_line' id='line_1_51' title="bbox 2250 2344 3956 2417; baseline 0 -18"><span class='ocrx_word' id='word_1_354' title='bbox 2250 2350 2335 2399; x_wconf 90' lang='lat' dir='ltr'><strong>sto</strong></span> <span class='ocrx_word' id='word_1_355' title='bbox 2392 2348 2591 2400; x_wconf 88' lang='lat' dir='ltr'><strong>Pater:</strong></span> <span class='ocrx_word' id='word_1_356' title='bbox 2656 2347 2792 2401; x_wconf 90' lang='lat' dir='ltr'><strong>Utor</strong></span> <span class='ocrx_word' id='word_1_357' title='bbox 2833 2345 3128 2399; x_wconf 89' lang='lat' dir='ltr'><strong>occasione</strong></span> <span class='ocrx_word' id='word_1_358' title='bbox 3185 2350 3367 2416; x_wconf 70' lang='lat' dir='ltr'><strong>posta:</strong></span> <span class='ocrx_word' id='word_1_359' title='bbox 3421 2344 3785 2413; x_wconf 84' lang='lat' dir='ltr'><strong>Electoralis,</strong></span> <span class='ocrx_word' id='word_1_360' title='bbox 3891 2363 3956 2417; x_wconf 72' lang='lat' dir='ltr'><strong>pl</strong></span> 
     </span>
    </p>
   </div>
   <div class='ocr_carea' id='block_1_52' title="bbox 2249 2431 3956 2503">
    <p class='ocr_par' dir='ltr' id='par_1_52' title="bbox 2249 2431 3956 2503">
     <span class='ocr_line' id='line_1_52' title="bbox 2249 2431 3956 2503; baseline 0.001 -18"><span class='ocrx_word' id='word_1_361' title='bbox 2249 2449 2422 2503; x_wconf 92' lang='lat' dir='ltr'><strong>quam</strong></span> <span class='ocrx_word' id='word_1_362' title='bbox 2483 2432 2649 2486; x_wconf 87' lang='lat' dir='ltr'><strong>mitto</strong></span> <span class='ocrx_word' id='word_1_363' title='bbox 2700 2433 2763 2487; x_wconf 87' lang='lat' dir='ltr'><strong>R.</strong></span> <span class='ocrx_word' id='word_1_364' title='bbox 2846 2432 2908 2483; x_wconf 90' lang='lat' dir='ltr'><strong>V.</strong></span> <span class='ocrx_word' id='word_1_365' title='bbox 2968 2431 3312 2501; x_wconf 89' lang='lat' dir='ltr'><strong>particulam</strong></span> <span class='ocrx_word' id='word_1_366' title='bbox 3387 2431 3456 2485; x_wconf 92' lang='lat' dir='ltr'><strong>de</strong></span> <span class='ocrx_word' id='word_1_367' title='bbox 3521 2447 3647 2485; x_wconf 91' lang='lat' dir='ltr'><strong>osse</strong></span> <span class='ocrx_word' id='word_1_368' title='bbox 3725 2431 3956 2487; x_wconf 86' lang='lat' dir='ltr'><strong>femor</strong></span> 
     </span>
    </p>
   </div>
   <div class='ocr_carea' id='block_1_53' title="bbox 2252 2519 3955 2590">
    <p class='ocr_par' dir='ltr' id='par_1_53' title="bbox 2252 2519 3955 2590">
     <span class='ocr_line' id='line_1_53' title="bbox 2252 2519 3955 2590; baseline -0.001 -13"><span class='ocrx_word' id='word_1_369' title='bbox 2252 2523 2306 2577; x_wconf 91' lang='lat' dir='ltr'><strong>S.</strong></span> <span class='ocrx_word' id='word_1_370' title='bbox 2343 2522 2569 2577; x_wconf 83' lang='lat' dir='ltr'><strong>Henrici</strong></span> <span class='ocrx_word' id='word_1_371' title='bbox 2593 2521 2977 2590; x_wconf 90' lang='lat' dir='ltr'><strong>Imperatoris.</strong></span> <span class='ocrx_word' id='word_1_372' title='bbox 3006 2520 3169 2575; x_wconf 81' lang='lat' dir='ltr'><strong>Addo</strong></span> <span class='ocrx_word' id='word_1_373' title='bbox 3227 2520 3444 2574; x_wconf 89' lang='lat' dir='ltr'><strong>litteras</strong></span> <span class='ocrx_word' id='word_1_374' title='bbox 3489 2519 3917 2576; x_wconf 87' lang='lat' dir='ltr'><strong>lllustrissimi</strong></span> <span class='ocrx_word' id='word_1_375' title='bbox 3954 2556 3955 2563; x_wconf 60' lang='grc' dir='ltr'><strong>η</strong></span> 
     </span>
    </p>
   </div>
   <div class='ocr_carea' id='block_1_54' title="bbox 2252 2608 3956 2680">
    <p class='ocr_par' dir='ltr' id='par_1_54' title="bbox 2252 2608 3956 2680">
     <span class='ocr_line' id='line_1_54' title="bbox 2252 2608 3956 2680; baseline 0 -14"><span class='ocrx_word' id='word_1_376' title='bbox 2252 2610 2724 2666; x_wconf 87' lang='lat' dir='ltr'><strong>Reverendissimi</strong></span> <span class='ocrx_word' id='word_1_377' title='bbox 2781 2609 3045 2680; x_wconf 86' lang='lat' dir='ltr'><strong>Episcopi</strong></span> <span class='ocrx_word' id='word_1_378' title='bbox 3106 2608 3528 2679; x_wconf 84' lang='lat' dir='ltr'><strong>Herbipolensis</strong></span> <span class='ocrx_word' id='word_1_379' title='bbox 3584 2609 3655 2664; x_wconf 92' lang='lat' dir='ltr'><strong>ad</strong></span> <span class='ocrx_word' id='word_1_380' title='bbox 3710 2609 3956 2666; x_wconf 83' lang='lat' dir='ltr'><strong>Sereni</strong></span> 
     </span>
    </p>
   </div>
   <div class='ocr_carea' id='block_1_55' title="bbox 2253 2698 3955 2770">
    <p class='ocr_par' dir='ltr' id='par_1_55' title="bbox 2253 2698 3955 2770">
     <span class='ocr_line' id='line_1_55' title="bbox 2253 2698 3955 2770; baseline 0.001 -16"><span class='ocrx_word' id='word_1_381' title='bbox 2253 2700 2460 2754; x_wconf 89' lang='lat' dir='ltr'><strong>simum</strong></span> <span class='ocrx_word' id='word_1_382' title='bbox 2498 2701 2807 2753; x_wconf 80' lang='lat' dir='ltr'><strong>Electorem</strong></span> <span class='ocrx_word' id='word_1_383' title='bbox 2839 2703 3123 2767; x_wconf 90' lang='lat' dir='ltr'><strong>nostrum,</strong></span> <span class='ocrx_word' id='word_1_384' title='bbox 3154 2698 3364 2770; x_wconf 91' lang='lat' dir='ltr'><strong>quibus</strong></span> <span class='ocrx_word' id='word_1_385' title='bbox 3405 2698 3664 2753; x_wconf 86' lang='lat' dir='ltr'><strong>redditur</strong></span> <span class='ocrx_word' id='word_1_386' title='bbox 3704 2701 3955 2756; x_wconf 82' lang='lat' dir='ltr'><strong>testim</strong></span> 
     </span>
    </p>
   </div>
   <div class='ocr_carea' id='block_1_56' title="bbox 2251 2787 3955 2860">
    <p class='ocr_par' dir='ltr' id='par_1_56' title="bbox 2251 2787 3955 2860">
     <span class='ocr_line' id='line_1_56' title="bbox 2251 2787 3955 2860; baseline 0.001 -17"><span class='ocrx_word' id='word_1_387' title='bbox 2251 2789 2411 2843; x_wconf 90' lang='lat' dir='ltr'><strong>nium</strong></span> <span class='ocrx_word' id='word_1_388' title='bbox 2443 2789 2599 2842; x_wconf 89' lang='lat' dir='ltr'><strong>omni</strong></span> <span class='ocrx_word' id='word_1_389' title='bbox 2627 2788 2957 2859; x_wconf 89' lang='lat' dir='ltr'><strong>exceptione</strong></span> <span class='ocrx_word' id='word_1_390' title='bbox 3012 2788 3220 2857; x_wconf 90' lang='lat' dir='ltr'><strong>majus,</strong></span> <span class='ocrx_word' id='word_1_391' title='bbox 3279 2787 3348 2841; x_wconf 84' lang='lat' dir='ltr'><strong>de</strong></span> <span class='ocrx_word' id='word_1_392' title='bbox 3405 2787 3610 2842; x_wconf 90' lang='lat' dir='ltr'><strong>iisdem</strong></span> <span class='ocrx_word' id='word_1_393' title='bbox 3664 2788 3955 2860; x_wconf 83' lang='lat' dir='ltr'><strong>reliquii</strong></span> 
     </span>
    </p>
   </div>
   <div class='ocr_carea' id='block_1_57' title="bbox 2251 2876 3956 2951">
    <p class='ocr_par' dir='ltr' id='par_1_57' title="bbox 2251 2876 3956 2951">
     <span class='ocr_line' id='line_1_57' title="bbox 2251 2876 3956 2951; baseline 0 -18"><span class='ocrx_word' id='word_1_394' title='bbox 2251 2878 2657 2933; x_wconf 88' lang='lat' dir='ltr'><strong>Serenissimus</strong></span> <span class='ocrx_word' id='word_1_395' title='bbox 2688 2878 2907 2930; x_wconf 83' lang='lat' dir='ltr'><strong>Elector</strong></span> <span class='ocrx_word' id='word_1_396' title='bbox 2957 2876 3207 2946; x_wconf 85' lang='lat' dir='ltr'><strong>gratiose</strong></span> <span class='ocrx_word' id='word_1_397' title='bbox 3255 2876 3467 2929; x_wconf 86' lang='lat' dir='ltr'><strong>salutat</strong></span> <span class='ocrx_word' id='word_1_398' title='bbox 3496 2877 3633 2930; x_wconf 84' lang='lat' dir='ltr'><strong>Rev.</strong></span> <span class='ocrx_word' id='word_1_399' title='bbox 3695 2877 3774 2930; x_wconf 85' lang='lat' dir='ltr'><strong>V.</strong></span> <span class='ocrx_word' id='word_1_400' title='bbox 3810 2880 3956 2951; x_wconf 78' lang='lat' dir='ltr'><strong>eiqi</strong></span> 
     </span>
    </p>
   </div>
   <div class='ocr_carea' id='block_1_58' title="bbox 2252 2961 3852 3037">
    <p class='ocr_par' dir='ltr' id='par_1_58' title="bbox 2252 2961 3852 3037">
     <span class='ocr_line' id='line_1_58' title="bbox 2252 2961 3852 3037; baseline 0 -18"><span class='ocrx_word' id='word_1_401' title='bbox 2252 2966 2553 3037; x_wconf 74' lang='lat' dir='ltr'><strong>praedictas</strong></span> <span class='ocrx_word' id='word_1_402' title='bbox 2596 2964 2889 3035; x_wconf 88' lang='lat' dir='ltr'><strong>reliquias,</strong></span> <span class='ocrx_word' id='word_1_403' title='bbox 2947 2963 3100 3018; x_wconf 89' lang='lat' dir='ltr'><strong>haud</strong></span> <span class='ocrx_word' id='word_1_404' title='bbox 3152 2961 3361 3033; x_wconf 91' lang='lat' dir='ltr'><strong>exigua</strong></span> <span class='ocrx_word' id='word_1_405' title='bbox 3436 2962 3852 3019; x_wconf 80' lang='lat' dir='ltr'><strong>sollicitudine</strong></span> 
     </span>
    </p>
   </div>
   <div class='ocr_carea' id='block_1_59' title="bbox 442 3037 3956 3127">
    <p class='ocr_par' dir='ltr' id='par_1_59' title="bbox 442 3037 3956 3127">
     <span class='ocr_line' id='line_1_59' title="bbox 442 3037 3956 3127; baseline -0.001 -15"><span class='ocrx_word' id='word_1_406' title='bbox 442 3057 655 3111; x_wconf 89' lang='lat' dir='ltr'><strong>simum</strong></span> <span class='ocrx_word' id='word_1_407' title='bbox 694 3056 1102 3124; x_wconf 80' lang='lat' dir='ltr'><strong>Imperatorem</strong></span> <span class='ocrx_word' id='word_1_408' title='bbox 1156 3050 1608 3122; x_wconf 87' lang='lat' dir='ltr'><strong>propensissima</strong></span> <span class='ocrx_word' id='word_1_409' title='bbox 1672 3037 1986 3114; x_wconf 70' lang='lat' dir='ltr'><strong>veneratio,</strong></span> <span class='ocrx_word' id='word_1_410' title='bbox 2029 3058 2214 3116; x_wconf 81' lang='lat' dir='ltr'><strong>quac</strong></span> <span class='ocrx_word' id='word_1_411' title='bbox 2252 3052 2446 3107; x_wconf 89' lang='lat' dir='ltr'><strong>labore</strong></span> <span class='ocrx_word' id='word_1_412' title='bbox 2501 3052 2875 3123; x_wconf 88' lang='lat' dir='ltr'><strong>conquisitas,</strong></span> <span class='ocrx_word' id='word_1_413' title='bbox 2926 3067 3031 3122; x_wconf 87' lang='lat' dir='ltr'><strong>per</strong></span> <span class='ocrx_word' id='word_1_414' title='bbox 3093 3067 3186 3106; x_wconf 90' lang='lat' dir='ltr'><strong>me</strong></span> <span class='ocrx_word' id='word_1_415' title='bbox 3251 3051 3607 3117; x_wconf 88' lang='lat' dir='ltr'><strong>transmittit,</strong></span> <span class='ocrx_word' id='word_1_416' title='bbox 3673 3051 3956 3127; x_wconf 77' lang='lat' dir='ltr'><strong>jubetqi</strong></span> 
     </span>
    </p>
   </div>
   <div class='ocr_carea' id='block_1_60' title="bbox 442 3135 2141 3215">
    <p class='ocr_par' dir='ltr' id='par_1_60' title="bbox 442 3135 2141 3215">
     <span class='ocr_line' id='line_1_60' title="bbox 442 3135 2141 3215; baseline -0.006 -16"><span class='ocrx_word' id='word_1_417' title='bbox 442 3143 678 3215; x_wconf 90' lang='lat' dir='ltr'><strong>impulsi</strong></span> <span class='ocrx_word' id='word_1_418' title='bbox 710 3145 903 3198; x_wconf 89' lang='lat' dir='ltr'><strong>Patres</strong></span> <span class='ocrx_word' id='word_1_419' title='bbox 959 3139 1306 3195; x_wconf 73' lang='lat' dir='ltr'><strong>Assistentitr.</strong></span> <span class='ocrx_word' id='word_1_420' title='bbox 1356 3137 1728 3203; x_wconf 57' lang='lat' dir='ltr'><strong>Germanicas,</strong></span> <span class='ocrx_word' id='word_1_421' title='bbox 1762 3135 2141 3206; x_wconf 85' lang='lat' dir='ltr'><strong>quemadmo-</strong></span> 
     </span>
    </p>
   </div>
   <div class='ocr_carea' id='block_1_61' title="bbox 445 3223 2144 3293">
    <p class='ocr_par' dir='ltr' id='par_1_61' title="bbox 445 3223 2144 3293">
     <span class='ocr_line' id='line_1_61' title="bbox 445 3223 2144 3293; baseline -0.006 -5"><span class='ocrx_word' id='word_1_422' title='bbox 445 3234 582 3289; x_wconf 90' lang='lat' dir='ltr'><strong>dum</strong></span> <span class='ocrx_word' id='word_1_423' title='bbox 614 3233 812 3286; x_wconf 89' lang='lat' dir='ltr'><strong>Patres</strong></span> <span class='ocrx_word' id='word_1_424' title='bbox 859 3228 1005 3284; x_wconf 88' lang='lat' dir='ltr'><strong>Galli</strong></span> <span class='ocrx_word' id='word_1_425' title='bbox 1057 3243 1216 3281; x_wconf 89' lang='lat' dir='ltr'><strong>sacra</strong></span> <span class='ocrx_word' id='word_1_426' title='bbox 1268 3226 1331 3282; x_wconf 90' lang='lat' dir='ltr'><strong>S.</strong></span> <span class='ocrx_word' id='word_1_427' title='bbox 1396 3224 1663 3280; x_wconf 86' lang='lat' dir='ltr'><strong>Ludovici</strong></span> <span class='ocrx_word' id='word_1_428' title='bbox 1722 3224 1873 3293; x_wconf 85' lang='lat' dir='ltr'><strong>regis</strong></span> <span class='ocrx_word' id='word_1_429' title='bbox 1920 3223 2144 3292; x_wconf 85' lang='lat' dir='ltr'><strong>lipsana</strong></span> 
     </span>
    </p>
   </div>
   <div class='ocr_carea' id='block_1_62' title="bbox 441 3314 2141 3392">
    <p class='ocr_par' dir='ltr' id='par_1_62' title="bbox 441 3314 2141 3392">
     <span class='ocr_line' id='line_1_62' title="bbox 441 3314 2141 3392; baseline -0.006 -16"><span class='ocrx_word' id='word_1_430' title='bbox 441 3322 909 3392; x_wconf 86' lang='lat' dir='ltr'><strong>impetraverant,</strong></span> <span class='ocrx_word' id='word_1_431' title='bbox 972 3321 1105 3386; x_wconf 88' lang='lat' dir='ltr'><strong>post</strong></span> <span class='ocrx_word' id='word_1_432' title='bbox 1152 3315 1272 3368; x_wconf 87' lang='lat' dir='ltr'><strong>vias</strong></span> <span class='ocrx_word' id='word_1_433' title='bbox 1322 3314 1505 3367; x_wconf 86' lang='lat' dir='ltr'><strong>varias</strong></span> <span class='ocrx_word' id='word_1_434' title='bbox 1568 3315 1819 3384; x_wconf 88' lang='lat' dir='ltr'><strong>primum</strong></span> <span class='ocrx_word' id='word_1_435' title='bbox 1876 3317 2141 3379; x_wconf 86' lang='lat' dir='ltr'><strong>tentatas,</strong></span> 
     </span>
    </p>
   </div>
   <div class='ocr_carea' id='block_1_63' title="bbox 448 3400 2141 3467">
    <p class='ocr_par' dir='ltr' id='par_1_63' title="bbox 448 3400 2141 3467">
     <span class='ocr_line' id='line_1_63' title="bbox 448 3400 2141 3467; baseline -0.006 -4"><span class='ocrx_word' id='word_1_436' title='bbox 448 3410 677 3463; x_wconf 89' lang='lat' dir='ltr'><strong>tandem</strong></span> <span class='ocrx_word' id='word_1_437' title='bbox 726 3404 1089 3461; x_wconf 90' lang='lat' dir='ltr'><strong>Serenissimi</strong></span> <span class='ocrx_word' id='word_1_438' title='bbox 1130 3402 1401 3457; x_wconf 85' lang='lat' dir='ltr'><strong>Electoris</strong></span> <span class='ocrx_word' id='word_1_439' title='bbox 1446 3403 1707 3456; x_wconf 69' lang='lat' dir='ltr'><strong>Bavariae</strong></span> <span class='ocrx_word' id='word_1_440' title='bbox 1748 3400 2141 3467; x_wconf 77' lang='lat' dir='ltr'><strong>Maximiliani,</strong></span> 
     </span>
    </p>
   </div>
   <div class='ocr_carea' id='block_1_64' title="bbox 442 3492 2143 3570">
    <p class='ocr_par' dir='ltr' id='par_1_64' title="bbox 442 3492 2143 3570">
     <span class='ocr_line' id='line_1_64' title="bbox 442 3492 2143 3570; baseline -0.006 -15"><span class='ocrx_word' id='word_1_441' title='bbox 442 3499 656 3555; x_wconf 91' lang='lat' dir='ltr'><strong>summi</strong></span> <span class='ocrx_word' id='word_1_442' title='bbox 688 3498 944 3570; x_wconf 90' lang='lat' dir='ltr'><strong>ejusdem</strong></span> <span class='ocrx_word' id='word_1_443' title='bbox 974 3495 1270 3551; x_wconf 90' lang='lat' dir='ltr'><strong>Societatis</strong></span> <span class='ocrx_word' id='word_1_444' title='bbox 1312 3495 1552 3549; x_wconf 84' lang='lat' dir='ltr'><strong>fautoris</strong></span> <span class='ocrx_word' id='word_1_445' title='bbox 1583 3498 1637 3547; x_wconf 89' lang='lat' dir='ltr'><strong>et</strong></span> <span class='ocrx_word' id='word_1_446' title='bbox 1670 3492 1917 3563; x_wconf 89' lang='lat' dir='ltr'><strong>patroni,</strong></span> <span class='ocrx_word' id='word_1_447' title='bbox 1952 3492 2143 3547; x_wconf 88' lang='lat' dir='ltr'><strong>studio</strong></span> 
     </span>
    </p>
   </div>
   <div class='ocr_carea' id='block_1_65' title="bbox 443 3582 2140 3653">
    <p class='ocr_par' dir='ltr' id='par_1_65' title="bbox 443 3582 2140 3653">
     <span class='ocr_line' id='line_1_65' title="bbox 443 3582 2140 3653; baseline -0.005 -9"><span class='ocrx_word' id='word_1_448' title='bbox 443 3595 501 3644; x_wconf 93' lang='lat' dir='ltr'><strong>et</strong></span> <span class='ocrx_word' id='word_1_449' title='bbox 550 3587 913 3652; x_wconf 90' lang='lat' dir='ltr'><strong>auctoritate,</strong></span> <span class='ocrx_word' id='word_1_450' title='bbox 964 3589 1227 3639; x_wconf 80' lang='lat' dir='ltr'><strong>votorum</strong></span> <span class='ocrx_word' id='word_1_451' title='bbox 1279 3588 1566 3653; x_wconf 85' lang='lat' dir='ltr'><strong>compotes</strong></span> <span class='ocrx_word' id='word_1_452' title='bbox 1618 3582 1749 3636; x_wconf 75' lang='lat' dir='ltr'><strong>facti</strong></span> <span class='ocrx_word' id='word_1_453' title='bbox 1800 3588 1950 3635; x_wconf 89' lang='lat' dir='ltr'><strong>sunt.</strong></span> <span class='ocrx_word' id='word_1_454' title='bbox 2000 3582 2140 3636; x_wconf 87' lang='lat' dir='ltr'><strong>Rem</strong></span> 
     </span>
    </p>
   </div>
   <div class='ocr_carea' id='block_1_66' title="bbox 444 3662 2144 3747">
    <p class='ocr_par' dir='ltr' id='par_1_66' title="bbox 444 3662 2144 3747">
     <span class='ocr_line' id='line_1_66' title="bbox 444 3662 2144 3747; baseline -0.006 -15"><span class='ocrx_word' id='word_1_455' title='bbox 444 3662 674 3733; x_wconf 84' lang='lat' dir='ltr'><strong>omnem</strong></span> <span class='ocrx_word' id='word_1_456' title='bbox 707 3674 1056 3747; x_wconf 89' lang='lat' dir='ltr'><strong>promovisse</strong></span> <span class='ocrx_word' id='word_1_457' title='bbox 1080 3677 1135 3727; x_wconf 89' lang='lat' dir='ltr'><strong>et</strong></span> <span class='ocrx_word' id='word_1_458' title='bbox 1172 3673 1240 3727; x_wconf 88' lang='lat' dir='ltr'><strong>ad</strong></span> <span class='ocrx_word' id='word_1_459' title='bbox 1292 3672 1516 3725; x_wconf 86' lang='lat' dir='ltr'><strong>felicem</strong></span> <span class='ocrx_word' id='word_1_460' title='bbox 1546 3670 1760 3724; x_wconf 82' lang='lat' dir='ltr'><strong>exitum</strong></span> <span class='ocrx_word' id='word_1_461' title='bbox 1812 3669 2144 3741; x_wconf 83' lang='lat' dir='ltr'><strong>perduxisse</strong></span> 
     </span>
    </p>
   </div>
   <div class='ocr_carea' id='block_1_67' title="bbox 440 3758 2144 3829">
    <p class='ocr_par' dir='ltr' id='par_1_67' title="bbox 440 3758 2144 3829">
     <span class='ocr_line' id='line_1_67' title="bbox 440 3758 2144 3829; baseline -0.005 -11"><span class='ocrx_word' id='word_1_462' title='bbox 440 3766 757 3821; x_wconf 89' lang='lat' dir='ltr'><strong>videturR.</strong></span> <span class='ocrx_word' id='word_1_463' title='bbox 821 3766 881 3819; x_wconf 93' lang='lat' dir='ltr'><strong>P.</strong></span> <span class='ocrx_word' id='word_1_464' title='bbox 936 3764 1233 3819; x_wconf 87' lang='lat' dir='ltr'><strong>Gualterus</strong></span> <span class='ocrx_word' id='word_1_465' title='bbox 1286 3760 1634 3826; x_wconf 84' lang='lat' dir='ltr'><strong>Mundbrott,</strong></span> <span class='ocrx_word' id='word_1_466' title='bbox 1686 3775 1790 3829; x_wconf 89' lang='lat' dir='ltr'><strong>per</strong></span> <span class='ocrx_word' id='word_1_467' title='bbox 1814 3758 1871 3812; x_wconf 90' lang='lat' dir='ltr'><strong>id</strong></span> <span class='ocrx_word' id='word_1_468' title='bbox 1916 3765 2144 3827; x_wconf 88' lang='lat' dir='ltr'><strong>tempus</strong></span> 
     </span>
    </p>
   </div>
   <div class='ocr_carea' id='block_1_68' title="bbox 442 3844 2142 3923">
    <p class='ocr_par' dir='ltr' id='par_1_68' title="bbox 442 3844 2142 3923">
     <span class='ocr_line' id='line_1_68' title="bbox 442 3844 2142 3923; baseline -0.006 -15"><span class='ocrx_word' id='word_1_469' title='bbox 442 3854 639 3907; x_wconf 69' lang='lat' dir='ltr'><strong>Romae</strong></span> <span class='ocrx_word' id='word_1_470' title='bbox 683 3866 788 3923; x_wconf 87' lang='lat' dir='ltr'><strong>pro</strong></span> <span class='ocrx_word' id='word_1_471' title='bbox 819 3850 1125 3905; x_wconf 84' lang='lat' dir='ltr'><strong>Germania</strong></span> <span class='ocrx_word' id='word_1_472' title='bbox 1152 3848 1305 3918; x_wconf 91' lang='lat' dir='ltr'><strong>apud</strong></span> <span class='ocrx_word' id='word_1_473' title='bbox 1337 3847 1503 3901; x_wconf 80' lang='lat' dir='ltr'><strong>Adm.</strong></span> <span class='ocrx_word' id='word_1_474' title='bbox 1555 3847 1618 3899; x_wconf 91' lang='lat' dir='ltr'><strong>R.</strong></span> <span class='ocrx_word' id='word_1_475' title='bbox 1674 3847 1734 3900; x_wconf 94' lang='lat' dir='ltr'><strong>P.</strong></span> <span class='ocrx_word' id='word_1_476' title='bbox 1792 3846 1859 3899; x_wconf 88' lang='lat' dir='ltr'><strong>N.</strong></span> <span class='ocrx_word' id='word_1_477' title='bbox 1901 3844 2142 3899; x_wconf 81' lang='lat' dir='ltr'><strong>Mutium</strong></span> 
     </span>
    </p>
   </div>
   <div class='ocr_carea' id='block_1_69' title="bbox 440 3932 2141 4004">
    <p class='ocr_par' dir='ltr' id='par_1_69' title="bbox 440 3932 2141 4004">
     <span class='ocr_line' id='line_1_69' title="bbox 440 3932 2141 4004; baseline -0.005 -9"><span class='ocrx_word' id='word_1_478' title='bbox 440 3941 802 3995; x_wconf 82' lang='lat' dir='ltr'><strong>Vitellescum</strong></span> <span class='ocrx_word' id='word_1_479' title='bbox 825 3937 1152 3991; x_wconf 85' lang='lat' dir='ltr'><strong>Assistentis</strong></span> <span class='ocrx_word' id='word_1_480' title='bbox 1171 3951 1411 3990; x_wconf 91' lang='lat' dir='ltr'><strong>munere</strong></span> <span class='ocrx_word' id='word_1_481' title='bbox 1445 3934 1712 4004; x_wconf 85' lang='lat' dir='ltr'><strong>fungens,</strong></span> <span class='ocrx_word' id='word_1_482' title='bbox 1748 3933 1869 4003; x_wconf 90' lang='lat' dir='ltr'><strong>qui,</strong></span> <span class='ocrx_word' id='word_1_483' title='bbox 1900 3936 1964 3987; x_wconf 88' lang='lat' dir='ltr'><strong>ut</strong></span> <span class='ocrx_word' id='word_1_484' title='bbox 1991 3932 2141 4003; x_wconf 90' lang='lat' dir='ltr'><strong>apud</strong></span> 
     </span>
    </p>
   </div>
   <div class='ocr_carea' id='block_1_70' title="bbox 444 4020 2138 4093">
    <p class='ocr_par' dir='ltr' id='par_1_70' title="bbox 444 4020 2138 4093">
     <span class='ocr_line' id='line_1_70' title="bbox 444 4020 2138 4093; baseline -0.006 -9"><span class='ocrx_word' id='word_1_485' title='bbox 444 4026 888 4084; x_wconf 89' lang='lat' dir='ltr'><strong>Serenissimum</strong></span> <span class='ocrx_word' id='word_1_486' title='bbox 934 4026 1249 4078; x_wconf 86' lang='lat' dir='ltr'><strong>Electorem</strong></span> <span class='ocrx_word' id='word_1_487' title='bbox 1308 4022 1493 4093; x_wconf 83' lang='lat' dir='ltr'><strong>gratia</strong></span> <span class='ocrx_word' id='word_1_488' title='bbox 1549 4026 1605 4075; x_wconf 89' lang='lat' dir='ltr'><strong>et</strong></span> <span class='ocrx_word' id='word_1_489' title='bbox 1650 4021 1843 4075; x_wconf 86' lang='lat' dir='ltr'><strong>favore</strong></span> <span class='ocrx_word' id='word_1_490' title='bbox 1898 4020 2138 4088; x_wconf 89' lang='lat' dir='ltr'><strong>valebat,</strong></span> 
     </span>
    </p>
   </div>
   <div class='ocr_carea' id='block_1_71' title="bbox 444 4108 2144 4180">
    <p class='ocr_par' dir='ltr' id='par_1_71' title="bbox 444 4108 2144 4180">
     <span class='ocr_line' id='line_1_71' title="bbox 444 4108 2144 4180; baseline -0.006 -8"><span class='ocrx_word' id='word_1_491' title='bbox 444 4116 525 4172; x_wconf 86' lang='lat' dir='ltr'><strong>sic</strong></span> <span class='ocrx_word' id='word_1_492' title='bbox 585 4131 718 4170; x_wconf 89' lang='lat' dir='ltr'><strong>eum</strong></span> <span class='ocrx_word' id='word_1_493' title='bbox 766 4113 1070 4178; x_wconf 86' lang='lat' dir='ltr'><strong>induxerit,</strong></span> <span class='ocrx_word' id='word_1_494' title='bbox 1127 4115 1208 4177; x_wconf 87' lang='lat' dir='ltr'><strong>ut,</strong></span> <span class='ocrx_word' id='word_1_495' title='bbox 1275 4109 1628 4180; x_wconf 91' lang='lat' dir='ltr'><strong>interpositis</strong></span> <span class='ocrx_word' id='word_1_496' title='bbox 1675 4108 1877 4163; x_wconf 80' lang='lat' dir='ltr'><strong>officiis</strong></span> <span class='ocrx_word' id='word_1_497' title='bbox 1942 4108 2074 4173; x_wconf 78' lang='lat' dir='ltr'><strong>suis,</strong></span> <span class='ocrx_word' id='word_1_498' title='bbox 2110 4125 2144 4162; x_wconf 90' lang='lat' dir='ltr'><strong>a</strong></span> 
     </span>
    </p>
   </div>
   <div class='ocr_carea' id='block_1_72' title="bbox 444 4197 2143 4268">
    <p class='ocr_par' dir='ltr' id='par_1_72' title="bbox 444 4197 2143 4268">
     <span class='ocr_line' id='line_1_72' title="bbox 444 4197 2143 4268; baseline -0.005 -8"><span class='ocrx_word' id='word_1_499' title='bbox 444 4202 940 4261; x_wconf 89' lang='lat' dir='ltr'><strong>Reverendissimo</strong></span> <span class='ocrx_word' id='word_1_500' title='bbox 975 4206 1033 4254; x_wconf 90' lang='lat' dir='ltr'><strong>et</strong></span> <span class='ocrx_word' id='word_1_501' title='bbox 1061 4199 1382 4255; x_wconf 88' lang='lat' dir='ltr'><strong>Celsissimo</strong></span> <span class='ocrx_word' id='word_1_502' title='bbox 1409 4199 1704 4253; x_wconf 84' lang='lat' dir='ltr'><strong>Francisco</strong></span> <span class='ocrx_word' id='word_1_503' title='bbox 1737 4197 2143 4268; x_wconf 86' lang='lat' dir='ltr'><strong>Bambergensi</strong></span> 
     </span>
    </p>
   </div>
   <div class='ocr_carea' id='block_1_73' title="bbox 443 4286 2142 4363">
    <p class='ocr_par' dir='ltr' id='par_1_73' title="bbox 443 4286 2142 4363">
     <span class='ocr_line' id='line_1_73' title="bbox 443 4286 2142 4363; baseline -0.005 -15"><span class='ocrx_word' id='word_1_504' title='bbox 443 4298 501 4348; x_wconf 91' lang='lat' dir='ltr'><strong>et</strong></span> <span class='ocrx_word' id='word_1_505' title='bbox 530 4291 923 4363; x_wconf 82' lang='lat' dir='ltr'><strong>Herbipolensi</strong></span> <span class='ocrx_word' id='word_1_506' title='bbox 964 4290 1231 4360; x_wconf 91' lang='lat' dir='ltr'><strong>episcopo</strong></span> <span class='ocrx_word' id='word_1_507' title='bbox 1264 4288 1318 4342; x_wconf 89' lang='lat' dir='ltr'><strong>S.</strong></span> <span class='ocrx_word' id='word_1_508' title='bbox 1378 4288 1605 4342; x_wconf 85' lang='lat' dir='ltr'><strong>Henrici</strong></span> <span class='ocrx_word' id='word_1_509' title='bbox 1650 4286 1920 4358; x_wconf 87' lang='lat' dir='ltr'><strong>reliquias</strong></span> <span class='ocrx_word' id='word_1_510' title='bbox 1950 4292 2142 4357; x_wconf 89' lang='lat' dir='ltr'><strong>postu-</strong></span> 
     </span>
    </p>
   </div>
   <div class='ocr_carea' id='block_1_74' title="bbox 444 4378 2143 4450">
    <p class='ocr_par' dir='ltr' id='par_1_74' title="bbox 444 4378 2143 4450">
     <span class='ocr_line' id='line_1_74' title="bbox 444 4378 2143 4450; baseline -0.005 -12"><span class='ocrx_word' id='word_1_511' title='bbox 444 4382 668 4448; x_wconf 89' lang='lat' dir='ltr'><strong>laverit,</strong></span> <span class='ocrx_word' id='word_1_512' title='bbox 726 4381 1071 4450; x_wconf 88' lang='lat' dir='ltr'><strong>easdemque</strong></span> <span class='ocrx_word' id='word_1_513' title='bbox 1094 4378 1328 4433; x_wconf 89' lang='lat' dir='ltr'><strong>demum</strong></span> <span class='ocrx_word' id='word_1_514' title='bbox 1382 4382 1577 4448; x_wconf 90' lang='lat' dir='ltr'><strong>optato</strong></span> <span class='ocrx_word' id='word_1_515' title='bbox 1625 4393 1887 4431; x_wconf 90' lang='lat' dir='ltr'><strong>successu</strong></span> <span class='ocrx_word' id='word_1_516' title='bbox 1944 4392 2143 4430; x_wconf 92' lang='lat' dir='ltr'><strong>conse-</strong></span> 
     </span>
    </p>
   </div>
   <div class='ocr_carea' id='block_1_75' title="bbox 445 4464 2146 4537">
    <p class='ocr_par' dir='ltr' id='par_1_75' title="bbox 445 4464 2146 4537">
     <span class='ocr_line' id='line_1_75' title="bbox 445 4464 2146 4537; baseline -0.006 -10"><span class='ocrx_word' id='word_1_517' title='bbox 445 4476 611 4527; x_wconf 89' lang='lat' dir='ltr'><strong>cutus</strong></span> <span class='ocrx_word' id='word_1_518' title='bbox 637 4471 730 4526; x_wconf 90' lang='lat' dir='ltr'><strong>sit.</strong></span> <span class='ocrx_word' id='word_1_519' title='bbox 783 4467 1145 4525; x_wconf 89' lang='lat' dir='ltr'><strong>Serenissimi</strong></span> <span class='ocrx_word' id='word_1_520' title='bbox 1179 4472 1237 4521; x_wconf 91' lang='lat' dir='ltr'><strong>et</strong></span> <span class='ocrx_word' id='word_1_521' title='bbox 1280 4482 1597 4537; x_wconf 85' lang='lat' dir='ltr'><strong>nunquam</strong></span> <span class='ocrx_word' id='word_1_522' title='bbox 1626 4466 1758 4519; x_wconf 90' lang='lat' dir='ltr'><strong>satis</strong></span> <span class='ocrx_word' id='word_1_523' title='bbox 1815 4464 1981 4519; x_wconf 91' lang='lat' dir='ltr'><strong>nobis</strong></span> <span class='ocrx_word' id='word_1_524' title='bbox 2022 4464 2146 4519; x_wconf 86' lang='lat' dir='ltr'><strong>lau-</strong></span> 
     </span>
    </p>
   </div>
   <div class='ocr_carea' id='block_1_76' title="bbox 446 4553 2144 4617">
    <p class='ocr_par' dir='ltr' id='par_1_76' title="bbox 446 4553 2144 4617">
     <span class='ocr_line' id='line_1_76' title="bbox 446 4553 2144 4617; baseline -0.006 0"><span class='ocrx_word' id='word_1_525' title='bbox 446 4561 620 4617; x_wconf 90' lang='lat' dir='ltr'><strong>dandi</strong></span> <span class='ocrx_word' id='word_1_526' title='bbox 679 4557 1051 4614; x_wconf 78' lang='lat' dir='ltr'><strong>Maximiliani</strong></span> <span class='ocrx_word' id='word_1_527' title='bbox 1118 4556 1390 4610; x_wconf 86' lang='lat' dir='ltr'><strong>Electoris</strong></span> <span class='ocrx_word' id='word_1_528' title='bbox 1448 4556 1665 4609; x_wconf 88' lang='lat' dir='ltr'><strong>litteras</strong></span> <span class='ocrx_word' id='word_1_529' title='bbox 1724 4553 1977 4608; x_wconf 80' lang='lat' dir='ltr'><strong>nancisci</strong></span> <span class='ocrx_word' id='word_1_530' title='bbox 2029 4568 2144 4607; x_wconf 91' lang='lat' dir='ltr'><strong>non</strong></span> 
     </span>
    </p>
   </div>
   <div class='ocr_carea' id='block_1_77' title="bbox 444 4643 2144 4721">
    <p class='ocr_par' dir='ltr' id='par_1_77' title="bbox 444 4643 2144 4721">
     <span class='ocr_line' id='line_1_77' title="bbox 444 4643 2144 4721; baseline -0.005 -17"><span class='ocrx_word' id='word_1_531' title='bbox 444 4649 633 4721; x_wconf 91' lang='lat' dir='ltr'><strong>potui,</strong></span> <span class='ocrx_word' id='word_1_532' title='bbox 662 4664 860 4702; x_wconf 88' lang='lat' dir='ltr'><strong>verum</strong></span> <span class='ocrx_word' id='word_1_533' title='bbox 896 4664 963 4701; x_wconf 87' lang='lat' dir='ltr'><strong>ex</strong></span> <span class='ocrx_word' id='word_1_534' title='bbox 992 4646 1176 4717; x_wconf 88' lang='lat' dir='ltr'><strong>ipsius</strong></span> <span class='ocrx_word' id='word_1_535' title='bbox 1208 4644 1490 4699; x_wconf 87' lang='lat' dir='ltr'><strong>Francisci</strong></span> <span class='ocrx_word' id='word_1_536' title='bbox 1543 4643 1800 4715; x_wconf 91' lang='lat' dir='ltr'><strong>episcopi</strong></span> <span class='ocrx_word' id='word_1_537' title='bbox 1840 4658 2144 4712; x_wconf 89' lang='lat' dir='ltr'><strong>responso-</strong></span> 
     </span>
    </p>
   </div>
   <div class='ocr_carea' id='block_1_78' title="bbox 447 4732 2143 4805">
    <p class='ocr_par' dir='ltr' id='par_1_78' title="bbox 447 4732 2143 4805">
     <span class='ocr_line' id='line_1_78' title="bbox 447 4732 2143 4805; baseline -0.006 -14"><span class='ocrx_word' id='word_1_538' title='bbox 447 4737 571 4804; x_wconf 90' lang='lat' dir='ltr'><strong>riis,</strong></span> <span class='ocrx_word' id='word_1_539' title='bbox 601 4736 853 4791; x_wconf 89' lang='lat' dir='ltr'><strong>concessi</strong></span> <span class='ocrx_word' id='word_1_540' title='bbox 882 4734 1283 4805; x_wconf 90' lang='lat' dir='ltr'><strong>pretiosissimi</strong></span> <span class='ocrx_word' id='word_1_541' title='bbox 1328 4733 1586 4787; x_wconf 87' lang='lat' dir='ltr'><strong>thesauri</strong></span> <span class='ocrx_word' id='word_1_542' title='bbox 1631 4732 1891 4797; x_wconf 89' lang='lat' dir='ltr'><strong>testibus,</strong></span> <span class='ocrx_word' id='word_1_543' title='bbox 1942 4745 2143 4799; x_wconf 90' lang='lat' dir='ltr'><strong>porre-</strong></span> 
     </span>
    </p>
   </div>
   <div class='ocr_carea' id='block_1_79' title="bbox 448 4817 2142 4895">
    <p class='ocr_par' dir='ltr' id='par_1_79' title="bbox 448 4817 2142 4895">
     <span class='ocr_line' id='line_1_79' title="bbox 448 4817 2142 4895; baseline -0.006 -14"><span class='ocrx_word' id='word_1_544' title='bbox 448 4831 677 4881; x_wconf 88' lang='lat' dir='ltr'><strong>ctarum</strong></span> <span class='ocrx_word' id='word_1_545' title='bbox 704 4840 940 4895; x_wconf 91' lang='lat' dir='ltr'><strong>precum</strong></span> <span class='ocrx_word' id='word_1_546' title='bbox 984 4823 1300 4877; x_wconf 84' lang='lat' dir='ltr'><strong>substantia</strong></span> <span class='ocrx_word' id='word_1_547' title='bbox 1332 4823 1496 4877; x_wconf 84' lang='lat' dir='ltr'><strong>facile</strong></span> <span class='ocrx_word' id='word_1_548' title='bbox 1548 4820 1875 4890; x_wconf 88' lang='lat' dir='ltr'><strong>colligitur:</strong></span> <span class='ocrx_word' id='word_1_549' title='bbox 1908 4817 2142 4884; x_wconf 86' lang='lat' dir='ltr'><strong>habent,</strong></span> 
     </span>
    </p>
   </div>
   <div class='ocr_carea' id='block_1_80' title="bbox 451 4910 1343 4969">
    <p class='ocr_par' dir='ltr' id='par_1_80' title="bbox 451 4910 1343 4969">
     <span class='ocr_line' id='line_1_80' title="bbox 451 4910 1343 4969; baseline -0.008 1"><span class='ocrx_word' id='word_1_550' title='bbox 451 4931 515 4969; x_wconf 81' lang='lat' dir='ltr'><strong>ex</strong></span> <span class='ocrx_word' id='word_1_551' title='bbox 546 4913 881 4969; x_wconf 85' lang='lat' dir='ltr'><strong>Germanico</strong></span> <span class='ocrx_word' id='word_1_552' title='bbox 910 4910 1104 4964; x_wconf 88' lang='lat' dir='ltr'><strong>Latine</strong></span> <span class='ocrx_word' id='word_1_553' title='bbox 1134 4924 1343 4963; x_wconf 64' lang='lat' dir='ltr'><strong>versas:</strong></span> 
     </span>
    </p>
   </div>
   <div class='ocr_carea' id='block_1_81' title="bbox 522 5007 2148 5081">
    <p class='ocr_par' dir='ltr' id='par_1_81' title="bbox 522 5007 2148 5081">
     <span class='ocr_line' id='line_1_81' title="bbox 522 5007 2148 5081; baseline -0.006 -12"><span class='ocrx_word' id='word_1_554' title='bbox 522 5018 612 5070; x_wconf 84' lang='grc'><strong>50.</strong></span> <span class='ocrx_word' id='word_1_555' title='bbox 674 5036 697 5064; x_wconf 79' lang='grc' dir='ltr'>ι</span> <span class='ocrx_word' id='word_1_556' title='bbox 753 5012 1124 5069; x_wconf 89' lang='lat' dir='ltr'><strong>Serenissime</strong></span> <span class='ocrx_word' id='word_1_557' title='bbox 1171 5011 1462 5080; x_wconf 89' lang='lat' dir='ltr'><strong>Princeps.</strong></span> <span class='ocrx_word' id='word_1_558' title='bbox 1524 5010 1767 5081; x_wconf 84' lang='lat' dir='ltr'><strong>Nuperis</strong></span> <span class='ocrx_word' id='word_1_559' title='bbox 1818 5007 2148 5063; x_wconf 87' lang='lat' dir='ltr'><strong>Serenitatis</strong></span> 
     </span>
    </p>
   </div>
   <div class='ocr_carea' id='block_1_82' title="bbox 452 5096 2146 5173">
    <p class='ocr_par' dir='ltr' id='par_1_82' title="bbox 452 5096 2146 5173">
     <span class='ocr_line' id='line_1_82' title="bbox 452 5096 2146 5173; baseline -0.004 -17"><span class='ocrx_word' id='word_1_560' title='bbox 452 5109 676 5166; x_wconf 64' lang='lat' dir='ltr'><strong>vestrm,</strong></span> <span class='ocrx_word' id='word_1_561' title='bbox 706 5102 914 5173; x_wconf 90' lang='lat' dir='ltr'><strong>quibus</strong></span> <span class='ocrx_word' id='word_1_562' title='bbox 944 5099 1053 5153; x_wconf 90' lang='lat' dir='ltr'><strong>sibi</strong></span> <span class='ocrx_word' id='word_1_563' title='bbox 1099 5098 1317 5167; x_wconf 89' lang='lat' dir='ltr'><strong>aliquid</strong></span> <span class='ocrx_word' id='word_1_564' title='bbox 1365 5098 1433 5151; x_wconf 90' lang='lat' dir='ltr'><strong>de</strong></span> <span class='ocrx_word' id='word_1_565' title='bbox 1481 5098 1739 5168; x_wconf 88' lang='lat' dir='ltr'><strong>reliquiis</strong></span> <span class='ocrx_word' id='word_1_566' title='bbox 1786 5098 1840 5151; x_wconf 91' lang='lat' dir='ltr'><strong>S.</strong></span> <span class='ocrx_word' id='word_1_567' title='bbox 1899 5096 2146 5163; x_wconf 87' lang='lat' dir='ltr'><strong>Henrici,</strong></span> 
     </span>
    </p>
   </div>
   <div class='ocr_carea' id='block_1_83' title="bbox 454 5184 2147 5255">
    <p class='ocr_par' dir='ltr' id='par_1_83' title="bbox 454 5184 2147 5255">
     <span class='ocr_line' id='line_1_83' title="bbox 454 5184 2147 5255; baseline -0.008 -6"><span class='ocrx_word' id='word_1_568' title='bbox 454 5192 706 5249; x_wconf 59' lang='lat' dir='ltr'><strong>ecclesia</strong></span> <span class='ocrx_word' id='word_1_569' title='bbox 738 5206 879 5243; x_wconf 77' lang='lat' dir='ltr'><strong>meae</strong></span> <span class='ocrx_word' id='word_1_570' title='bbox 921 5185 1356 5255; x_wconf 80' lang='lat' dir='ltr'><strong>Bambergensis</strong></span> <span class='ocrx_word' id='word_1_571' title='bbox 1407 5184 1638 5255; x_wconf 90' lang='lat' dir='ltr'><strong>patroni</strong></span> <span class='ocrx_word' id='word_1_572' title='bbox 1697 5188 1753 5237; x_wconf 89' lang='lat' dir='ltr'><strong>et</strong></span> <span class='ocrx_word' id='word_1_573' title='bbox 1808 5184 2147 5247; x_wconf 87' lang='lat' dir='ltr'><strong>fundatoris,</strong></span> 
     </span>
    </p>
   </div>
   <div class='ocr_carea' id='block_1_84' title="bbox 452 5272 2151 5344">
    <p class='ocr_par' dir='ltr' id='par_1_84' title="bbox 452 5272 2151 5344">
     <span class='ocr_line' id='line_1_84' title="bbox 452 5272 2151 5344; baseline -0.006 -8"><span class='ocrx_word' id='word_1_574' title='bbox 452 5278 870 5336; x_wconf 84' lang='lat' dir='ltr'><strong>communicari</strong></span> <span class='ocrx_word' id='word_1_575' title='bbox 923 5276 1211 5344; x_wconf 89' lang='lat' dir='ltr'><strong>cupiebat,</strong></span> <span class='ocrx_word' id='word_1_576' title='bbox 1270 5273 1650 5328; x_wconf 90' lang='lat' dir='ltr'><strong>obedivissem</strong></span> <span class='ocrx_word' id='word_1_577' title='bbox 1697 5272 2059 5342; x_wconf 86' lang='lat' dir='ltr'><strong>quantocius,</strong></span> <span class='ocrx_word' id='word_1_578' title='bbox 2104 5273 2151 5326; x_wconf 90' lang='lat' dir='ltr'><strong>si</strong></span> 
     </span>
    </p>
   </div>
   <div class='ocr_carea' id='block_1_85' title="bbox 454 5360 2151 5441">
    <p class='ocr_par' dir='ltr' id='par_1_85' title="bbox 454 5360 2151 5441">
     <span class='ocr_line' id='line_1_85' title="bbox 454 5360 2151 5441; baseline -0.007 -17"><span class='ocrx_word' id='word_1_579' title='bbox 454 5369 708 5441; x_wconf 67' lang='lat' dir='ltr'><strong>prefataa</strong></span> <span class='ocrx_word' id='word_1_580' title='bbox 741 5383 882 5421; x_wconf 73' lang='lat' dir='ltr'><strong>mea:</strong></span> <span class='ocrx_word' id='word_1_581' title='bbox 913 5362 1252 5419; x_wconf 88' lang='lat' dir='ltr'><strong>cathedralis</strong></span> <span class='ocrx_word' id='word_1_582' title='bbox 1301 5362 1561 5432; x_wconf 82' lang='lat' dir='ltr'><strong>reliquiae</strong></span> <span class='ocrx_word' id='word_1_583' title='bbox 1610 5362 1681 5417; x_wconf 91' lang='lat' dir='ltr'><strong>ad</strong></span> <span class='ocrx_word' id='word_1_584' title='bbox 1732 5377 1966 5414; x_wconf 85' lang='lat' dir='ltr'><strong>manum</strong></span> <span class='ocrx_word' id='word_1_585' title='bbox 2011 5360 2151 5413; x_wconf 88' lang='lat' dir='ltr'><strong>fuis-</strong></span> 
     </span>
    </p>
   </div>
   <div class='ocr_carea' id='block_1_86' title="bbox 457 5447 2156 5522">
    <p class='ocr_par' dir='ltr' id='par_1_86' title="bbox 457 5447 2156 5522">
     <span class='ocr_line' id='line_1_86' title="bbox 457 5447 2156 5522; baseline -0.007 -11"><span class='ocrx_word' id='word_1_586' title='bbox 457 5447 770 5521; x_wconf 67' lang='lat' dir='ltr'><strong>sent.°Qua3</strong></span> <span class='ocrx_word' id='word_1_587' title='bbox 797 5470 949 5519; x_wconf 90' lang='lat' dir='ltr'><strong>cum,</strong></span> <span class='ocrx_word' id='word_1_588' title='bbox 982 5456 1113 5506; x_wconf 89' lang='lat' dir='ltr'><strong>ante</strong></span> <span class='ocrx_word' id='word_1_589' title='bbox 1130 5451 1374 5522; x_wconf 87' lang='lat' dir='ltr'><strong>primam</strong></span> <span class='ocrx_word' id='word_1_590' title='bbox 1401 5451 1645 5504; x_wconf 88' lang='lat' dir='ltr'><strong>hostium</strong></span> <span class='ocrx_word' id='word_1_591' title='bbox 1673 5448 2075 5520; x_wconf 87' lang='lat' dir='ltr'><strong>irruptionem,</strong></span> <span class='ocrx_word' id='word_1_592' title='bbox 2093 5453 2156 5500; x_wconf 89' lang='lat' dir='ltr'><strong>ut</strong></span> 
     </span>
    </p>
   </div>
   <div class='ocr_carea' id='block_1_87' title="bbox 455 5538 2155 5609">
    <p class='ocr_par' dir='ltr' id='par_1_87' title="bbox 455 5538 2155 5609">
     <span class='ocr_line' id='line_1_87' title="bbox 455 5538 2155 5609; baseline -0.006 -11"><span class='ocrx_word' id='word_1_593' title='bbox 455 5552 838 5609; x_wconf 75' lang='lat' dir='ltr'><strong>servarentur,</strong></span> <span class='ocrx_word' id='word_1_594' title='bbox 892 5540 1207 5596; x_wconf 88' lang='lat' dir='ltr'><strong>necessario</strong></span> <span class='ocrx_word' id='word_1_595' title='bbox 1237 5540 1511 5593; x_wconf 83' lang='lat' dir='ltr'><strong>Villacum</strong></span> <span class='ocrx_word' id='word_1_596' title='bbox 1560 5540 1617 5593; x_wconf 91' lang='lat' dir='ltr'><strong>in</strong></span> <span class='ocrx_word' id='word_1_597' title='bbox 1650 5538 1940 5594; x_wconf 88' lang='lat' dir='ltr'><strong>Carinthia</strong></span> <span class='ocrx_word' id='word_1_598' title='bbox 1975 5542 2155 5590; x_wconf 88' lang='lat' dir='ltr'><strong>trans-</strong></span> 
     </span>
    </p>
   </div>
   <div class='ocr_carea' id='block_1_88' title="bbox 458 5626 2154 5700">
    <p class='ocr_par' dir='ltr' id='par_1_88' title="bbox 458 5626 2154 5700">
     <span class='ocr_line' id='line_1_88' title="bbox 458 5626 2154 5700; baseline -0.007 -13"><span class='ocrx_word' id='word_1_599' title='bbox 458 5632 593 5687; x_wconf 83' lang='lat' dir='ltr'><strong>ferri</strong></span> <span class='ocrx_word' id='word_1_600' title='bbox 620 5633 940 5696; x_wconf 86' lang='lat' dir='ltr'><strong>debuerint,</strong></span> <span class='ocrx_word' id='word_1_601' title='bbox 965 5646 1152 5700; x_wconf 84' lang='lat' dir='ltr'><strong>neque</strong></span> <span class='ocrx_word' id='word_1_602' title='bbox 1200 5629 1471 5682; x_wconf 83' lang='lat' dir='ltr'><strong>hactenus</strong></span> <span class='ocrx_word' id='word_1_603' title='bbox 1520 5628 1589 5681; x_wconf 92' lang='lat' dir='ltr'><strong>ob</strong></span> <span class='ocrx_word' id='word_1_604' title='bbox 1621 5626 1938 5698; x_wconf 85' lang='lat' dir='ltr'><strong>inquietam</strong></span> <span class='ocrx_word' id='word_1_605' title='bbox 1994 5640 2154 5678; x_wconf 91' lang='lat' dir='ltr'><strong>secu-</strong></span> 
     </span>
    </p>
   </div>
   <div class='ocr_carea' id='block_1_89' title="bbox 2252 3138 3955 3215">
    <p class='ocr_par' dir='ltr' id='par_1_89' title="bbox 2252 3138 3955 3215">
     <span class='ocr_line' id='line_1_89' title="bbox 2252 3138 3955 3215; baseline -0.004 -19"><span class='ocrx_word' id='word_1_606' title='bbox 2252 3141 2388 3196; x_wconf 89' lang='lat' dir='ltr'><strong>Rev.</strong></span> <span class='ocrx_word' id='word_1_607' title='bbox 2423 3142 2484 3196; x_wconf 91' lang='lat' dir='ltr'><strong>V.</strong></span> <span class='ocrx_word' id='word_1_608' title='bbox 2525 3141 2679 3195; x_wconf 84' lang='lat' dir='ltr'><strong>hunc</strong></span> <span class='ocrx_word' id='word_1_609' title='bbox 2735 3156 2903 3194; x_wconf 88' lang='lat' dir='ltr'><strong>suum</strong></span> <span class='ocrx_word' id='word_1_610' title='bbox 2958 3145 3227 3195; x_wconf 91' lang='lat' dir='ltr'><strong>conatum</strong></span> <span class='ocrx_word' id='word_1_611' title='bbox 3286 3140 3422 3195; x_wconf 91' lang='lat' dir='ltr'><strong>boni</strong></span> <span class='ocrx_word' id='word_1_612' title='bbox 3460 3138 3777 3195; x_wconf 86' lang='lat' dir='ltr'><strong>consulere</strong></span> <span class='ocrx_word' id='word_1_613' title='bbox 3809 3159 3826 3208; x_wconf 93' lang='lat'><strong>;</strong></span> <span class='ocrx_word' id='word_1_614' title='bbox 3860 3160 3955 3215; x_wconf 47' lang='lat' dir='ltr'><strong>sp.</strong></span> 
     </span>
    </p>
   </div>
   <div class='ocr_carea' id='block_1_90' title="bbox 2253 3228 3954 3300">
    <p class='ocr_par' dir='ltr' id='par_1_90' title="bbox 2253 3228 3954 3300">
     <span class='ocr_line' id='line_1_90' title="bbox 2253 3228 3954 3300; baseline 0.002 -16"><span class='ocrx_word' id='word_1_615' title='bbox 2253 3246 2409 3285; x_wconf 85' lang='lat' dir='ltr'><strong>rasse</strong></span> <span class='ocrx_word' id='word_1_616' title='bbox 2440 3244 2498 3284; x_wconf 89' lang='lat' dir='ltr'><strong>se</strong></span> <span class='ocrx_word' id='word_1_617' title='bbox 2532 3229 2767 3300; x_wconf 88' lang='lat' dir='ltr'><strong>quidem</strong></span> <span class='ocrx_word' id='word_1_618' title='bbox 2789 3228 3005 3300; x_wconf 90' lang='lat' dir='ltr'><strong>aliquid</strong></span> <span class='ocrx_word' id='word_1_619' title='bbox 3041 3229 3228 3299; x_wconf 90' lang='lat' dir='ltr'><strong>majus</strong></span> <span class='ocrx_word' id='word_1_620' title='bbox 3256 3228 3327 3282; x_wconf 91' lang='lat' dir='ltr'><strong>ab</strong></span> <span class='ocrx_word' id='word_1_621' title='bbox 3376 3229 3676 3299; x_wconf 87' lang='lat' dir='ltr'><strong>Episcopo,</strong></span> <span class='ocrx_word' id='word_1_622' title='bbox 3712 3233 3954 3286; x_wconf 75' lang='lat' dir='ltr'><strong>maxim</strong></span> 
     </span>
    </p>
   </div>
   <div class='ocr_carea' id='block_1_91' title="bbox 2254 3316 3954 3391">
    <p class='ocr_par' dir='ltr' id='par_1_91' title="bbox 2254 3316 3954 3391">
     <span class='ocr_line' id='line_1_91' title="bbox 2254 3316 3954 3391; baseline -0.001 -19"><span class='ocrx_word' id='word_1_623' title='bbox 2254 3324 2380 3391; x_wconf 88' lang='lat' dir='ltr'><strong>post</strong></span> <span class='ocrx_word' id='word_1_624' title='bbox 2410 3318 2763 3390; x_wconf 89' lang='lat' dir='ltr'><strong>amplissima</strong></span> <span class='ocrx_word' id='word_1_625' title='bbox 2794 3322 2849 3372; x_wconf 91' lang='lat' dir='ltr'><strong>et</strong></span> <span class='ocrx_word' id='word_1_626' title='bbox 2895 3316 3211 3373; x_wconf 89' lang='lat' dir='ltr'><strong>identidem</strong></span> <span class='ocrx_word' id='word_1_627' title='bbox 3260 3318 3504 3388; x_wconf 89' lang='lat' dir='ltr'><strong>repetita</strong></span> <span class='ocrx_word' id='word_1_628' title='bbox 3532 3317 3878 3388; x_wconf 82' lang='lat' dir='ltr'><strong>promissa,</strong></span> <span class='ocrx_word' id='word_1_629' title='bbox 3910 3339 3954 3375; x_wconf 69' lang='lat' dir='ltr'><strong>St</strong></span> 
     </span>
    </p>
   </div>
   <div class='ocr_carea' id='block_1_92' title="bbox 2254 3406 3927 3478">
    <p class='ocr_par' dir='ltr' id='par_1_92' title="bbox 2254 3406 3927 3478">
     <span class='ocr_line' id='line_1_92' title="bbox 2254 3406 3927 3478; baseline 0 -15"><span class='ocrx_word' id='word_1_630' title='bbox 2254 3409 2343 3463; x_wconf 89' lang='lat' dir='ltr'><strong>his</strong></span> <span class='ocrx_word' id='word_1_631' title='bbox 2372 3424 2477 3478; x_wconf 92' lang='lat' dir='ltr'><strong>pro</strong></span> <span class='ocrx_word' id='word_1_632' title='bbox 2509 3408 2615 3461; x_wconf 89' lang='lat' dir='ltr'><strong>hoc</strong></span> <span class='ocrx_word' id='word_1_633' title='bbox 2638 3413 2897 3477; x_wconf 88' lang='lat' dir='ltr'><strong>tempore</strong></span> <span class='ocrx_word' id='word_1_634' title='bbox 2949 3406 3158 3461; x_wconf 90' lang='lat' dir='ltr'><strong>debere</strong></span> <span class='ocrx_word' id='word_1_635' title='bbox 3215 3421 3275 3461; x_wconf 90' lang='lat' dir='ltr'><strong>se</strong></span> <span class='ocrx_word' id='word_1_636' title='bbox 3324 3412 3661 3460; x_wconf 89' lang='lat' dir='ltr'><strong>contentum</strong></span> <span class='ocrx_word' id='word_1_637' title='bbox 3727 3423 3927 3477; x_wconf 84' lang='lat' dir='ltr'><strong>esse,</strong></span> 
     </span>
    </p>
   </div>
   <div class='ocr_carea' id='block_1_93' title="bbox 2254 3495 3951 3567">
    <p class='ocr_par' dir='ltr' id='par_1_93' title="bbox 2254 3495 3951 3567">
     <span class='ocr_line' id='line_1_93' title="bbox 2254 3495 3951 3567; baseline 0.002 -19"><span class='ocrx_word' id='word_1_638' title='bbox 2254 3497 2505 3551; x_wconf 75' lang='lat' dir='ltr'><strong>vicissim</strong></span> <span class='ocrx_word' id='word_1_639' title='bbox 2538 3512 2740 3567; x_wconf 91' lang='lat' dir='ltr'><strong>rogare</strong></span> <span class='ocrx_word' id='word_1_640' title='bbox 2787 3500 2853 3551; x_wconf 88' lang='lat' dir='ltr'><strong>ut</strong></span> <span class='ocrx_word' id='word_1_641' title='bbox 2882 3500 2939 3550; x_wconf 89' lang='lat' dir='ltr'><strong>et</strong></span> <span class='ocrx_word' id='word_1_642' title='bbox 2993 3496 3127 3550; x_wconf 89' lang='lat' dir='ltr'><strong>Rev.</strong></span> <span class='ocrx_word' id='word_1_643' title='bbox 3161 3496 3223 3549; x_wconf 89' lang='lat' dir='ltr'><strong>V.</strong></span> <span class='ocrx_word' id='word_1_644' title='bbox 3257 3495 3597 3549; x_wconf 90' lang='lat' dir='ltr'><strong>tenuitatem</strong></span> <span class='ocrx_word' id='word_1_645' title='bbox 3622 3495 3828 3565; x_wconf 86' lang='lat' dir='ltr'><strong>hujus</strong></span> <span class='ocrx_word' id='word_1_646' title='bbox 3870 3516 3951 3555; x_wconf 78' lang='grc' dir='ltr'>ω</span> 
     </span>
    </p>
   </div>
   <div class='ocr_carea' id='block_1_94' title="bbox 2254 3586 3061 3655">
    <p class='ocr_par' dir='ltr' id='par_1_94' title="bbox 2254 3586 3061 3655">
     <span class='ocr_line' id='line_1_94' title="bbox 2254 3586 3061 3655; baseline -0.005 -14"><span class='ocrx_word' id='word_1_647' title='bbox 2254 3586 2478 3641; x_wconf 90' lang='lat' dir='ltr'><strong>nusculi</strong></span> <span class='ocrx_word' id='word_1_648' title='bbox 2510 3602 2627 3640; x_wconf 92' lang='lat' dir='ltr'><strong>non</strong></span> <span class='ocrx_word' id='word_1_649' title='bbox 2648 3590 3003 3655; x_wconf 86' lang='lat' dir='ltr'><strong>aspernetur.</strong></span> <span class='ocrx_word' id='word_1_650' title='bbox 3042 3607 3061 3631; x_wconf 75' lang='grc' dir='ltr'>ι</span> 
     </span>
    </p>
   </div>
   <div class='ocr_carea' id='block_1_95' title="bbox 2326 3671 3954 3743">
    <p class='ocr_par' dir='ltr' id='par_1_95' title="bbox 2326 3671 3954 3743">
     <span class='ocr_line' id='line_1_95' title="bbox 2326 3671 3954 3743; baseline 0.001 -14"><span class='ocrx_word' id='word_1_651' title='bbox 2326 3677 2413 3729; x_wconf 80' lang='lat'><strong>52.</strong></span> <span class='ocrx_word' id='word_1_652' title='bbox 2499 3674 2728 3729; x_wconf 76' lang='lat' dir='ltr'><strong>Minime</strong></span> <span class='ocrx_word' id='word_1_653' title='bbox 2801 3689 2932 3727; x_wconf 83' lang='lat' dir='ltr'><strong>vero</strong></span> <span class='ocrx_word' id='word_1_654' title='bbox 2964 3677 3298 3743; x_wconf 90' lang='lat' dir='ltr'><strong>aspernatus</strong></span> <span class='ocrx_word' id='word_1_655' title='bbox 3360 3676 3443 3725; x_wconf 91' lang='lat' dir='ltr'><strong>est</strong></span> <span class='ocrx_word' id='word_1_656' title='bbox 3471 3671 3954 3742; x_wconf 85' lang='lat' dir='ltr'><strong>pretiosissimu</strong></span> 
     </span>
    </p>
   </div>
   <div class='ocr_carea' id='block_1_96' title="bbox 2255 3760 3953 3836">
    <p class='ocr_par' dir='ltr' id='par_1_96' title="bbox 2255 3760 3953 3836">
     <span class='ocr_line' id='line_1_96' title="bbox 2255 3760 3953 3836; baseline 0.001 -18"><span class='ocrx_word' id='word_1_657' title='bbox 2255 3764 2471 3818; x_wconf 91' lang='lat' dir='ltr'><strong>donum</strong></span> <span class='ocrx_word' id='word_1_658' title='bbox 2534 3764 2594 3817; x_wconf 92' lang='lat' dir='ltr'><strong>P.</strong></span> <span class='ocrx_word' id='word_1_659' title='bbox 2630 3762 3069 3827; x_wconf 78' lang='lat' dir='ltr'><strong>Mundbrottius,</strong></span> <span class='ocrx_word' id='word_1_660' title='bbox 3119 3777 3317 3814; x_wconf 88' lang='lat' dir='ltr'><strong>verum</strong></span> <span class='ocrx_word' id='word_1_661' title='bbox 3346 3760 3500 3830; x_wconf 91' lang='lat' dir='ltr'><strong>ipsas</strong></span> <span class='ocrx_word' id='word_1_662' title='bbox 3530 3760 3655 3813; x_wconf 90' lang='lat' dir='ltr'><strong>illas</strong></span> <span class='ocrx_word' id='word_1_663' title='bbox 3687 3763 3953 3836; x_wconf 84' lang='lat' dir='ltr'><strong>reliqu;</strong></span> 
     </span>
    </p>
   </div>
   <div class='ocr_carea' id='block_1_97' title="bbox 2254 3848 3954 3920">
    <p class='ocr_par' dir='ltr' id='par_1_97' title="bbox 2254 3848 3954 3920">
     <span class='ocr_line' id='line_1_97' title="bbox 2254 3848 3954 3920; baseline 0.002 -14"><span class='ocrx_word' id='word_1_664' title='bbox 2254 3869 2407 3906; x_wconf 89' lang='lat' dir='ltr'><strong>anno</strong></span> <span class='ocrx_word' id='word_1_665' title='bbox 2441 3851 2789 3920; x_wconf 77' lang='lat' dir='ltr'><strong>insequenti,</strong></span> <span class='ocrx_word' id='word_1_666' title='bbox 2820 3866 3010 3904; x_wconf 88' lang='lat' dir='ltr'><strong>mense</strong></span> <span class='ocrx_word' id='word_1_667' title='bbox 3052 3848 3395 3919; x_wconf 89' lang='lat' dir='ltr'><strong>Septembri,</strong></span> <span class='ocrx_word' id='word_1_668' title='bbox 3426 3851 3829 3920; x_wconf 69' lang='lat' dir='ltr'><strong>praasentavit.</strong></span> <span class='ocrx_word' id='word_1_669' title='bbox 3876 3856 3954 3910; x_wconf 85' lang='lat' dir='ltr'><strong>[Il</strong></span> 
     </span>
    </p>
   </div>
   <div class='ocr_carea' id='block_1_98' title="bbox 2254 3936 3954 4009">
    <p class='ocr_par' dir='ltr' id='par_1_98' title="bbox 2254 3936 3954 4009">
     <span class='ocr_line' id='line_1_98' title="bbox 2254 3936 3954 4009; baseline -0.001 -16"><span class='ocrx_word' id='word_1_670' title='bbox 2254 3940 2533 3995; x_wconf 87' lang='lat' dir='ltr'><strong>strissimo</strong></span> <span class='ocrx_word' id='word_1_671' title='bbox 2553 3941 2614 3994; x_wconf 91' lang='lat' dir='ltr'><strong>D.</strong></span> <span class='ocrx_word' id='word_1_672' title='bbox 2645 3941 2807 3994; x_wconf 82' lang='lat' dir='ltr'><strong>Joan.</strong></span> <span class='ocrx_word' id='word_1_673' title='bbox 2862 3939 3021 4009; x_wconf 89' lang='lat' dir='ltr'><strong>Bapt.</strong></span> <span class='ocrx_word' id='word_1_674' title='bbox 3069 3938 3139 3991; x_wconf 90' lang='lat' dir='ltr'><strong>de</strong></span> <span class='ocrx_word' id='word_1_675' title='bbox 3174 3937 3405 3991; x_wconf 80' lang='lat' dir='ltr'><strong>Alteriis</strong></span> <span class='ocrx_word' id='word_1_676' title='bbox 3437 3936 3711 4007; x_wconf 89' lang='lat' dir='ltr'><strong>episcopo</strong></span> <span class='ocrx_word' id='word_1_677' title='bbox 3777 3940 3954 3998; x_wconf 64' lang='lat' dir='ltr'><strong>Carr</strong></span> 
     </span>
    </p>
   </div>
   <div class='ocr_carea' id='block_1_99' title="bbox 2254 4024 3954 4095">
    <p class='ocr_par' dir='ltr' id='par_1_99' title="bbox 2254 4024 3954 4095">
     <span class='ocr_line' id='line_1_99' title="bbox 2254 4024 3954 4095; baseline -0.002 -12"><span class='ocrx_word' id='word_1_678' title='bbox 2254 4028 2493 4095; x_wconf 89' lang='lat' dir='ltr'><strong>rinensi,</strong></span> <span class='ocrx_word' id='word_1_679' title='bbox 2588 4024 3037 4082; x_wconf 88' lang='lat' dir='ltr'><strong>Eminentissimi</strong></span> <span class='ocrx_word' id='word_1_680' title='bbox 3129 4024 3448 4080; x_wconf 87' lang='lat' dir='ltr'><strong>Cardinalis</strong></span> <span class='ocrx_word' id='word_1_681' title='bbox 3524 4024 3686 4078; x_wconf 86' lang='lat' dir='ltr'><strong>Urbis</strong></span> <span class='ocrx_word' id='word_1_682' title='bbox 3771 4027 3954 4086; x_wconf 85' lang='lat' dir='ltr'><strong>Vica</strong></span> 
     </span>
    </p>
   </div>
   <div class='ocr_carea' id='block_1_100' title="bbox 2253 4111 3952 4187">
    <p class='ocr_par' dir='ltr' id='par_1_100' title="bbox 2253 4111 3952 4187">
     <span class='ocr_line' id='line_1_100' title="bbox 2253 4111 3952 4187; baseline -0.001 -15"><span class='ocrx_word' id='word_1_683' title='bbox 2253 4118 2402 4172; x_wconf 90' lang='lat' dir='ltr'><strong>vices</strong></span> <span class='ocrx_word' id='word_1_684' title='bbox 2447 4115 2669 4187; x_wconf 91' lang='lat' dir='ltr'><strong>gerenti</strong></span> <span class='ocrx_word' id='word_1_685' title='bbox 2709 4115 2832 4185; x_wconf 89' lang='lat' dir='ltr'><strong>(qui</strong></span> <span class='ocrx_word' id='word_1_686' title='bbox 2870 4119 3067 4185; x_wconf 89' lang='lat' dir='ltr'><strong>postea</strong></span> <span class='ocrx_word' id='word_1_687' title='bbox 3122 4128 3384 4167; x_wconf 89' lang='lat' dir='ltr'><strong>summus</strong></span> <span class='ocrx_word' id='word_1_688' title='bbox 3414 4111 3676 4167; x_wconf 83' lang='lat' dir='ltr'><strong>Pontifex</strong></span> <span class='ocrx_word' id='word_1_689' title='bbox 3701 4112 3850 4171; x_wconf 84' lang='lat' dir='ltr'><strong>fuit.</strong></span> <span class='ocrx_word' id='word_1_690' title='bbox 3895 4122 3952 4176; x_wconf 88' lang='lat' dir='ltr'><strong>C</strong></span> 
     </span>
    </p>
   </div>
   <div class='ocr_carea' id='block_1_101' title="bbox 2253 4201 3952 4276">
    <p class='ocr_par' dir='ltr' id='par_1_101' title="bbox 2253 4201 3952 4276">
     <span class='ocr_line' id='line_1_101' title="bbox 2253 4201 3952 4276; baseline 0.001 -15"><span class='ocrx_word' id='word_1_691' title='bbox 2253 4223 2415 4262; x_wconf 89' lang='lat' dir='ltr'><strong>mens</strong></span> <span class='ocrx_word' id='word_1_692' title='bbox 2447 4206 2507 4276; x_wconf 82' lang='grc' dir='ltr'>Χ)</span> <span class='ocrx_word' id='word_1_693' title='bbox 2532 4203 2957 4275; x_wconf 89' lang='lat' dir='ltr'><strong>approbandas,</strong></span> <span class='ocrx_word' id='word_1_694' title='bbox 3018 4202 3170 4273; x_wconf 86' lang='lat' dir='ltr'><strong>quod</strong></span> <span class='ocrx_word' id='word_1_695' title='bbox 3216 4201 3332 4268; x_wconf 91' lang='lat' dir='ltr'><strong>ille,</strong></span> <span class='ocrx_word' id='word_1_696' title='bbox 3394 4201 3658 4255; x_wconf 87' lang='lat' dir='ltr'><strong>omnibus</strong></span> <span class='ocrx_word' id='word_1_697' title='bbox 3686 4202 3827 4259; x_wconf 86' lang='lat' dir='ltr'><strong>rite</strong></span> <span class='ocrx_word' id='word_1_698' title='bbox 3864 4226 3952 4265; x_wconf 75' lang='lat' dir='ltr'><strong>ex</strong></span> 
     </span>
    </p>
   </div>
   <div class='ocr_carea' id='block_1_102' title="bbox 2253 4290 3952 4363">
    <p class='ocr_par' dir='ltr' id='par_1_102' title="bbox 2253 4290 3952 4363">
     <span class='ocr_line' id='line_1_102' title="bbox 2253 4290 3952 4363; baseline -0.001 -14"><span class='ocrx_word' id='word_1_699' title='bbox 2253 4295 2506 4361; x_wconf 89' lang='lat' dir='ltr'><strong>minatis,</strong></span> <span class='ocrx_word' id='word_1_700' title='bbox 2565 4294 2812 4363; x_wconf 90' lang='lat' dir='ltr'><strong>benigne</strong></span> <span class='ocrx_word' id='word_1_701' title='bbox 2851 4291 3136 4363; x_wconf 59' lang='lat' dir='ltr'><strong>praestitit,</strong></span> <span class='ocrx_word' id='word_1_702' title='bbox 3170 4291 3261 4345; x_wconf 91' lang='lat' dir='ltr'><strong>die</strong></span> <span class='ocrx_word' id='word_1_703' title='bbox 3313 4307 3384 4344; x_wconf 90' lang='lat' dir='ltr'><strong>vu</strong></span> <span class='ocrx_word' id='word_1_704' title='bbox 3436 4290 3649 4344; x_wconf 90' lang='lat' dir='ltr'><strong>mensis</strong></span> <span class='ocrx_word' id='word_1_705' title='bbox 3674 4297 3952 4360; x_wconf 67' lang='lat' dir='ltr'><strong>praedic</strong></span> 
     </span>
    </p>
   </div>
   <div class='ocr_carea' id='block_1_103' title="bbox 2251 4378 3952 4453">
    <p class='ocr_par' dir='ltr' id='par_1_103' title="bbox 2251 4378 3952 4453">
     <span class='ocr_line' id='line_1_103' title="bbox 2251 4378 3952 4453; baseline -0.002 -15"><span class='ocrx_word' id='word_1_706' title='bbox 2251 4388 2449 4438; x_wconf 84' lang='lat' dir='ltr'><strong>tenore</strong></span> <span class='ocrx_word' id='word_1_707' title='bbox 2502 4382 2865 4453; x_wconf 84' lang='lat' dir='ltr'><strong>sequentium</strong></span> <span class='ocrx_word' id='word_1_708' title='bbox 2921 4381 3283 4434; x_wconf 87' lang='lat' dir='ltr'><strong>litterarum:</strong></span> <span class='ocrx_word' id='word_1_709' title='bbox 3328 4398 3359 4432; x_wconf 79' lang='grc' dir='ltr'><strong>α</strong></span> <span class='ocrx_word' id='word_1_710' title='bbox 3393 4378 3676 4432; x_wconf 89' lang='lat' dir='ltr'><strong>Universis</strong></span> <span class='ocrx_word' id='word_1_711' title='bbox 3736 4398 3824 4438; x_wconf 78' lang='lat' dir='ltr'><strong>ac</strong></span> <span class='ocrx_word' id='word_1_712' title='bbox 3894 4390 3952 4443; x_wconf 83' lang='lat' dir='ltr'><strong>si</strong></span> 
     </span>
    </p>
   </div>
   <div class='ocr_carea' id='block_1_104' title="bbox 2252 4466 3945 4543">
    <p class='ocr_par' dir='ltr' id='par_1_104' title="bbox 2252 4466 3945 4543">
     <span class='ocr_line' id='line_1_104' title="bbox 2252 4466 3945 4543; baseline -0.002 -18"><span class='ocrx_word' id='word_1_713' title='bbox 2252 4472 2400 4543; x_wconf 90' lang='lat' dir='ltr'><strong>gulis</strong></span> <span class='ocrx_word' id='word_1_714' title='bbox 2429 4475 2740 4541; x_wconf 70' lang='lat' dir='ltr'><strong>praesentes</strong></span> <span class='ocrx_word' id='word_1_715' title='bbox 2793 4470 3011 4522; x_wconf 91' lang='lat' dir='ltr'><strong>litteras</strong></span> <span class='ocrx_word' id='word_1_716' title='bbox 3050 4466 3391 4537; x_wconf 91' lang='lat' dir='ltr'><strong>inspecturis</strong></span> <span class='ocrx_word' id='word_1_717' title='bbox 3430 4466 3605 4520; x_wconf 81' lang='lat' dir='ltr'><strong>fidem</strong></span> <span class='ocrx_word' id='word_1_718' title='bbox 3629 4466 3945 4531; x_wconf 81' lang='lat' dir='ltr'><strong>facimus</strong></span> 
     </span>
    </p>
   </div>
   <div class='ocr_carea' id='block_1_105' title="bbox 2255 4555 3952 4629">
    <p class='ocr_par' dir='ltr' id='par_1_105' title="bbox 2255 4555 3952 4629">
     <span class='ocr_line' id='line_1_105' title="bbox 2255 4555 3952 4629; baseline 0.001 -15"><span class='ocrx_word' id='word_1_719' title='bbox 2255 4566 2591 4614; x_wconf 88' lang='lat' dir='ltr'><strong>attestamur</strong></span> <span class='ocrx_word' id='word_1_720' title='bbox 2646 4558 2892 4629; x_wconf 88' lang='lat' dir='ltr'><strong>qualiter</strong></span> <span class='ocrx_word' id='word_1_721' title='bbox 2929 4557 3101 4611; x_wconf 87' lang='lat' dir='ltr'><strong>hodie</strong></span> <span class='ocrx_word' id='word_1_722' title='bbox 3159 4572 3350 4609; x_wconf 90' lang='lat' dir='ltr'><strong>coram</strong></span> <span class='ocrx_word' id='word_1_723' title='bbox 3415 4555 3577 4608; x_wconf 91' lang='lat' dir='ltr'><strong>nobis</strong></span> <span class='ocrx_word' id='word_1_724' title='bbox 3630 4556 3834 4615; x_wconf 80' lang='lat' dir='ltr'><strong>allata</strong></span> <span class='ocrx_word' id='word_1_725' title='bbox 3873 4566 3952 4622; x_wconf 79' lang='lat' dir='ltr'><strong>fu</strong></span> 
     </span>
    </p>
   </div>
   <div class='ocr_carea' id='block_1_106' title="bbox 2253 4643 3952 4711">
    <p class='ocr_par' dir='ltr' id='par_1_106' title="bbox 2253 4643 3952 4711">
     <span class='ocr_line' id='line_1_106' title="bbox 2253 4643 3952 4711; baseline -0.001 -8"><span class='ocrx_word' id='word_1_726' title='bbox 2253 4650 2323 4703; x_wconf 91' lang='lat' dir='ltr'><strong>ab</strong></span> <span class='ocrx_word' id='word_1_727' title='bbox 2354 4649 2511 4704; x_wconf 90' lang='lat' dir='ltr'><strong>adm.</strong></span> <span class='ocrx_word' id='word_1_728' title='bbox 2550 4648 2613 4702; x_wconf 90' lang='lat' dir='ltr'><strong>R.</strong></span> <span class='ocrx_word' id='word_1_729' title='bbox 2656 4648 2717 4701; x_wconf 92' lang='lat' dir='ltr'><strong>P.</strong></span> <span class='ocrx_word' id='word_1_730' title='bbox 2774 4646 3042 4701; x_wconf 83' lang='lat' dir='ltr'><strong>Gualtero</strong></span> <span class='ocrx_word' id='word_1_731' title='bbox 3096 4644 3425 4698; x_wconf 82' lang='lat' dir='ltr'><strong>Mundbrott</strong></span> <span class='ocrx_word' id='word_1_732' title='bbox 3473 4643 3788 4701; x_wconf 88' lang='lat' dir='ltr'><strong>Societatis</strong></span> <span class='ocrx_word' id='word_1_733' title='bbox 3872 4654 3952 4711; x_wconf 78' lang='grc' dir='ltr'><strong>,ἰε</strong></span> 
     </span>
    </p>
   </div>
   <div class='ocr_carea' id='block_1_107' title="bbox 2253 4731 3951 4809">
    <p class='ocr_par' dir='ltr' id='par_1_107' title="bbox 2253 4731 3951 4809">
     <span class='ocr_line' id='line_1_107' title="bbox 2253 4731 3951 4809; baseline -0.001 -17"><span class='ocrx_word' id='word_1_734' title='bbox 2253 4755 2359 4809; x_wconf 93' lang='lat' dir='ltr'><strong>pro</strong></span> <span class='ocrx_word' id='word_1_735' title='bbox 2393 4736 2696 4791; x_wconf 81' lang='lat' dir='ltr'><strong>Germania</strong></span> <span class='ocrx_word' id='word_1_736' title='bbox 2733 4735 3065 4798; x_wconf 85' lang='lat' dir='ltr'><strong>Assistente,</strong></span> <span class='ocrx_word' id='word_1_737' title='bbox 3117 4732 3382 4804; x_wconf 64' lang='lat' dir='ltr'><strong>quaedam</strong></span> <span class='ocrx_word' id='word_1_738' title='bbox 3418 4748 3548 4802; x_wconf 89' lang='lat' dir='ltr'><strong>pars</strong></span> <span class='ocrx_word' id='word_1_739' title='bbox 3605 4731 3676 4786; x_wconf 89' lang='lat' dir='ltr'><strong>de</strong></span> <span class='ocrx_word' id='word_1_740' title='bbox 3720 4750 3902 4795; x_wconf 86' lang='lat' dir='ltr'><strong>osse</strong></span> <span class='ocrx_word' id='word_1_741' title='bbox 3948 4764 3951 4799; x_wconf 71' lang='grc'><em>;</em></span> 
     </span>
    </p>
   </div>
   <div class='ocr_carea' id='block_1_108' title="bbox 2254 4821 3938 4893">
    <p class='ocr_par' dir='ltr' id='par_1_108' title="bbox 2254 4821 3938 4893">
     <span class='ocr_line' id='line_1_108' title="bbox 2254 4821 3938 4893; baseline -0.002 -12"><span class='ocrx_word' id='word_1_742' title='bbox 2254 4826 2429 4881; x_wconf 89' lang='lat' dir='ltr'><strong>moris</strong></span> <span class='ocrx_word' id='word_1_743' title='bbox 2456 4826 2510 4880; x_wconf 89' lang='lat' dir='ltr'><strong>S.</strong></span> <span class='ocrx_word' id='word_1_744' title='bbox 2546 4823 2774 4879; x_wconf 85' lang='lat' dir='ltr'><strong>llenrici</strong></span> <span class='ocrx_word' id='word_1_745' title='bbox 2822 4821 3207 4893; x_wconf 84' lang='lat' dir='ltr'><strong>Imperatoris,</strong></span> <span class='ocrx_word' id='word_1_746' title='bbox 3261 4837 3365 4889; x_wconf 87' lang='lat' dir='ltr'><strong>pro</strong></span> <span class='ocrx_word' id='word_1_747' title='bbox 3418 4821 3581 4890; x_wconf 88' lang='lat' dir='ltr'><strong>cujus</strong></span> <span class='ocrx_word' id='word_1_748' title='bbox 3626 4823 3938 4888; x_wconf 76' lang='lat' dir='ltr'><strong>veritate</strong></span> 
     </span>
    </p>
   </div>
   <div class='ocr_carea' id='block_1_109' title="bbox 2254 4908 3952 4978">
    <p class='ocr_par' dir='ltr' id='par_1_109' title="bbox 2254 4908 3952 4978">
     <span class='ocr_line' id='line_1_109' title="bbox 2254 4908 3952 4978; baseline -0.002 -9"><span class='ocrx_word' id='word_1_749' title='bbox 2254 4914 2547 4970; x_wconf 86' lang='lat' dir='ltr'><strong>validitate</strong></span> <span class='ocrx_word' id='word_1_750' title='bbox 2596 4911 2844 4966; x_wconf 89' lang='lat' dir='ltr'><strong>ostendit</strong></span> <span class='ocrx_word' id='word_1_751' title='bbox 2908 4910 3074 4964; x_wconf 90' lang='lat' dir='ltr'><strong>nobis</strong></span> <span class='ocrx_word' id='word_1_752' title='bbox 3131 4908 3477 4963; x_wconf 78' lang='lat' dir='ltr'><strong>sufﬁcientes</strong></span> <span class='ocrx_word' id='word_1_753' title='bbox 3522 4913 3952 4978; x_wconf 64' lang='lat' dir='ltr'><strong>attestatione</strong></span> 
     </span>
    </p>
   </div>
   <div class='ocr_carea' id='block_1_110' title="bbox 2258 4996 3909 5073">
    <p class='ocr_par' dir='ltr' id='par_1_110' title="bbox 2258 4996 3909 5073">
     <span class='ocr_line' id='line_1_110' title="bbox 2258 4996 3909 5073; baseline -0.003 -16"><span class='ocrx_word' id='word_1_754' title='bbox 2258 5019 2502 5073; x_wconf 90' lang='lat' dir='ltr'><strong>cumque</strong></span> <span class='ocrx_word' id='word_1_755' title='bbox 2559 5017 2665 5055; x_wconf 89' lang='lat' dir='ltr'><strong>nos</strong></span> <span class='ocrx_word' id='word_1_756' title='bbox 2703 5000 2888 5071; x_wconf 91' lang='lat' dir='ltr'><strong>ipsam</strong></span> <span class='ocrx_word' id='word_1_757' title='bbox 2947 5013 3164 5051; x_wconf 87' lang='lat' dir='ltr'><strong>sacram</strong></span> <span class='ocrx_word' id='word_1_758' title='bbox 3220 4996 3527 5067; x_wconf 90' lang='lat' dir='ltr'><strong>reliquiam</strong></span> <span class='ocrx_word' id='word_1_759' title='bbox 3561 5001 3624 5051; x_wconf 91' lang='lat' dir='ltr'><strong>ut</strong></span> <span class='ocrx_word' id='word_1_760' title='bbox 3651 5014 3909 5064; x_wconf 81' lang='lat' dir='ltr'><strong>veram</strong></span> 
     </span>
    </p>
   </div>
   <div class='ocr_carea' id='block_1_111' title="bbox 2257 5084 3946 5163">
    <p class='ocr_par' dir='ltr' id='par_1_111' title="bbox 2257 5084 3946 5163">
     <span class='ocr_line' id='line_1_111' title="bbox 2257 5084 3946 5163; baseline -0.003 -16"><span class='ocrx_word' id='word_1_761' title='bbox 2257 5091 2500 5163; x_wconf 87' lang='lat' dir='ltr'><strong>pradicti</strong></span> <span class='ocrx_word' id='word_1_762' title='bbox 2528 5087 2718 5145; x_wconf 89' lang='lat' dir='ltr'><strong>Sancti</strong></span> <span class='ocrx_word' id='word_1_763' title='bbox 2746 5084 3333 5156; x_wconf 89' lang='lat' dir='ltr'><strong>comprobaverimns,</strong></span> <span class='ocrx_word' id='word_1_764' title='bbox 3391 5084 3576 5139; x_wconf 89' lang='lat' dir='ltr'><strong>eidem</strong></span> <span class='ocrx_word' id='word_1_765' title='bbox 3608 5085 3747 5141; x_wconf 85' lang='lat' dir='ltr'><strong>adm</strong></span> <span class='ocrx_word' id='word_1_766' title='bbox 3767 5131 3782 5143; x_wconf 91' lang='lat'><strong>.</strong></span> <span class='ocrx_word' id='word_1_767' title='bbox 3844 5096 3946 5153; x_wconf 69' lang='grc' dir='ltr'><strong>Β,</strong></span> 
     </span>
    </p>
   </div>
   <div class='ocr_carea' id='block_1_112' title="bbox 2262 5172 3943 5241">
    <p class='ocr_par' dir='ltr' id='par_1_112' title="bbox 2262 5172 3943 5241">
     <span class='ocr_line' id='line_1_112' title="bbox 2262 5172 3943 5241; baseline -0.006 -6"><span class='ocrx_word' id='word_1_768' title='bbox 2262 5182 2531 5235; x_wconf 88' lang='lat' dir='ltr'><strong>Gualtero</strong></span> <span class='ocrx_word' id='word_1_769' title='bbox 2584 5193 2712 5231; x_wconf 89' lang='lat' dir='ltr'><strong>eam</strong></span> <span class='ocrx_word' id='word_1_770' title='bbox 2767 5175 2895 5229; x_wconf 89' lang='lat' dir='ltr'><strong>aliis</strong></span> <span class='ocrx_word' id='word_1_771' title='bbox 2925 5173 3202 5238; x_wconf 89' lang='lat' dir='ltr'><strong>donandi,</strong></span> <span class='ocrx_word' id='word_1_772' title='bbox 3264 5188 3328 5227; x_wconf 88' lang='lat' dir='ltr'><strong>ac</strong></span> <span class='ocrx_word' id='word_1_773' title='bbox 3358 5172 3420 5225; x_wconf 90' lang='lat' dir='ltr'><strong>in</strong></span> <span class='ocrx_word' id='word_1_774' title='bbox 3477 5172 3795 5232; x_wconf 85' lang='lat' dir='ltr'><strong>ecclesiam</strong></span> <span class='ocrx_word' id='word_1_775' title='bbox 3841 5200 3943 5241; x_wconf 73' lang='grc' dir='ltr'>ρο</span> 
     </span>
    </p>
   </div>
   <div class='ocr_carea' id='block_1_113' title="bbox 2261 5260 3950 5335">
    <p class='ocr_par' dir='ltr' id='par_1_113' title="bbox 2261 5260 3950 5335">
     <span class='ocr_line' id='line_1_113' title="bbox 2261 5260 3950 5335; baseline -0.003 -12"><span class='ocrx_word' id='word_1_776' title='bbox 2261 5268 2447 5332; x_wconf 88' lang='lat' dir='ltr'><strong>candi,</strong></span> <span class='ocrx_word' id='word_1_777' title='bbox 2475 5271 2540 5320; x_wconf 89' lang='lat' dir='ltr'><strong>ut</strong></span> <span class='ocrx_word' id='word_1_778' title='bbox 2569 5282 2602 5320; x_wconf 91' lang='lat' dir='ltr'><strong>a</strong></span> <span class='ocrx_word' id='word_1_779' title='bbox 2629 5265 2742 5335; x_wconf 92' lang='lat' dir='ltr'><strong>piis</strong></span> <span class='ocrx_word' id='word_1_780' title='bbox 2772 5263 3038 5318; x_wconf 85' lang='lat' dir='ltr'><strong>ﬁdelibus</strong></span> <span class='ocrx_word' id='word_1_781' title='bbox 3067 5262 3327 5315; x_wconf 80' lang='lat' dir='ltr'><strong>venerari</strong></span> <span class='ocrx_word' id='word_1_782' title='bbox 3356 5260 3556 5330; x_wconf 90' lang='lat' dir='ltr'><strong>possit,</strong></span> <span class='ocrx_word' id='word_1_783' title='bbox 3598 5261 3950 5332; x_wconf 59' lang='lat' dir='ltr'><strong>licentiam</strong></span> 
     </span>
    </p>
   </div>
   <div class='ocr_carea' id='block_1_114' title="bbox 2262 5346 3950 5419">
    <p class='ocr_par' dir='ltr' id='par_1_114' title="bbox 2262 5346 3950 5419">
     <span class='ocr_line' id='line_1_114' title="bbox 2262 5346 3950 5419; baseline -0.005 -9"><span class='ocrx_word' id='word_1_784' title='bbox 2262 5356 2589 5410; x_wconf 86' lang='lat' dir='ltr'><strong>facultatem</strong></span> <span class='ocrx_word' id='word_1_785' title='bbox 2624 5351 2682 5405; x_wconf 90' lang='lat' dir='ltr'><strong>iu</strong></span> <span class='ocrx_word' id='word_1_786' title='bbox 2719 5350 2957 5406; x_wconf 87' lang='lat' dir='ltr'><strong>Domino</strong></span> <span class='ocrx_word' id='word_1_787' title='bbox 2988 5348 3354 5403; x_wconf 90' lang='lat' dir='ltr'><strong>concedimus</strong></span> <span class='ocrx_word' id='word_1_788' title='bbox 3401 5352 3457 5400; x_wconf 92' lang='lat' dir='ltr'><strong>et</strong></span> <span class='ocrx_word' id='word_1_789' title='bbox 3486 5346 3950 5419; x_wconf 44' lang='lat' dir='ltr'><strong>impertimur&#39;</strong></span> 
     </span>
    </p>
   </div>
   <div class='ocr_carea' id='block_1_115' title="bbox 2266 5434 3906 5514">
    <p class='ocr_par' dir='ltr' id='par_1_115' title="bbox 2266 5434 3906 5514">
     <span class='ocr_line' id='line_1_115' title="bbox 2266 5434 3906 5514; baseline -0.005 -18"><span class='ocrx_word' id='word_1_790' title='bbox 2266 5457 2512 5514; x_wconf 87' lang='lat' dir='ltr'><strong>quorum</strong></span> <span class='ocrx_word' id='word_1_791' title='bbox 2570 5440 2764 5506; x_wconf 81' lang='lat' dir='ltr'><strong>fidem,</strong></span> <span class='ocrx_word' id='word_1_792' title='bbox 2801 5444 2907 5494; x_wconf 90' lang='lat' dir='ltr'><strong>etc.</strong></span> <span class='ocrx_word' id='word_1_793' title='bbox 2970 5440 3175 5493; x_wconf 85' lang='lat' dir='ltr'><strong>Datum</strong></span> <span class='ocrx_word' id='word_1_794' title='bbox 3212 5437 3431 5501; x_wconf 73' lang='lat' dir='ltr'><strong>Romae,</strong></span> <span class='ocrx_word' id='word_1_795' title='bbox 3480 5435 3587 5489; x_wconf 86' lang='lat' dir='ltr'><strong>hac</strong></span> <span class='ocrx_word' id='word_1_796' title='bbox 3628 5434 3724 5489; x_wconf 92' lang='lat' dir='ltr'><strong>die</strong></span> <span class='ocrx_word' id='word_1_797' title='bbox 3786 5458 3906 5503; x_wconf 68' lang='grc' dir='ltr'>γη</span> 
     </span>
    </p>
   </div>
   <div class='ocr_carea' id='block_1_116' title="bbox 2264 5524 3933 5602">
    <p class='ocr_par' dir='ltr' id='par_1_116' title="bbox 2264 5524 3933 5602">
     <span class='ocr_line' id='line_1_116' title="bbox 2264 5524 3933 5602; baseline -0.002 -20"><span class='ocrx_word' id='word_1_798' title='bbox 2264 5531 2542 5602; x_wconf 86' lang='lat' dir='ltr'><strong>ptembris</strong></span> <span class='ocrx_word' id='word_1_799' title='bbox 2584 5545 2816 5583; x_wconf 72' lang='lat' dir='ltr'><strong>uncxw.</strong></span> <span class='ocrx_word' id='word_1_800' title='bbox 2850 5529 2903 5582; x_wconf 85' lang='lat' dir='ltr'><strong>J.</strong></span> <span class='ocrx_word' id='word_1_801' title='bbox 2958 5527 3018 5581; x_wconf 89' lang='grc' dir='ltr'>Β.</span> <span class='ocrx_word' id='word_1_802' title='bbox 3086 5526 3387 5597; x_wconf 86' lang='lat' dir='ltr'><strong>episcopus</strong></span> <span class='ocrx_word' id='word_1_803' title='bbox 3440 5524 3933 5592; x_wconf 74' lang='lat' dir='ltr'><strong>Camerinensis</strong></span> 
     </span>
    </p>
   </div>
   <div class='ocr_carea' id='block_1_117' title="bbox 2267 5636 2491 5685">
    <p class='ocr_par' dir='ltr' id='par_1_117' title="bbox 2267 5636 2491 5685">
     <span class='ocr_line' id='line_1_117' title="bbox 2267 5636 2491 5685; baseline 0.009 -18"><span class='ocrx_word' id='word_1_804' title='bbox 2267 5636 2491 5685; x_wconf 66' lang='lat' dir='ltr'><strong>gerens.</strong></span> 
     </span>
    </p>
   </div>
  </div>
