3976 6452
413 401 480 452 39

1728 395 1785 446 S.
1832 392 2125 449 IIENRICI
2171 390 2645 447 IMPERATORIS

3878 398 3970 450 40

485 523 571 575 53.
606 519 855 575 Obtenta
911 532 979 570 ea
1025 517 1312 581 facultate,
1358 515 1513 569 haud
1564 515 1663 569 diu
1716 522 1996 568 cessatum
2033 515 2187 567 estA
2226 513 2471 568 caanobii
2530 514 3016 586 Windbergensis,
3069 518 3167 571 sed
3209 535 3323 573 non
3373 520 3517 575 adeo
3575 522 3834 592 plenam,
3886 528 3970 576 nt

414 610 555 681 quin
576 608 831 678 praefata!
859 606 913 661 S.
948 605 1175 660 Henrici
1219 604 1475 676 reliquias
1520 605 1580 658 in
1612 605 1814 658 domus
1846 604 2113 657 Professas

415 700 688 754 Romane
710 696 961 765 templo,
997 697 1128 749 Jesu
1166 694 1449 749 Servatori
1496 710 1675 758 sacro,
1725 692 1915 745 debita
1942 708 2110 746 vene-

415 788 640 841 ratione
681 792 740 839 et
784 786 941 838 cultu
982 784 1422 837 honorarentur.
1475 783 1678 835 Curata
1709 797 1838 833 mox
1873 785 1980 845 est,
2014 787 2114 834 aut

414 882 583 929 antea
621 875 857 928 fortasse
898 874 1013 935 iam
1056 876 1373 942 prmparata
1424 870 1665 938 insignis
1720 870 2111 937 lipsanotlieca

414 970 707 1033 argentea,
768 962 993 1034 qualem
1046 961 1137 1014 hic
1183 960 1526 1029 descriptam
1562 958 1768 1024 cernis,
1809 958 2110 1011 altitudine

411 1054 586 1125 pedes
613 1051 837 1105 circiter
851 1066 971 1115 sex,
993 1048 1292 1102 latitudine
1319 1052 1564 1117 quatuor
1607 1046 1785 1099 ferme
1807 1046 2082 1116 adaequan

412 1149 552 1206 tem,
603 1140 817 1195 allabre
875 1138 1081 1192 factam
1130 1152 1161 1189 a
1223 1134 1568 1206 peritissimo
1612 1134 1765 1187 illius
1832 1134 2111 1205 temporis

413 1228 648 1293 artiﬁce,
698 1226 791 1279 cui
820 1241 893 1278 an
933 1238 1127 1295 parem
1175 1222 1344 1275 modo
1395 1221 1575 1274 Roma
1621 1220 1848 1286 habeat,
1902 1223 2107 1276 merito

413 1315 655 1385 ambigit
706 1314 768 1368 Β.
809 1314 869 1367 Ρ.
931 1310 1256 1366 Franciscus
1309 1310 1532 1362 Wenzel
1581 1309 1935 1364 Assistentite
1963 1312 2104 1365 Ger-

410 1405 649 1460 manicae
706 1401 875 1456 hodie
922 1398 1295 1464 Substitutus,
1347 1397 1509 1467 cujus
1551 1412 1703 1450 curm
1750 1402 1808 1451 et
1852 1398 2103 1452 benevo-

408 1492 601 1548 lentiae
632 1494 888 1560 acceptas
936 1490 1120 1541 refero
1164 1485 1468 1557 plerasque
1495 1501 1694 1539 omnes
1720 1486 1987 1540 deductas
2012 1486 2104 1541 hic

404 1580 658 1646 notitias,
689 1593 818 1631 cum
851 1576 972 1648 ipsa
1012 1573 1415 1639 delineatione,
1448 1590 1513 1627 ex
1548 1590 1663 1645 qua
1692 1574 1890 1629 eadem
1921 1575 1980 1629 in
2025 1591 2103 1628 aes

405 1668 580 1722 incisa
625 1666 946 1730 exhibetur,
1007 1664 1073 1717 ad
1136 1662 1317 1716 sancti
1386 1663 1753 1732 Imperatoris
1832 1663 2095 1734 gloriam,

404 1756 878 1827 probandumque
910 1752 1205 1805 Societatis
1252 1767 1389 1817 erga
1442 1768 1572 1805 eum
1604 1752 1821 1806 cultum
1853 1758 1910 1805 et
1940 1769 2097 1805 reve-

402 1845 663 1899 rentiam.
715 1843 793 1897 Ne
850 1858 982 1894 vero
1038 1841 1326 1894 existimes
1385 1840 1597 1893 minori
1651 1840 1863 1909 pietate
1923 1856 2096 1911 quam

399 1933 583 2003 pretio
628 1932 682 1986 S.
720 1930 945 1986 Henrici
997 1928 1336 1983 memoriam
1371 1928 1497 1981 istic
1529 1928 1717 1993 recoli,
1761 1930 1905 1982 solet
1934 1936 2100 2000 quot-

400 2022 567 2076 annis
615 2019 1033 2091 lipsanotheca,
1074 2020 1404 2070 recurrente
1452 2017 1843 2070 anniversaria
1903 2018 2097 2072 Sancti

395 2110 719 2175 festivitate,
743 2108 801 2160 in
851 2106 1155 2176 magniﬁca
1202 2105 1258 2158 S.
1317 2105 1375 2158 P.
1413 2105 1474 2157 Ν.
1511 2104 1737 2173 Ignatii,
1772 2105 2099 2159 ardentibus

395 2198 524 2268 plus
555 2198 719 2250 solito
748 2195 949 2261 cereis,
979 2210 1077 2247 ara
1114 2192 1343 2264 exponi,
1389 2191 1748 2261 gravioribus
1773 2192 2098 2263 quibusque

398 2287 607 2340 domus
629 2290 841 2339 nostra
889 2282 1150 2336 Patribus
1203 2296 1321 2334 rem
1376 2295 1596 2334 sacram
1630 2296 1697 2333 eo
1748 2279 1840 2333 die
1867 2280 1934 2334 ad
1969 2296 2127 2334 eam.

396 2372 753 2428 facientibus.
815 2370 956 2425 Aliis
1017 2385 1189 2439 porro
1247 2384 1350 2438 per
1405 2384 1623 2422 annum
1672 2367 2093 2436 festivitatibus,

394 2463 455 2516 in
484 2478 579 2515 ara
608 2459 868 2530 principe
907 2475 1036 2512 cum
1099 2456 1472 2512 Ludoviciana
1502 2456 1837 2522 collocatur,
1867 2463 2095 2511 restau-

396 2554 519 2604 rata
548 2547 975 2620 quodammodo
1022 2547 1078 2599 in
1143 2547 1290 2599 Urbe
1344 2545 1545 2599 mundi
1575 2546 1758 2616 capite
1792 2546 2094 2617 utriusque

393 2637 734 2693 sanctissimi
797 2636 1073 2706 Principis
1140 2634 1460 2687 veneranda
1518 2635 1935 2688 recordatione.
1999 2636 2094 2689 His

395 2728 464 2781 de
482 2729 633 2781 culta
668 2726 943 2780 hactenus
994 2724 1221 2777 abunde
1279 2723 1578 2793 expeditis,
1621 2724 1687 2777 ad
1719 2723 1902 2776 Sancti
1936 2728 2091 2789 gesta

393 2831 709 2886 eorumque
741 2814 1045 2884 scriptores
1074 2810 1315 2881 gradum
1345 2811 1596 2865 facimus.

570 2924 597 2987 ἓ
633 2922 719 2976 Vl.
755 2922 1057 2988 Scriptores
1084 2920 1240 2981 Vita),
1276 2918 1480 3042 pilique
1508 2918 1574 2971 de
1604 2918 1660 2971 S.
1692 2919 1919 2971 Henrico

837 3002 845 3010 '
1135 3004 1271 3042 nam
1299 3004 1371 3042 es.

837 3002 845 3010 '
1135 3002 1371 3054 agentes.

2224 603 2304 656 ait
2332 604 2679 669 Grestserus,
2709 609 2880 675 atque
2900 607 3042 675 tipse
3076 608 3444 675 postmodum
3492 610 3730 664 alteram
3763 627 3970 682 repe—

2224 690 2300 744 rit
2353 690 2413 743 in
2476 692 2823 746 monasterio
2883 692 3299 762 Rebdorﬁ‘ensi,
3362 713 3534 767 quam
3600 701 3726 752 1611
3786 704 3970 752 inter

2221 777 2455 832 Sanctos
2521 779 2969 850 Bambergenses
3020 781 3223 849 edidit,
3281 786 3550 839 collatum
3602 803 3732 840 cum
3794 805 3961 859 apu-

2221 869 2443 937 grapho
2501 866 2930 938 Bambergensi,
2987 886 3055 924 ex
3121 888 3234 941 quo
3294 874 3572 927 nonnulla
3646 874 3814 928 auxit
3886 882 3969 927 et.

2218 957 2563 1023 emendavit,
2597 963 2661 1010 ut
2704 959 2966 1028 pluribus
3026 959 3272 1029 explicat
3303 960 3363 1014 in
3416 962 3535 1015 suis
3571 963 3693 1032 jam
3735 964 3965 1017 citatis

2220 1044 2628 1110 natationibus,
2658 1061 2691 1098 a
2725 1062 2855 1115 pag.
2886 1050 2978 1100 79.
3011 1046 3223 1100 Eadem
3260 1048 3504 1102 Gretseri
3545 1049 3809 1117 Legenda
3834 1067 3965 1104 ex-

2218 1138 2331 1186 stat
2354 1133 2413 1187 in
2435 1134 2743 1203 posthuma
2789 1134 2938 1187 Surii
2984 1136 3255 1201 editione,
3316 1137 3542 1192 omissis
3568 1144 3765 1192 tamen
3811 1138 3968 1192 fre-

2217 1223 2524 1293 quentibus
2554 1224 2666 1276 illis
2692 1223 2946 1293 capitnm
3002 1223 3206 1292 titulis,
3264 1241 3410 1296 quos
3437 1230 3495 1281 et
3524 1226 3596 1280 ad
3654 1242 3967 1283 normam

2216 1317 2468 1365 nostram
2528 1311 2947 1366 contrahendos
3020 1313 3370 1367 censuimus.
3452 1314 3716 1382 Ejusdem
3785 1317 3969 1370 Reb-

2215 1399 2488 1453 dorftiani
2507 1398 2718 1453 codicis
2748 1399 3043 1469 exemplar
3072 1400 3221 1453 nacti
3266 1408 3400 1454 sunt
3444 1403 3682 1471 Majores
3716 1407 3965 1470 nostri,

2215 1503 2281 1541 ex
2314 1503 2427 1558 quo
2468 1493 2526 1540 et
2553 1502 2621 1540 ex
2654 1487 2822 1542 Surio
2866 1489 3188 1555 Legendam
3243 1489 3524 1559 integram
3574 1490 3724 1545 infra
3756 1492 3969 1546 dabi-

2212 1592 2362 1641 mus,
2396 1576 2627 1630 lacunas
2656 1592 2754 1629 seu
2804 1575 2993 1629 hiatus
3050 1592 3117 1630 ex
3176 1578 3422 1632 Grctseri
3484 1580 3737 1634 editione
3790 1597 3968 1652 sup-

2209 1664 2455 1735 plendo;
2493 1664 2561 1717 iis
2620 1663 2773 1718 hunc
2812 1665 3300 1720 Commentarium
3373 1668 3463 1721 vel
3517 1668 3576 1722 in
3637 1674 3968 1740 appendi-

2210 1770 2333 1807 cem
2368 1753 2587 1821 rejectis
2613 1768 2741 1823 qute
2789 1752 2857 1805 ad
2907 1752 3157 1806 historiae
3216 1753 3377 1808 tilum
3437 1755 3631 1810 minus
3660 1766 3969 1828 spectare

2212 1841 2579 1906 videbuntur,
2608 1845 2670 1894 ut
2714 1844 2848 1894 sunt
2893 1841 3078 1911 capita
3112 1845 3194 1908 16,
3234 1846 3345 1911 ι17,
3379 1847 3443 1898 18
3499 1848 3554 1899 et
3589 1849 3672 1910 t9,
3703 1849 3966 1918 quibus

2210 1945 2329 1984 non
2366 1927 2421 1983 S.
2484 1928 2711 1983 Henrici
2767 1934 2947 1998 gesta,
2998 1930 3096 1983 sed
3154 1931 3406 1984 ecclesiae
3477 1934 3965 2005 Bambergensis

2210 2018 2509 2089 privilegia
2527 2022 2958 2071 enumerantur.
2981 2018 3183 2071 Totum
3208 2020 3451 2074 Grctseri
3477 2021 3966 2094 Bambergensis

2209 2107 2395 2158 forma
2452 2105 2752 2167 recensuit,
2804 2109 2861 2159 et
2913 2106 3191 2160 volumini
3248 2123 3352 2161 suo
3395 2110 3465 2163 de
3530 2110 3967 2182 Scriptorihus

2208 2194 2547 2259 Germaniae,
2579 2209 2694 2265 quo
2721 2194 3081 2264 potissimum
3125 2196 3493 2253 continentur
3523 2216 3651 2271 qua:
3683 2202 3759 2255 ad
3798 2206 3965 2274 epi-

2208 2287 2500 2351 scopatum
2532 2280 3007 2348 Bambergensem
3038 2284 3350 2353 pertinent,
3382 2302 3496 2340 non
3554 2287 3631 2342 ita
3659 2290 3962 2358 pridem,

2206 2387 2413 2440 nempe
2444 2386 2597 2424 anno
2632 2374 2788 2436 t7t8,
2837 2373 3067 2442 vulgato
3106 2372 3353 2428 inseruit
3412 2376 3658 2430 Joannes
3708 2379 3966 2434 Petrus

2206 2459 2489 2529 Ludewig,
2551 2460 2876 2513 notationes
2927 2460 3181 2531 singulas
3238 2464 3520 2533 capitibus
3573 2466 3692 2519 suis
3743 2470 3969 2541 subji-

2204 2549 2397 2601 ciens:
2446 2548 2609 2616 cujus
2662 2564 2838 2618 opera
2895 2548 2979 2602 uti
3026 2551 3211 2604 visum
3270 2568 3387 2606 non
3449 2558 3553 2619 est,
3598 2555 3761 2609 fonte
3799 2558 3970 2629 ipso

2205 2637 2368 2690 nobis
2396 2642 2616 2707 aperto,
2648 2653 2713 2690 ex
2744 2653 2859 2706 quo
2893 2637 3093 2707 purius
3150 2640 3344 2694 omnia
3378 2641 3596 2696 hauriri
3648 2650 3965 2713 potuere.

2276 2728 2363 2778 336.
2396 2727 2579 2795 Atque
2611 2725 2734 2778 haic
2758 2726 2815 2779 S.
2888 2726 3116 2781 Henrici
3169 2727 3455 2798 Legenda,
3499 2735 3563 2783 ut
3607 2737 3672 2785 ut
3705 2732 3970 2804 imper-

2202 2813 2370 2879 fecta,
2426 2814 2819 2883 vulgatissima
2874 2814 3043 2869 hodie
3101 2820 3159 2870 et
3211 2817 3508 2872 notissima
3559 2824 3659 2886 est,
3709 2838 3745 2874 a
3810 2841 3965 2896 qua

2202 2899 2446 2971 proinde
2479 2900 2859 2954 recedendum
2892 2917 3008 2955 non
3040 2902 3147 2957 fuit
3182 2922 3197 2969 ;
3226 2904 3487 2975 quamvis
3516 2910 3573 2959 et
3600 2907 3782 2962 aliam
3844 2929 3962 2965 ι-ρ-

2200 2988 2451 3059 pererim
2473 3004 2507 3040 a
2546 2987 2720 3041 sciolo
2750 2988 2944 3060 aliquo
2973 3005 3087 3044 non
3118 2991 3277 3045 valde
3336 2992 3575 3064 antiquo
3622 2995 3965 3067 scriptore

456 3083 543 3135 54.
587 3079 641 3135 S.
696 3077 921 3134 Henrici
972 3077 1294 3148 Legendam
1352 3093 1418 3129 ex
1463 3075 1656 3130 saeculi
1721 3076 1831 3139 sui,
1880 3091 2087 3145 nempe
2119 3079 2160 3135 C
2197 3091 2327 3129 cum
2355 3076 2479 3128 Vita
2513 3074 2565 3129 S.
2608 3075 2982 3145 Cunegundis
3039 3078 3421 3148 conjunctam,
3481 3081 3552 3134 de
3599 3098 3712 3152 qua
3754 3086 3961 3143 Heu-

386 3171 472 3224 vel
505 3186 621 3231 xui,
655 3184 816 3223 more.
832 3164 1545 3237 scripsitAnonymus,qui
1575 3164 1887 3218 monachus
1914 3163 2087 3218 fuisse

385 3258 652 3324 videtur;
682 3257 835 3310 idem
867 3256 984 3318 ille,
1018 3255 1245 3325 opinor,
1283 3271 1312 3306 a
1342 3269 1456 3323 quo
1487 3252 1848 3323 postmodum
1878 3254 1933 3306 8.
1976 3253 2085 3305 Cu-

384 3345 667 3415 negundis
698 3349 857 3411 gesta
916 3341 1208 3396 memoriae.
1262 3340 1661 3395 commendata
1712 3347 1864 3406 sunt,
1925 3342 1993 3395 ad
2030 3357 2087 3394 III

385 3434 568 3489 Martii
627 3433 697 3487 ab
778 3430 1135 3486 Henscbenio
1212 3429 1525 3482 illustrata:
1587 3444 1762 3491 more,
1824 3429 2085 3500 inquam,

382 3522 628 3577 istorum
700 3526 1053 3589 temporum.
1112 3534 1247 3572 nam
1294 3518 1669 3588 particulares
1717 3518 2083 3589 potissimum

382 3611 639 3677 virtutes,
702 3608 1154 3664 munificentiam
1212 3607 1271 3661 in
1336 3606 1694 3660 exstruendis
1767 3613 2088 3663 restauran-

384 3699 587 3771 disque
622 3698 895 3758 ecclesiis,
942 3696 1239 3761 miracula,
1284 3699 1340 3747 et
1390 3694 1443 3748 id
1476 3711 1655 3764 genus
1708 3695 1816 3748 alia
1848 3712 2083 3767 percen—

379 3788 512 3855 suit,
549 3787 706 3841 nullo
727 3791 949 3839 servato
980 3799 1171 3837 rerum
1199 3787 1299 3836 aut
1324 3787 1653 3852 temporum
1692 3784 1893 3837 ordine
1930 3800 1943 3851 ;
1974 3784 2087 3838 alia

380 3877 552 3930 etiam
586 3875 924 3939 admiscens,
959 3889 1087 3943 quae
1126 3872 1195 3926 ad
1235 3872 1423 3925 Sancti
1459 3871 1632 3924 vitam
1668 3871 1893 3925 nonnisi
1920 3874 2083 3925 valde

378 3969 598 4018 remote
653 3963 998 4016 referuntur.
1040 3960 1253 4013 Vixisse
1309 3959 1498 4029 ipsum
1561 3960 1771 4012 smculo
1804 3976 1903 4025 xu,
1954 3966 2086 4030 post

377 4053 720 4106 celebratam
771 4050 825 4104 S.
888 4048 1113 4103 Henrici
1162 4047 1675 4111 canonizationem,
1735 4053 1907 4118 atque
1939 4049 2082 4102 adeo

379 4156 523 4212 opus
572 4139 759 4210 ipsum
824 4136 1142 4192 Adelboldo
1222 4135 1616 4203 Ultrajectensi
1665 4135 1954 4205 episcopo,
2013 4152 2081 4189 ex

379 4228 663 4285 monacho
698 4242 796 4280 seu
845 4225 1052 4279 clerico
1114 4223 1414 4278 Laubiensi
1454 4224 1701 4293 primum
1756 4224 2081 4278 consiliario

374 4322 432 4370 et
487 4314 846 4381 cancellario,
913 4314 1117 4369 deinde
1178 4312 1245 4364 ad
1302 4312 1692 4383 episcopatum
1754 4318 1963 4376 evecto,
2025 4319 2082 4368 et

374 4405 627 4460 triennio
680 4408 814 4474 post
861 4401 1132 4456 Sanctum
1191 4400 1481 4458 defuncto.
1545 4399 1791 4454 adscribi
1838 4401 2075 4456 omnino

374 4510 489 4549 non
523 4509 709 4565 posse,
740 4492 911 4563 plane
943 4489 1151 4542 evincit
1207 4490 1502 4541 Gretserus
1561 4488 1619 4542 in
1662 4489 2074 4556 notationibus,

373 4600 503 4653 pag.
537 4585 625 4649 80,
666 4586 867 4652 utpote
924 4595 1055 4635 cum
1115 4580 1283 4651 plura
1330 4584 1746 4633 commemoret
1801 4585 2074 4650 quaatoto

304 4664 311 4669 ’
372 4673 582 4726 seculo
612 4672 667 4726 S.
721 4670 945 4726 Henrici
998 4668 1157 4723 obitu
1215 4668 1534 4739 posteriora
1583 4673 1733 4722 sunt.
1776 4670 1850 4723 De
1901 4668 2101 4736 mira-n

371 4759 513 4812 culis
544 4759 799 4829 loquitur
828 4763 892 4812 ut
920 4757 991 4812 de
1043 4773 1102 4810 re
1133 4756 1309 4810 vett-ri
1339 4772 1510 4827 quam
1554 4772 1586 4809 a
1646 4754 1961 4826 majoribus
1991 4771 2078 4808 ac-

371 4846 608 4916 ceperit,
661 4846 814 4917 quod
865 4845 1177 4917 Adelboldo
1222 4845 1503 4915 quadrare
1554 4860 1922 4915 nequaquam
1974 4860 2072 4914 po-

371 4940 500 4991 test.
535 4934 695 4989 Adde
716 4933 868 5004 quod
910 4932 1120 4987 scribat
1148 4931 1217 4986 de
1250 4933 1417 4987 rebus
1447 4949 1576 5003 qua:
1628 4932 1724 4987 diu
1756 4938 1885 5004 post
1916 4948 2073 4987 mor-

368 5030 485 5078 tem
520 5023 577 5076 S.
612 5020 935 5087 Adelboldi,
993 5024 1058 5074 ut
1085 5019 1156 5073 de
1196 5019 1506 5091 diplomate
1540 5021 1764 5074 Henrici
1791 5022 1862 5075 lll
1893 5021 2068 5091 regis,

369 5112 441 5166 de
475 5109 648 5165 Bullis
692 5106 1002 5163 Clementis
1034 5107 1081 5161 ll
1112 5112 1169 5161 et
1216 5112 1268 5160 et
1301 5107 1502 5161 Leonis
1557 5107 1645 5173 IX,
1678 5108 1748 5162 de
1778 5114 1984 5179 quarto
2017 5113 2073 5163 et

369 5204 526 5253 sexto
557 5197 827 5269 episcopo
879 5194 1283 5266 Bambergensi
1317 5211 1332 5261 ;
1365 5199 1428 5248 ut
1465 5194 1705 5249 dubium
1739 5196 1975 5250 minime
2000 5196 2071 5250 sit

367 5286 510 5358 quin
563 5292 684 5341 toto
743 5284 949 5338 saculo
1037 5284 1283 5355 amplius
1356 5282 1826 5353 compilationem
1903 5284 2067 5339 istam

369 5373 724 5445 praacesserit
751 5372 1122 5427 Adelboldus.

561 5458 901 5517 Pra-dicta'm
954 5460 1138 5513 Vitam
1192 5460 1414 5530 primus
1440 5460 1506 5513 in
1554 5461 1735 5514 lucem
1763 5461 1968 5537 eduxit
1984 5462 2071 5516 vir

369 5548 554 5604 clarus
581 5556 637 5603 et
682 5566 835 5620 saepe
893 5547 1057 5601 nobis
1111 5548 1425 5604 laudandus
1483 5547 1757 5602 Henricus
1786 5548 2066 5614 Canisius,

369 5645 525 5693 tomo
563 5639 627 5691 \‘I
654 5639 919 5711 Antiqum
956 5638 1130 5704 l.ect.,
1165 5655 1192 5691 a
1259 5653 1389 5709 pag.
1448 5639 1571 5706 383,
1619 5653 1681 5693 ex
1742 5637 1937 5693 codice
1968 5637 2066 5692 Ms.

2110 4360 2151 4413 D

2198 3163 2462 3217 schenius
2517 3178 2749 3233 quoque
2798 3164 2967 3218 citato
3017 3167 3280 3237 superius
3328 3169 3448 3222 loco
3508 3171 3817 3239 meminit,
3868 3180 3957 3232 ad

2198 3267 2443 3323 quarum
2474 3252 2686 3304 calcem
2720 3251 2942 3322 adjecta
2970 3259 3056 3306 est
3106 3271 3350 3325 sequens
3378 3255 3731 3329 epigraphc:
3764 3283 3790 3308 ο
3847 3268 3953 3320 Ad

2198 3340 2424 3394 laudem
2453 3343 2508 3391 et
2566 3339 2811 3408 gloriam
2871 3341 3283 3412 omnipotentis
3335 3345 3455 3411 Dei,
3484 3346 3756 3414 gloriosa!
3802 3352 3961 3408 Vir-

2197 3428 2348 3499 ginis
2380 3427 2567 3483 Mariaa
2590 3432 2647 3481 et
2696 3428 2955 3483 omnium
2998 3430 3359 3501 Sanctorum,
3418 3432 3630 3490 ﬁniunt
3657 3435 3961 3498 feliciter

2199 3516 2475 3587 Legenda;
2507 3520 2837 3570 sanctorum
2897 3519 3123 3572 Henrici
3184 3521 3551 3591 Imperatoris
3610 3528 3669 3577 et
3703 3525 3959 3585 Kune-

2196 3604 2405 3674 gundis
2435 3603 2819 3673 Imperatricis
2850 3604 3140 3675 virginum
3185 3612 3243 3659 ct
3288 3607 3627 3678 conjugum,
3675 3625 3956 3673 summ.

2195 3708 2324 3747 cum
2361 3691 2660 3761 diligentia
2689 3691 2985 3762 impressm
3041 3694 3098 3748 in
3150 3696 3365 3749 famosa
3420 3696 3646 3751 civitate
3679 3699 3954 3760 Bruxel-

2196 3780 2338 3834 lensi
2376 3796 2479 3850 per
2512 3779 2733 3833 Fratres
2787 3782 3110 3835 communis
3139 3783 3267 3837 vita:
3308 3783 3367 3837 in
3400 3784 3677 3838 Nazareth
3706 3805 3724 3853 ;
3759 3806 3952 3849 anno

2198 3867 2429 3924 Domini
2454 3866 2952 3924 MCCCCLXXXIV.
2992 3892 3013 3918 ι
3072 3871 3268 3925 Totam
3325 3870 3438 3942 legi
3478 3877 3535 3926 et
3571 3875 3768 3930 evolvi
3816 3876 3949 3940 non

2193 3957 2393 4021 semel,
2435 3953 2564 4009 rudi
2602 3954 2770 4024 stylo,
2809 3957 3045 4012 confuse
3083 3964 3142 4011 et
3180 3958 3523 4014 inconcinne
3583 3976 3691 4031 per
3722 3971 3946 4039 captu

2193 4046 2629 4115 quatuordecim
2687 4043 2990 4115 digestam,
3042 4046 3205 4118 cujus
3271 4048 3402 4119 quis
3465 4055 3664 4103 auctor
3736 4052 3944 4117 fuerit

2194 4149 2259 4187 ex
2283 4135 2457 4189 nullis
2506 4137 2735 4191 indiciis
2777 4135 2969 4205 colligi
3015 4135 3225 4202 potuit.
3254 4137 3339 4190 Ab
3380 4138 3750 4194 Hens’chenio
3832 4160 3940 4203 non

2190 4224 2374 4277 tatnm
2426 4223 2639 4289 inveni,
2700 4225 3072 4289 Nonnosium,
3143 4224 3588 4296 Mompergensis
3648 4238 3938 4293 cmnoliii

2191 4312 2507 4380 custodem,
2542 4314 2933 4369 Germanicam
2970 4315 3219 4383 aliquam
3283 4315 3601 4384 Legendam
3665 4308 3935 4395 compa;

2191 4401 2390 4465 suisse,
2425 4418 2553 4472 qua:
2584 4403 2782 4456 eadem
2818 4401 2937 4472 ipsa
2970 4401 3091 4455 haec
3121 4401 3194 4454 sit
3251 4401 3443 4455 Latine
3472 4418 3655 4457 versa.
3696 4406 3932 4471 νει-αα

2190 4489 2235 4542 si
2268 4494 2417 4543 recte
2461 4491 2816 4545 Hofmannus
2848 4495 2906 4543 et
2957 4489 3057 4543 alii
3106 4496 3395 4558 censeant,
3430 4486 3546 4545 non
3578 4490 3775 4563 hujus
3841 4478 3929 4561 se}

2189 4576 2424 4630 alterius
2454 4578 2805 4632 Germanica:
2835 4577 3112 4647 Legenda:
3155 4578 3399 4647 scriptor
3452 4578 3561 4632 fuit
3587 4585 3926 4649 praedicta

2193 4666 2536 4732 Nonnosius,
2591 4668 2753 4738 cujus
2800 4666 3123 4737 fragmenta
3171 4666 3386 4737 aliqua,
3444 4667 3516 4721 ad
3576 4684 3673 4723 me
3713 4676 3922 4734 missa

2189 4754 2396 4825 reliqui
2445 4756 2634 4827 operis
2711 4756 2865 4809 sitim
2932 4755 3096 4808 facile
3154 4756 3567 4809 exstinxerunt.
3628 4759 3920 4823 Ceterun

2189 4843 2511 4912 Legendam
2574 4845 2737 4897 istam
2800 4843 3248 4911 Bruxellensem,
3306 4859 3373 4897 ex
3423 4845 3918 4910 Germanicover

2185 4947 2304 4985 sam
2333 4948 2475 4998 esse,
2511 4931 2672 4987 nullo
2699 4947 2932 5003 prorsus
2982 4936 3344 5002 argumento,
3389 4932 3506 4986 imo
3550 4948 3663 4988 nec
3690 4937 3914 4999 indici.

2186 5021 2370 5076 evinci
2400 5026 2582 5090 potest

2257 5113 2342 5164 57.
2379 5110 2455 5164 De
2479 5109 2603 5179 ejus
2639 5107 2826 5180 pretio
2876 5108 2956 5162 sic
2986 5111 3239 5163 statuas:
3271 5124 3396 5163 eam
3427 5124 3568 5177 esse,
3610 5118 3687 5167 ut
3724 5118 3908 5178 dice;-

2183 5214 2491 5269 emperam,
2522 5198 2877 5253 inconditam
2926 5197 3325 5252 collectionem
3386 5197 3755 5257 recentioris
3792 5210 3906 5265 seri

2186 5286 2386 5357 ptoris,
2458 5291 2657 5357 utpote
2736 5287 2836 5358 qui
2889 5287 3254 5341 Vincentium
3315 5287 3809 5351 Bellovacensem
3884 5301 3899 5354 ί

2183 5376 2424 5444 Speculo
2482 5375 2762 5429 historiali
2820 5376 3094 5446 appellat,
3156 5380 3453 5446 tamquam
3487 5382 3770 5438 veterem
3835 5390 3899 5442 all

2188 5477 2357 5530 quem
2409 5466 2706 5529 gestorum
2753 5461 2807 5516 S.
2866 5460 3090 5515 Ilenrici
3141 5464 3368 5524 testem,
3429 5477 3604 5531 quem
3637 5464 3898 5530 floruis:

2185 5554 2241 5601 et
2272 5547 2568 5619 scripsisse
2623 5548 2892 5602 novimus
2921 5548 3113 5603 medio
3145 5550 3356 5603 saeculo
3384 5565 3503 5613 xui,
3535 5554 3600 5603 ut
3657 5562 3896 5624 proind

2181 5636 2451 5692 smculum
2474 5636 2912 5693 verosimillime
2955 5636 3140 5710 sapiat
3183 5654 3299 5712 quo
3355 5637 3507 5709 typis
3546 5654 3789 5705 excusa
3821 5669 3891 5707 es:
