3976 6410
62 366 65 388 ι
82 344 91 390 t
1687 338 1725 388 Α

3476 344 3541 396 42

62 478 223 531 tempe
274 477 363 513 xv.
408 459 765 529 Scriptorem
825 459 1037 529 Oppido
1090 458 1389 512 verbosum
1424 474 1567 523 esse,
1634 460 1719 513 vel
1754 463 1793 512 Α
1840 457 2196 512 intercidisse
2250 459 2402 513 haud
2463 460 2625 514 facile
2679 461 2824 516 mihi
2869 465 3209 533 persuadeo.
3281 468 3443 530 Quod
3496 468 3541 519 si

70 548 483 617 ndeintelligas,
516 549 671 617 quod
716 548 772 600 in
834 547 1088 618 prologis
1118 546 1462 600 consuendis
1491 548 1728 617 paginas

68 638 449 707 guatuordecim
511 636 772 707 impleat,
821 636 997 690 dubia
1045 644 1099 688 et
1131 636 1270 689 falsa
1331 637 1513 689 multa
1574 638 1727 690 veris

62 729 352 782 idmiscens.
392 728 460 780 Et
492 726 551 779 in
585 726 711 795 ipso
738 725 973 795 quidem
1007 725 1147 777 Vitae
1176 724 1461 795 principio
1492 724 1724 791 labitur,

58 820 160 869 dum
196 816 244 868 S.
281 815 597 868 Henricum
630 813 1041 867 concorditera
1065 812 1426 883 principibus
1482 812 1725 867 electum

58 905 221 957 asserit
277 919 433 956 anno
496 904 654 964 1003.
710 917 981 971 regnasse
1034 905 1226 954 autem
1283 900 1449 954 annis
1520 901 1726 971 viginti

58 993 240 1045 duobus
271 996 325 1045 et
360 992 626 1061 quinque
675 989 986 1055 mensibus,
1020 1004 1150 1059 quae
1208 994 1265 1042 et
1295 992 1557 1042 sexcenta
1616 988 1724 1041 hu-

58 1080 291 1143 iusmodi,
328 1086 430 1132 aut
472 1080 615 1132 falsa
643 1083 741 1132 aut
770 1093 1074 1149 perperam
1101 1076 1400 1141 adornata,
1458 1075 1725 1130 citatione

56 1173 198 1229 .iiena
225 1185 344 1223 non
364 1168 582 1231 censui,
619 1167 828 1221 nedum
866 1165 1247 1220 restitutione.
1281 1167 1424 1219 Tuto
1458 1164 1723 1229 dixerim,

56 1263 94 1312 in
124 1264 227 1310 tota
247 1273 315 1309 ea
349 1256 641 1326 farragine
690 1260 747 1308 et
778 1254 1095 1325 subjunctis
1146 1254 1332 1309 Officii
1386 1253 1726 1308 lectionibus

54 1348 167 1400 nihil
198 1346 462 1417 reperiri,
493 1344 644 1416 quod
670 1360 785 1397 non
817 1343 993 1414 paulo
1025 1343 1230 1397 melius
1258 1343 1317 1396 in
1348 1343 1584 1414 vulgata
1626 1342 1725 1396 Le-

54 1437 205 1492 aenda
232 1435 571 1505 explicetur,
597 1433 655 1485 in
690 1448 803 1503 qua
834 1432 1207 1486 eruderandaa
1240 1435 1325 1485 tot
1357 1432 1726 1485 difticultates

54 1530 348 1589 nacurrunt,
384 1528 449 1575 ut
515 1537 674 1575 novae
718 1520 949 1575 aliunde
1002 1522 1357 1575 accersenda:
1416 1530 1534 1573 non
1590 1519 1721 1574 sint.

54 1614 393 1667 ltiﬂicultates
441 1611 702 1675 intelligo
752 1610 809 1663 in
871 1626 937 1663 eo
992 1610 1282 1679 praecipue
1328 1609 1720 1672 consistentes,

52 1702 197 1773 quod,
225 1717 356 1753 cum
394 1698 728 1767 hujusmodi
763 1698 1042 1767 Legendm
1074 1698 1267 1751 debita
1301 1699 1423 1751 luce
1454 1696 1723 1751 historica

52 1794 265 1848 pareant.
333 1788 393 1840 in
426 1803 494 1839 eo
554 1786 720 1839 nobis
772 1785 1019 1838 maxime
1072 1785 1453 1839 laborandum
1514 1785 1606 1848 sit,
1659 1788 1724 1838 ut

52 1878 249 1939 ungula
296 1874 586 1929 distinctis
637 1873 753 1927 suis
801 1874 1160 1944 temporibus
1218 1874 1611 1937 innectantur,
1667 1873 1725 1928 in

51 1966 251 2035 quibus,
287 1964 449 2035 quod
492 1962 618 2016 fieri
651 1963 878 2032 poterit,
913 1963 1169 2016 ordinate
1200 1962 1635 2032 componendis,
1671 1967 1728 2015 et

50 2057 95 2106 in
122 2054 331 2123 reliqua
361 2052 493 2105 vita:
524 2052 670 2105 serie
720 2050 1016 2121 dirigenda
1048 2051 1237 2105 omnis
1257 2056 1495 2105 conatus
1535 2056 1728 2105 noster

56 2142 390 2213 potissimum
421 2140 745 2195 desudabit.

108 2236 183 2284 :38.
218 2233 292 2285 Eo
316 2246 425 2284 nos
452 2245 626 2283 onere
660 2229 956 2282 liberasset
986 2227 1289 2282 Adelboldi
1310 2227 1542 2298 egregia
1566 2228 1725 2281 lucu-

52 2321 226 2387 hratio,
269 2318 385 2373 nisi
445 2318 757 2372 maximam
790 2318 913 2385 ejus
945 2322 1167 2387 partem
1218 2317 1385 2371 nobis
1432 2316 1728 2371 invidisset

50 2418 349 2479 temporum
424 2407 720 2478 iniquitas,
781 2423 891 2477 qua
942 2408 1090 2459 male
1148 2405 1388 2475 periisse
1444 2405 1730 2459 censenda

50 2504 133 2559 est,
167 2514 291 2551 cum
349 2497 539 2550 solum
602 2496 987 2565 fragmentum
1045 2494 1112 2548 ad
1166 2510 1267 2547 nos
1324 2494 1651 2564 pervenerit
1697 2509 1728 2545 a

53 2590 285 2639 Gretsero
333 2586 514 2640 etiam
560 2585 711 2638 inter
748 2584 924 2637 dictos
982 2583 1220 2636 Sanctos
1281 2582 1729 2651 Bambergenses

53 2677 338 2739 mlestum,
398 2674 557 2744 quod
587 2672 741 2727 unde
795 2671 1102 2743 acceperit,
1159 2675 1355 2725 monet
1412 2687 1539 2742 pag.
1602 2672 1726 2737 4‘28,

52 2766 124 2815 ubi
153 2765 215 2817 de
256 2768 490 2817 auctore
522 2762 641 2816 haec
674 2778 737 2815 ex
769 2760 1084 2816 Trithemio
1114 2759 1416 2829 descripsit
1448 2777 1460 2813 :
1500 2780 1522 2808 ι
1558 2760 1731 2815 Adel—

52 2852 224 2903 hotdus
263 2851 577 2921 episcopus
604 2848 1003 2917 Trajectensis,
1037 2864 1101 2901 ex
1160 2847 1442 2901 monacho
1501 2846 1730 2901 Ordinis

48 2940 139 2992 divi
167 2940 343 3010 patris
387 2937 683 2993 Benedicti
738 2944 867 3001 etc.,
921 2936 1089 2990 virin
1150 2936 1360 2991 divinis
1419 2935 1729 3006 Scripturis

1840 547 2131 613 acciderit,
2159 548 2551 617 irreparabilis
2611 556 2697 603 est
2758 551 3071 619 insignium
3132 557 3399 610 Actorum
3453 558 3541 623 ja-

1839 640 2018 703 ctura,
2052 652 2235 708 eaque
2268 638 2455 706 majus
2476 638 2646 691 nobis
2676 638 2764 692 sui
2805 640 3140 711 relinquunt
3167 642 3542 706 desiderium,

1838 725 1992 793 quod
2025 739 2091 777 ex
2119 726 2241 777 solo
2293 724 2619 795 fragmento
2646 728 2796 781 clare
2852 730 3255 799 perspicietur,
3307 748 3541 786 accura-

1839 810 2120 865 tissimam
2154 829 2276 867 esse
2314 819 2578 883 oportere
2610 815 2785 869 totius
2843 818 2980 871 Vitae
3035 818 3397 872 Henricianae
3456 838 3541 872 se-

1840 898 2005 967 riem,
2071 900 2117 953 si
2177 901 2379 956 eodem
2431 902 2653 971 ordine,
2711 905 2984 958 methodo
3040 909 3097 958 et
3141 906 3439 975 diligentia
3473 910 3540 962 ad

1838 988 2052 1043 exitum
2085 1006 2278 1061 usque,
2309 991 2586 1060 perducta
2616 996 2723 1059 est,
2751 993 2824 1047 ab
2886 993 3111 1047 oculato
3165 1011 3355 1049 rerum
3418 1012 3541 1049 om-

1839 1076 2000 1130 nium
2031 1082 2324 1147 gestarum
2361 1084 2525 1143 teste,
2558 1095 2743 1149 eoque
2768 1080 3143 1149 integerrimo
3166 1083 3440 1149 antistite,
3472 1084 3542 1137 de

1837 1165 1999 1231 cujus
2045 1165 2352 1234 regimine,
2408 1166 2663 1220 aedificiis
2738 1169 3060 1233 exstructis,
3132 1171 3438 1224 virtutibus
3487 1180 3543 1226 et

1838 1252 2061 1323 scriptis
2088 1254 2315 1307 videndi
2345 1256 2588 1309 Joannes
2619 1272 2651 1308 a
2691 1257 2862 1322 Beka,
2897 1273 3029 1328 pag.
3079 1261 3168 1324 3‘7,
3199 1265 3254 1311 et
3310 1261 3539 1314 Wilhel-

1838 1357 1965 1395 mus
1994 1342 2250 1413 Heda,p.
2290 1346 2419 1409 107;
2458 1345 2654 1414 potius
2705 1362 2877 1416 quam
2932 1347 3179 1414 Vossius,
3244 1349 3343 1419 qui
3391 1354 3538 1405 Ano-

1838 1430 1997 1501 nymi
2026 1448 2192 1502 opus,
2224 1448 2254 1485 a
2288 1432 2513 1485 Canisio
2545 1434 2787 1499 editum,
2820 1450 2951 1489 cum
2983 1436 3374 1491 Adelbodiano
3404 1454 3542 1508 per-

1835 1536 2036 1590 peram
2081 1521 2353 1574 confudit.
2391 1523 2641 1590 Frustra,
2690 1528 2751 1576 ut
2800 1525 2973 1577 semel
3027 1524 3232 1589 dicam,
3281 1544 3311 1579 a
3371 1527 3543 1595 Majo-

1838 1608 1995 1661 rihus
2016 1610 2251 1677 nostris,
2292 1611 2501 1663 frustra
2533 1628 2562 1664 a
2609 1612 2773 1665 nobis
2820 1613 3059 1683 qumsita
3128 1620 3212 1667 est
3267 1616 3542 1669 hactenus

1838 1696 2319 1751 desideratissima
2349 1699 2606 1766 historia,
2640 1715 2814 1771 quam
2848 1701 2893 1753 si
2924 1702 3052 1772 quis
3085 1703 3351 1757 alicunde
3390 1706 3540 1757 refo-

1837 1784 1971 1838 dere
2001 1787 2206 1855 valeat,
2241 1792 2297 1839 et
2325 1804 2427 1840 nos
2455 1792 2510 1841 et
2555 1788 2917 1859 hagiophilos
2951 1790 3251 1845 universos
3300 1792 3541 1847 immor-

1835 1872 2028 1925 taliter
2051 1873 2157 1927 sibi
2186 1873 2523 1944 obstringet.

1908 1963 1995 2015 60.
2030 1961 2192 2025 Quod
2219 1962 2421 2016 habuit
2456 1964 2842 2033 fragmentum
2867 1967 3185 2033 Gretserus,
3219 1968 3439 2038 primus
3481 1970 3539 2022 in

1835 2050 2021 2104 lucem
2068 2051 2368 2121 protraxit,
2429 2068 2493 2105 ex
2570 2069 2684 2123 quo
2740 2054 2928 2124 ipsum
2986 2056 3371 2126 Scriptoribus
3423 2058 3539 2111 suis

1839 2139 2363 2192 Brunswicensibus
2404 2141 2693 2195 accensuit
2717 2142 3051 2208 Leibnitius,
3081 2149 3242 2199 tumo
3278 2146 3318 2212 l,
3346 2162 3375 2198 a
3407 2162 3537 2216 pag.

1837 2227 1963 2295 430,
1997 2226 2055 2279 in
2096 2227 2527 2281 Introductione
2579 2230 2955 2291 submonens,
3014 2253 3041 2282 ‹‹
3075 2250 3200 2303 quae
3234 2234 3541 2288 Adelboldo

1838 2313 2068 2381 desunt,
2114 2315 2323 2367 bonam
2356 2322 2578 2385 partem
2613 2333 2681 2370 ex
2734 2316 2990 2372 Ditmaro
3039 2321 3294 2391 suppleri
3352 2338 3536 2391 posse,

1839 2407 1914 2469 et,
1974 2402 2072 2456 ubi
2105 2402 2155 2455 is
2217 2402 2363 2466 linit,
2425 2419 2491 2456 ex
2551 2405 2723 2458 variis
2782 2406 3090 2472 historicis,
3140 2409 3246 2462 etsi
3308 2410 3543 2463 minoris

1837 2491 2129 2562 ponderis,
2209 2491 2568 2562 spicilegium
2648 2494 3064 2549 instituendum
3147 2514 3289 2559 esse,
3360 2515 3542 2552 messe

1838 2580 2067 2634 amissa.
2104 2598 2130 2631 ι)
2167 2581 2335 2634 Recte
2369 2580 2424 2634 id
2468 2581 2701 2652 quidem
2738 2583 2807 2637 ab
2838 2585 3227 2639 eruditissimo
3254 2587 3375 2639 viro
3406 2604 3541 2653 sug-

1840 2669 2080 2737 geritur,
2111 2672 2168 2720 at
2222 2685 2335 2721 non
2387 2685 2549 2740 mque
2581 2686 2829 2739 pronum
2863 2672 2947 2724 vel
2977 2688 3045 2725 ex
3107 2673 3359 2728 Ditmaro
3417 2674 3541 2746 ipso

1840 2762 2140 2809 centonem
2194 2757 2501 2824 adornare,
2549 2774 2721 2828 quem
2780 2759 2848 2812 ad
2883 2765 3105 2813 exactos
3152 2763 3543 2831 chronologim

1840 2844 2085 2897 calculos
2132 2860 2382 2919 revoces,
2411 2850 2473 2897 ut
2505 2852 2632 2915 pote
2666 2845 2723 2898 in
2782 2847 2992 2917 quibus
3047 2852 3104 2902 et
3150 2851 3540 2921 manuscripts

1842 2938 1896 2986 et
1924 2932 2077 2985 edita
2119 2932 2242 3001 ejus
2274 2932 2465 3002 operis
2527 2934 2876 3003 exemplaria
2943 2952 3361 3009 nonnunquam
3419 2956 3540 2993 ma-

47 3029 303 3081 studiosus
335 3032 395 3081 et
455 3026 740 3091 eruditus,
775 3030 945 3097 atque
978 3025 1037 3078 in
1093 3024 1468 3078 smeularihus
1526 3022 1732 3077 litteris
1773 3021 2046 3077 Cnifeste
2091 3020 2379 3075 aberrant.
2450 3022 2518 3074 Ex
2584 3022 2756 3075 variis
2825 3027 3015 3078 autem
3072 3024 3199 3079 aliis
3255 3026 3542 3081 historicis

42 3117 244 3187 egregie
305 3116 540 3182 doctus,
588 3114 822 3185 ingenio
868 3113 1117 3179 subtilis,
1179 3112 1412 3183 eloquio
1484 3111 1730 3166 disertus

44 3209 210 3258 vitaet
240 3202 683 3259 conversatione
711 3202 1062 3273 prtecipuus,
1112 3206 1169 3256 et
1211 3202 1284 3255 ob
1342 3217 1435 3254 eas
1489 3200 1729 3254 virtutes

42 3294 86 3346 in
115 3294 262 3347 curia
295 3293 355 3347 S.
393 3291 625 3346 Henrici
658 3288 1025 3361 Imperatoris
1065 3305 1276 3359 magno
1317 3288 1376 3342 in
1410 3289 1593 3359 pretio
1629 3287 1727 3341 ha-

40 3384 192 3447 bitus;
226 3382 459 3453 scripsit
491 3380 769 3435 nonnulla
798 3378 949 3432 haud
978 3377 1435 3432 comtemnendm
1467 3376 1729 3431 lectionis

40 3472 315 3540 opuscula,
351 3469 572 3542 quibus
601 3483 816 3521 nomen
878 3482 1044 3520 suum
1103 3464 1347 3537 posteris
1393 3464 1724 3519 notiﬁcavit.

40 3561 70 3613 Ε
98 3561 299 3631 quibus
320 3563 513 3613 exstat
544 3558 669 3610 Vita
717 3561 773 3609 et
805 3560 961 3625 gesta
996 3555 1252 3625 ejusdem
1306 3553 1484 3607 sancti
1542 3554 1726 3623 Impe-

40 3647 503 3713 ratorislienrici,
540 3646 686 3700 liber
733 3661 908 3701 unus.
974 3645 1051 3698 De
1108 3642 1374 3697 laudibus
1426 3642 1481 3695 S.
1538 3642 1730 3695 Crucis

40 3740 177 3792 ωλι.
230 3739 306 3791 De
342 3736 619 3790 laudibus
668 3750 898 3805 quoque
950 3732 1006 3787 S.
1041 3732 1231 3787 Maria!
1291 3731 1385 3785 lib.
1445 3748 1483 3784 t.
1532 3730 1728 3783 Varios

40 3834 185 3880 etiam
211 3842 519 3881 sermones
554 3823 625 3878 de
658 3822 825 3877 laude
855 3822 1195 3876 Sanctorum
1240 3819 1438 3885 edidit,
1501 3825 1558 3873 et
1617 3819 1729 3873 alia

39 3925 131 3968 tam
159 3922 337 3969 metro
370 3929 556 3985 quam
579 3927 770 3982 prosa,
801 3926 929 3982 qum
966 3909 1037 3963 ad
1067 3907 1333 3963 notitiam
1366 3923 1555 3962 meam
1618 3924 1729 3961 non

40 4009 306 4059 venerunt.
342 4003 594 4059 Moritur
622 4001 727 4054 sub
756 3999 1017 4054 Conrado
1046 4000 1199 4069 Imp.
1269 3998 1338 4061 Il,
1400 4014 1551 4051 anno
1610 3997 1726 4050 Do-

40 4096 154 4147 mini
184 4093 421 4148 MXXV’II
477 4090 685 4145 Indict.
734 4105 790 4153 x,
823 4088 1185 4159 episcopatus
1244 4086 1331 4139 sui
1386 4101 1539 4139 anno
1597 4101 1727 4149 xxii,

39 4196 59 4227 θ’
104 4182 376 4235 Kalendas
446 4178 803 4233 Decembris.
838 4196 865 4226 io
929 4178 1052 4230 Haec
1110 4174 1483 4240 Trithemius,
1542 4173 1732 4244 inquit

40 4270 326 4331 ﬁretserus,
393 4269 624 4323 addens
695 4265 851 4337 quod
905 4264 1023 4318 sive
1078 4264 1200 4317 haec
1259 4262 1380 4315 Vita
1428 4262 1503 4315 sit
1556 4278 1729 4333 quam

40 4358 358 4413 Adetboldus
411 4356 670 4427 scripsit,
729 4354 843 4407 sive
898 4368 1041 4419 non,
1072 4350 1392 4422 optandum
1441 4350 1609 4421 plane
1666 4355 1731 4403 ut

40 4448 208 4499 mutila
235 4464 349 4500 non
387 4450 567 4511 esset,
612 4442 767 4514 quod
801 4446 855 4494 et
888 4457 993 4494 nos
1026 4439 1246 4510 pridem
1285 4436 1627 4509 optavimus,
1676 4440 1732 4489 et

40 4534 527 4589 uehementissime
560 4537 762 4602 optare
788 4529 1103 4601 pergimus.

94 4628 166 4675 39.
198 4622 511 4680 Adelboldi
546 4619 908 4691 episcopatus
939 4617 1106 4671 initia
1148 4614 1359 4668 clarius
1415 4612 1586 4667 nobis
1630 4628 1730 4666 ex-

42 4728 263 4777 pressere
287 4712 557 4767 Annales
593 4707 1045 4761 Hildesemenses
1075 4704 1224 4774 apud
1260 4700 1606 4757 Leibnitium
1660 4700 1730 4754 de

42 4802 383 4870 scriptoribus
420 4795 976 4859 Brunswicensibus,
1011 4798 1167 4846 tomo
1203 4792 1246 4856 ῐ,
1280 4807 1411 4861 pag.
1448 4794 1573 4855 72?,
1634 4789 1730 4843 ubi

40 4888 93 4939 ad
118 4906 315 4943 annum
350 4889 449 4944 ΗΧ
481 4886 568 4939 sic
606 4884 822 4938 habent
859 4899 870 4935 :
908 4904 935 4927 ‹‹
989 4880 1297 4935 Ansfeldus
1352 4878 1732 4946 Trajectensis

43 4979 256 5032 ecclesias
286 4978 543 5033 antistes
602 4972 765 5037 obiit,
799 4971 962 5039 cujus
1017 4970 1137 5022 loco
1193 4967 1547 5022 Adelboldus
1602 4982 1730 5021 suc-

42 5067 206 5131 tessit;
244 5094 261 5113 ι.
289 5084 355 5121 ex
390 5081 521 5137 qun
547 5061 715 5115 initio
747 5060 918 5130 plane
967 5056 1313 5126 intelligitur
1357 5055 1511 5125 quod
1562 5055 1734 5110 tradit

50 5154 370 5223 trithemius,
443 5167 590 5207 eum
662 5148 1023 5219 episcopatus
1084 5160 1233 5198 anno
1311 5158 1445 5196 xvnt
1503 5158 1533 5195 e
1593 5142 1733 5196 vivis

46 5251 286 5311 ereptum,
314 5258 451 5297 cum
478 5239 664 5292 vitam
706 5234 1057 5306 protraxerit
1114 5233 1185 5287 ad
1219 5248 1252 5283 v
1313 5230 1435 5285 Kal.
1491 5231 1732 5284 Decem-

48 5330 137 5383 bris
186 5332 434 5387 MXXV'II.
528 5329 713 5382 Porro
791 5340 861 5378 ex
915 5322 1136 5377 laudati
1186 5318 1489 5375 Tritliemii
1543 5318 1733 5373 verbis

48 5420 167 5473 haud
206 5422 445 5473 obscure
500 5413 703 5483 colligi
748 5412 993 5473 videtur,
1056 5408 1336 5463 exstitisse
1407 5407 1531 5478 ejus
1578 5411 1733 5461 tem-

50 5522 177 5575 pore,
198 5509 363 5581 eique
394 5511 614 5561 notum
646 5500 823 5555 fuisse
855 5496 1153 5554 Adelboldi
1185 5513 1349 5569 opus,
1377 5495 1541 5566 cujus
1588 5511 1732 5565 apo-

54 5600 228 5670 grapha
250 5598 450 5652 omnia
482 5595 744 5649 duorum
776 5588 1056 5643 duntaxat
1092 5586 1436 5641 sa'culorum
1489 5584 1728 5639 decursu

316 5706 610 5771 Punon.
667 5696 841 5761 CXL.

1841 3108 2201 3181 spicilegium
2251 3108 2551 3162 instituere
2605 3110 2791 3179 magis
2866 3112 3037 3165 etiam
3107 3113 3349 3169 arduum
3410 3116 3539 3182 erit,

1840 3215 1970 3252 cum
1994 3198 2047 3253 S.
2089 3198 2313 3253 Henrici
2344 3214 2432 3251 res
2462 3203 2645 3268 gestas
2670 3199 2757 3252 vix
2807 3199 2916 3271 ipsi
2960 3200 3229 3257 delibent.
3288 3208 3541 3259 contenti

1839 3286 2294 3355 generalioribus
2342 3286 2624 3350 terminis,
2679 3292 2737 3342 et
2785 3289 3011 3343 confusa
3068 3292 3412 3364 plerumque
3460 3311 3544 3347 re-

1840 3390 1967 3428 rum
2011 3380 2067 3428 et
2096 3380 2423 3445 temporum
2478 3376 2765 3446 congerie,
2826 3379 2981 3432 unde
3022 3395 3136 3432 non
3196 3381 3360 3434 facile
3415 3383 3544 3453 quis

1840 3462 2082 3517 feliciter
2105 3464 2422 3518 emerserit.
2464 3464 2761 3518 Consultat
2812 3464 2989 3520 lector
3040 3468 3296 3522 eruditus
3356 3472 3542 3539 proxi-

1841 3567 2066 3604 morum
2128 3552 2471 3606 szeculorum
2522 3552 2829 3623 scriptores
2889 3555 3155 3609 Ottonem
3216 3556 3538 3628 Frisingen-

1840 3656 1981 3704 sem,
2044 3640 2441 3694 Hermannum
2490 3646 2869 3707 contractum,
2936 3644 3302 3700 Lambertum
3353 3647 3540 3701 Schaf-

1838 3728 2285 3798 naburgensem,
2340 3728 2621 3783 Abbatem
2695 3731 3166 3800 Urspergensem,
3223 3734 3539 3790 Marianum

1840 3814 2069 3869 Scotum
2095 3822 2151 3871 et
2181 3816 2410 3887 quosvis
2443 3817 2607 3884 alios,
2641 3817 2809 3871 fallor
2841 3818 2900 3871 ni
2931 3819 2987 3873 id
3035 3820 3362 3890 experiatur
3388 3825 3541 3893 quod

1841 3905 2003 3959 nobis
2036 3906 2246 3971 evenit,
2275 3921 2484 3977 nempe
2518 3906 2813 3961 distractas
2857 3907 2983 3961 illas
3033 3908 3267 3962 lacinias
3320 3911 3541 3965 difficil-

1841 3994 1977 4049 lime
2033 3995 2101 4048 ad
2174 4000 2385 4049 rectam
2429 3996 2485 4049 S.
2550 3995 2775 4050 Henrici
2835 3996 3132 4050 historiam
3196 3998 3539 4069 exigendas;

1842 4082 2052 4152 quibus
2113 4083 2257 4136 nihil
2313 4082 2553 4136 subsidii
2608 4084 2848 4137 atl‘erent
2900 4084 3231 4139 Vincentius
3270 4093 3370 4141 aut
3407 4089 3540 4155 alii;

1840 4186 2027 4241 neque
2070 4172 2229 4224 Vitus
2292 4172 2388 4225 ille
2445 4172 2812 4243 Arnpekhius
2840 4173 2900 4227 in
2933 4174 3213 4228 Chronico
3255 4176 3541 4247 Bajoario-

1840 4273 1994 4323 rum,
2032 4274 2205 4329 quem
2265 4258 2578 4313 novissimo
2626 4261 3045 4315 Anecdotorum
3103 4280 3341 4317 suorum
3391 4265 3539 4319 The-

1842 4361 2009 4399 sauro
2068 4346 2311 4401 inseruit
2362 4347 2449 4401 vir
2495 4348 2917 4403 eruditissimus
2975 4351 3290 4405 Bernardus
3320 4353 3540 4413 Pezius,

1841 4436 1986 4489 tom.
2019 4434 2112 4500 ΙΙΙ,
2146 4428 2293 4505 part.
2344 4438 2396 4501 3,
2439 4452 2471 4489 a
2501 4438 2744 4503 co|.t2i7,
2792 4437 2931 4491 dum
2968 4438 3026 4492 in
3062 4439 3185 4509 ipso
3235 4440 3539 4510 principio,

1843 4538 1965 4592 cap.
2008 4525 2094 4582 1?,
2139 4523 2212 4575 ad
2240 4539 2331 4576 an.
2372 4524 2529 4591 1014,
2562 4528 2790 4577 revocat
2819 4541 2948 4595 quae
2987 4530 3107 4579 toto
3139 4526 3303 4579 citius
3343 4526 3544 4582 decen-

1844 4611 1940 4664 nio
1975 4611 2280 4681 contigisse
2313 4627 2541 4665 necesse
2567 4616 2670 4677 est,
2704 4617 2767 4666 ut
2793 4618 2998 4667 caetera
3045 4618 3262 4669 taceam
3321 4615 3379 4669 in
3414 4616 3541 4688 qui-

1842 4698 1947 4752 bus
1968 4697 2265 4752 verbosius
2287 4698 2433 4752 ludit
2457 4715 2631 4769 quam
2666 4699 2873 4754 verius.

1915 4791 2001 4842 6|.
2066 4789 2437 4859 Quocumque
2466 4792 2521 4841 te
2579 4789 2837 4856 verteris,
2893 4790 3053 4862 paria
3106 4797 3163 4847 et
3214 4792 3544 4849 obscuriora

1845 4874 2124 4943 offendes,
2157 4892 2283 4945 quae
2313 4876 2611 4931 Adelboldi
2642 4877 2995 4935 desiderium
3035 4880 3219 4953 magis
3244 4883 3544 4957 magisque

1844 4965 2179 5018 accendunt.
2216 4966 2410 5036 Neque
2432 4981 2566 5020 vero
2608 4966 2860 5021 instituti
2907 4969 3089 5023 nostri
3131 4976 3216 5024 est
3263 4973 3542 5042 ejusmodi

1845 5052 2107 5107 historias
2169 5059 2494 5121 contexere,
2578 5056 2678 5127 qui
2726 5064 3124 5125 monumenta,
3186 5060 3265 5114 uti
3315 5061 3382 5115 ad
3442 5078 3544 5116 nos

1845 5147 2255 5213 pervenerunt,
2316 5148 2579 5198 excutere
2613 5144 2762 5198 soliti
2821 5162 3039 5211 sumus,
3098 5164 3279 5219 eaque
3324 5149 3545 5221 integra

1844 5230 2104 5297 reddere,
2129 5230 2464 5285 debitaluce
2493 5231 2795 5286 illustrata.
2830 5234 2990 5287 Hunc
3020 5235 3230 5304 legitur
3251 5236 3309 5289 in
3368 5236 3539 5291 finem

1846 5318 1985 5371 satis
2044 5318 2214 5372 nobis
2269 5318 2362 5373 hic
2392 5318 2503 5373 erit
2548 5335 2613 5372 ex
2671 5319 2903 5374 laudato
2937 5320 3209 5387 Ditmaro,
3266 5324 3543 5377 Chronico

1844 5406 2142 5471 Saxonico,
2215 5411 2273 5460 et
2330 5408 2766 5472 Hildesemensi,
2835 5408 3079 5478 aliisque
3148 5408 3544 5479 scriptoribus,

1843 5500 2175 5565 temporum
2240 5495 2445 5549 seriem
2493 5495 2567 5549 ad
2618 5495 3057 5565 chronologicos
3126 5496 3391 5563 calculos,
3443 5515 3547 5569 pro

1847 5598 2007 5637 more
2032 5586 2231 5639 nostro
2260 5582 2342 5637 ita
2373 5583 2666 5647 reducere,
2700 5588 2763 5637 ut
2787 5583 2996 5653 quibus
3050 5584 3117 5638 ad
3179 5585 3544 5640 scribendum

3153 5698 3188 5755 2
