3976 6450
385 330 454 384 43

388 456 572 511 otium
604 459 665 510 et
688 454 860 509 ardor
905 452 1267 517 accesserint,
1300 450 1368 505 ad
1424 466 1549 506 rem
1607 449 1873 505 historice
1924 464 2086 503 exse-
2114 453 2159 504 Α

392 530 681 617 quendam
732 548 972 597 conatus
1037 530 1233 596 noster
1299 540 1627 611 prteluceat.
1687 539 1747 593 Id
1803 537 2093 609 praecipue

396 630 750 688 difﬁcultatis
806 631 865 684 in
927 629 1221 686 Chronicis
1273 628 1385 684 illis
1428 627 1776 683 Germanicis
1823 626 2092 694 occurrit,

397 721 549 792 quod
581 736 696 774 uno
725 720 957 789 saepius,
980 718 1099 772 imo
1126 723 1183 772 et
1237 716 1502 788 pluribus
1530 715 1695 769 annis
1726 716 1796 768 ab
1847 715 2090 769 invicem

398 809 721 870 deilectant,
755 808 906 861 utin
944 805 1285 873 Adelboldo,
1315 806 1587 871 Ditmaro,
1642 803 2093 873 Chronographo

397 899 640 963 Saxone,
711 894 1030 950 Annalibus
1100 892 1625 947 Ilildesemensibus
1695 897 1749 944 et
1803 891 1930 944 aliis
1985 889 2095 944 evi-

398 986 602 1038 denter
644 989 818 1055 patet.
888 984 963 1036 De
1024 998 1090 1036 ea
1123 998 1183 1035 re
1209 981 1528 1051 periculum
1578 979 1764 1033 facere
1805 979 1975 1049 plane
1999 978 2095 1031 ob-

399 1075 553 1127 vium
583 1080 690 1139 est,
726 1071 771 1124 si
807 1070 1209 1133 Adelboldum,
1238 1069 1755 1138 Cbronographum
1816 1067 2093 1120 Saxonem

398 1166 456 1215 et
482 1161 661 1214 dictos
700 1160 950 1214 Annales
980 1174 1109 1211 cum
1143 1158 1396 1212 Ditmaro
1426 1155 1734 1209 contuleris
1767 1170 1782 1221 ;
1814 1154 1899 1208 illi
1940 1156 2093 1208 enim

397 1250 648 1319 primam
688 1248 744 1302 S.
789 1246 1015 1301 Ilenrici
1048 1247 1106 1299 in
1144 1245 1366 1299 Italiam
1400 1244 1823 1315 expeditionem
1870 1243 2095 1297 disertis

397 1335 663 1391 terminis
683 1350 837 1388 anno
869 1335 1005 1388 1004
1037 1335 1357 1401 innectunt,
1388 1348 1563 1403 quam
1627 1333 1937 1397 Ditmarus,
1972 1347 2093 1385 non

397 1422 590 1478 minus
644 1422 926 1493 expressis
978 1421 1165 1475 verbis
1223 1436 1375 1475 anno
1424 1419 1689 1491 sequenti
1744 1420 1897 1483 1005,
1962 1434 2090 1472 cum

396 1510 686 1582 plerisque
736 1510 861 1563 aliis
913 1507 1306 1580 scriptoribus,
1372 1524 1517 1579 quos
1572 1507 1836 1561 moderni
1881 1507 2093 1577 passim

397 1615 528 1654 eum
558 1599 803 1653 Baronio
858 1603 1198 1669 sequuntur,
1255 1597 1574 1668 consignat,
1617 1595 1677 1649 in
1732 1611 1849 1666 qua
1900 1601 2093 1650 tamen

397 1693 560 1760 parte
592 1687 909 1741 Ditmarum
957 1687 1194 1740 omnino
1248 1685 1626 1740 deserendum
1672 1683 2086 1747 existimamus,

396 1776 886 1848 quemadmodum
915 1774 1066 1830 infra
1093 1775 1270 1846 paulo
1300 1773 1482 1828 fusius
1512 1778 1569 1827 et
1598 1772 1807 1826 clarius
1846 1771 2094 1825 demon-

398 1864 695 1919 strabitur.

465 1954 551 2006 5'2.
580 1953 650 2007 Ut
679 1956 872 2005 autem
916 1949 1205 2020 intelligas
1234 1964 1406 2019 quam
1461 1946 1834 2018 imperfectus
1892 1946 2094 2001 hodie-

396 2040 532 2093 dum
565 2045 796 2094 maneat
832 2040 1139 2104 Ditmarus,
1169 2037 1342 2090 etiam
1377 2041 1547 2106 prout
1571 2051 1604 2088 a
1638 2034 1918 2090 Leibnitio
1979 2051 2091 2089 non

395 2128 475 2181 ita
506 2128 729 2199 pridem
771 2127 960 2181 editus
1014 2132 1119 2192 est,
1171 2131 1229 2179 et
1277 2125 1512 2180 Ditmari
1545 2123 1791 2178 restituti
1846 2125 2097 2195 appella-

395 2215 554 2268 tione
619 2215 689 2268 ad
742 2213 1105 2284 splendorem
1175 2214 1439 2279 donatus,
1494 2228 1559 2267 ex
1612 2213 1683 2266 iis
1739 2216 1899 2283 patet
1965 2229 2095 2283 qum

398 2310 596 2357 noster
648 2302 969 2372 Janningus
1026 2301 1223 2371 paucis
1274 2299 1550 2354 indicavit
1630 2306 1787 2353 tomo
1827 2301 1891 2354 VI
1940 2299 2096 2354 Junii

398 2405 531 2460 pag.
564 2392 652 2455 38,
685 2390 893 2461 quibus
935 2390 1088 2443 haud
1147 2404 1327 2460 pauca
1373 2388 1488 2442 alia
1529 2388 1738 2443 similia
1800 2388 2097 2443 observata

398 2484 788 2548 annotataque
825 2477 1083 2548 reliquit;
1117 2492 1246 2547 quae
1275 2476 1471 2530 omnia
1491 2476 1719 2530 tametsi
1760 2476 1830 2530 ab
1877 2476 2095 2530 editore

404 2565 683 2620 Leibnitio
705 2564 1012 2619 emendata
1042 2563 1300 2628 fuissent,
1335 2579 1522 2636 neque
1553 2564 1632 2617 sic
1663 2569 1859 2618 tamen
1917 2563 2096 2618 facilis

400 2658 627 2725 pateret
678 2652 868 2707 aditus
916 2659 976 2705 ut
1040 2668 1106 2706 ex
1145 2652 1397 2707 Ditmaro
1454 2652 1891 2708 continuaretur
1944 2657 2097 2708 recta

401 2741 457 2795 S.
491 2740 715 2795 Ilenrici
778 2741 1035 2808 historia,
1070 2741 1127 2794 ni
1163 2741 1179 2793 i
1212 2740 1343 2811 quis
1392 2740 1553 2811 prius
1591 2740 1651 2794 in
1705 2756 1773 2794 eo
1836 2741 2094 2796 sedulam

402 2844 634 2900 operam
662 2833 859 2899 ponat,
904 2828 971 2881 ad
1024 2827 1347 2883 Chronicon
1406 2829 1554 2883 istud
1621 2830 1680 2883 in
1729 2830 1916 2900 capita
1970 2846 2093 2894 sua,

398 2916 791 2987 paragraphos
813 2922 869 2968 et
897 2931 1171 2969 numeros
1217 2914 1613 2982 dividendum,
1673 2922 1916 2989 eamque
1970 2934 2098 2988 ope-

1691 326 1748 380 S.
1792 325 2076 380 IlENRICl
2119 325 2596 381 IMPERATORIS

3885 322 3974 374 dii

2200 449 2447 519 gloriam
2495 449 2820 516 contulerit,
2868 448 3136 520 proprius
3192 449 3491 519 explorare
3545 464 3662 503 non
3721 444 3957 502 licuit

2204 537 2429 592 defectu
2456 537 2639 609 ipsius
2679 536 2889 607 operis,
2921 535 3078 607 quod
3110 536 3350 590 sollicite
3398 536 3673 590 custodiri
3732 535 3974 590 int?!-

2201 626 2320 696 ligo
2350 641 2365 680 :
2398 632 2476 693 at,
2507 642 2636 680 cum
2670 626 2871 679 vixerit
2902 623 3110 680 smculo
3138 640 3251 690 xw,
3273 629 3554 687 mortuus,
3587 629 3655 678 ut
3682 625 3759 678 ad
3834 635 3974 677 ms

2203 715 2475 787 scriptum
2503 720 2587 769 est
2615 730 2812 769 mense
2855 713 3164 768 Februario
3199 713 3335 767 anni
3385 715 3541 780 1529,
3593 712 3771 766 facile
3808 710 3965 764 col

2201 803 2404 874 ligitur
2459 819 2635 874 quam
2692 802 2753 857 in
2801 818 2906 856 sua
2941 803 3009 855 de
3058 802 3268 855 sanctis
3323 802 3564 855 Henrico
3608 804 3665 854 et
3725 801 3974 854 Crine

2203 893 2398 964 gunde
2438 892 2774 947 Germanica
2816 890 3081 957 historia,
3132 906 3307 954 anno,
3389 896 3453 943 ut
3526 888 3713 952 aiunt,
3782 891 3919 942 i5!
3962 890 3974 939 1

2204 980 2570 1047 edita,ﬁdem
2597 980 2914 1050 promereri
2934 979 3134 1049 possit,
3170 979 3231 1032 in
3261 978 3329 1031 iis
3387 978 3712 1048 prmsertim
3790 992 3974 1046 qua

2202 1073 2502 1140 Anonymo
2528 1074 2720 1122 nostro
2742 1066 3201 1137 ’superaddenda
3223 1066 3526 1136 putaverit.
3584 1066 3748 1121 Alios
3812 1081 3974 1119 nor

2203 1157 2465 1212 novimus
2489 1156 2588 1228 qui
2608 1157 2678 1211 de
2720 1156 2777 1211 S.
2815 1155 3039 1209 Ilenrici
3093 1154 3207 1207 vita
3236 1160 3285 1208 el
3319 1154 3493 1221 gestis
3532 1169 3597 1206 ex
3644 1152 3974 1224 profesSr

2204 1245 2603 1312 tractaverint;
2649 1261 2837 1315 neque
2890 1244 3180 1298 variorum
3205 1243 3529 1313 fragmenta
3559 1247 3661 1296 aut
3716 1242 3974 1309 elogia

2205 1349 2518 1405 congerere
2567 1332 2747 1401 lubet,
2804 1348 2877 1386 ne
2923 1330 3272 1402 importunis
3320 1329 3656 1384 earumdem
3711 1343 3974 1382 rerurr

2203 1421 2643 1493 repetitionibus
2672 1420 2908 1475 taedium
2942 1418 3139 1474 lectori
3182 1418 3372 1491 potius
3401 1434 3574 1490 quam
3634 1418 3974 1490 volupta-

2205 1516 2323 1566 tem
2354 1510 2681 1578 efferamus,
2714 1508 2787 1563 ad
2815 1509 2987 1581 paulo
3018 1507 3246 1562 utiliora
3275 1506 3628 1561 festinantes.

2206 1597 2234 1668 §
2289 1600 2403 1653 VII.
2470 1599 2600 1653 Vita
2654 1598 2709 1651 S.
2772 1596 2999 1651 Ilenrici
3044 1597 3287 1668 Dilinga:
3336 1596 3561 1660 vulgata
3605 1609 3973 1647 uncani

2276 1688 2363 1742 64.
2397 1687 2534 1751 Ome
2565 1686 2657 1740 hic
2675 1686 2963 1756 disputata
2984 1665 3409 1739 sunt'haetenus
3439 1688 3496 1736 et
3511 1698 3688 1753 porro
3719 1682 3973 1752 dispui

2206 1781 2403 1831 tantur
2428 1781 2548 1828 toto
2582 1774 2689 1828 hoc
2709 1774 2778 1827 de
2808 1772 2981 1842 gestis
3008 1772 3062 1827 S.
3109 1771 3336 1826 Ilenrici
3392 1770 3624 1841 praevio,
3673 1770 3769 1824 uti
3856 1787 3974 1823 τοι

2206 1878 2421 1930 camus,
2445 1861 2883 1926 commentario,
2897 1860 3020 1930 jam
3043 1860 3263 1915 dudum
3286 1861 3464 1930 praelo
3491 1864 3690 1931 parata
3725 1867 3973 1913 eranL

2206 1950 2438 2022 quando
2471 1950 2528 2004 in
2554 1950 2815 2003 notitiam
2850 1949 3005 2003 venit
3024 1948 3146 2002 Vita
3175 1964 3463 2019 anonyma
3494 1946 3671 2002 sancti
3729 1948 3837 2001 Im
3852 1964 3974 2018 pen

2205 2038 2431 2101 ratoris,
2482 2037 2723 2107 Dili’ngas
2781 2036 2973 2107 aliquo
3021 2034 3316 2091 Societatis
3347 2040 3554 2089 nostra
3609 2034 3974 2089 sacerdote

2205 2126 2357 2197 typis
2402 2125 2573 2192 edita,
2622 2141 2714 2179 an.
2768 2125 2925 2190 1648,
2977 2124 3176 2179 formis
3230 2123 3587 2179 academicis.
3642 2123 3803 2177 Eam
3886 2128 3974 2176 ut

2206 2212 2543 2283 tempestive
2570 2210 2948 2277 nanciscerer,
2990 2210 3217 2265 nullum
3261 2226 3380 2265 non
3409 2208 3661 2280 lapidem
3728 2210 3974 2274 movi,

2206 2299 2430 2372 scriptis
2461 2299 2522 2354 in
2552 2299 2914 2353 Germaniam
2945 2299 3017 2353 ad
3070 2299 3283 2353 amicos
3331 2297 3555 2363 litteris,
3605 2295 3859 2367 quibus
3898 2298 3974 2353 id

2206 2388 2471 2443 effectum
2493 2393 2580 2443 est
2601 2392 2682 2452 ut,
2714 2387 2936 2442 favente
2967 2404 3194 2458 semper
3221 2387 3286 2441 Β.
3321 2388 3381 2442 Ρ.
3424 2385 3652 2440 Nicolao
3712 2385 3974 2449 Pottu,

2206 2476 2434 2547 collegii
2457 2476 2637 2531 nostri
2670 2475 3105 2545 Bambergensis
3136 2476 3400 2543 Rectore,
3445 2488 3597 2544 sirpe
3650 2472 3825 2527 mihi
3897 2480 3974 2528 et

2205 2566 2414 2620 merito
2446 2565 2518 2620 ob
2548 2570 2813 2619 navatam
2853 2565 3108 2618 sedulam
3134 2572 3191 2618 et
3245 2568 3599 2617 constantem
3660 2578 3974 2631 operam

2208 2654 2517 2719 laudando,
2570 2654 2866 2725 exemplar
2922 2652 3291 2719 obtinuerim,
3342 2651 3411 2706 de
3461 2651 3624 2720 cujus
3669 2656 3974 2705 auctore

2206 2759 2386 2815 pauca
2419 2744 2672 2814 primum
2718 2740 3038 2812 subjiciam,
3062 2747 3185 2794 tum
3217 2741 3285 2794 de
3333 2739 3456 2809 ejus
3492 2738 3768 2793 instituto
3844 2745 3974 2794 to-

2206 2832 2433 2902 tiusque
2473 2830 2732 2901 opusculi
2760 2829 2978 2900 pretio;
3010 2828 3245 2883 demum
3274 2843 3338 2881 ea
3375 2842 3711 2898 percurram
3784 2845 3974 2899 quas

2205 2920 2275 2975 ad
2299 2918 2639 2974 illustrauda
2665 2918 2853 2973 Sancti
2878 2923 3039 2988 gesta
3068 2917 3200 2971 hinc
3228 2916 3359 2971 inde
3384 2915 3687 2971 observatu
3730 2914 3974 2987 digna

398 3003 601 3058 rosiori
631 3002 929 3073 diligentia
951 3003 1135 3057 lucem
1184 3002 1619 3071 aﬂ‘undendam,
1672 3019 1787 3075 quo
1843 3003 2094 3075 singulo-
2126 3007 2167 3061 C
2205 3008 2628 3074 existimavero,
2661 3006 2739 3060 ibi
2767 3005 3082 3076 praesertim
3118 3004 3214 3059 ubi
3245 3004 3447 3059 eadem
3479 3009 3719 3058 tractata
3772 3015 3973 3061 sunt

397 3108 519 3148 rem
555 3108 818 3147 amorum
868 3091 1086 3163 periodi
1118 3093 1272 3148 inter
1299 3108 1358 3146 se
1404 3098 1555 3147 recte
1605 3098 1663 3147 et
1710 3093 1969 3164 apposite
1999 3092 2088 3146 di-

395 3183 793 3252 stinguantur;
824 3182 1018 3252 sicque
1046 3196 1079 3233 a
1139 3181 1335 3236 multis
1381 3180 1833 3248 confusionibus,
1866 3185 1923 3234 et
1963 3180 2095 3235 hinc

396 3270 532 3324 inde
554 3270 845 3323 erroribus
865 3285 1032 3339 opus,
1046 3275 1251 3323 caetera
1266 3268 1828 3334 mslismatissimum,
1842 3267 2094 3323 studiose

397 3357 737 3411 vindicetur.
770 3356 826 3411 Id
861 3355 1004 3409 mihi
1028 3356 1264 3425 quidem
1296 3360 1423 3425 post
1452 3356 1691 3427 longum
1723 3356 1916 3427 operis
1956 3372 2095 3411 exa-

401 3460 531 3498 men
556 3444 637 3498 ita
664 3445 1049 3498 necessarium
1090 3444 1275 3497 visum
1324 3448 1429 3507 est,
1487 3449 1567 3509 ut,
1614 3443 1726 3497 nisi
1773 3443 2096 3498 innumeris

398 3534 522 3587 aliis
555 3532 924 3596 distraherer,
986 3532 1059 3586 ab
1116 3548 1182 3585 ea
1231 3531 1524 3602 provincia
1576 3531 1940 3603 suscipienda
1987 3533 2093 3586 mi-

397 3621 556 3676 nime
587 3619 978 3675 abhorrerem.
1013 3620 1272 3687 Confido,
1341 3619 1469 3674 aliis
1511 3620 1641 3691 plus
1700 3619 1800 3674 otii
1858 3620 1981 3675 fore
2035 3625 2097 3676 ut

396 3707 811 3779 rempublicam
864 3707 1196 3762 litterariam
1247 3713 1365 3761 tam
1396 3706 1571 3778 digno
1617 3722 1855 3761 munere
1931 3724 2093 3762 exor-

397 3803 556 3861 nent,
590 3795 894 3868 vocarique
948 3796 1089 3851 adeo
1138 3797 1272 3867 jure
1329 3797 1512 3867 possit
1561 3797 1859 3867 egregium
1909 3796 2092 3851 Chro-

367 3886 569 3939 -nicon
618 3906 645 3934 α
668 3885 957 3939 Ditmarus
1003 3884 1301 3939 restitutus
1335 3888 1390 3936 et
1429 3883 1769 3937 illustratus.
1789 3903 1817 3935 ι»
1841 3884 1946 3939 Sed
1975 3885 2095 3939 lure

397 3972 580 4026 obiter
606 3972 757 4026 dicta
813 3977 1012 4036 sunto;
1063 3976 1375 4041 supersunt
1424 3971 1791 4026 difficultates
1835 3972 1892 4026 in
1942 3976 2094 4026 Ano-

398 4076 571 4130 nymo
628 4059 1029 4130 explananda,
1116 4076 1363 4130 quarum
1396 4059 1700 4113 nonnullas
1748 4062 1870 4131 jam
1914 4077 2090 4131 supra

397 4147 585 4219 attigi,
616 4163 825 4217 nempe
858 4146 1006 4200 circa
1054 4147 1243 4201 Sancti
1266 4163 1467 4216 genus,
1492 4163 1725 4214 nomen,
1780 4164 2090 4219 agnomen,

397 4242 644 4301 mtatem,
696 4251 910 4289 annum
956 4240 1011 4289 et
1065 4234 1218 4290 diem
1267 4234 1496 4289 obitus:
1556 4250 1766 4305 paucas
1813 4237 1907 4292 hic
1949 4234 2163 4333 aliasl')

397 4323 722 4393 expediam,
762 4324 1013 4394 reliquas
1064 4322 1133 4377 ad
1194 4327 1499 4394 sequentes
1554 4324 1946 4395 paragraphos
2003 4342 2088 4379 re-

397 4411 694 4465 missurus.

467 4501 554 4555 63.
586 4499 708 4552 .lam
733 4497 1021 4554 insinuavi
1053 4514 1168 4553 non
1190 4499 1390 4562 semel,
1418 4500 1598 4555 multa
1630 4500 1686 4553 in
1717 4516 1785 4554 eo
1801 4500 2111 4571 Anonymi

396 4586 661 4642 monachi
695 4603 866 4659 opere
892 4586 1155 4657 reperiri,
1197 4602 1323 4658 quae
1357 4588 1564 4641 rectius
1611 4587 1875 4641 historice
1941 4590 2093 4642 ordi-

395 4682 554 4741 nata,
579 4681 636 4729 et
659 4676 891 4730 seclusis
916 4676 1172 4746 parergis
1209 4677 1527 4730 accuratius
1550 4675 1768 4747 digesta
1796 4692 2087 4746 cuperem,

400 4763 478 4817 Ne
508 4762 911 4837 singulm-qum.
938 4764 1178 4833 sparsim
1210 4763 1345 4816 satis
1375 4763 1619 4817 indicata
1642 4769 1774 4816 sunt
1815 4770 1871 4816 et
1915 4780 2089 4831 porro

393 4850 820 4917 indicabuntur,
850 4850 941 4905 hic
970 4851 1171 4905 ordine
1198 4867 1535 4923 prosequar,
1566 4867 1681 4905 non
1729 4852 1915 4922 placet
1942 4853 2092 4906 clau-

395 4938 696 4992 dicationis
721 4954 891 4992 causa
921 4944 1036 4992 tam
1069 4939 1236 5009 longe
1289 4940 1489 5009 petita,
1522 4938 1591 4993 de
1652 4955 1765 5009 qua
1822 4940 2090 5009 superius

395 5026 813 5096 disputavimus
843 5042 856 5079 :
891 5041 1078 5097 neque
1108 5027 1246 5079 satis
1274 5026 1625 5097 verosimilia
1653 5032 1788 5081 sunt
1827 5043 1957 5098 qua:
2018 5028 2087 5081 de

395 5115 615 5169 visione
637 5113 970 5168 dmmonum
1027 5119 1084 5168 et
1112 5113 1302 5169 calicis
1331 5130 1470 5168 ansa
1521 5120 1936 5181 memorantur,
1993 5116 2086 5186 pio

390 5203 572 5258 ferme
604 5202 852 5268 somnio,
893 5218 1065 5273 quam
1099 5202 1336 5256 sincera:
1368 5201 1592 5256 veritati
1648 5203 2083 5275 propinquiora,

390 5298 456 5346 ut
476 5291 924 5361 Bambergenses
967 5290 1076 5361 ipsi
1106 5290 1277 5344 hodie
1309 5306 1427 5344 non
1474 5290 1894 5357 difﬁtehnntur,
1924 5290 2085 5362 quid-

389 5377 528 5450 quid
580 5378 640 5432 in
688 5377 918 5432 laudato
969 5376 1459 5432 sanctissimorum
1507 5379 1821 5449 conjugum
1877 5394 2081 5433 monu-

386 5470 582 5521 menta
637 5482 906 5539 expressa
982 5464 1369 5522 retulerimus.
1425 5466 1504 5520 De
1571 5466 1862 5521 Nonnosio
1946 5468 2084 5522 item

386 5555 571 5612 obiter
617 5555 832 5613 dictum
882 5558 1015 5612 est:
1067 5554 1205 5629 quid
1262 5555 1383 5629 ipse
1423 5555 1712 5628 singulare
1762 5556 1830 5611 ad
1890 5555 2079 5614 Sancti

2204 3112 2334 3168 qua:
2362 3095 2433 3150 ab
2460 3094 2772 3150 Adelboldo
2815 3091 2902 3147 vel
2931 3097 3231 3163 Anonymo
3283 3099 3500 3158 nostro,
3555 3108 3705 3163 quos
3770 3092 3967 3150 illu-

2204 3183 2469 3238 strandos
2490 3181 2866 3252 suscepimus,
2912 3185 3456 3236 commemorantur.
3491 3181 3558 3236 Ut
3588 3181 3721 3236 ideo
3779 3199 3970 3254 ope-

2203 3271 2283 3326 ris
2305 3270 2409 3325 sub
2438 3270 2629 3341 ipsum
2660 3268 3009 3342 principium
3065 3273 3279 3339 pateat,
3329 3285 3402 3323 en
3447 3269 3571 3339 ejus
3613 3269 3897 3327 titulum
3945 3292 3964 3327 :

2209 3381 2231 3408 α
2283 3359 2338 3415 S.
2391 3359 2669 3414 Henricus
2744 3358 3058 3429 Imperator
3098 3360 3413 3428 Augustus,
3460 3356 3715 3411 Bavarim
3805 3361 3962 3417 dux

2202 3464 2353 3514 χχχι,
2376 3446 2696 3517 religionis,
2723 3446 3066 3517 prudentiae,
3090 3445 3465 3513 fortitudinis,
3515 3445 3959 3517 castimoniae,

2203 3537 2523 3591 clementiae
2540 3536 2783 3607 aliisque
2812 3535 3055 3589 heroicis
3097 3535 3376 3606 exemplis
3422 3534 3758 3605 praeclarus,
3806 3541 3965 3595 'ad-

2203 3621 2499 3676 mirationi
2530 3627 2587 3677 et
2641 3622 2948 3677 imitationi
2980 3638 3178 3676 recens
3207 3620 3534 3693 propositus
3565 3638 3597 3675 a
3643 3622 3959 3692 quodam

2203 3710 2498 3765 Soeictatis
2525 3711 2654 3765 Jesu
2699 3710 3008 3779 sacerdote,
3043 3709 3306 3779 Dilingaa,
3371 3708 3571 3764 formis
3625 3712 3965 3770 academi-

2205 3798 2304 3865 cis,
2337 3814 2487 3853 anno
2518 3813 2820 3854 nucxnvm.
2851 3818 2879 3850 ν

2278 3890 2370 3942 65.
2430 3890 2755 3958 Anoymum
2798 3886 3133 3958 scriptorem
3178 3886 3471 3957 appellant
3518 3885 3963 3959 Bambergen-

2205 3992 2296 4029 ses
2350 3978 2406 4028 et
2463 3975 2561 4030 alii
2617 3975 2848 4046 passim,
2905 3990 3115 4045 nempe
3166 3975 3315 4047 quod
3355 3990 3565 4029 nomen
3607 3975 3667 4028 in
3715 3976 3961 4036 fronte

2205 4079 2536 4134 expressum
2565 4080 2681 4117 non
2728 4063 2830 4129 sit;
2866 4079 2999 4117 nam
3031 4062 3211 4133 digito
3262 4079 3392 4117 eum
3444 4070 3956 4125 commonstrare

2203 4156 2323 4206 tam
2343 4151 2507 4205 facile
2534 4156 2621 4205 est
2648 4156 2731 4216 ut,
2758 4151 2848 4204 vix
2877 4150 3036 4204 lectis
3067 4150 3292 4204 duabus
3314 4150 3561 4221 paginis,
3621 4166 3758 4206 mox
3828 4157 3958 4213 de.

2207 4239 2609 4311 prehenderim
2659 4238 3113 4293 lucubrationem
3162 4255 3283 4292 esse
3335 4239 3516 4292 nostri
3574 4239 3952 4300 Melchioris

2202 4327 2480 4395 lnchofer,
2518 4327 2739 4395 origine
2783 4327 3137 4393 Viennensis,
3194 4327 3251 4381 in
3311 4327 3650 4382 Societatem
3698 4328 3951 4389 Romae

2199 4414 2432 4469 admissi
2465 4431 2558 4468 an.
2605 4419 2761 4482 1607,
2790 4431 2823 4468 a
2855 4435 2880 4466 α
2916 4416 3221 4485 multiplici
3244 4415 3500 4469 doctrina
3534 4437 3555 4464 ι
3582 4415 3644 4469 in
3679 4416 3947 4476 Biblio-

2200 4505 2361 4557 theca
2397 4503 2737 4573 scriptorum
2769 4504 3180 4571 commendati;
3223 4503 3353 4572 viri,
3399 4510 3463 4558 ut
3510 4504 3747 4559 aliunde
3800 4524 3943 4563 no-

2199 4596 2325 4645 tum
2356 4597 2460 4658 est,
2483 4592 2654 4661 paulo
2680 4592 2913 4645 acrioris
2937 4592 3175 4662 ingenii,
3206 4593 3371 4646 multi
3409 4592 3619 4647 laboris
3647 4607 3715 4645 ac
3767 4600 3946 4654 scri-

2198 4678 2433 4748 ptionis,
2457 4682 2517 4731 at
2544 4678 2698 4748 styli,
2731 4694 2793 4732 ex
2829 4678 3009 4732 nimia
3062 4678 3405 4744 concisione,
3439 4684 3497 4733 et
3548 4679 3944 4739 acuminatis

2198 4764 2533 4834 smpiuscule
2557 4765 2807 4834 periodis
2827 4764 3072 4818 nimium
3092 4764 3358 4831 involuti,
3396 4765 3657 4836 adeoque
3688 4764 3942 4826 obscu-

2197 4852 2382 4919 rioris,
2420 4858 2482 4907 ut
2513 4854 2712 4906 saltem
2747 4852 2805 4906 in
2840 4868 2931 4917 eo,
2963 4869 3078 4923 quo
3110 4852 3178 4907 de
3201 4853 3448 4923 agimus,
3472 4869 3648 4923 opere
3705 4855 3945 4924 prima

2196 4941 2385 4995 fronte
2415 4941 2550 4995 satis
2571 4940 2939 5011 perspicuum
2986 4945 3090 4994 est.
3146 4940 3232 4995 Ab
3297 4940 3422 5011 ipso
3472 4946 3662 4995 autem
3708 4943 3938 5007 Vitam

2195 5028 2530 5101 praedictam
2586 5030 2961 5098 compositam
3010 5028 3203 5089 fuisse,
3265 5029 3504 5083 omnino
3581 5029 3774 5100 liquet
3851 5054 3937 5093 ex

2194 5118 2591 5189 frequentibus
2605 5118 2816 5171 suimet
2836 5116 3220 5182 citationibus,
3244 5117 3561 5187 prtesertim
3579 5119 3852 5177 Annaliu
3867 5144 3936 5182 m

2195 5206 2706 5261 ecclesiasticarum
2748 5206 3077 5276 Hungariae,
3108 5221 3138 5259 a
3176 5205 3343 5260 nobis
3371 5205 3508 5259 alibi
3559 5204 3936 5280 citatorum,

2194 5309 2439 5364 quorum
2477 5294 2747 5347 volumen
2795 5294 3051 5363 primum
3083 5298 3140 5347 et
3190 5293 3424 5348 unicum
3447 5292 3627 5348 edidit
3687 5292 3935 5358 Roma

2198 5382 2355 5449 1641,
2385 5396 2499 5451 quo
2557 5380 2761 5435 eodem
2820 5396 2993 5446 anno,
3052 5380 3117 5435 ad
3164 5381 3505 5436 relationem
3573 5381 3749 5437 amici
3814 5394 3933 5445 sui

2193 5468 2398 5523 Leonis
2443 5468 2652 5531 Allatii,
2709 5467 3033 5524 facultatem
3070 5469 3322 5523 obtinuit
3371 5469 3441 5523 ab
3482 5468 3648 5524 Adm.
3702 5470 3776 5526 Β.
3846 5479 3923 5533 Ρ,

2196 5557 2510 5629 Hyacinthe
2559 5557 2820 5625 Serrono,
2879 5557 3036 5613 soriii
3096 5557 3577 5614 Reverendissimi
3634 5559 3926 5629 Magistri
