3976 6408
52 372 94 416 if;

3471 381 3538 433 liti

44 511 129 545 «ac.
164 494 214 546 P.
250 497 312 546 Α.
347 491 405 547 S.
436 494 669 549 Henrici
704 496 885 548 Vitam
927 494 1165 561 edendi;
1198 495 1351 565 quod
1393 511 1496 550 cur
1527 497 1724 550 Roma:
1755 503 1799 550 A
1832 495 1954 563 jam
2013 496 2146 549 satis
2198 495 2476 563 diximus;
2535 496 2883 566 adjiciuntur
2921 501 2977 550 et
3033 498 3161 551 alite
3217 500 3534 559 facultates.

42 584 217 634 factum
248 598 361 635 non
396 582 596 648 fuerit,
626 584 885 637 divinare
917 600 1032 637 non
1067 584 1257 637 lubet:
1292 585 1554 655 pluribus
1585 602 1718 638 vero
1831 600 2038 655 nempe
2070 585 2236 638 Adin.
2275 586 2336 639 Β.
2374 587 2431 639 P.
2462 586 2525 638 N.
2565 586 2724 639 Mutii
2758 586 3061 639 Vitellescii
3095 588 3393 657 Prmpositi
3425 590 3531 642 Ge-

34 686 261 737 ;iuzerere
290 671 361 723 ad
396 687 523 725 rem
554 688 728 743 quam
760 689 874 741 prie
916 672 1498 739 manibushabemus,
1528 689 1717 744 operte
1829 675 2062 738 neralis,
2091 674 2223 727 data
2263 674 2459 728 Romae
2482 689 2553 729 xit
2586 673 2935 745 Septembris
2968 690 3041 727 an
3089 676 3243 742 t6“,
3293 681 3415 730 tum
3466 678 3531 730 Β.

36 758 251 823 pretium
285 774 403 811 non
442 776 586 825 esse,
620 761 781 813 facile
813 760 999 829 quivis
1032 759 1321 827 intelligit.
1830 763 1886 815 P.
1916 762 2205 816 Laurentii
2257 762 2505 833 Keppler
2559 762 2866 832 superioris
2927 764 3246 817 Germanias
3298 764 3533 818 Provin-

90 849 164 898 titl.
224 848 422 916 Neque
476 848 532 900 id
566 849 865 917 explorare
913 849 1094 913 licuit,
1148 849 1444 902 miseritne
1484 850 1605 920 ipse
1657 850 1717 903 in
1826 850 2005 915 cialis,
2056 852 2187 905 data
2235 850 2491 905 Monachi
2526 866 2655 904 xvnt
2695 851 2984 904 Februarii
3022 852 3175 905 lli-£8.
3236 854 3312 906 En
3363 854 3534 907 modo

32 935 363 987 Germaniam
394 952 503 988 ins.
535 937 984 1006 autograplium.
1020 953 1326 1007 suppresso
1344 954 1446 991 suo
1462 939 1714 999 nomine,
1825 940 2076 1008 capitum
2110 939 2394 993 ordinem.
2446 939 2639 994 Primo
2674 939 2867 1009 itaque
2902 940 3210 1008 exponitur
3240 960 3267 988 κ
3305 942 3340 995 S
3383 943 3531 996 Hen-

27 1023 395 1076 excudendum
457 1040 528 1077 an
576 1024 810 1077 aliunde
840 1025 1091 1078 editores
1145 1026 1491 1096 acceperint,
1534 1026 1717 1079 nulla-
1826 1028 1929 1080 rici
1956 1028 2338 1097 patria,ortus
2359 1032 2414 1081 et
2435 1027 2761 1082 educatio.»
2788 1029 2917 1081 Hzec
2940 1028 3005 1080 ad
3022 1044 3124 1081 nos
3148 1045 3265 1082 non
3280 1036 3525 1099 spectat;

28 1127 139 1177 que.
170 1127 265 1164 seu
297 1128 434 1164 casu
466 1129 565 1166 seu
614 1113 828 1177 studio,
881 1113 1027 1166 facta
1060 1114 1353 1184 scriptoris
1399 1114 1712 1179 mentione,
1825 1114 1895 1168 de
1926 1115 2053 1168 aliis
2076 1115 2292 1169 dictum
2335 1120 2421 1169 est
2458 1116 2613 1169 satis.
2664 1116 2965 1185 Singulare
3028 1122 3190 1170 notat
3245 1118 3525 1183 Inchofer,

26 1200 312 1252 tiedicarint
345 1204 472 1270 ipse
501 1202 1713 1271 nominecollegiiDilinganilllustrissimo
1823 1203 1977 1274 quod
2032 1208 2201 1257 natus
2260 1204 2331 1258 sit
2386 1206 2625 1259 Sanctus
2681 1222 2775 1259 an.
2833 1222 3072 1270 (:anxtt,
3118 1207 3210 1259 die
3268 1223 3315 1259 vi
3372 1207 3527 1271 Maii,

26 1306 74 1339 ις
114 1290 590 1343 reverendissimo
622 1291 911 1344 Melchiori
944 1290 1157 1357 Ottoni,
1194 1291 1511 1361 imperialis
1540 1294 1713 1344 eccle-
1827 1311 1851 1335 α
1885 1290 2028 1343 feria
2057 1292 2327 1344 secunda.
2364 1309 2390 1343 ι
2418 1292 2563 1345 Satis
2596 1292 2949 1354 minutatim,
3007 1300 3063 1345 et
3108 1294 3242 1346 satis
3301 1300 3527 1350 exacte:

30 1378 109 1427 size
139 1377 575 1446 Bambergensis
603 1379 872 1449 episcopo
901 1380 955 1432 S.
992 1380 1062 1433 Β.
1096 1380 1135 1433 I.
1172 1379 1441 1450 principi,
1467 1381 1559 1433 cui
1580 1397 1711 1433 vere
1821 1377 2037 1431 etenim
2072 1395 2223 1431 anno
2253 1382 2379 1445 972,
2411 1384 2675 1434 currente
2704 1380 2893 1434 littera
2926 1381 3263 1434 Dominicali
3284 1382 3340 1442 F,
3369 1390 3527 1436 sexta

26 1465 226 1518 libellus
260 1466 617 1520 inscribitur.
687 1468 1004 1538 Utcumque
1052 1467 1107 1521 id
1159 1468 1448 1535 acciderit,
1508 1468 1708 1523 eodem
1820 1463 1941 1517 dies
1974 1465 2102 1518 Maii
2134 1466 2336 1521 incidit
2364 1468 2423 1522 in
2469 1490 2489 1517 ι
2548 1469 2749 1523 feriant
2791 1470 3119 1523 secundam.
3154 1491 3179 1517 η
3218 1472 3425 1523 Verum
3455 1473 3525 1523 de

26 1557 107 1606 illo
149 1571 290 1607 anno
356 1557 518 1617 tt‘iiS.
574 1557 875 1610 Mediolani
913 1558 1099 1610 vivere
1132 1562 1333 1610 auctor
1391 1556 1563 1611 desiit
1619 1558 1710 1610 die
1821 1554 2104 1623 scrupulis
2128 1555 2250 1608 istis
2275 1557 2433 1609 nobis
2457 1557 2802 1623 litigandum
2836 1573 2951 1610 non
2984 1562 3107 1611 cst:
3155 1572 3221 1610 eo
3265 1559 3349 1611 vel
3407 1558 3521 1611 alio

28 1661 165 1695 \mu
196 1645 572 1713 Septembris.
600 1647 658 1699 Id
694 1646 891 1707 miror,
928 1646 1076 1698 inter
1098 1652 1184 1699 tot
1214 1646 1323 1698 alia
1354 1646 1479 1714 ejus
1512 1663 1705 1714 opera,
1818 1641 1910 1695 die
1951 1648 2114 1696 natus
2134 1644 2326 1709 fuerit,
2357 1646 2427 1699 ad
2463 1646 2747 1699 intentum
2778 1651 3041 1699 nostrum
3076 1662 3279 1715 parum
3330 1646 3521 1710 refert,

25 1748 131 1799 ιμιίιτ
164 1734 243 1785 vel
274 1734 381 1785 sub
417 1733 624 1786 alienis
683 1734 1017 1787 nominibus
1056 1734 1346 1803 prodiere,
1378 1736 1485 1798 vel,
1539 1736 1609 1786 ab
1640 1750 1707 1787 eo
1750 1777 1787 1803 ο
1819 1732 1919 1801 qui
1962 1735 2265 1802 Anonymo
2298 1734 2637 1787 illustrando
2667 1735 2915 1788 maxime
2954 1734 3295 1793 insistimus,
3326 1732 3384 1786 in
3408 1749 3523 1803 quo

28 1822 175 1873 nrarlo
203 1827 405 1891 parata
440 1821 731 1885 dicuntur,
761 1822 868 1875 hnc
903 1822 973 1875 de
1006 1822 1060 1875 S.
1100 1822 1347 1875 Henrico
1402 1823 1461 1875 in
1498 1822 1707 1875 Biblio-
1750 1820 1787 1829 "
1820 1825 1991 1889 atque
2022 1820 2081 1873 in
2112 1822 2426 1876 Adelboldo
2457 1824 2721 1894 Legenda
2769 1823 3104 1877 Henriciana
3150 1838 3264 1875 non
3308 1838 3341 1875 a
3390 1823 3520 1875 vitm

10 1904 159 1960 'i’mca
198 1915 390 1962 nostra
428 1910 880 1979 praetermissum
922 1926 1088 1963 esse:
1134 1926 1205 1963 an
1251 1910 1402 1980 quod
1438 1911 1490 1964 id
1541 1910 1705 1980 igno-
1819 1909 1914 1960 sed
1946 1924 1979 1960 a
2010 1909 2172 1978 regni
2222 1910 2553 1980 primordiis
2609 1910 2783 1964 sumit
2814 1910 3141 1974 exordium;
3204 1909 3359 1963 unde
3418 1924 3522 1962 nec

28 1998 242 2051 mverint
264 2000 607 2063 Allegambe
659 2004 716 2052 et
744 2000 1074 2053 Sothuellus
1104 2015 1178 2052 an
1231 1999 1387 2067 quod
1418 2000 1705 2069 oppellam
1818 1996 1884 2049 ad
1928 1998 2344 2066 nospertinent
2371 1999 2670 2068 sequentia
2692 2000 2896 2069 capita,
2928 2014 3174 2068 quorum
3198 1998 3395 2051 titulos
3430 1998 3521 2050 liic

27 2087 142 2136 tanti
195 2102 306 2139 non
378 2087 649 2151 fecerint,
727 2088 852 2140 aliis
920 2087 1363 2158 disquirendum
1416 2088 1702 2158 relinquo.
1816 2100 2103 2154 exponere
2135 2086 2270 2139 satis
2299 2087 2490 2140 fuerit.
2554 2108 2581 2133 ‹‹
2639 2090 2774 2157 Cap.
2824 2104 2881 2140 ll.
2935 2086 3231 2149 Henricus,
3268 2102 3300 2137 a
3356 2090 3519 2155 patre

18 2172 268 2242 {anidem
300 2175 358 2228 in
420 2180 547 2227 toto
599 2193 667 2228 eo
710 2176 987 2245 opusculo
1021 2175 1164 2229 nihil
1201 2176 1388 2246 reperi
1447 2192 1703 2246 prorsus,
1815 2174 2087 2243 regimini
2119 2175 2402 2241 admotus,
2438 2176 2583 2229 mira
2614 2176 2919 2246 prudentia
2952 2182 3007 2229 et
3034 2175 3246 2245 pietate
3277 2190 3395 2227 rem
3429 2175 3521 2227 ad-

28 2263 151 2327 quod
179 2279 261 2315 me
292 2280 323 2315 a
373 2266 501 2333 jam
536 2264 817 2333 expensis,
868 2264 1126 2326 dicussis,
1159 2270 1213 2317 et
1241 2281 1353 2335 qua
1384 2264 1574 2334 potuit
1607 2281 1705 2318 ve-
1815 2262 2122 2317 ministrat.
2180 2265 2311 2334 Cap.
2349 2280 2424 2317 ιιι.
2474 2265 2768 2329 Henricus,
2826 2280 2894 2317 ex
2922 2263 3073 2334 [voto
3105 2269 3411 2333 parentum
3460 2279 3518 2315 se

30 2350 421 2404 risimilitudine
452 2351 711 2405 definitis
767 2353 1056 2405 tantillum
1088 2353 1353 2405 recedere
1392 2353 1706 2421 compelle-
1814 2351 2082 2421 conjngio
2117 2352 2458 2421 astringens,
2522 2353 2907 2422 virginitatem
2941 2356 3146 2405 servat.
3201 2374 3221 2398 ιι
3282 2352 3359 2405 De
3412 2350 3518 2404 hac

24 2448 109 2499 ret.
144 2440 441 2495 Dissentire
478 2442 538 2495 in
591 2441 883 2515 aliquibus
936 2443 1089 2496 haud
1133 2443 1405 2508 diffiteor,
1467 2450 1552 2496 ast
1582 2445 1705 2513 ejus
1815 2455 1917 2492 suo
1968 2441 2089 2492 loco
2147 2440 2395 2494 abunde.
2468 2462 2493 2486 α
2543 2441 2676 2511 Cap.
2720 2457 2791 2495 iv.
2850 2440 3043 2493 Sancti
3104 2439 3430 2510 \‘t’olfgangi
3463 2444 3521 2493 et

27 2528 216 2581 assertis
246 2530 389 2584 nihil
422 2530 804 2583 tribuendum
839 2531 1057 2595 censui,
1113 2531 1219 2584 nisi
1253 2547 1556 2601 quousque
1600 2548 1703 2583 an-
1813 2529 2020 2582 deinde
2053 2529 2276 2581 lleurici
2309 2529 2551 2581 senioris
2580 2529 2790 2591 obitus,
2812 2529 3177 2599 juniorisquc
3210 2528 3511 2592 successio,

6 2626 281 2685 .ltqttorum
328 2620 682 2689 scriptorum
716 2619 1055 2672 auctoritate
1082 2622 1367 2674 nituntur.
1417 2621 1560 2673 Cum
1588 2619 1699 2689 igi-
1814 2622 1869 2670 et
1900 2616 2056 2687 pacis
2077 2617 2355 2673 studium.
2388 2637 2414 2667 ι)

31 2712 103 2755 tur
126 2722 182 2758 ex
207 2707 271 2759 iis
324 2708 466 2760 solis
512 2711 704 2759 nostra
756 2706 1310 2777 deprompserimus,
1370 2722 1483 2760 non
1535 2707 1699 2760 video
1884 2706 1971 2757 69.
2008 2705 2219 2774 Capitis
2251 2706 2437 2775 quinti
2467 2710 2659 2775 partes
2690 2706 2854 2759 binas
2903 2705 3057 2771 facit,
3086 2706 3319 2759 alteram
3361 2706 3515 2776 quod

31 2794 142 2860 quid
180 2796 294 2864 ejus
352 2795 572 2865 placita
633 2796 702 2848 ad
761 2795 1110 2849 dirimendas
1166 2795 1301 2849 hinc
1365 2800 1699 2849 controver—
1818 2793 2278 2847 «HenricusaS.
2314 2794 2619 2848 Benedicto
2668 2795 3049 2863 reprehensus
3088 2795 3178 2855 sit,
3218 2813 3245 2843 ιι
3299 2794 3367 2847 de
3402 2810 3516 2864 qua

14 2884 120 2943 fias
157 2899 500 2955 magnopere
550 2884 897 2939 conducant.
952 2885 1029 2937 Ex
1078 2884 1339 2954 opusculi
1378 2884 1556 2937 totius
1611 2884 1698 2937 in-
1813 2896 1871 2934 re
1904 2885 2239 2950 Anonymus
2266 2898 2551 2951 nusquam
2598 2882 2893 2945 meminit;
2930 2897 3118 2952 neque
3177 2882 3266 2934 hic
3322 2889 3517 2935 noster

36 2973 213 3035 ~tituto,
248 2973 385 3042 quid
442 2973 779 3027 Inchoferus
810 2972 1073 3041 voluerit,
1129 2989 1376 3043 pronum
1425 2973 1534 3027 erit
1568 2989 1696 3044 per-
1812 2974 2103 3022 auctorem
2164 2970 2319 3031 citat,
2405 2970 2556 3023 unde
2639 2970 2942 3039 acceperit,
3007 2969 3170 3040 quasi
3236 2976 3373 3023 nota
3439 2971 3514 3023 sit

35 3060 230 3126 ~picere.
1734 3054 1774 3107 C
1815 3058 2052 3112 historia
2082 3058 2138 3110 in
2191 3057 2392 3111 Leonis
2441 3056 2715 3110 Ostiensis
2756 3056 3064 3125 Chronico,
3119 3056 3217 3109 lib.
3270 3072 3325 3118 ll,
3384 3072 3509 3125 cap.

4 3212 7 3217 ν
89 3149 233 3201 lii.”
264 3149 593 3219 praeoculis
627 3149 893 3203 habuisse
934 3149 1181 3215 videtur,
1215 3165 1332 3203 non
1370 3154 1434 3203 ut
1462 3149 1697 3204 histori-
1811 3150 1897 3201 43.
1982 3147 2042 3199 In
2103 3147 2282 3199 altera
2362 3146 2623 3199 dissentit
2704 3145 2963 3198 Inchofer
3038 3145 3108 3199 ab
3190 3148 3513 3215 Anonymo,

37 3251 140 3289 cum
166 3244 215 3290 et
248 3239 723 3308 chronologicum
775 3239 903 3292 vitae
935 3244 987 3292 et
1020 3245 1316 3307 gestorum
1367 3245 1698 3293 contextum
1812 3235 1908 3304 qui
1930 3234 2165 3312 celebre
2197 3234 2374 3287 sancti
2406 3234 2730 3303 Wolfgangi
2762 3233 3095 3287 vaticinium
3132 3255 3157 3279 ‹‹
3222 3249 3349 3287 rosr
3417 3251 3512 3286 sex

40 3332 356 3395 proponeret,
389 3327 490 3381 sed
514 3342 737 3380 meram
762 3326 1106 3397 Legendam,
1140 3326 1460 3396 cujusmodi
1492 3328 1701 3380 multas
1812 3324 1865 3376 S.
1905 3322 2146 3376 Henrico
2182 3344 2200 3367 ι
2232 3323 2350 3391 jam
2386 3323 2508 3391 regi
2538 3322 2868 3375 intimatum
2900 3321 3115 3386 scribit,
3163 3327 3335 3392 atque
3365 3322 3509 3375 adeo

38 3416 291 3477 postremis
317 3415 475 3470 hisce
506 3416 735 3469 seculis
763 3416 1067 3469 adornatas
1100 3415 1379 3481 videmus,
1415 3432 1556 3487 quas
1584 3432 1698 3469 non
1814 3412 2025 3465 diserte
2056 3412 2304 3481 applicat
2360 3412 2629 3464 Romanae
2684 3412 3095 3481 Imperatorem
3129 3410 3509 3469 coronationi.

40 3520 306 3573 incongrue
335 3505 551 3559 dixeris
584 3504 655 3558 ad
688 3505 1047 3557 sanctitatem
1081 3504 1463 3557 Christianam
1520 3520 1699 3575 parm-
1813 3508 1876 3554 ut
1903 3501 2143 3569 proinde
2178 3516 2295 3553 rem
2328 3500 2597 3552 accidisse
2633 3505 2898 3568 oporteat
2927 3515 3077 3552 anno
3117 3499 3343 3552 circiter
3378 3502 3508 3552 1007

4 3644 5 3649 η
41 3606 187 3655 ncses,
220 3594 423 3663 quibus
456 3609 675 3663 nempe
704 3593 995 3661 virginum
1040 3593 1302 3662 exempla
1354 3592 1699 3662 virginibus,
1812 3590 1898 3642 vel
1937 3591 2090 3648 1003.
2126 3588 2207 3640 uti
2239 3588 2410 3640 etiam
2444 3604 2547 3640 suo
2580 3587 2700 3639 loco
2753 3586 3021 3651 diximus,
3076 3586 3229 3640 haud
3276 3586 3513 3639 obscure

4 3672 7 3675 ⁷
38 3680 427 3751 «onjugatorum
462 3681 793 3751 conjugatis
838 3680 1143 3734 viduarum
1172 3680 1379 3745 viduis,
1414 3686 1584 3751 atque
1624 3681 1702 3734 ita
1812 3678 2129 3732 indicantes
2158 3692 2275 3729 non
2311 3676 2553 3729 multum
2604 3675 2827 3744 placere
2887 3675 3182 3728 oraculum
3224 3676 3511 3743 Anonymi

40 3769 353 3829 singulorum
376 3770 655 3823 ordinum
680 3769 1012 3823 hominibus
1041 3769 1305 3838 apposita
1332 3768 1703 3822 incitamenta
1816 3766 1983 3820 modo
2005 3764 2351 3834 expositum.
2370 3763 2783 3829 Censetigitur,
2801 3763 3040 3831 etlonge
3056 3762 3288 3827 rectius,
3316 3763 3513 3815 Incho-

20 3854 361 3925 ‘oxlitbentur;
413 3859 495 3923 id,
540 3859 803 3929 inquam,
836 3874 955 3929 prie
1004 3858 1181 3911 oculis
1238 3858 1505 3911 habuisse
1546 3859 1700 3911 vide-
1815 3855 1916 3921 fer,
1954 3874 1980 3901 «
2007 3852 2063 3907 S.
2097 3852 2339 3905 Henrico
2374 3852 2432 3905 in
2489 3851 2706 3903 Italiam
2739 3851 2888 3903 ituro
2914 3866 3042 3903 cum
3076 3850 3304 3909 Ottone.
3363 3867 3514 3904 anno

43 3947 593 4015 tur.utprincipibns
625 3946 931 3999 Catliolicis
962 3946 1019 3998 in
1056 3951 1172 3999 tam
1218 3946 1424 3998 illustri
1470 3946 1701 4015 speculo
1815 3958 2002 3995 cuxcw
2027 3956 2271 4004 regnum
2320 3940 2662 3993 mirabiliter
2717 3956 2747 3991 a
2792 3940 2845 3992 S.
2913 3939 3253 4008 \Volfgango
3306 3939 3511 4009 praidi-

41 4033 330 4088 eximiarum
371 4038 661 4088 virtutum
696 4039 967 4103 urgentes
998 4034 1263 4087 stimulos
1288 4033 1564 4087 ﬂoridiori
1597 4050 1703 4103 pe-
1815 4036 1993 4084 ctum.
2034 4050 2052 4073 ι
2090 4027 2401 4081 Audiamus
2431 4027 2555 4096 ejus
2588 4027 2756 4079 verba
2796 4042 2930 4097 pag.
2958 4030 3039 4083 2‘2.
3070 4044 3082 4079 :
3116 4048 3141 4075 (ι
3176 4027 3283 4090 Qui
3316 4028 3391 4091 id,
3427 4029 3513 4080 iu-

4 4188 5 4191 η
39 4122 196 4174 nicillo
226 4125 586 4194 depingeret.
618 4123 674 4176 id
721 4123 873 4194 quod
906 4123 1039 4175 satis
1070 4123 1281 4177 diserte
1312 4123 1368 4175 in
1430 4124 1551 4191 ipso
1602 4139 1703 4175 suo
1818 4119 1963 4188 quit,
1995 4121 2125 4187 post
2152 4115 2427 4185 adeptum
2464 4131 2703 4183 regnum
2764 4116 2831 4168 ad
2868 4115 3176 4185 imperium
3236 4116 3513 4179 referunt,

40 4210 174 4263 titulo
201 4213 649 4282 exprimit,dum
701 4212 756 4266 S.
794 4212 1123 4273 llenricnm.
1184 4217 1247 4265 ut
1300 4230 1326 4263 ι
1391 4213 1700 4281 religionis,
1817 4223 1929 4260 non
1958 4205 2343 4269 considerant,
2386 4203 2527 4257 nihil
2570 4220 2714 4273 opus
2774 4203 2947 4256 fuisse
2980 4204 3331 4272 conjectare;
3381 4204 3515 4273 quid

44 4300 331 4367 [cadentia
413 4300 797 4366 fortitudinis,
876 4300 1249 4363 castimonia»,
1355 4300 1697 4360 cli-mentire,
1739 4336 1779 4389 Ο
1818 4298 1972 4351 enim
2003 4300 2212 4366 praeter
2241 4310 2397 4365 spem
2441 4293 2657 4389 magni,
2697 4298 2970 4346 coronato
2996 4294 3115 4389 jam
3150 4292 3288 4389 Hegi
3319 4295 3518 4389 εἰμιε-

44 4386 237 4457 aliisque
268 4390 509 4443 heroicis
569 4388 847 4458 exemplis
904 4388 1269 4457 praclarum,
1336 4388 1700 4441 admirationi
1739 4379 1776 4389 ”
1818 4384 1953 4444 sari,
1986 4388 2101 4435 tam
2127 4382 2381 4435 involttte
2411 4380 2744 4451 imperitum
2779 4380 3165 4451 protendere?
3210 4381 3334 4449 Ipse
3364 4379 3515 4433 diem

18 4462 83 4522 'et
109 4475 384 4531 imitationi
420 4477 721 4548 praponit.
756 4497 777 4523 ι
817 4477 1113 4529 ῡθειρῑειεο
1144 4479 1508 4545 Anonymum
1542 4475 1598 4530 in
1636 4493 1703 4529 eo
1814 4471 2155 4541 sumpsisset
2183 4469 2283 4541 qui
2311 4470 2683 4539 inauguraret
2714 4486 2727 4522 :
2756 4469 2851 4522 sed
2904 4468 3059 4522 enim
3094 4467 3249 4520 nulla
3278 4468 3517 4536 propin-

47 4562 179 4631 longe
201 4568 480 4637 superavit
518 4564 810 4630 Inchofer,
869 4564 1020 4635 quod
1054 4564 1242 4619 Sancti
1296 4570 1453 4633 gesta
1510 4564 1568 4618 in
1600 4564 1703 4618 ali-
1816 4576 1931 4630 qua
1960 4575 2080 4629 spe,
2112 4574 2249 4628 rege
2278 4559 2482 4611 Ottone
2499 4558 2679 4611 adhuc
2714 4558 2847 4621 vita,
2881 4562 3045 4609 (etate
3072 4561 3127 4607 et
3152 4555 3381 4607 fortuna
3416 4556 3518 4607 tlo-

4 4716 5 4719 η
46 4666 179 4715 quem
228 4656 421 4709 saltem
474 4654 742 4707 ordinem
826 4652 1147 4721 digesserit,
1215 4668 1344 4722 qum
1401 4651 1470 4703 ab
1526 4652 1703 4703 altero
1817 4654 1999 4712 rente,
2034 4654 2092 4701 et
2128 4648 2227 4719 qui
2260 4646 2594 4717 propediem
2630 4647 2687 4698 in
2722 4644 2862 4698 urbe
2901 4646 3217 4714 Imperator
3246 4643 3523 4698 dicendus

48 4740 179 4803 plane
205 4744 429 4797 confusa
472 4748 632 4797 sunt.
695 4743 977 4795 Prmterea
1040 4758 1171 4793 vero
1234 4740 1300 4794 ad
1362 4740 1702 4792 exactiorem
1817 4741 1958 4801 erat,
1990 4751 2230 4805 regnum
2266 4734 2504 4788 Henrico
2531 4733 2867 4803 prmdicere,
2898 4732 3006 4785 nisi
3071 4734 3194 4801 ejus
3226 4738 3389 4797 nutu,
3419 4733 3518 4803 qui

48 4827 198 4881 vrisim
221 4830 575 4901 expenderit,
608 4845 741 4899 qum
793 4828 888 4881 ille
927 4843 1345 4898 nonnunquam
1380 4827 1549 4879 nimis
1578 4842 1704 4913 cre-
1819 4833 2077 4895 tempora
2125 4825 2183 4879 in
2233 4823 2497 4877 manibus
2526 4822 2816 4876 describit.
2860 4822 3232 4890 Wolfgangus
3265 4838 3378 4875 non
3423 4839 3522 4893 po-

50 4913 183 4967 dulus
210 4934 237 4970 a
263 4919 642 4990 popularibus
689 4916 1098 4969 traditionibus
1130 4930 1243 4968 non
1290 4914 1426 4967 satis
1459 4920 1589 4983 apte
1620 4915 1704 4967 di-
1818 4916 1948 4969 tuit.
1990 4936 2009 4959 ι

53 5008 229 5070 ιρι-ενὶὶ,
258 5006 753 5078 quemadmodum
800 5022 829 5057 a
859 5005 1025 5057 nobis
1060 5020 1176 5057 non
1206 5004 1261 5056 in
1294 5019 1410 5055 uno
1440 5003 1565 5055 loco
1602 5003 1705 5055 ob-
1891 5007 1977 5055 τί).
2011 5004 2145 5063 Ome.
2197 5000 2380 5070 capite
2430 5016 2482 5053 vi
2517 5004 2797 5054 memorat
2856 5000 2924 5053 dc
2977 5000 3295 5053 Electorum
3348 4998 3528 5053 deter—

53 5101 285 5149 gerratum
337 5097 622 5151 invenies.
688 5094 746 5147 ld
786 5094 857 5146 ab
912 5092 1172 5146 Incltofer
1204 5091 1488 5153 desidero,
1532 5091 1704 5161 quod,
1821 5092 2052 5145 minatis
2084 5089 2369 5159 sntl‘ragiis
2399 5105 2431 5142 a
2454 5090 2721 5159 Gregorio
2755 5090 2858 5142 PP.
2886 5088 2927 5137 Υ
2958 5093 3013 5140 et
3042 5092 3248 5141 ()ttone
3270 5088 3343 5142 Ill
3376 5092 3529 5141 certa

54 5180 151 5231 licet
199 5184 488 5254 scriptores
546 5184 862 5237 nonnullos
921 5182 1083 5233 citari
1140 5180 1342 5233 solitus
1388 5180 1479 5243 sit,
1532 5180 1710 5231 multa
1822 5182 1945 5246 lege.
1982 5177 2445 5248 circumscriptis,
2479 5178 2680 5231 saltem
2737 5176 2795 5229 in
2852 5177 2907 5230 S.
2964 5176 3188 5229 llenrici
3250 5176 3528 5228 electione

54 5270 202 5321 tamen
230 5279 433 5327 asserat
466 5288 621 5344 qum,
657 5287 729 5324 an
755 5270 890 5322 satis
920 5275 1072 5322 certa
1128 5268 1240 5322 fide
1272 5267 1554 5330 nitantur,
1592 5282 1707 5319 non
1825 5267 2115 5331 adhibitis,
2175 5266 2423 5319 fatemur
2478 5282 2579 5318 nos
2638 5280 2742 5334 pro
2790 5280 2858 5317 eo
2922 5269 3182 5334 tempore
3228 5263 3529 5316 admittere

56 5354 291 5413 immerito
318 5362 565 5415 dubites.
620 5360 694 5413 Ex
732 5357 922 5428 operis
954 5356 1129 5409 totius
1171 5356 1226 5408 in
1263 5355 1446 5424 capita
1482 5370 1584 5407 sua
1626 5353 1711 5406 di-
1828 5373 1940 5410 non
1971 5371 2154 5425 posse,
2186 5359 2248 5408 ut
2278 5360 2476 5408 contra
2509 5353 2894 5407 Hofmannum
2950 5352 3209 5422 aliosque
3266 5351 3403 5403 satis
3433 5366 3528 5403 ex-

58 5442 244 5511 xisione,
274 5450 597 5520 nostrisque
656 5446 726 5500 ad
761 5462 846 5512 ea,
901 5445 996 5498 ubi
1028 5460 1174 5514 opus
1234 5444 1361 5507 erit,
1389 5441 1714 5496 annotatio-
1826 5444 2154 5516 plicuimus,
2184 5442 2552 5496 ostendentes
2572 5441 2843 5495 Sanctum
2884 5439 3253 5495 hereditario
3303 5454 3530 5492 succes-

60 5532 204 5599 nibus,
232 5538 520 5591 clariorem
555 5537 683 5607 ejus
709 5534 895 5589 ideam
924 5534 1052 5588 faxo
1083 5532 1390 5603 concipias.
1827 5530 2007 5585 sionis
2028 5530 2162 5599 jure
2198 5528 2429 5599 imperii
2486 5528 2716 5581 culmen
2746 5530 3141 5580 consecutum.
3180 5526 3255 5578 De
3291 5528 3534 5595 septem-

112 5624 178 5675 68.
208 5625 273 5680 De
298 5627 482 5691 titulo,
508 5623 874 5682 dedicatione
900 5628 957 5676 et
1003 5620 1417 5694 approbatione
1460 5619 1716 5675 Romana
1827 5618 2083 5673 virorum
2115 5616 2433 5671 electorum
2453 5614 2674 5686 origine
2696 5618 2947 5669 mentem
2981 5626 3140 5666 suam
3164 5614 3534 5684 nostramque
