  <div class='ocr_page' id='page_1' title='image "/cluster/home/n/w/nwhite01/storage/ocr_20150623/140-141/uc1.31175018559917/031.png"; bbox 0 0 3976 6426; ppageno 0'>
   <div class='ocr_carea' id='block_1_1' title="bbox 471 368 3966 425">
    <p class='ocr_par' dir='ltr' id='par_1_1' title="bbox 471 368 3966 425">
     <span class='ocr_line' id='line_1_1' title="bbox 471 368 3966 425; baseline -0.003 0"><span class='ocrx_word' id='word_1_1' title='bbox 471 373 535 425; x_wconf 74' lang='grc'>47</span> <span class='ocrx_word' id='word_1_2' title='bbox 1769 369 1822 420; x_wconf 84' lang='grc'><strong>8.</strong></span> <span class='ocrx_word' id='word_1_3' title='bbox 1872 368 2153 422; x_wconf 77' lang='lat' dir='ltr'><strong>IIENIllCl</strong></span> <span class='ocrx_word' id='word_1_4' title='bbox 2200 368 2674 421; x_wconf 75' lang='lat' dir='ltr'><strong>lMPEltATOIllS</strong></span> <span class='ocrx_word' id='word_1_5' title='bbox 3933 369 3966 418; x_wconf 67' lang='lat' dir='ltr'><strong>tl</strong></span> 
     </span>
    </p>
   </div>
   <div class='ocr_carea' id='block_1_2' title="bbox 475 487 3966 561">
    <p class='ocr_par' dir='ltr' id='par_1_2' title="bbox 475 487 3966 561">
     <span class='ocr_line' id='line_1_2' title="bbox 475 487 3966 561; baseline -0.001 -17"><span class='ocrx_word' id='word_1_6' title='bbox 475 491 736 561; x_wconf 72' lang='lat' dir='ltr'><strong>exposuit</strong></span> <span class='ocrx_word' id='word_1_7' title='bbox 765 489 1155 544; x_wconf 84' lang='lat' dir='ltr'><strong>Hensclienius</strong></span> <span class='ocrx_word' id='word_1_8' title='bbox 1202 489 1262 542; x_wconf 91' lang='lat' dir='ltr'><strong>in</strong></span> <span class='ocrx_word' id='word_1_9' title='bbox 1295 487 1715 542; x_wconf 77' lang='lat' dir='ltr'><strong>Commentario</strong></span> <span class='ocrx_word' id='word_1_10' title='bbox 1776 487 1846 540; x_wconf 90' lang='lat' dir='ltr'><strong>ad</strong></span> <span class='ocrx_word' id='word_1_11' title='bbox 1887 488 1941 540; x_wconf 90' lang='lat' dir='ltr'><strong>S.</strong></span> <span class='ocrx_word' id='word_1_12' title='bbox 2003 487 2170 540; x_wconf 83' lang='lat' dir='ltr'><strong>Heri-</strong></span> <span class='ocrx_word' id='word_1_13' title='bbox 2204 490 2246 541; x_wconf 81' lang='grc' dir='ltr'>Α</span> <span class='ocrx_word' id='word_1_14' title='bbox 2289 489 2526 560; x_wconf 86' lang='lat' dir='ltr'><strong>ejusque</strong></span> <span class='ocrx_word' id='word_1_15' title='bbox 2589 491 2736 558; x_wconf 89' lang='lat' dir='ltr'><strong>(cap.</strong></span> <span class='ocrx_word' id='word_1_16' title='bbox 2780 491 2868 556; x_wconf 66' lang='grc'><strong>25)</strong></span> <span class='ocrx_word' id='word_1_17' title='bbox 2932 488 3224 558; x_wconf 70' lang='grc' dir='ltr'><strong>ρτωάὶοῐίο</strong></span> <span class='ocrx_word' id='word_1_18' title='bbox 3276 489 3345 541; x_wconf 87' lang='lat' dir='ltr'><strong>de</strong></span> <span class='ocrx_word' id='word_1_19' title='bbox 3396 489 3554 542; x_wconf 90' lang='lat' dir='ltr'><strong>obitu</strong></span> <span class='ocrx_word' id='word_1_20' title='bbox 3613 489 3670 542; x_wconf 89' lang='lat' dir='ltr'><strong>S.</strong></span> <span class='ocrx_word' id='word_1_21' title='bbox 3739 491 3966 543; x_wconf 78' lang='lat' dir='ltr'><strong>Henrici</strong></span> 
     </span>
    </p>
   </div>
   <div class='ocr_carea' id='block_1_3' title="bbox 474 575 2177 646">
    <p class='ocr_par' dir='ltr' id='par_1_3' title="bbox 474 575 2177 646">
     <span class='ocr_line' id='line_1_3' title="bbox 474 575 2177 646; baseline -0.004 -13"><span class='ocrx_word' id='word_1_22' title='bbox 474 581 725 645; x_wconf 88' lang='lat' dir='ltr'><strong>bertum,</strong></span> <span class='ocrx_word' id='word_1_23' title='bbox 756 593 847 632; x_wconf 76' lang='lat' dir='ltr'><strong>xvi</strong></span> <span class='ocrx_word' id='word_1_24' title='bbox 881 577 1084 643; x_wconf 78' lang='lat' dir='ltr'><strong>Martii,</strong></span> <span class='ocrx_word' id='word_1_25' title='bbox 1127 592 1286 630; x_wconf 90' lang='lat' dir='ltr'><strong>num.</strong></span> <span class='ocrx_word' id='word_1_26' title='bbox 1322 581 1372 630; x_wconf 85' lang='lat'><strong>7.</strong></span> <span class='ocrx_word' id='word_1_27' title='bbox 1416 576 1612 646; x_wconf 79' lang='lat' dir='ltr'><strong>Capita</strong></span> <span class='ocrx_word' id='word_1_28' title='bbox 1634 591 1706 628; x_wconf 84' lang='lat' dir='ltr'><strong>vn</strong></span> <span class='ocrx_word' id='word_1_29' title='bbox 1733 580 1789 628; x_wconf 91' lang='lat' dir='ltr'><strong>et</strong></span> <span class='ocrx_word' id='word_1_30' title='bbox 1827 591 1921 628; x_wconf 87' lang='lat' dir='ltr'><strong>vm</strong></span> <span class='ocrx_word' id='word_1_31' title='bbox 1954 575 2024 628; x_wconf 90' lang='lat' dir='ltr'><strong>ad</strong></span> <span class='ocrx_word' id='word_1_32' title='bbox 2073 591 2177 629; x_wconf 86' lang='lat' dir='ltr'><strong>nos</strong></span> 
     </span>
    </p>
   </div>
   <div class='ocr_carea' id='block_1_4' title="bbox 475 661 2175 734">
    <p class='ocr_par' dir='ltr' id='par_1_4' title="bbox 475 661 2175 734">
     <span class='ocr_line' id='line_1_4' title="bbox 475 661 2175 734; baseline -0.004 -16"><span class='ocrx_word' id='word_1_33' title='bbox 475 665 649 718; x_wconf 91' lang='lat' dir='ltr'><strong>etiam</strong></span> <span class='ocrx_word' id='word_1_34' title='bbox 678 679 791 717; x_wconf 93' lang='lat' dir='ltr'><strong>non</strong></span> <span class='ocrx_word' id='word_1_35' title='bbox 825 668 1109 732; x_wconf 79' lang='lat' dir='ltr'><strong>spectant;</strong></span> <span class='ocrx_word' id='word_1_36' title='bbox 1155 662 1385 734; x_wconf 81' lang='lat' dir='ltr'><strong>quibus,</strong></span> <span class='ocrx_word' id='word_1_37' title='bbox 1419 667 1482 715; x_wconf 92' lang='lat' dir='ltr'><strong>ut</strong></span> <span class='ocrx_word' id='word_1_38' title='bbox 1504 663 1710 715; x_wconf 79' lang='lat' dir='ltr'><strong>iterum</strong></span> <span class='ocrx_word' id='word_1_39' title='bbox 1733 661 2009 725; x_wconf 83' lang='lat' dir='ltr'><strong>dicamus,</strong></span> <span class='ocrx_word' id='word_1_40' title='bbox 2070 661 2175 714; x_wconf 89' lang='lat' dir='ltr'><strong>soli</strong></span> 
     </span>
    </p>
   </div>
   <div class='ocr_carea' id='block_1_5' title="bbox 474 749 2174 820">
    <p class='ocr_par' dir='ltr' id='par_1_5' title="bbox 474 749 2174 820">
     <span class='ocr_line' id='line_1_5' title="bbox 474 749 2174 820; baseline -0.003 -13"><span class='ocrx_word' id='word_1_41' title='bbox 474 752 818 808; x_wconf 82' lang='lat' dir='ltr'><strong>Adelboldus</strong></span> <span class='ocrx_word' id='word_1_42' title='bbox 861 757 915 806; x_wconf 90' lang='lat' dir='ltr'><strong>et</strong></span> <span class='ocrx_word' id='word_1_43' title='bbox 941 755 1273 820; x_wconf 75' lang='lat' dir='ltr'><strong>Anonymus</strong></span> <span class='ocrx_word' id='word_1_44' title='bbox 1303 750 1624 804; x_wconf 88' lang='lat' dir='ltr'><strong>illustrandi</strong></span> <span class='ocrx_word' id='word_1_45' title='bbox 1655 755 1818 816; x_wconf 90' lang='lat' dir='ltr'><strong>sunt;</strong></span> <span class='ocrx_word' id='word_1_46' title='bbox 1860 749 1930 804; x_wconf 90' lang='lat' dir='ltr'><strong>ab</strong></span> <span class='ocrx_word' id='word_1_47' title='bbox 1955 750 2054 803; x_wconf 93' lang='lat' dir='ltr'><strong>illo</strong></span> <span class='ocrx_word' id='word_1_48' title='bbox 2083 765 2174 803; x_wconf 87' lang='lat' dir='ltr'><strong>au-</strong></span> 
     </span>
    </p>
   </div>
   <div class='ocr_carea' id='block_1_6' title="bbox 477 838 2174 908">
    <p class='ocr_par' dir='ltr' id='par_1_6' title="bbox 477 838 2174 908">
     <span class='ocr_line' id='line_1_6' title="bbox 477 838 2174 908; baseline -0.002 -15"><span class='ocrx_word' id='word_1_49' title='bbox 477 846 593 894; x_wconf 84' lang='lat' dir='ltr'><strong>tem</strong></span> <span class='ocrx_word' id='word_1_50' title='bbox 627 845 886 894; x_wconf 82' lang='lat' dir='ltr'><strong>accurate</strong></span> <span class='ocrx_word' id='word_1_51' title='bbox 915 840 1319 893; x_wconf 86' lang='lat' dir='ltr'><strong>describuntur</strong></span> <span class='ocrx_word' id='word_1_52' title='bbox 1351 853 1730 908; x_wconf 81' lang='lat' dir='ltr'><strong>quaecumque</strong></span> <span class='ocrx_word' id='word_1_53' title='bbox 1761 838 1933 892; x_wconf 83' lang='lat' dir='ltr'><strong>habet</strong></span> <span class='ocrx_word' id='word_1_54' title='bbox 1977 838 2174 891; x_wconf 86' lang='lat' dir='ltr'><strong>Incho-</strong></span> 
     </span>
    </p>
   </div>
   <div class='ocr_carea' id='block_1_7' title="bbox 475 925 2178 998">
    <p class='ocr_par' dir='ltr' id='par_1_7' title="bbox 475 925 2178 998">
     <span class='ocr_line' id='line_1_7' title="bbox 475 925 2178 998; baseline -0.002 -18"><span class='ocrx_word' id='word_1_55' title='bbox 475 929 560 981; x_wconf 80' lang='lat' dir='ltr'><strong>fer</strong></span> <span class='ocrx_word' id='word_1_56' title='bbox 607 945 771 998; x_wconf 83' lang='lat' dir='ltr'><strong>capp.</strong></span> <span class='ocrx_word' id='word_1_57' title='bbox 831 929 883 993; x_wconf 83' lang='lat'><strong>9,</strong></span> <span class='ocrx_word' id='word_1_58' title='bbox 922 931 1004 992; x_wconf 89' lang='lat' dir='ltr'><strong>ll,</strong></span> <span class='ocrx_word' id='word_1_59' title='bbox 1066 929 1128 980; x_wconf 82' lang='grc'>12</span> <span class='ocrx_word' id='word_1_60' title='bbox 1187 930 1245 979; x_wconf 86' lang='lat' dir='ltr'><strong>et</strong></span> <span class='ocrx_word' id='word_1_61' title='bbox 1317 928 1402 992; x_wconf 83' lang='grc'>13,</span> <span class='ocrx_word' id='word_1_62' title='bbox 1451 930 1514 978; x_wconf 89' lang='lat' dir='ltr'><strong>ut</strong></span> <span class='ocrx_word' id='word_1_63' title='bbox 1572 925 1642 977; x_wconf 88' lang='lat' dir='ltr'><strong>iis</strong></span> <span class='ocrx_word' id='word_1_64' title='bbox 1701 925 1790 978; x_wconf 81' lang='lat' dir='ltr'><strong>hic</strong></span> <span class='ocrx_word' id='word_1_65' title='bbox 1839 939 2178 978; x_wconf 81' lang='lat' dir='ltr'><strong>enumeran-</strong></span> 
     </span>
    </p>
   </div>
   <div class='ocr_carea' id='block_1_8' title="bbox 475 1013 2177 1085">
    <p class='ocr_par' dir='ltr' id='par_1_8' title="bbox 475 1013 2177 1085">
     <span class='ocr_line' id='line_1_8' title="bbox 475 1013 2177 1085; baseline -0.005 -15"><span class='ocrx_word' id='word_1_66' title='bbox 475 1017 562 1070; x_wconf 88' lang='lat' dir='ltr'><strong>dis</strong></span> <span class='ocrx_word' id='word_1_67' title='bbox 587 1016 1080 1085; x_wconf 87' lang='lat' dir='ltr'><strong>supersedeamus.</strong></span> <span class='ocrx_word' id='word_1_68' title='bbox 1116 1016 1207 1068; x_wconf 82' lang='lat' dir='ltr'><strong>Est</strong></span> <span class='ocrx_word' id='word_1_69' title='bbox 1247 1019 1302 1066; x_wconf 87' lang='lat' dir='ltr'><strong>ct</strong></span> <span class='ocrx_word' id='word_1_70' title='bbox 1334 1030 1465 1083; x_wconf 85' lang='lat' dir='ltr'><strong>pars</strong></span> <span class='ocrx_word' id='word_1_71' title='bbox 1496 1030 1620 1084; x_wconf 87' lang='lat' dir='ltr'><strong>cap.</strong></span> <span class='ocrx_word' id='word_1_72' title='bbox 1657 1015 1718 1066; x_wconf 66' lang='grc'>14</span> <span class='ocrx_word' id='word_1_73' title='bbox 1751 1029 1819 1066; x_wconf 80' lang='lat' dir='ltr'><strong>ex</strong></span> <span class='ocrx_word' id='word_1_74' title='bbox 1862 1013 2177 1066; x_wconf 79' lang='lat' dir='ltr'><strong>Adelboldo</strong></span> 
     </span>
    </p>
   </div>
   <div class='ocr_carea' id='block_1_9' title="bbox 475 1100 2179 1174">
    <p class='ocr_par' dir='ltr' id='par_1_9' title="bbox 475 1100 2179 1174">
     <span class='ocr_line' id='line_1_9' title="bbox 475 1100 2179 1174; baseline -0.002 -18"><span class='ocrx_word' id='word_1_75' title='bbox 475 1105 796 1174; x_wconf 84' lang='lat' dir='ltr'><strong>desumpta,</strong></span> <span class='ocrx_word' id='word_1_76' title='bbox 829 1105 921 1157; x_wconf 90' lang='lat' dir='ltr'><strong>cui</strong></span> <span class='ocrx_word' id='word_1_77' title='bbox 951 1103 1214 1171; x_wconf 88' lang='lat' dir='ltr'><strong>adjungit</strong></span> <span class='ocrx_word' id='word_1_78' title='bbox 1277 1123 1297 1148; x_wconf 80' lang='grc' dir='ltr'>α</span> <span class='ocrx_word' id='word_1_79' title='bbox 1362 1101 1729 1155; x_wconf 88' lang='lat' dir='ltr'><strong>ecclesiarum</strong></span> <span class='ocrx_word' id='word_1_80' title='bbox 1780 1102 1839 1154; x_wconf 90' lang='lat' dir='ltr'><strong>in</strong></span> <span class='ocrx_word' id='word_1_81' title='bbox 1874 1100 2179 1155; x_wconf 84' lang='lat' dir='ltr'><strong>Germania</strong></span> 
     </span>
    </p>
   </div>
   <div class='ocr_carea' id='block_1_10' title="bbox 476 1189 2177 1258">
    <p class='ocr_par' dir='ltr' id='par_1_10' title="bbox 476 1189 2177 1258">
     <span class='ocr_line' id='line_1_10' title="bbox 476 1189 2177 1258; baseline -0.002 -13"><span class='ocrx_word' id='word_1_82' title='bbox 476 1193 963 1258; x_wconf 83' lang='lat' dir='ltr'><strong>reformationem,</strong></span> <span class='ocrx_word' id='word_1_83' title='bbox 999 1212 1026 1239; x_wconf 75' lang='grc' dir='ltr'>ι)</span> <span class='ocrx_word' id='word_1_84' title='bbox 1071 1192 1208 1244; x_wconf 86' lang='lat' dir='ltr'><strong>item</strong></span> <span class='ocrx_word' id='word_1_85' title='bbox 1246 1212 1267 1239; x_wconf 79' lang='grc' dir='ltr'><strong>ι</strong></span> <span class='ocrx_word' id='word_1_86' title='bbox 1305 1191 1633 1243; x_wconf 89' lang='lat' dir='ltr'><strong>Polonicum</strong></span> <span class='ocrx_word' id='word_1_87' title='bbox 1691 1195 1746 1242; x_wconf 90' lang='lat' dir='ltr'><strong>et</strong></span> <span class='ocrx_word' id='word_1_88' title='bbox 1819 1189 2177 1243; x_wconf 86' lang='lat' dir='ltr'><strong>Flandricum</strong></span> 
     </span>
    </p>
   </div>
   <div class='ocr_carea' id='block_1_11' title="bbox 476 1279 2181 1351">
    <p class='ocr_par' dir='ltr' id='par_1_11' title="bbox 476 1279 2181 1351">
     <span class='ocr_line' id='line_1_11' title="bbox 476 1279 2181 1351; baseline -0.004 -15"><span class='ocrx_word' id='word_1_89' title='bbox 476 1283 715 1346; x_wconf 80' lang='lat' dir='ltr'><strong>bellum,</strong></span> <span class='ocrx_word' id='word_1_90' title='bbox 751 1303 770 1328; x_wconf 71' lang='grc' dir='ltr'><strong>ι</strong></span> <span class='ocrx_word' id='word_1_91' title='bbox 809 1297 936 1351; x_wconf 63' lang='lat' dir='ltr'><strong>qua!</strong></span> <span class='ocrx_word' id='word_1_92' title='bbox 991 1297 1096 1334; x_wconf 87' lang='lat' dir='ltr'><strong>nos</strong></span> <span class='ocrx_word' id='word_1_93' title='bbox 1126 1279 1482 1349; x_wconf 85' lang='lat' dir='ltr'><strong>temporibus</strong></span> <span class='ocrx_word' id='word_1_94' title='bbox 1523 1280 1640 1331; x_wconf 89' lang='lat' dir='ltr'><strong>suis</strong></span> <span class='ocrx_word' id='word_1_95' title='bbox 1693 1295 1762 1331; x_wconf 87' lang='lat' dir='ltr'><strong>ex</strong></span> <span class='ocrx_word' id='word_1_96' title='bbox 1811 1279 2068 1332; x_wconf 88' lang='lat' dir='ltr'><strong>Ditmaro</strong></span> <span class='ocrx_word' id='word_1_97' title='bbox 2125 1283 2181 1330; x_wconf 89' lang='lat' dir='ltr'><strong>et</strong></span> 
     </span>
    </p>
   </div>
   <div class='ocr_carea' id='block_1_12' title="bbox 477 1366 2183 1435">
    <p class='ocr_par' dir='ltr' id='par_1_12' title="bbox 477 1366 2183 1435">
     <span class='ocr_line' id='line_1_12' title="bbox 477 1366 2183 1435; baseline -0.003 -11"><span class='ocrx_word' id='word_1_98' title='bbox 477 1370 605 1424; x_wconf 87' lang='lat' dir='ltr'><strong>aliis</strong></span> <span class='ocrx_word' id='word_1_99' title='bbox 647 1371 938 1422; x_wconf 89' lang='lat' dir='ltr'><strong>innectere</strong></span> <span class='ocrx_word' id='word_1_100' title='bbox 967 1367 1159 1431; x_wconf 83' lang='lat' dir='ltr'><strong>conati</strong></span> <span class='ocrx_word' id='word_1_101' title='bbox 1185 1383 1402 1420; x_wconf 90' lang='lat' dir='ltr'><strong>sumus.</strong></span> <span class='ocrx_word' id='word_1_102' title='bbox 1455 1367 1592 1435; x_wconf 88' lang='lat' dir='ltr'><strong>Cap.</strong></span> <span class='ocrx_word' id='word_1_103' title='bbox 1632 1369 1694 1420; x_wconf 77' lang='grc'>15</span> <span class='ocrx_word' id='word_1_104' title='bbox 1729 1366 2077 1420; x_wconf 80' lang='lat' dir='ltr'><strong>monasteria</strong></span> <span class='ocrx_word' id='word_1_105' title='bbox 2125 1371 2183 1419; x_wconf 90' lang='lat' dir='ltr'><strong>et</strong></span> 
     </span>
    </p>
   </div>
   <div class='ocr_carea' id='block_1_13' title="bbox 474 1453 2181 1526">
    <p class='ocr_par' dir='ltr' id='par_1_13' title="bbox 474 1453 2181 1526">
     <span class='ocr_line' id='line_1_13' title="bbox 474 1453 2181 1526; baseline -0.001 -18"><span class='ocrx_word' id='word_1_106' title='bbox 474 1458 688 1526; x_wconf 90' lang='lat' dir='ltr'><strong>templa</strong></span> <span class='ocrx_word' id='word_1_107' title='bbox 726 1457 962 1510; x_wconf 84' lang='lat' dir='ltr'><strong>fundata</strong></span> <span class='ocrx_word' id='word_1_108' title='bbox 991 1458 1076 1508; x_wconf 90' lang='lat' dir='ltr'><strong>vel</strong></span> <span class='ocrx_word' id='word_1_109' title='bbox 1111 1461 1334 1521; x_wconf 88' lang='lat' dir='ltr'><strong>ornata,</strong></span> <span class='ocrx_word' id='word_1_110' title='bbox 1376 1470 1440 1508; x_wconf 89' lang='lat' dir='ltr'><strong>ac</strong></span> <span class='ocrx_word' id='word_1_111' title='bbox 1471 1455 1950 1524; x_wconf 87' lang='lat' dir='ltr'><strong>Bambergensem</strong></span> <span class='ocrx_word' id='word_1_112' title='bbox 1981 1453 2181 1506; x_wconf 88' lang='lat' dir='ltr'><strong>civita-</strong></span> 
     </span>
    </p>
   </div>
   <div class='ocr_carea' id='block_1_14' title="bbox 473 1542 2181 1614">
    <p class='ocr_par' dir='ltr' id='par_1_14' title="bbox 473 1542 2181 1614">
     <span class='ocr_line' id='line_1_14' title="bbox 473 1542 2181 1614; baseline -0.002 -16"><span class='ocrx_word' id='word_1_113' title='bbox 473 1550 589 1598; x_wconf 85' lang='lat' dir='ltr'><strong>tem</strong></span> <span class='ocrx_word' id='word_1_114' title='bbox 621 1545 680 1597; x_wconf 91' lang='lat' dir='ltr'><strong>in</strong></span> <span class='ocrx_word' id='word_1_115' title='bbox 713 1544 1102 1614; x_wconf 84' lang='lat' dir='ltr'><strong>episcopatum</strong></span> <span class='ocrx_word' id='word_1_116' title='bbox 1136 1548 1385 1596; x_wconf 88' lang='lat' dir='ltr'><strong>evectam</strong></span> <span class='ocrx_word' id='word_1_117' title='bbox 1444 1544 1842 1612; x_wconf 85' lang='lat' dir='ltr'><strong>prosequitur;</strong></span> <span class='ocrx_word' id='word_1_118' title='bbox 1893 1548 1950 1595; x_wconf 90' lang='lat' dir='ltr'><strong>et</strong></span> <span class='ocrx_word' id='word_1_119' title='bbox 1976 1542 2046 1595; x_wconf 92' lang='lat' dir='ltr'><strong>de</strong></span> <span class='ocrx_word' id='word_1_120' title='bbox 2076 1542 2181 1596; x_wconf 89' lang='lat' dir='ltr'><strong>hac</strong></span> 
     </span>
    </p>
   </div>
   <div class='ocr_carea' id='block_1_15' title="bbox 475 1630 2176 1702">
    <p class='ocr_par' dir='ltr' id='par_1_15' title="bbox 475 1630 2176 1702">
     <span class='ocr_line' id='line_1_15' title="bbox 475 1630 2176 1702; baseline -0.001 -18"><span class='ocrx_word' id='word_1_121' title='bbox 475 1633 709 1702; x_wconf 83' lang='lat' dir='ltr'><strong>quidem</strong></span> <span class='ocrx_word' id='word_1_122' title='bbox 743 1634 1026 1684; x_wconf 86' lang='lat' dir='ltr'><strong>erectioue</strong></span> <span class='ocrx_word' id='word_1_123' title='bbox 1056 1632 1191 1684; x_wconf 86' lang='lat' dir='ltr'><strong>satis</strong></span> <span class='ocrx_word' id='word_1_124' title='bbox 1221 1631 1482 1701; x_wconf 89' lang='lat' dir='ltr'><strong>apposite</strong></span> <span class='ocrx_word' id='word_1_125' title='bbox 1515 1630 1767 1701; x_wconf 85' lang='lat' dir='ltr'><strong>disputat</strong></span> <span class='ocrx_word' id='word_1_126' title='bbox 1795 1647 1807 1684; x_wconf 91' lang='lat'>:</span> <span class='ocrx_word' id='word_1_127' title='bbox 1853 1646 2039 1700; x_wconf 90' lang='lat' dir='ltr'><strong>neque</strong></span> <span class='ocrx_word' id='word_1_128' title='bbox 2081 1646 2176 1683; x_wconf 91' lang='lat' dir='ltr'><strong>ne-</strong></span> 
     </span>
    </p>
   </div>
   <div class='ocr_carea' id='block_1_16' title="bbox 476 1716 2179 1790">
    <p class='ocr_par' dir='ltr' id='par_1_16' title="bbox 476 1716 2179 1790">
     <span class='ocr_line' id='line_1_16' title="bbox 476 1716 2179 1790; baseline -0.003 -16"><span class='ocrx_word' id='word_1_129' title='bbox 476 1720 727 1788; x_wconf 86' lang='lat' dir='ltr'><strong>gaverim</strong></span> <span class='ocrx_word' id='word_1_130' title='bbox 764 1721 1217 1790; x_wconf 83' lang='lat' dir='ltr'><strong>partlienouibus</strong></span> <span class='ocrx_word' id='word_1_131' title='bbox 1248 1719 1666 1787; x_wconf 79' lang='lat' dir='ltr'><strong>Neoburgensi,</strong></span> <span class='ocrx_word' id='word_1_132' title='bbox 1691 1725 1749 1772; x_wconf 91' lang='lat' dir='ltr'><strong>et</strong></span> <span class='ocrx_word' id='word_1_133' title='bbox 1776 1716 2179 1786; x_wconf 82' lang='lat' dir='ltr'><strong>Nunburgensi</strong></span> 
     </span>
    </p>
   </div>
   <div class='ocr_carea' id='block_1_17' title="bbox 475 1805 2174 1877">
    <p class='ocr_par' dir='ltr' id='par_1_17' title="bbox 475 1805 2174 1877">
     <span class='ocr_line' id='line_1_17' title="bbox 475 1805 2174 1877; baseline -0.002 -16"><span class='ocrx_word' id='word_1_134' title='bbox 475 1811 625 1877; x_wconf 89' lang='lat' dir='ltr'><strong>apud</strong></span> <span class='ocrx_word' id='word_1_135' title='bbox 649 1809 1042 1876; x_wconf 84' lang='lat' dir='ltr'><strong>Salisburgum</strong></span> <span class='ocrx_word' id='word_1_136' title='bbox 1096 1807 1277 1860; x_wconf 89' lang='lat' dir='ltr'><strong>multa</strong></span> <span class='ocrx_word' id='word_1_137' title='bbox 1315 1807 1580 1860; x_wconf 88' lang='lat' dir='ltr'><strong>aSancto</strong></span> <span class='ocrx_word' id='word_1_138' title='bbox 1634 1807 1854 1868; x_wconf 87' lang='lat' dir='ltr'><strong>collata,</strong></span> <span class='ocrx_word' id='word_1_139' title='bbox 1911 1805 2174 1876; x_wconf 81' lang='lat' dir='ltr'><strong>quamvis</strong></span> 
     </span>
    </p>
   </div>
   <div class='ocr_carea' id='block_1_18' title="bbox 474 1893 2172 1966">
    <p class='ocr_par' dir='ltr' id='par_1_18' title="bbox 474 1893 2172 1966">
     <span class='ocr_line' id='line_1_18' title="bbox 474 1893 2172 1966; baseline -0.002 -17"><span class='ocrx_word' id='word_1_140' title='bbox 474 1897 566 1950; x_wconf 89' lang='lat' dir='ltr'><strong>hic</strong></span> <span class='ocrx_word' id='word_1_141' title='bbox 615 1914 644 1949; x_wconf 92' lang='lat' dir='ltr'><strong>a</strong></span> <span class='ocrx_word' id='word_1_142' title='bbox 695 1902 1018 1966; x_wconf 85' lang='lat' dir='ltr'><strong>temporum</strong></span> <span class='ocrx_word' id='word_1_143' title='bbox 1095 1893 1240 1947; x_wconf 74' lang='lat' dir='ltr'><strong>serie</strong></span> <span class='ocrx_word' id='word_1_144' title='bbox 1276 1893 1519 1963; x_wconf 87' lang='lat' dir='ltr'><strong>scriptor</strong></span> <span class='ocrx_word' id='word_1_145' title='bbox 1575 1893 1858 1946; x_wconf 85' lang='lat' dir='ltr'><strong>exorbitet</strong></span> <span class='ocrx_word' id='word_1_146' title='bbox 1916 1909 1930 1946; x_wconf 87' lang='lat'><strong>:</strong></span> <span class='ocrx_word' id='word_1_147' title='bbox 1975 1909 2172 1945; x_wconf 88' lang='lat' dir='ltr'><strong>verum</strong></span> 
     </span>
    </p>
   </div>
   <div class='ocr_carea' id='block_1_19' title="bbox 475 1981 2171 2054">
    <p class='ocr_par' dir='ltr' id='par_1_19' title="bbox 475 1981 2171 2054">
     <span class='ocr_line' id='line_1_19' title="bbox 475 1981 2171 2054; baseline -0.001 -18"><span class='ocrx_word' id='word_1_148' title='bbox 475 1985 651 2054; x_wconf 88' lang='lat' dir='ltr'><strong>quod,</strong></span> <span class='ocrx_word' id='word_1_149' title='bbox 680 2000 811 2053; x_wconf 83' lang='lat' dir='ltr'><strong>pag.</strong></span> <span class='ocrx_word' id='word_1_150' title='bbox 846 1985 937 2048; x_wconf 72' lang='lat'><strong>65,</strong></span> <span class='ocrx_word' id='word_1_151' title='bbox 968 1981 1313 2034; x_wconf 87' lang='lat' dir='ltr'><strong>anccdotum</strong></span> <span class='ocrx_word' id='word_1_152' title='bbox 1367 1981 1706 2034; x_wconf 86' lang='lat' dir='ltr'><strong>miraculum</strong></span> <span class='ocrx_word' id='word_1_153' title='bbox 1768 1981 1945 2034; x_wconf 82' lang='lat' dir='ltr'><strong>tradit</strong></span> <span class='ocrx_word' id='word_1_154' title='bbox 1993 1981 2063 2035; x_wconf 87' lang='lat' dir='ltr'><strong>de.</strong></span> <span class='ocrx_word' id='word_1_155' title='bbox 2117 1981 2171 2035; x_wconf 89' lang='lat' dir='ltr'><strong>S.</strong></span> 
     </span>
    </p>
   </div>
   <div class='ocr_carea' id='block_1_20' title="bbox 475 2070 2172 2138">
    <p class='ocr_par' dir='ltr' id='par_1_20' title="bbox 475 2070 2172 2138">
     <span class='ocr_line' id='line_1_20' title="bbox 475 2070 2172 2138; baseline -0.003 -11"><span class='ocrx_word' id='word_1_156' title='bbox 475 2072 822 2127; x_wconf 85' lang='lat' dir='ltr'><strong>Erendrudis</strong></span> <span class='ocrx_word' id='word_1_157' title='bbox 849 2071 1043 2124; x_wconf 90' lang='lat' dir='ltr'><strong>cinere</strong></span> <span class='ocrx_word' id='word_1_158' title='bbox 1073 2071 1289 2122; x_wconf 87' lang='lat' dir='ltr'><strong>annulo</strong></span> <span class='ocrx_word' id='word_1_159' title='bbox 1315 2070 1581 2122; x_wconf 90' lang='lat' dir='ltr'><strong>concluso</strong></span> <span class='ocrx_word' id='word_1_160' title='bbox 1603 2074 1658 2122; x_wconf 91' lang='lat' dir='ltr'><strong>et</strong></span> <span class='ocrx_word' id='word_1_161' title='bbox 1685 2070 1829 2122; x_wconf 90' lang='lat' dir='ltr'><strong>collo</strong></span> <span class='ocrx_word' id='word_1_162' title='bbox 1875 2085 2172 2138; x_wconf 89' lang='lat' dir='ltr'><strong>suspenso,</strong></span> 
     </span>
    </p>
   </div>
   <div class='ocr_carea' id='block_1_21' title="bbox 474 2153 2178 2224">
    <p class='ocr_par' dir='ltr' id='par_1_21' title="bbox 474 2153 2178 2224">
     <span class='ocr_line' id='line_1_21' title="bbox 474 2153 2178 2224; baseline -0.001 -14"><span class='ocrx_word' id='word_1_163' title='bbox 474 2163 631 2210; x_wconf 90' lang='lat' dir='ltr'><strong>utut</strong></span> <span class='ocrx_word' id='word_1_164' title='bbox 660 2156 986 2224; x_wconf 85' lang='lat' dir='ltr'><strong>negandum</strong></span> <span class='ocrx_word' id='word_1_165' title='bbox 1025 2171 1140 2208; x_wconf 91' lang='lat' dir='ltr'><strong>non</strong></span> <span class='ocrx_word' id='word_1_166' title='bbox 1196 2171 1478 2222; x_wconf 88' lang='lat' dir='ltr'><strong>censeam,</strong></span> <span class='ocrx_word' id='word_1_167' title='bbox 1540 2153 1738 2208; x_wconf 89' lang='lat' dir='ltr'><strong>mirari</strong></span> <span class='ocrx_word' id='word_1_168' title='bbox 1801 2162 1954 2208; x_wconf 90' lang='lat' dir='ltr'><strong>certe</strong></span> <span class='ocrx_word' id='word_1_169' title='bbox 2013 2156 2178 2208; x_wconf 89' lang='lat' dir='ltr'><strong>liceat</strong></span> 
     </span>
    </p>
   </div>
   <div class='ocr_carea' id='block_1_22' title="bbox 475 2243 2174 2313">
    <p class='ocr_par' dir='ltr' id='par_1_22' title="bbox 475 2243 2174 2313">
     <span class='ocr_line' id='line_1_22' title="bbox 475 2243 2174 2313; baseline -0.002 -15"><span class='ocrx_word' id='word_1_170' title='bbox 475 2245 621 2298; x_wconf 88' lang='lat' dir='ltr'><strong>nihil</strong></span> <span class='ocrx_word' id='word_1_171' title='bbox 647 2245 780 2297; x_wconf 83' lang='lat' dir='ltr'><strong>huic</strong></span> <span class='ocrx_word' id='word_1_172' title='bbox 812 2243 894 2297; x_wconf 89' lang='lat' dir='ltr'><strong>rei</strong></span> <span class='ocrx_word' id='word_1_173' title='bbox 923 2243 1096 2297; x_wconf 82' lang='lat' dir='ltr'><strong>aftine</strong></span> <span class='ocrx_word' id='word_1_174' title='bbox 1126 2259 1423 2296; x_wconf 91' lang='lat' dir='ltr'><strong>occurrere</strong></span> <span class='ocrx_word' id='word_1_175' title='bbox 1455 2243 1513 2296; x_wconf 92' lang='lat' dir='ltr'><strong>in</strong></span> <span class='ocrx_word' id='word_1_176' title='bbox 1553 2243 1693 2313; x_wconf 89' lang='lat' dir='ltr'><strong>ipsis</strong></span> <span class='ocrx_word' id='word_1_177' title='bbox 1725 2244 1944 2295; x_wconf 63' lang='lat' dir='ltr'><strong>Sanctae</strong></span> <span class='ocrx_word' id='word_1_178' title='bbox 1999 2243 2174 2311; x_wconf 84' lang='lat' dir='ltr'><strong>Actis,</strong></span> 
     </span>
    </p>
   </div>
   <div class='ocr_carea' id='block_1_23' title="bbox 477 2331 2175 2401">
    <p class='ocr_par' dir='ltr' id='par_1_23' title="bbox 477 2331 2175 2401">
     <span class='ocr_line' id='line_1_23' title="bbox 477 2331 2175 2401; baseline -0.001 -16"><span class='ocrx_word' id='word_1_179' title='bbox 477 2341 634 2385; x_wconf 89' lang='lat' dir='ltr'><strong>tomo</strong></span> <span class='ocrx_word' id='word_1_180' title='bbox 665 2333 706 2383; x_wconf 91' lang='lat' dir='ltr'><strong>V</strong></span> <span class='ocrx_word' id='word_1_181' title='bbox 728 2331 883 2384; x_wconf 82' lang='lat' dir='ltr'><strong>Junii</strong></span> <span class='ocrx_word' id='word_1_182' title='bbox 914 2331 1230 2397; x_wconf 89' lang='lat' dir='ltr'><strong>illustratis,</strong></span> <span class='ocrx_word' id='word_1_183' title='bbox 1262 2346 1295 2384; x_wconf 90' lang='lat' dir='ltr'><strong>a</strong></span> <span class='ocrx_word' id='word_1_184' title='bbox 1331 2347 1460 2401; x_wconf 84' lang='lat' dir='ltr'><strong>pag.</strong></span> <span class='ocrx_word' id='word_1_185' title='bbox 1497 2333 1628 2397; x_wconf 79' lang='lat'><strong>580;</strong></span> <span class='ocrx_word' id='word_1_186' title='bbox 1681 2336 1831 2384; x_wconf 87' lang='lat' dir='ltr'><strong>certe</strong></span> <span class='ocrx_word' id='word_1_187' title='bbox 1863 2331 2035 2384; x_wconf 77' lang='lat' dir='ltr'><strong>fidem</strong></span> <span class='ocrx_word' id='word_1_188' title='bbox 2108 2331 2175 2384; x_wconf 91' lang='lat' dir='ltr'><strong>li-</strong></span> 
     </span>
    </p>
   </div>
   <div class='ocr_carea' id='block_1_24' title="bbox 476 2419 2173 2489">
    <p class='ocr_par' dir='ltr' id='par_1_24' title="bbox 476 2419 2173 2489">
     <span class='ocr_line' id='line_1_24' title="bbox 476 2419 2173 2489; baseline -0.001 -16"><span class='ocrx_word' id='word_1_189' title='bbox 476 2421 674 2474; x_wconf 88' lang='lat' dir='ltr'><strong>berare</strong></span> <span class='ocrx_word' id='word_1_190' title='bbox 723 2419 919 2472; x_wconf 87' lang='lat' dir='ltr'><strong>debuit</strong></span> <span class='ocrx_word' id='word_1_191' title='bbox 964 2420 1228 2473; x_wconf 79' lang='lat' dir='ltr'><strong>Incliofer</strong></span> <span class='ocrx_word' id='word_1_192' title='bbox 1303 2419 1580 2489; x_wconf 70' lang='lat' dir='ltr'><strong>prmstito,</strong></span> <span class='ocrx_word' id='word_1_193' title='bbox 1638 2425 1866 2472; x_wconf 48' lang='lat' dir='ltr'><strong>asserta)</strong></span> <span class='ocrx_word' id='word_1_194' title='bbox 1910 2420 1990 2471; x_wconf 89' lang='lat' dir='ltr'><strong>rei</strong></span> <span class='ocrx_word' id='word_1_195' title='bbox 2078 2436 2173 2472; x_wconf 91' lang='lat' dir='ltr'><strong>va-</strong></span> 
     </span>
    </p>
   </div>
   <div class='ocr_carea' id='block_1_25' title="bbox 475 2507 753 2562">
    <p class='ocr_par' dir='ltr' id='par_1_25' title="bbox 475 2507 753 2562">
     <span class='ocr_line' id='line_1_25' title="bbox 475 2507 753 2562; baseline -0.007 0"><span class='ocrx_word' id='word_1_196' title='bbox 475 2507 753 2562; x_wconf 90' lang='lat' dir='ltr'><strong>dimonio.</strong></span> 
     </span>
    </p>
   </div>
   <div class='ocr_carea' id='block_1_26' title="bbox 548 2594 2172 2667">
    <p class='ocr_par' dir='ltr' id='par_1_26' title="bbox 548 2594 2172 2667">
     <span class='ocr_line' id='line_1_26' title="bbox 548 2594 2172 2667; baseline -0.002 -17"><span class='ocrx_word' id='word_1_197' title='bbox 548 2600 634 2652; x_wconf 91' lang='grc'>81.</span> <span class='ocrx_word' id='word_1_198' title='bbox 666 2598 788 2650; x_wconf 79' lang='lat' dir='ltr'><strong>Non</strong></span> <span class='ocrx_word' id='word_1_199' title='bbox 861 2597 1044 2667; x_wconf 89' lang='lat' dir='ltr'><strong>magis</strong></span> <span class='ocrx_word' id='word_1_200' title='bbox 1105 2596 1174 2649; x_wconf 92' lang='lat' dir='ltr'><strong>ad</strong></span> <span class='ocrx_word' id='word_1_201' title='bbox 1211 2601 1538 2666; x_wconf 84' lang='lat' dir='ltr'><strong>temporum</strong></span> <span class='ocrx_word' id='word_1_202' title='bbox 1594 2594 1872 2649; x_wconf 89' lang='lat' dir='ltr'><strong>rationem</strong></span> <span class='ocrx_word' id='word_1_203' title='bbox 1905 2595 2172 2660; x_wconf 89' lang='lat' dir='ltr'><strong>attendit,</strong></span> 
     </span>
    </p>
   </div>
   <div class='ocr_carea' id='block_1_27' title="bbox 477 2683 2179 2755">
    <p class='ocr_par' dir='ltr' id='par_1_27' title="bbox 477 2683 2179 2755">
     <span class='ocr_line' id='line_1_27' title="bbox 477 2683 2179 2755; baseline -0.002 -17"><span class='ocrx_word' id='word_1_204' title='bbox 477 2686 612 2738; x_wconf 92' lang='lat' dir='ltr'><strong>dum</strong></span> <span class='ocrx_word' id='word_1_205' title='bbox 676 2684 846 2755; x_wconf 86' lang='lat' dir='ltr'><strong>capiti</strong></span> <span class='ocrx_word' id='word_1_206' title='bbox 908 2688 970 2739; x_wconf 84' lang='grc'>16</span> <span class='ocrx_word' id='word_1_207' title='bbox 1020 2686 1174 2738; x_wconf 84' lang='lat' dir='ltr'><strong>hunc</strong></span> <span class='ocrx_word' id='word_1_208' title='bbox 1203 2685 1434 2737; x_wconf 88' lang='lat' dir='ltr'><strong>titulum</strong></span> <span class='ocrx_word' id='word_1_209' title='bbox 1471 2683 1757 2755; x_wconf 62' lang='lat' dir='ltr'><strong>praeﬁxit:</strong></span> <span class='ocrx_word' id='word_1_210' title='bbox 1811 2705 1838 2732; x_wconf 92' lang='grc'>‹‹</span> <span class='ocrx_word' id='word_1_211' title='bbox 1907 2684 2179 2737; x_wconf 79' lang='lat' dir='ltr'><strong>Henricus</strong></span> 
     </span>
    </p>
   </div>
   <div class='ocr_carea' id='block_1_28' title="bbox 476 2772 2176 2841">
    <p class='ocr_par' dir='ltr' id='par_1_28' title="bbox 476 2772 2176 2841">
     <span class='ocr_line' id='line_1_28' title="bbox 476 2772 2176 2841; baseline -0.002 -13"><span class='ocrx_word' id='word_1_212' title='bbox 476 2773 877 2841; x_wconf 83' lang='lat' dir='ltr'><strong>Cunigundem</strong></span> <span class='ocrx_word' id='word_1_213' title='bbox 908 2772 1167 2841; x_wconf 79' lang='lat' dir='ltr'><strong>reginam</strong></span> <span class='ocrx_word' id='word_1_214' title='bbox 1195 2772 1464 2826; x_wconf 87' lang='lat' dir='ltr'><strong>adulterii</strong></span> <span class='ocrx_word' id='word_1_215' title='bbox 1495 2772 1856 2840; x_wconf 84' lang='lat' dir='ltr'><strong>insimulans,</strong></span> <span class='ocrx_word' id='word_1_216' title='bbox 1907 2772 2176 2825; x_wconf 88' lang='lat' dir='ltr'><strong>innocen-</strong></span> 
     </span>
    </p>
   </div>
   <div class='ocr_carea' id='block_1_29' title="bbox 474 2860 2178 2930">
    <p class='ocr_par' dir='ltr' id='par_1_29' title="bbox 474 2860 2178 2930">
     <span class='ocr_line' id='line_1_29' title="bbox 474 2860 2178 2930; baseline -0.001 -15"><span class='ocrx_word' id='word_1_217' title='bbox 474 2862 570 2915; x_wconf 60' lang='lat' dir='ltr'><strong>tia!</strong></span> <span class='ocrx_word' id='word_1_218' title='bbox 604 2862 879 2915; x_wconf 90' lang='lat' dir='ltr'><strong>miraculo</strong></span> <span class='ocrx_word' id='word_1_219' title='bbox 906 2861 1279 2930; x_wconf 80' lang='lat' dir='ltr'><strong>corrigitur.»</strong></span> <span class='ocrx_word' id='word_1_220' title='bbox 1301 2862 1410 2915; x_wconf 80' lang='lat' dir='ltr'><strong>Res</strong></span> <span class='ocrx_word' id='word_1_221' title='bbox 1441 2861 1563 2930; x_wconf 89' lang='lat' dir='ltr'><strong>ipsa</strong></span> <span class='ocrx_word' id='word_1_222' title='bbox 1585 2861 1656 2914; x_wconf 91' lang='lat' dir='ltr'><strong>ab</strong></span> <span class='ocrx_word' id='word_1_223' title='bbox 1676 2860 2040 2914; x_wconf 87' lang='lat' dir='ltr'><strong>inimicorum</strong></span> <span class='ocrx_word' id='word_1_224' title='bbox 2073 2861 2178 2913; x_wconf 79' lang='lat' dir='ltr'><strong>ob-</strong></span> 
     </span>
    </p>
   </div>
   <div class='ocr_carea' id='block_1_30' title="bbox 474 2948 2178 3021">
    <p class='ocr_par' dir='ltr' id='par_1_30' title="bbox 474 2948 2178 3021">
     <span class='ocr_line' id='line_1_30' title="bbox 474 2948 2178 3021; baseline -0.001 -19"><span class='ocrx_word' id='word_1_225' title='bbox 474 2949 688 3021; x_wconf 89' lang='lat' dir='ltr'><strong>loquiis</strong></span> <span class='ocrx_word' id='word_1_226' title='bbox 708 2949 842 3004; x_wconf 82' lang='lat' dir='ltr'><strong>satis</strong></span> <span class='ocrx_word' id='word_1_227' title='bbox 857 2949 1139 3003; x_wconf 88' lang='lat' dir='ltr'><strong>vindicata</strong></span> <span class='ocrx_word' id='word_1_228' title='bbox 1167 2955 1277 3015; x_wconf 87' lang='lat' dir='ltr'><strong>est;</strong></span> <span class='ocrx_word' id='word_1_229' title='bbox 1301 2955 1359 3002; x_wconf 90' lang='lat' dir='ltr'><strong>at</strong></span> <span class='ocrx_word' id='word_1_230' title='bbox 1384 2966 1497 3020; x_wconf 85' lang='lat' dir='ltr'><strong>quo</strong></span> <span class='ocrx_word' id='word_1_231' title='bbox 1524 2948 1891 3018; x_wconf 89' lang='lat' dir='ltr'><strong>potissimum</strong></span> <span class='ocrx_word' id='word_1_232' title='bbox 1922 2953 2178 3018; x_wconf 87' lang='lat' dir='ltr'><strong>tempore</strong></span> 
     </span>
    </p>
   </div>
   <div class='ocr_carea' id='block_1_31' title="bbox 2286 576 3966 647">
    <p class='ocr_par' dir='ltr' id='par_1_31' title="bbox 2286 576 3966 647">
     <span class='ocr_line' id='line_1_31' title="bbox 2286 576 3966 647; baseline 0.002 -19"><span class='ocrx_word' id='word_1_233' title='bbox 2286 577 2513 647; x_wconf 84' lang='lat' dir='ltr'><strong>aliaque</strong></span> <span class='ocrx_word' id='word_1_234' title='bbox 2538 577 2609 630; x_wconf 89' lang='lat' dir='ltr'><strong>ad</strong></span> <span class='ocrx_word' id='word_1_235' title='bbox 2632 577 2786 647; x_wconf 90' lang='lat' dir='ltr'><strong>ipsos</strong></span> <span class='ocrx_word' id='word_1_236' title='bbox 2807 577 3145 646; x_wconf 90' lang='lat' dir='ltr'><strong>spectantia.</strong></span> <span class='ocrx_word' id='word_1_237' title='bbox 3178 576 3378 647; x_wconf 74' lang='lat' dir='ltr'><strong>qumin</strong></span> <span class='ocrx_word' id='word_1_238' title='bbox 3407 576 3464 631; x_wconf 97' lang='grc'><strong>8.</strong></span> <span class='ocrx_word' id='word_1_239' title='bbox 3495 577 3822 631; x_wconf 79' lang='lat' dir='ltr'><strong>Meinwerci</strong></span> <span class='ocrx_word' id='word_1_240' title='bbox 3847 582 3966 632; x_wconf 75' lang='lat' dir='ltr'><strong>Acti</strong></span> 
     </span>
    </p>
   </div>
   <div class='ocr_carea' id='block_1_32' title="bbox 2284 663 3966 733">
    <p class='ocr_par' dir='ltr' id='par_1_32' title="bbox 2284 663 3966 733">
     <span class='ocr_line' id='line_1_32' title="bbox 2284 663 3966 733; baseline -0.003 -15"><span class='ocrx_word' id='word_1_241' title='bbox 2284 664 2464 718; x_wconf 84' lang='lat' dir='ltr'><strong>fusius</strong></span> <span class='ocrx_word' id='word_1_242' title='bbox 2520 669 3067 725; x_wconf 86' lang='lat' dir='ltr'><strong>commemorantur.</strong></span> <span class='ocrx_word' id='word_1_243' title='bbox 3125 680 3240 718; x_wconf 88' lang='lat' dir='ltr'><strong>non</strong></span> <span class='ocrx_word' id='word_1_244' title='bbox 3275 664 3412 718; x_wconf 89' lang='lat' dir='ltr'><strong>item</strong></span> <span class='ocrx_word' id='word_1_245' title='bbox 3476 663 3814 718; x_wconf 83' lang='lat' dir='ltr'><strong>vaticinium</strong></span> <span class='ocrx_word' id='word_1_246' title='bbox 3853 665 3966 733; x_wconf 78' lang='lat' dir='ltr'><strong>ips.</strong></span> 
     </span>
    </p>
   </div>
   <div class='ocr_carea' id='block_1_33' title="bbox 2283 753 3966 823">
    <p class='ocr_par' dir='ltr' id='par_1_33' title="bbox 2283 753 3966 823">
     <span class='ocr_line' id='line_1_33' title="bbox 2283 753 3966 823; baseline -0.001 -17"><span class='ocrx_word' id='word_1_247' title='bbox 2283 753 2438 823; x_wconf 92' lang='lat' dir='ltr'><strong>quod</strong></span> <span class='ocrx_word' id='word_1_248' title='bbox 2471 754 2669 806; x_wconf 89' lang='lat' dir='ltr'><strong>retulit</strong></span> <span class='ocrx_word' id='word_1_249' title='bbox 2708 753 2997 823; x_wconf 81' lang='lat' dir='ltr'><strong>Rupertus</strong></span> <span class='ocrx_word' id='word_1_250' title='bbox 3062 753 3369 807; x_wconf 89' lang='lat' dir='ltr'><strong>Tuitiensis</strong></span> <span class='ocrx_word' id='word_1_251' title='bbox 3405 753 3463 806; x_wconf 89' lang='lat' dir='ltr'><strong>in</strong></span> <span class='ocrx_word' id='word_1_252' title='bbox 3521 753 3812 806; x_wconf 86' lang='lat' dir='ltr'><strong>Heriberti</strong></span> <span class='ocrx_word' id='word_1_253' title='bbox 3853 753 3966 805; x_wconf 70' lang='lat' dir='ltr'><strong>Vita</strong></span> 
     </span>
    </p>
   </div>
   <div class='ocr_carea' id='block_1_34' title="bbox 2285 841 3949 911">
    <p class='ocr_par' dir='ltr' id='par_1_34' title="bbox 2285 841 3949 911">
     <span class='ocr_line' id='line_1_34' title="bbox 2285 841 3949 911; baseline -0.001 -17"><span class='ocrx_word' id='word_1_254' title='bbox 2285 857 2408 909; x_wconf 87' lang='lat' dir='ltr'><strong>cap.</strong></span> <span class='ocrx_word' id='word_1_255' title='bbox 2447 844 2497 906; x_wconf 84' lang='lat'><strong>8,</strong></span> <span class='ocrx_word' id='word_1_256' title='bbox 2533 858 2690 894; x_wconf 89' lang='lat' dir='ltr'><strong>num.</strong></span> <span class='ocrx_word' id='word_1_257' title='bbox 2724 845 2811 906; x_wconf 89' lang='lat'><strong>3|,</strong></span> <span class='ocrx_word' id='word_1_258' title='bbox 2847 842 2912 895; x_wconf 90' lang='lat' dir='ltr'><strong>ad</strong></span> <span class='ocrx_word' id='word_1_259' title='bbox 2936 858 3025 895; x_wconf 75' lang='lat' dir='ltr'><strong>xw</strong></span> <span class='ocrx_word' id='word_1_260' title='bbox 3067 841 3268 908; x_wconf 82' lang='lat' dir='ltr'><strong>Martii,</strong></span> <span class='ocrx_word' id='word_1_261' title='bbox 3302 858 3434 911; x_wconf 89' lang='lat' dir='ltr'><strong>pag.</strong></span> <span class='ocrx_word' id='word_1_262' title='bbox 3477 843 3604 905; x_wconf 75' lang='grc'>488,</span> <span class='ocrx_word' id='word_1_263' title='bbox 3636 841 3726 895; x_wconf 88' lang='lat' dir='ltr'><strong>his</strong></span> <span class='ocrx_word' id='word_1_264' title='bbox 3759 841 3949 893; x_wconf 84' lang='lat' dir='ltr'><strong>verbis</strong></span> 
     </span>
    </p>
   </div>
   <div class='ocr_carea' id='block_1_35' title="bbox 2288 928 3962 1000">
    <p class='ocr_par' dir='ltr' id='par_1_35' title="bbox 2288 928 3962 1000">
     <span class='ocr_line' id='line_1_35' title="bbox 2288 928 3962 1000; baseline -0.001 -21"><span class='ocrx_word' id='word_1_265' title='bbox 2288 948 2313 979; x_wconf 74' lang='grc' dir='ltr'>ιε</span> <span class='ocrx_word' id='word_1_266' title='bbox 2351 930 2581 983; x_wconf 82' lang='lat' dir='ltr'><strong>Noveris</strong></span> <span class='ocrx_word' id='word_1_267' title='bbox 2612 930 2766 983; x_wconf 89' lang='lat' dir='ltr'><strong>enim</strong></span> <span class='ocrx_word' id='word_1_268' title='bbox 2797 928 2956 1000; x_wconf 90' lang='lat' dir='ltr'><strong>quia,</strong></span> <span class='ocrx_word' id='word_1_269' title='bbox 2991 935 3122 1000; x_wconf 91' lang='lat' dir='ltr'><strong>post</strong></span> <span class='ocrx_word' id='word_1_270' title='bbox 3153 930 3373 982; x_wconf 90' lang='lat' dir='ltr'><strong>obitum</strong></span> <span class='ocrx_word' id='word_1_271' title='bbox 3411 945 3625 994; x_wconf 86' lang='lat' dir='ltr'><strong>meum,</strong></span> <span class='ocrx_word' id='word_1_272' title='bbox 3669 929 3854 982; x_wconf 90' lang='lat' dir='ltr'><strong>trium</strong></span> <span class='ocrx_word' id='word_1_273' title='bbox 3889 945 3962 981; x_wconf 75' lang='lat' dir='ltr'><strong>no</strong></span> 
     </span>
    </p>
   </div>
   <div class='ocr_carea' id='block_1_36' title="bbox 2284 1017 3966 1088">
    <p class='ocr_par' dir='ltr' id='par_1_36' title="bbox 2284 1017 3966 1088">
     <span class='ocr_line' id='line_1_36' title="bbox 2284 1017 3966 1088; baseline -0.001 -18"><span class='ocrx_word' id='word_1_274' title='bbox 2284 1023 2520 1088; x_wconf 81' lang='lat' dir='ltr'><strong>peraget</strong></span> <span class='ocrx_word' id='word_1_275' title='bbox 2550 1033 2828 1071; x_wconf 90' lang='lat' dir='ltr'><strong>annorum</strong></span> <span class='ocrx_word' id='word_1_276' title='bbox 2871 1018 3218 1070; x_wconf 90' lang='lat' dir='ltr'><strong>curriculum</strong></span> <span class='ocrx_word' id='word_1_277' title='bbox 3253 1035 3266 1070; x_wconf 87' lang='lat'><strong>:</strong></span> <span class='ocrx_word' id='word_1_278' title='bbox 3307 1039 3326 1064; x_wconf 72' lang='grc' dir='ltr'><strong>ι</strong></span> <span class='ocrx_word' id='word_1_279' title='bbox 3364 1022 3534 1087; x_wconf 89' lang='lat' dir='ltr'><strong>atque</strong></span> <span class='ocrx_word' id='word_1_280' title='bbox 3564 1017 3706 1070; x_wconf 80' lang='lat' dir='ltr'><strong>vixit</strong></span> <span class='ocrx_word' id='word_1_281' title='bbox 3737 1018 3796 1070; x_wconf 88' lang='grc'><strong>8.</strong></span> <span class='ocrx_word' id='word_1_282' title='bbox 3855 1020 3966 1071; x_wconf 87' lang='lat' dir='ltr'><strong>Heu</strong></span> 
     </span>
    </p>
   </div>
   <div class='ocr_carea' id='block_1_37' title="bbox 2285 1105 3966 1176">
    <p class='ocr_par' dir='ltr' id='par_1_37' title="bbox 2285 1105 3966 1176">
     <span class='ocr_line' id='line_1_37' title="bbox 2285 1105 3966 1176; baseline -0.002 -17"><span class='ocrx_word' id='word_1_283' title='bbox 2285 1105 2437 1159; x_wconf 90' lang='lat' dir='ltr'><strong>ricus</strong></span> <span class='ocrx_word' id='word_1_284' title='bbox 2470 1123 2647 1176; x_wconf 89' lang='lat' dir='ltr'><strong>usque</strong></span> <span class='ocrx_word' id='word_1_285' title='bbox 2678 1105 2746 1159; x_wconf 89' lang='lat' dir='ltr'><strong>ad</strong></span> <span class='ocrx_word' id='word_1_286' title='bbox 2777 1121 2872 1159; x_wconf 81' lang='lat' dir='ltr'><strong>xui</strong></span> <span class='ocrx_word' id='word_1_287' title='bbox 2901 1105 3038 1159; x_wconf 84' lang='lat' dir='ltr'><strong>Julii</strong></span> <span class='ocrx_word' id='word_1_288' title='bbox 3065 1105 3202 1159; x_wconf 90' lang='lat' dir='ltr'><strong>anni</strong></span> <span class='ocrx_word' id='word_1_289' title='bbox 3251 1107 3407 1172; x_wconf 62' lang='grc'>1024,</span> <span class='ocrx_word' id='word_1_290' title='bbox 3442 1105 3584 1158; x_wconf 88' lang='lat' dir='ltr'><strong>obiit</strong></span> <span class='ocrx_word' id='word_1_291' title='bbox 3627 1106 3682 1159; x_wconf 85' lang='lat' dir='ltr'><strong>S.</strong></span> <span class='ocrx_word' id='word_1_292' title='bbox 3721 1107 3966 1159; x_wconf 87' lang='lat' dir='ltr'><strong>Heriber</strong></span> 
     </span>
    </p>
   </div>
   <div class='ocr_carea' id='block_1_38' title="bbox 2285 1193 3966 1262">
    <p class='ocr_par' dir='ltr' id='par_1_38' title="bbox 2285 1193 3966 1262">
     <span class='ocr_line' id='line_1_38' title="bbox 2285 1193 3966 1262; baseline -0.001 -17"><span class='ocrx_word' id='word_1_293' title='bbox 2285 1196 2378 1246; x_wconf 89' lang='lat' dir='ltr'><strong>tus</strong></span> <span class='ocrx_word' id='word_1_294' title='bbox 2406 1209 2495 1246; x_wconf 84' lang='lat' dir='ltr'><strong>xv1</strong></span> <span class='ocrx_word' id='word_1_295' title='bbox 2520 1193 2700 1247; x_wconf 79' lang='lat' dir='ltr'><strong>Martii</strong></span> <span class='ocrx_word' id='word_1_296' title='bbox 2730 1195 2861 1246; x_wconf 87' lang='grc'>1021</span> <span class='ocrx_word' id='word_1_297' title='bbox 2904 1209 2918 1247; x_wconf 91' lang='lat'><strong>:</strong></span> <span class='ocrx_word' id='word_1_298' title='bbox 2945 1193 3156 1246; x_wconf 90' lang='lat' dir='ltr'><strong>nodum</strong></span> <span class='ocrx_word' id='word_1_299' title='bbox 3185 1193 3326 1246; x_wconf 85' lang='lat' dir='ltr'><strong>vidit</strong></span> <span class='ocrx_word' id='word_1_300' title='bbox 3360 1193 3655 1259; x_wconf 84' lang='lat' dir='ltr'><strong>lncbofer;</strong></span> <span class='ocrx_word' id='word_1_301' title='bbox 3706 1209 3890 1262; x_wconf 87' lang='lat' dir='ltr'><strong>quem</strong></span> <span class='ocrx_word' id='word_1_302' title='bbox 3942 1210 3966 1245; x_wconf 77' lang='grc' dir='ltr'><strong>ιι</strong></span> 
     </span>
    </p>
   </div>
   <div class='ocr_carea' id='block_1_39' title="bbox 2286 1280 3966 1351">
    <p class='ocr_par' dir='ltr' id='par_1_39' title="bbox 2286 1280 3966 1351">
     <span class='ocr_line' id='line_1_39' title="bbox 2286 1280 3966 1351; baseline 0.001 -19"><span class='ocrx_word' id='word_1_303' title='bbox 2286 1282 2484 1346; x_wconf 89' lang='lat' dir='ltr'><strong>solvat,</strong></span> <span class='ocrx_word' id='word_1_304' title='bbox 2525 1281 2752 1351; x_wconf 87' lang='lat' dir='ltr'><strong>cogitur</strong></span> <span class='ocrx_word' id='word_1_305' title='bbox 2803 1281 2858 1336; x_wconf 93' lang='lat' dir='ltr'><strong>S.</strong></span> <span class='ocrx_word' id='word_1_306' title='bbox 2917 1281 3202 1335; x_wconf 83' lang='lat' dir='ltr'><strong>Heriberti</strong></span> <span class='ocrx_word' id='word_1_307' title='bbox 3233 1280 3474 1347; x_wconf 90' lang='lat' dir='ltr'><strong>obitum,</strong></span> <span class='ocrx_word' id='word_1_308' title='bbox 3512 1287 3714 1334; x_wconf 89' lang='lat' dir='ltr'><strong>contra</strong></span> <span class='ocrx_word' id='word_1_309' title='bbox 3759 1281 3966 1350; x_wconf 58' lang='lat' dir='ltr'><strong>histor;</strong></span> 
     </span>
    </p>
   </div>
   <div class='ocr_carea' id='block_1_40' title="bbox 2288 1368 3966 1440">
    <p class='ocr_par' dir='ltr' id='par_1_40' title="bbox 2288 1368 3966 1440">
     <span class='ocr_line' id='line_1_40' title="bbox 2288 1368 3966 1440; baseline -0.001 -17"><span class='ocrx_word' id='word_1_310' title='bbox 2288 1385 2411 1423; x_wconf 89' lang='lat' dir='ltr'><strong>cam</strong></span> <span class='ocrx_word' id='word_1_311' title='bbox 2436 1369 2728 1423; x_wconf 83' lang='lat' dir='ltr'><strong>veritatem</strong></span> <span class='ocrx_word' id='word_1_312' title='bbox 2753 1371 3024 1424; x_wconf 88' lang='lat' dir='ltr'><strong>reducere</strong></span> <span class='ocrx_word' id='word_1_313' title='bbox 3055 1371 3124 1423; x_wconf 91' lang='lat' dir='ltr'><strong>ad</strong></span> <span class='ocrx_word' id='word_1_314' title='bbox 3159 1376 3378 1422; x_wconf 86' lang='lat' dir='ltr'><strong>annum</strong></span> <span class='ocrx_word' id='word_1_315' title='bbox 3417 1371 3580 1435; x_wconf 87' lang='lat' dir='ltr'><strong>l022;</strong></span> <span class='ocrx_word' id='word_1_316' title='bbox 3614 1368 3673 1422; x_wconf 90' lang='lat' dir='ltr'><strong>in</strong></span> <span class='ocrx_word' id='word_1_317' title='bbox 3717 1385 3838 1440; x_wconf 90' lang='lat' dir='ltr'><strong>qua</strong></span> <span class='ocrx_word' id='word_1_318' title='bbox 3869 1385 3966 1422; x_wconf 75' lang='lat' dir='ltr'><strong>eui</strong></span> 
     </span>
    </p>
   </div>
   <div class='ocr_carea' id='block_1_41' title="bbox 2289 1457 3966 1528">
    <p class='ocr_par' dir='ltr' id='par_1_41' title="bbox 2289 1457 3966 1528">
     <span class='ocr_line' id='line_1_41' title="bbox 2289 1457 3966 1528; baseline 0 -18"><span class='ocrx_word' id='word_1_319' title='bbox 2289 1457 2459 1528; x_wconf 90' lang='lat' dir='ltr'><strong>plane</strong></span> <span class='ocrx_word' id='word_1_320' title='bbox 2486 1457 2605 1511; x_wconf 89' lang='lat' dir='ltr'><strong>falli</strong></span> <span class='ocrx_word' id='word_1_321' title='bbox 2633 1458 2966 1512; x_wconf 90' lang='lat' dir='ltr'><strong>credimus:</strong></span> <span class='ocrx_word' id='word_1_322' title='bbox 3015 1464 3210 1512; x_wconf 90' lang='lat' dir='ltr'><strong>utrum</strong></span> <span class='ocrx_word' id='word_1_323' title='bbox 3261 1473 3396 1511; x_wconf 83' lang='lat' dir='ltr'><strong>vero</strong></span> <span class='ocrx_word' id='word_1_324' title='bbox 3458 1457 3797 1510; x_wconf 88' lang='lat' dir='ltr'><strong>vaticinium</strong></span> <span class='ocrx_word' id='word_1_325' title='bbox 3853 1465 3966 1510; x_wconf 89' lang='lat' dir='ltr'><strong>rect</strong></span> 
     </span>
    </p>
   </div>
   <div class='ocr_carea' id='block_1_42' title="bbox 2289 1527 3966 1615">
    <p class='ocr_par' dir='ltr' id='par_1_42' title="bbox 2289 1527 3966 1615">
     <span class='ocr_line' id='line_1_42' title="bbox 2289 1527 3966 1615; baseline -0.001 -17"><span class='ocrx_word' id='word_1_326' title='bbox 2289 1545 2415 1600; x_wconf 90' lang='lat' dir='ltr'><strong>istic</strong></span> <span class='ocrx_word' id='word_1_327' title='bbox 2441 1561 2770 1615; x_wconf 88' lang='lat' dir='ltr'><strong>expressum</strong></span> <span class='ocrx_word' id='word_1_328' title='bbox 2799 1546 2892 1610; x_wconf 89' lang='lat' dir='ltr'><strong>sit,</strong></span> <span class='ocrx_word' id='word_1_329' title='bbox 2925 1561 3039 1599; x_wconf 90' lang='lat' dir='ltr'><strong>non</strong></span> <span class='ocrx_word' id='word_1_330' title='bbox 3068 1551 3154 1600; x_wconf 88' lang='lat' dir='ltr'><strong>est</strong></span> <span class='ocrx_word' id='word_1_331' title='bbox 3179 1549 3440 1599; x_wconf 87' lang='lat' dir='ltr'><strong>nostrum</strong></span> <span class='ocrx_word' id='word_1_332' title='bbox 3473 1545 3779 1610; x_wconf 90' lang='lat' dir='ltr'><strong>dirimere;</strong></span> <span class='ocrx_word' id='word_1_333' title='bbox 3843 1527 3966 1598; x_wconf 61' lang='lat' dir='ltr'><strong>abes</strong></span> 
     </span>
    </p>
   </div>
   <div class='ocr_carea' id='block_1_43' title="bbox 2289 1633 3965 1704">
    <p class='ocr_par' dir='ltr' id='par_1_43' title="bbox 2289 1633 3965 1704">
     <span class='ocr_line' id='line_1_43' title="bbox 2289 1633 3965 1704; baseline -0.003 -17"><span class='ocrx_word' id='word_1_334' title='bbox 2289 1639 2440 1687; x_wconf 91' lang='lat' dir='ltr'><strong>certe</strong></span> <span class='ocrx_word' id='word_1_335' title='bbox 2493 1633 2564 1686; x_wconf 92' lang='lat' dir='ltr'><strong>ab</strong></span> <span class='ocrx_word' id='word_1_336' title='bbox 2629 1635 2783 1687; x_wconf 85' lang='lat' dir='ltr'><strong>Actis</strong></span> <span class='ocrx_word' id='word_1_337' title='bbox 2851 1649 2980 1704; x_wconf 58' lang='lat' dir='ltr'><strong>qua</strong></span> <span class='ocrx_word' id='word_1_338' title='bbox 3052 1633 3141 1687; x_wconf 88' lang='lat' dir='ltr'><strong>hic</strong></span> <span class='ocrx_word' id='word_1_339' title='bbox 3198 1633 3572 1686; x_wconf 89' lang='lat' dir='ltr'><strong>illustramus.</strong></span> <span class='ocrx_word' id='word_1_340' title='bbox 3639 1636 3826 1702; x_wconf 88' lang='lat' dir='ltr'><strong>Capp.</strong></span> <span class='ocrx_word' id='word_1_341' title='bbox 3915 1635 3965 1685; x_wconf 57' lang='lat' dir='ltr'><strong>2i?</strong></span> 
     </span>
    </p>
   </div>
   <div class='ocr_carea' id='block_1_44' title="bbox 2291 1722 3966 1786">
    <p class='ocr_par' dir='ltr' id='par_1_44' title="bbox 2291 1722 3966 1786">
     <span class='ocr_line' id='line_1_44' title="bbox 2291 1722 3966 1786; baseline -0.001 -12"><span class='ocrx_word' id='word_1_342' title='bbox 2291 1725 2386 1786; x_wconf 92' lang='grc'>27,</span> <span class='ocrx_word' id='word_1_343' title='bbox 2429 1725 2496 1776; x_wconf 90' lang='grc'><strong>28</strong></span> <span class='ocrx_word' id='word_1_344' title='bbox 2535 1727 2591 1775; x_wconf 89' lang='lat' dir='ltr'><strong>et</strong></span> <span class='ocrx_word' id='word_1_345' title='bbox 2630 1725 2716 1784; x_wconf 85' lang='lat'><strong>29,</strong></span> <span class='ocrx_word' id='word_1_346' title='bbox 2770 1724 2986 1775; x_wconf 90' lang='lat' dir='ltr'><strong>multus</strong></span> <span class='ocrx_word' id='word_1_347' title='bbox 3038 1727 3124 1774; x_wconf 90' lang='lat' dir='ltr'><strong>est</strong></span> <span class='ocrx_word' id='word_1_348' title='bbox 3199 1722 3257 1774; x_wconf 91' lang='lat' dir='ltr'><strong>in</strong></span> <span class='ocrx_word' id='word_1_349' title='bbox 3319 1722 3847 1774; x_wconf 88' lang='lat' dir='ltr'><strong>commemorandis</strong></span> <span class='ocrx_word' id='word_1_350' title='bbox 3904 1724 3966 1772; x_wconf 89' lang='lat' dir='ltr'><strong>ad</strong></span> 
     </span>
    </p>
   </div>
   <div class='ocr_carea' id='block_1_45' title="bbox 2287 1809 3966 1880">
    <p class='ocr_par' dir='ltr' id='par_1_45' title="bbox 2287 1809 3966 1880">
     <span class='ocr_line' id='line_1_45' title="bbox 2287 1809 3966 1880; baseline -0.002 -17"><span class='ocrx_word' id='word_1_351' title='bbox 2287 1811 2505 1880; x_wconf 88' lang='lat' dir='ltr'><strong>junctis</strong></span> <span class='ocrx_word' id='word_1_352' title='bbox 2548 1810 2735 1863; x_wconf 91' lang='lat' dir='ltr'><strong>ultimi</strong></span> <span class='ocrx_word' id='word_1_353' title='bbox 2784 1809 2920 1864; x_wconf 89' lang='lat' dir='ltr'><strong>belli</strong></span> <span class='ocrx_word' id='word_1_354' title='bbox 2981 1809 3181 1875; x_wconf 85' lang='lat' dir='ltr'><strong>Italici,</strong></span> <span class='ocrx_word' id='word_1_355' title='bbox 3235 1826 3364 1880; x_wconf 65' lang='lat' dir='ltr'><strong>quae</strong></span> <span class='ocrx_word' id='word_1_356' title='bbox 3426 1825 3541 1863; x_wconf 90' lang='lat' dir='ltr'><strong>non</strong></span> <span class='ocrx_word' id='word_1_357' title='bbox 3582 1809 3772 1879; x_wconf 85' lang='lat' dir='ltr'><strong>magis</strong></span> <span class='ocrx_word' id='word_1_358' title='bbox 3798 1810 3871 1863; x_wconf 91' lang='lat' dir='ltr'><strong>ad</strong></span> <span class='ocrx_word' id='word_1_359' title='bbox 3903 1827 3966 1876; x_wconf 82' lang='lat' dir='ltr'><strong>nn</strong></span> 
     </span>
    </p>
   </div>
   <div class='ocr_carea' id='block_1_46' title="bbox 2283 1897 3966 1969">
    <p class='ocr_par' dir='ltr' id='par_1_46' title="bbox 2283 1897 3966 1969">
     <span class='ocr_line' id='line_1_46' title="bbox 2283 1897 3966 1969; baseline -0.002 -18"><span class='ocrx_word' id='word_1_360' title='bbox 2283 1897 2592 1969; x_wconf 87' lang='lat' dir='ltr'><strong>pertinent,</strong></span> <span class='ocrx_word' id='word_1_361' title='bbox 2652 1902 2751 1950; x_wconf 90' lang='lat' dir='ltr'><strong>aut</strong></span> <span class='ocrx_word' id='word_1_362' title='bbox 2826 1903 2978 1950; x_wconf 87' lang='lat' dir='ltr'><strong>certe</strong></span> <span class='ocrx_word' id='word_1_363' title='bbox 3027 1897 3087 1950; x_wconf 89' lang='lat' dir='ltr'><strong>in</strong></span> <span class='ocrx_word' id='word_1_364' title='bbox 3137 1899 3282 1950; x_wconf 90' lang='lat' dir='ltr'><strong>serie</strong></span> <span class='ocrx_word' id='word_1_365' title='bbox 3343 1903 3537 1950; x_wconf 89' lang='lat' dir='ltr'><strong>nostra</strong></span> <span class='ocrx_word' id='word_1_366' title='bbox 3583 1898 3966 1965; x_wconf 52' lang='lat' dir='ltr'><strong>chronologit</strong></span> 
     </span>
    </p>
   </div>
   <div class='ocr_carea' id='block_1_47' title="bbox 2287 1985 3961 2055">
    <p class='ocr_par' dir='ltr' id='par_1_47' title="bbox 2287 1985 3961 2055">
     <span class='ocr_line' id='line_1_47' title="bbox 2287 1985 3961 2055; baseline -0.001 -16"><span class='ocrx_word' id='word_1_367' title='bbox 2287 1985 2512 2040; x_wconf 86' lang='lat' dir='ltr'><strong>abunde</strong></span> <span class='ocrx_word' id='word_1_368' title='bbox 2543 1987 2721 2039; x_wconf 88' lang='lat' dir='ltr'><strong>relata</strong></span> <span class='ocrx_word' id='word_1_369' title='bbox 2747 1990 2910 2051; x_wconf 88' lang='lat' dir='ltr'><strong>sunt;</strong></span> <span class='ocrx_word' id='word_1_370' title='bbox 2957 1985 3041 2038; x_wconf 90' lang='lat' dir='ltr'><strong>uti</strong></span> <span class='ocrx_word' id='word_1_371' title='bbox 3092 1991 3148 2038; x_wconf 91' lang='lat' dir='ltr'><strong>et</strong></span> <span class='ocrx_word' id='word_1_372' title='bbox 3205 2001 3538 2055; x_wconf 86' lang='lat' dir='ltr'><strong>congressus</strong></span> <span class='ocrx_word' id='word_1_373' title='bbox 3577 2001 3708 2039; x_wconf 89' lang='lat' dir='ltr'><strong>cum</strong></span> <span class='ocrx_word' id='word_1_374' title='bbox 3743 1986 3961 2040; x_wconf 78' lang='lat' dir='ltr'><strong>Robert</strong></span> 
     </span>
    </p>
   </div>
   <div class='ocr_carea' id='block_1_48' title="bbox 2286 2073 3961 2144">
    <p class='ocr_par' dir='ltr' id='par_1_48' title="bbox 2286 2073 3961 2144">
     <span class='ocr_line' id='line_1_48' title="bbox 2286 2073 3961 2144; baseline -0.001 -18"><span class='ocrx_word' id='word_1_375' title='bbox 2286 2090 2420 2144; x_wconf 91' lang='lat' dir='ltr'><strong>rege</strong></span> <span class='ocrx_word' id='word_1_376' title='bbox 2470 2074 2744 2141; x_wconf 71' lang='lat' dir='ltr'><strong>Francise,</strong></span> <span class='ocrx_word' id='word_1_377' title='bbox 2811 2089 2982 2143; x_wconf 89' lang='lat' dir='ltr'><strong>quem</strong></span> <span class='ocrx_word' id='word_1_378' title='bbox 3035 2073 3305 2126; x_wconf 88' lang='lat' dir='ltr'><strong>describit</strong></span> <span class='ocrx_word' id='word_1_379' title='bbox 3353 2090 3477 2142; x_wconf 90' lang='lat' dir='ltr'><strong>cap.</strong></span> <span class='ocrx_word' id='word_1_380' title='bbox 3541 2074 3627 2127; x_wconf 86' lang='lat'><strong>30.</strong></span> <span class='ocrx_word' id='word_1_381' title='bbox 3681 2074 3759 2127; x_wconf 91' lang='lat' dir='ltr'><strong>De</strong></span> <span class='ocrx_word' id='word_1_382' title='bbox 3820 2075 3961 2142; x_wconf 84' lang='lat' dir='ltr'><strong>gesti</strong></span> 
     </span>
    </p>
   </div>
   <div class='ocr_carea' id='block_1_49' title="bbox 2286 2161 3965 2233">
    <p class='ocr_par' dir='ltr' id='par_1_49' title="bbox 2286 2161 3965 2233">
     <span class='ocr_line' id='line_1_49' title="bbox 2286 2161 3965 2233; baseline -0.001 -19"><span class='ocrx_word' id='word_1_383' title='bbox 2286 2179 2419 2216; x_wconf 88' lang='lat' dir='ltr'><strong>vero</strong></span> <span class='ocrx_word' id='word_1_384' title='bbox 2450 2161 2602 2233; x_wconf 89' lang='lat' dir='ltr'><strong>(cap.</strong></span> <span class='ocrx_word' id='word_1_385' title='bbox 2657 2165 2744 2226; x_wconf 87' lang='lat' dir='ltr'><strong>3t)</strong></span> <span class='ocrx_word' id='word_1_386' title='bbox 2777 2162 2924 2215; x_wconf 89' lang='lat' dir='ltr'><strong>inter</strong></span> <span class='ocrx_word' id='word_1_387' title='bbox 2955 2162 3048 2216; x_wconf 88' lang='lat' dir='ltr'><strong>SS.</strong></span> <span class='ocrx_word' id='word_1_388' title='bbox 3113 2161 3420 2215; x_wconf 81' lang='lat' dir='ltr'><strong>llenricum</strong></span> <span class='ocrx_word' id='word_1_389' title='bbox 3473 2166 3530 2214; x_wconf 93' lang='lat' dir='ltr'><strong>et</strong></span> <span class='ocrx_word' id='word_1_390' title='bbox 3567 2161 3965 2216; x_wconf 73' lang='lat' dir='ltr'><strong>Meinwercum</strong></span> 
     </span>
    </p>
   </div>
   <div class='ocr_carea' id='block_1_50' title="bbox 2284 2248 3698 2320">
    <p class='ocr_par' dir='ltr' id='par_1_50' title="bbox 2284 2248 3698 2320">
     <span class='ocr_line' id='line_1_50' title="bbox 2284 2248 3698 2320; baseline -0.001 -16"><span class='ocrx_word' id='word_1_391' title='bbox 2284 2250 2527 2304; x_wconf 87' lang='lat' dir='ltr'><strong>videnda</strong></span> <span class='ocrx_word' id='word_1_392' title='bbox 2549 2251 2605 2303; x_wconf 89' lang='lat' dir='ltr'><strong>in</strong></span> <span class='ocrx_word' id='word_1_393' title='bbox 2639 2250 2810 2319; x_wconf 82' lang='lat' dir='ltr'><strong>hujus</strong></span> <span class='ocrx_word' id='word_1_394' title='bbox 2831 2249 2984 2303; x_wconf 83' lang='lat' dir='ltr'><strong>Actis</strong></span> <span class='ocrx_word' id='word_1_395' title='bbox 3017 2249 3306 2318; x_wconf 82' lang='lat' dir='ltr'><strong>assignata</strong></span> <span class='ocrx_word' id='word_1_396' title='bbox 3333 2248 3471 2302; x_wconf 85' lang='lat' dir='ltr'><strong>alibi</strong></span> <span class='ocrx_word' id='word_1_397' title='bbox 3494 2249 3698 2320; x_wconf 87' lang='lat' dir='ltr'><strong>capita.</strong></span> 
     </span>
    </p>
   </div>
   <div class='ocr_carea' id='block_1_51' title="bbox 2356 2337 3966 2408">
    <p class='ocr_par' dir='ltr' id='par_1_51' title="bbox 2356 2337 3966 2408">
     <span class='ocr_line' id='line_1_51' title="bbox 2356 2337 3966 2408; baseline -0.001 -17"><span class='ocrx_word' id='word_1_398' title='bbox 2356 2341 2445 2392; x_wconf 86' lang='grc'>73.</span> <span class='ocrx_word' id='word_1_399' title='bbox 2479 2337 2858 2406; x_wconf 75' lang='lat' dir='ltr'><strong>Subjur.gitur</strong></span> <span class='ocrx_word' id='word_1_400' title='bbox 2917 2337 3209 2406; x_wconf 88' lang='lat' dir='ltr'><strong>piissimus</strong></span> <span class='ocrx_word' id='word_1_401' title='bbox 3239 2337 3417 2390; x_wconf 88' lang='lat' dir='ltr'><strong>sancti</strong></span> <span class='ocrx_word' id='word_1_402' title='bbox 3452 2337 3832 2408; x_wconf 89' lang='lat' dir='ltr'><strong>Imperatoris</strong></span> <span class='ocrx_word' id='word_1_403' title='bbox 3863 2338 3966 2390; x_wconf 24' lang='lat' dir='ltr'><strong>obit</strong></span> 
     </span>
    </p>
   </div>
   <div class='ocr_carea' id='block_1_52' title="bbox 2289 2425 3966 2496">
    <p class='ocr_par' dir='ltr' id='par_1_52' title="bbox 2289 2425 3966 2496">
     <span class='ocr_line' id='line_1_52' title="bbox 2289 2425 3966 2496; baseline -0.001 -18"><span class='ocrx_word' id='word_1_404' title='bbox 2289 2430 2401 2494; x_wconf 88' lang='lat' dir='ltr'><strong>tus,</strong></span> <span class='ocrx_word' id='word_1_405' title='bbox 2433 2442 2555 2496; x_wconf 89' lang='lat' dir='ltr'><strong>cap.</strong></span> <span class='ocrx_word' id='word_1_406' title='bbox 2593 2429 2658 2480; x_wconf 90' lang='grc'>32</span> <span class='ocrx_word' id='word_1_407' title='bbox 2686 2444 2701 2489; x_wconf 87' lang='grc'>;</span> <span class='ocrx_word' id='word_1_408' title='bbox 2731 2430 2786 2478; x_wconf 87' lang='lat' dir='ltr'><strong>at</strong></span> <span class='ocrx_word' id='word_1_409' title='bbox 2818 2425 2961 2478; x_wconf 90' lang='lat' dir='ltr'><strong>mire</strong></span> <span class='ocrx_word' id='word_1_410' title='bbox 2991 2441 3076 2478; x_wconf 84' lang='lat' dir='ltr'><strong>res</strong></span> <span class='ocrx_word' id='word_1_411' title='bbox 3135 2431 3193 2477; x_wconf 90' lang='lat' dir='ltr'><strong>et</strong></span> <span class='ocrx_word' id='word_1_412' title='bbox 3224 2425 3396 2478; x_wconf 88' lang='lat' dir='ltr'><strong>verba</strong></span> <span class='ocrx_word' id='word_1_413' title='bbox 3433 2431 3665 2495; x_wconf 86' lang='lat' dir='ltr'><strong>torquet</strong></span> <span class='ocrx_word' id='word_1_414' title='bbox 3695 2426 3966 2479; x_wconf 85' lang='lat' dir='ltr'><strong>Inchofer</strong></span> 
     </span>
    </p>
   </div>
   <div class='ocr_carea' id='block_1_53' title="bbox 2288 2497 3965 2584">
    <p class='ocr_par' dir='ltr' id='par_1_53' title="bbox 2288 2497 3965 2584">
     <span class='ocr_line' id='line_1_53' title="bbox 2288 2497 3965 2584; baseline 0 -18"><span class='ocrx_word' id='word_1_415' title='bbox 2288 2519 2350 2567; x_wconf 91' lang='lat' dir='ltr'><strong>ut</strong></span> <span class='ocrx_word' id='word_1_416' title='bbox 2379 2514 2436 2566; x_wconf 93' lang='lat' dir='ltr'><strong>in</strong></span> <span class='ocrx_word' id='word_1_417' title='bbox 2493 2513 2834 2567; x_wconf 79' lang='lat' dir='ltr'><strong>deﬁniendis</strong></span> <span class='ocrx_word' id='word_1_418' title='bbox 2873 2513 3108 2566; x_wconf 79' lang='lat' dir='ltr'><strong>diversis</strong></span> <span class='ocrx_word' id='word_1_419' title='bbox 3139 2515 3268 2566; x_wconf 64' lang='lat' dir='ltr'><strong>vitae</strong></span> <span class='ocrx_word' id='word_1_420' title='bbox 3317 2513 3675 2568; x_wconf 83' lang='lat' dir='ltr'><strong>llenricianae</strong></span> <span class='ocrx_word' id='word_1_421' title='bbox 3731 2497 3965 2584; x_wconf 83' lang='lat' dir='ltr'><strong>periodi</strong></span> 
     </span>
    </p>
   </div>
   <div class='ocr_carea' id='block_1_54' title="bbox 2288 2599 3966 2669">
    <p class='ocr_par' dir='ltr' id='par_1_54' title="bbox 2288 2599 3966 2669">
     <span class='ocr_line' id='line_1_54' title="bbox 2288 2599 3966 2669; baseline -0.002 -15"><span class='ocrx_word' id='word_1_422' title='bbox 2288 2600 2532 2654; x_wconf 82' lang='lat' dir='ltr'><strong>calculos</strong></span> <span class='ocrx_word' id='word_1_423' title='bbox 2564 2600 2844 2653; x_wconf 85' lang='lat' dir='ltr'><strong>subducat</strong></span> <span class='ocrx_word' id='word_1_424' title='bbox 2874 2601 3144 2654; x_wconf 84' lang='lat' dir='ltr'><strong>aberrans</strong></span> <span class='ocrx_word' id='word_1_425' title='bbox 3183 2599 3240 2652; x_wconf 89' lang='lat' dir='ltr'><strong>in</strong></span> <span class='ocrx_word' id='word_1_426' title='bbox 3269 2599 3580 2669; x_wconf 80' lang='lat' dir='ltr'><strong>plerisque.</strong></span> <span class='ocrx_word' id='word_1_427' title='bbox 3623 2600 3836 2652; x_wconf 87' lang='lat' dir='ltr'><strong>Demus</strong></span> <span class='ocrx_word' id='word_1_428' title='bbox 3869 2602 3966 2669; x_wconf 77' lang='lat' dir='ltr'><strong>eju:</strong></span> 
     </span>
    </p>
   </div>
   <div class='ocr_carea' id='block_1_55' title="bbox 2289 2687 3966 2756">
    <p class='ocr_par' dir='ltr' id='par_1_55' title="bbox 2289 2687 3966 2756">
     <span class='ocr_line' id='line_1_55' title="bbox 2289 2687 3966 2756; baseline -0.001 -17"><span class='ocrx_word' id='word_1_429' title='bbox 2289 2689 2460 2741; x_wconf 91' lang='lat' dir='ltr'><strong>verba</strong></span> <span class='ocrx_word' id='word_1_430' title='bbox 2493 2704 2506 2741; x_wconf 89' lang='lat'><strong>:</strong></span> <span class='ocrx_word' id='word_1_431' title='bbox 2545 2707 2569 2737; x_wconf 75' lang='grc' dir='ltr'>(ι</span> <span class='ocrx_word' id='word_1_432' title='bbox 2611 2688 2756 2741; x_wconf 84' lang='lat' dir='ltr'><strong>Vixit</strong></span> <span class='ocrx_word' id='word_1_433' title='bbox 2809 2694 2941 2741; x_wconf 88' lang='lat' dir='ltr'><strong>ante</strong></span> <span class='ocrx_word' id='word_1_434' title='bbox 2979 2703 3220 2756; x_wconf 86' lang='lat' dir='ltr'><strong>regnum</strong></span> <span class='ocrx_word' id='word_1_435' title='bbox 3275 2687 3442 2740; x_wconf 89' lang='lat' dir='ltr'><strong>annis</strong></span> <span class='ocrx_word' id='word_1_436' title='bbox 3473 2687 3743 2756; x_wconf 80' lang='lat' dir='ltr'><strong>triginta;</strong></span> <span class='ocrx_word' id='word_1_437' title='bbox 3808 2704 3966 2756; x_wconf 60' lang='lat' dir='ltr'><strong>regni</strong></span> 
     </span>
    </p>
   </div>
   <div class='ocr_carea' id='block_1_56' title="bbox 2291 2775 3965 2846">
    <p class='ocr_par' dir='ltr' id='par_1_56' title="bbox 2291 2775 3965 2846">
     <span class='ocr_line' id='line_1_56' title="bbox 2291 2775 3965 2846; baseline -0.001 -17"><span class='ocrx_word' id='word_1_438' title='bbox 2291 2776 2590 2831; x_wconf 88' lang='lat' dir='ltr'><strong>duodecim</strong></span> <span class='ocrx_word' id='word_1_439' title='bbox 2625 2781 2680 2830; x_wconf 91' lang='lat' dir='ltr'><strong>et</strong></span> <span class='ocrx_word' id='word_1_440' title='bbox 2711 2792 2932 2829; x_wconf 88' lang='lat' dir='ltr'><strong>menses</strong></span> <span class='ocrx_word' id='word_1_441' title='bbox 2983 2776 3274 2846; x_wconf 86' lang='lat' dir='ltr'><strong>quinque;</strong></span> <span class='ocrx_word' id='word_1_442' title='bbox 3322 2775 3569 2845; x_wconf 91' lang='lat' dir='ltr'><strong>imperio</strong></span> <span class='ocrx_word' id='word_1_443' title='bbox 3603 2776 3823 2839; x_wconf 91' lang='lat' dir='ltr'><strong>decem,</strong></span> <span class='ocrx_word' id='word_1_444' title='bbox 3855 2777 3965 2828; x_wconf 81' lang='lat' dir='ltr'><strong>toti</strong></span> 
     </span>
    </p>
   </div>
   <div class='ocr_carea' id='block_1_57' title="bbox 2287 2863 3962 2934">
    <p class='ocr_par' dir='ltr' id='par_1_57' title="bbox 2287 2863 3962 2934">
     <span class='ocr_line' id='line_1_57' title="bbox 2287 2863 3962 2934; baseline -0.002 -16"><span class='ocrx_word' id='word_1_445' title='bbox 2287 2864 2536 2934; x_wconf 89' lang='lat' dir='ltr'><strong>demque</strong></span> <span class='ocrx_word' id='word_1_446' title='bbox 2567 2863 2688 2916; x_wconf 89' lang='lat' dir='ltr'><strong>dies</strong></span> <span class='ocrx_word' id='word_1_447' title='bbox 2725 2879 2897 2933; x_wconf 89' lang='lat' dir='ltr'><strong>super</strong></span> <span class='ocrx_word' id='word_1_448' title='bbox 2926 2879 3153 2916; x_wconf 90' lang='lat' dir='ltr'><strong>menses</strong></span> <span class='ocrx_word' id='word_1_449' title='bbox 3187 2868 3460 2933; x_wconf 80' lang='lat' dir='ltr'><strong>quatuor;</strong></span> <span class='ocrx_word' id='word_1_450' title='bbox 3498 2863 3612 2916; x_wconf 91' lang='lat' dir='ltr'><strong>Deo</strong></span> <span class='ocrx_word' id='word_1_451' title='bbox 3667 2868 3724 2914; x_wconf 88' lang='lat' dir='ltr'><strong>et</strong></span> <span class='ocrx_word' id='word_1_452' title='bbox 3748 2863 3863 2916; x_wconf 89' lang='lat' dir='ltr'><strong>sibi</strong></span> <span class='ocrx_word' id='word_1_453' title='bbox 3895 2879 3962 2915; x_wconf 92' lang='lat' dir='ltr'><strong>an</strong></span> 
     </span>
    </p>
   </div>
   <div class='ocr_carea' id='block_1_58' title="bbox 2289 2951 3966 3020">
    <p class='ocr_par' dir='ltr' id='par_1_58' title="bbox 2289 2951 3966 3020">
     <span class='ocr_line' id='line_1_58' title="bbox 2289 2951 3966 3020; baseline -0.002 -15"><span class='ocrx_word' id='word_1_454' title='bbox 2289 2969 2412 3017; x_wconf 87' lang='lat' dir='ltr'><strong>nos,</strong></span> <span class='ocrx_word' id='word_1_455' title='bbox 2446 2952 2493 3005; x_wconf 90' lang='lat' dir='ltr'><strong>si</strong></span> <span class='ocrx_word' id='word_1_456' title='bbox 2523 2957 2636 3005; x_wconf 89' lang='lat' dir='ltr'><strong>tres</strong></span> <span class='ocrx_word' id='word_1_457' title='bbox 2665 2967 2794 3005; x_wconf 90' lang='lat' dir='ltr'><strong>cum</strong></span> <span class='ocrx_word' id='word_1_458' title='bbox 2843 2951 3042 3004; x_wconf 90' lang='lat' dir='ltr'><strong>diebus</strong></span> <span class='ocrx_word' id='word_1_459' title='bbox 3081 2951 3284 3020; x_wconf 87' lang='lat' dir='ltr'><strong>viginti</strong></span> <span class='ocrx_word' id='word_1_460' title='bbox 3341 2967 3571 3005; x_wconf 89' lang='lat' dir='ltr'><strong>menses</strong></span> <span class='ocrx_word' id='word_1_461' title='bbox 3618 2951 3833 3016; x_wconf 89' lang='lat' dir='ltr'><strong>demas,</strong></span> <span class='ocrx_word' id='word_1_462' title='bbox 3877 2957 3966 3004; x_wconf 80' lang='lat' dir='ltr'><strong>tre:</strong></span> 
     </span>
    </p>
   </div>
   <div class='ocr_carea' id='block_1_59' title="bbox 473 3035 3962 3110">
    <p class='ocr_par' dir='ltr' id='par_1_59' title="bbox 473 3035 3962 3110">
     <span class='ocr_line' id='line_1_59' title="bbox 473 3035 3962 3110; baseline -0.001 -18"><span class='ocrx_word' id='word_1_463' title='bbox 473 3038 802 3109; x_wconf 89' lang='lat' dir='ltr'><strong>contigerit,</strong></span> <span class='ocrx_word' id='word_1_464' title='bbox 835 3039 1015 3092; x_wconf 89' lang='lat' dir='ltr'><strong>fateor</strong></span> <span class='ocrx_word' id='word_1_465' title='bbox 1044 3053 1134 3092; x_wconf 90' lang='lat' dir='ltr'><strong>me</strong></span> <span class='ocrx_word' id='word_1_466' title='bbox 1165 3037 1407 3092; x_wconf 89' lang='lat' dir='ltr'><strong>necdum</strong></span> <span class='ocrx_word' id='word_1_467' title='bbox 1441 3043 1595 3090; x_wconf 92' lang='lat' dir='ltr'><strong>certo</strong></span> <span class='ocrx_word' id='word_1_468' title='bbox 1651 3035 2046 3105; x_wconf 79' lang='lat' dir='ltr'><strong>deprelieudre</strong></span> <span class='ocrx_word' id='word_1_469' title='bbox 2077 3052 2176 3105; x_wconf 84' lang='lat' dir='ltr'><strong>po-</strong></span> <span class='ocrx_word' id='word_1_470' title='bbox 2209 3038 2249 3091; x_wconf 90' lang='lat' dir='ltr'><strong>C</strong></span> <span class='ocrx_word' id='word_1_471' title='bbox 2287 3057 2459 3110; x_wconf 79' lang='lat' dir='ltr'><strong>supra</strong></span> <span class='ocrx_word' id='word_1_472' title='bbox 2488 3039 2936 3110; x_wconf 90' lang='lat' dir='ltr'><strong>quinquaginta:</strong></span> <span class='ocrx_word' id='word_1_473' title='bbox 2995 3045 3253 3092; x_wconf 89' lang='lat' dir='ltr'><strong>mortuus</strong></span> <span class='ocrx_word' id='word_1_474' title='bbox 3287 3055 3437 3093; x_wconf 90' lang='lat' dir='ltr'><strong>anno</strong></span> <span class='ocrx_word' id='word_1_475' title='bbox 3460 3038 3751 3093; x_wconf 89' lang='lat' dir='ltr'><strong>undecimi</strong></span> <span class='ocrx_word' id='word_1_476' title='bbox 3791 3042 3962 3093; x_wconf 69' lang='lat' dir='ltr'><strong>sescul</strong></span> 
     </span>
    </p>
   </div>
   <div class='ocr_carea' id='block_1_60' title="bbox 475 3124 2169 3197">
    <p class='ocr_par' dir='ltr' id='par_1_60' title="bbox 475 3124 2169 3197">
     <span class='ocr_line' id='line_1_60' title="bbox 475 3124 2169 3197; baseline -0.002 -17"><span class='ocrx_word' id='word_1_477' title='bbox 475 3126 677 3183; x_wconf 89' lang='lat' dir='ltr'><strong>tuisse.</strong></span> <span class='ocrx_word' id='word_1_478' title='bbox 716 3128 783 3181; x_wconf 85' lang='lat' dir='ltr'><strong>In</strong></span> <span class='ocrx_word' id='word_1_479' title='bbox 831 3127 1090 3197; x_wconf 86' lang='lat' dir='ltr'><strong>ejusdem</strong></span> <span class='ocrx_word' id='word_1_480' title='bbox 1121 3127 1233 3180; x_wconf 84' lang='lat' dir='ltr'><strong>tide</strong></span> <span class='ocrx_word' id='word_1_481' title='bbox 1286 3126 1553 3196; x_wconf 89' lang='lat' dir='ltr'><strong>relinquo</strong></span> <span class='ocrx_word' id='word_1_482' title='bbox 1599 3124 1881 3195; x_wconf 87' lang='lat' dir='ltr'><strong>quidquid</strong></span> <span class='ocrx_word' id='word_1_483' title='bbox 1927 3139 2054 3194; x_wconf 87' lang='lat' dir='ltr'><strong>cap.</strong></span> <span class='ocrx_word' id='word_1_484' title='bbox 2107 3127 2169 3177; x_wconf 88' lang='grc'>27</span> 
     </span>
    </p>
   </div>
   <div class='ocr_carea' id='block_1_61' title="bbox 477 3213 2167 3284">
    <p class='ocr_par' dir='ltr' id='par_1_61' title="bbox 477 3213 2167 3284">
     <span class='ocr_line' id='line_1_61' title="bbox 477 3213 2167 3284; baseline -0.002 -16"><span class='ocrx_word' id='word_1_485' title='bbox 477 3215 547 3268; x_wconf 89' lang='lat' dir='ltr'><strong>de</strong></span> <span class='ocrx_word' id='word_1_486' title='bbox 574 3215 866 3268; x_wconf 85' lang='lat' dir='ltr'><strong>Gunthero</strong></span> <span class='ocrx_word' id='word_1_487' title='bbox 902 3215 1141 3284; x_wconf 89' lang='lat' dir='ltr'><strong>ejusque</strong></span> <span class='ocrx_word' id='word_1_488' title='bbox 1186 3230 1317 3268; x_wconf 91' lang='lat' dir='ltr'><strong>cum</strong></span> <span class='ocrx_word' id='word_1_489' title='bbox 1349 3215 1404 3267; x_wconf 92' lang='lat' dir='ltr'><strong>S.</strong></span> <span class='ocrx_word' id='word_1_490' title='bbox 1440 3213 1680 3267; x_wconf 90' lang='lat' dir='ltr'><strong>Henrico</strong></span> <span class='ocrx_word' id='word_1_491' title='bbox 1719 3213 1898 3282; x_wconf 84' lang='lat' dir='ltr'><strong>gestis</strong></span> <span class='ocrx_word' id='word_1_492' title='bbox 1919 3213 2167 3281; x_wconf 88' lang='lat' dir='ltr'><strong>collegit.</strong></span> 
     </span>
    </p>
   </div>
   <div class='ocr_carea' id='block_1_62' title="bbox 474 3301 2170 3372">
    <p class='ocr_par' dir='ltr' id='par_1_62' title="bbox 474 3301 2170 3372">
     <span class='ocr_line' id='line_1_62' title="bbox 474 3301 2170 3372; baseline -0.001 -17"><span class='ocrx_word' id='word_1_493' title='bbox 474 3303 648 3356; x_wconf 86' lang='lat' dir='ltr'><strong>Multa</strong></span> <span class='ocrx_word' id='word_1_494' title='bbox 698 3308 1116 3356; x_wconf 88' lang='lat' dir='ltr'><strong>connectuntur</strong></span> <span class='ocrx_word' id='word_1_495' title='bbox 1191 3318 1313 3372; x_wconf 88' lang='lat' dir='ltr'><strong>cap.</strong></span> <span class='ocrx_word' id='word_1_496' title='bbox 1369 3305 1460 3368; x_wconf 86' lang='lat'><strong>28,</strong></span> <span class='ocrx_word' id='word_1_497' title='bbox 1518 3318 1648 3372; x_wconf 71' lang='lat' dir='ltr'><strong>qum</strong></span> <span class='ocrx_word' id='word_1_498' title='bbox 1709 3317 1740 3353; x_wconf 90' lang='lat' dir='ltr'><strong>a</strong></span> <span class='ocrx_word' id='word_1_499' title='bbox 1791 3301 1952 3354; x_wconf 88' lang='lat' dir='ltr'><strong>nobis</strong></span> <span class='ocrx_word' id='word_1_500' title='bbox 2000 3301 2170 3370; x_wconf 90' lang='lat' dir='ltr'><strong>paulo</strong></span> 
     </span>
    </p>
   </div>
   <div class='ocr_carea' id='block_1_63' title="bbox 474 3390 2172 3460">
    <p class='ocr_par' dir='ltr' id='par_1_63' title="bbox 474 3390 2172 3460">
     <span class='ocr_line' id='line_1_63' title="bbox 474 3390 2172 3460; baseline 0 -17"><span class='ocrx_word' id='word_1_501' title='bbox 474 3391 794 3445; x_wconf 88' lang='lat' dir='ltr'><strong>ordinatius</strong></span> <span class='ocrx_word' id='word_1_502' title='bbox 848 3390 1114 3444; x_wconf 90' lang='lat' dir='ltr'><strong>distincta</strong></span> <span class='ocrx_word' id='word_1_503' title='bbox 1147 3396 1300 3443; x_wconf 89' lang='lat' dir='ltr'><strong>sunt.</strong></span> <span class='ocrx_word' id='word_1_504' title='bbox 1336 3391 1518 3444; x_wconf 80' lang='lat' dir='ltr'><strong>Minus</strong></span> <span class='ocrx_word' id='word_1_505' title='bbox 1564 3390 1736 3443; x_wconf 90' lang='lat' dir='ltr'><strong>etiam</strong></span> <span class='ocrx_word' id='word_1_506' title='bbox 1783 3391 1972 3459; x_wconf 86' lang='lat' dir='ltr'><strong>placet</strong></span> <span class='ocrx_word' id='word_1_507' title='bbox 1999 3395 2172 3460; x_wconf 91' lang='lat' dir='ltr'><strong>caput</strong></span> 
     </span>
    </p>
   </div>
   <div class='ocr_carea' id='block_1_64' title="bbox 479 3477 2173 3544">
    <p class='ocr_par' dir='ltr' id='par_1_64' title="bbox 479 3477 2173 3544">
     <span class='ocr_line' id='line_1_64' title="bbox 479 3477 2173 3544; baseline -0.001 -13"><span class='ocrx_word' id='word_1_508' title='bbox 479 3482 562 3544; x_wconf 83' lang='grc'>19,</span> <span class='ocrx_word' id='word_1_509' title='bbox 595 3479 693 3532; x_wconf 90' lang='lat' dir='ltr'><strong>ubi</strong></span> <span class='ocrx_word' id='word_1_510' title='bbox 729 3478 1091 3532; x_wconf 86' lang='lat' dir='ltr'><strong>Benedictum</strong></span> <span class='ocrx_word' id='word_1_511' title='bbox 1127 3479 1243 3531; x_wconf 77' lang='lat' dir='ltr'><strong>Vlll</strong></span> <span class='ocrx_word' id='word_1_512' title='bbox 1280 3477 1338 3530; x_wconf 91' lang='lat' dir='ltr'><strong>in</strong></span> <span class='ocrx_word' id='word_1_513' title='bbox 1388 3478 1752 3531; x_wconf 79' lang='lat' dir='ltr'><strong>Germaniam</strong></span> <span class='ocrx_word' id='word_1_514' title='bbox 1810 3477 2059 3541; x_wconf 89' lang='lat' dir='ltr'><strong>deducit,</strong></span> <span class='ocrx_word' id='word_1_515' title='bbox 2111 3483 2173 3530; x_wconf 91' lang='lat' dir='ltr'><strong>ut</strong></span> 
     </span>
    </p>
   </div>
   <div class='ocr_carea' id='block_1_65' title="bbox 475 3565 2168 3634">
    <p class='ocr_par' dir='ltr' id='par_1_65' title="bbox 475 3565 2168 3634">
     <span class='ocr_line' id='line_1_65' title="bbox 475 3565 2168 3634; baseline -0.002 -14"><span class='ocrx_word' id='word_1_516' title='bbox 475 3565 780 3620; x_wconf 84' lang='lat' dir='ltr'><strong>Henricum</strong></span> <span class='ocrx_word' id='word_1_517' title='bbox 810 3567 1080 3619; x_wconf 86' lang='lat' dir='ltr'><strong>adversus</strong></span> <span class='ocrx_word' id='word_1_518' title='bbox 1111 3565 1410 3620; x_wconf 84' lang='lat' dir='ltr'><strong>seditiosos</strong></span> <span class='ocrx_word' id='word_1_519' title='bbox 1442 3565 1662 3630; x_wconf 89' lang='lat' dir='ltr'><strong>invitet,</strong></span> <span class='ocrx_word' id='word_1_520' title='bbox 1698 3569 1754 3617; x_wconf 88' lang='lat' dir='ltr'><strong>et</strong></span> <span class='ocrx_word' id='word_1_521' title='bbox 1785 3565 1973 3618; x_wconf 90' lang='lat' dir='ltr'><strong>nescio</strong></span> <span class='ocrx_word' id='word_1_522' title='bbox 2014 3565 2168 3634; x_wconf 89' lang='lat' dir='ltr'><strong>quod</strong></span> 
     </span>
    </p>
   </div>
   <div class='ocr_carea' id='block_1_66' title="bbox 472 3653 2168 3724">
    <p class='ocr_par' dir='ltr' id='par_1_66' title="bbox 472 3653 2168 3724">
     <span class='ocr_line' id='line_1_66' title="bbox 472 3653 2168 3724; baseline -0.001 -17"><span class='ocrx_word' id='word_1_523' title='bbox 472 3660 732 3708; x_wconf 83' lang='lat' dir='ltr'><strong>exortum</strong></span> <span class='ocrx_word' id='word_1_524' title='bbox 761 3653 1009 3708; x_wconf 91' lang='lat' dir='ltr'><strong>schisma</strong></span> <span class='ocrx_word' id='word_1_525' title='bbox 1043 3657 1373 3724; x_wconf 88' lang='lat' dir='ltr'><strong>componat,</strong></span> <span class='ocrx_word' id='word_1_526' title='bbox 1423 3653 1494 3705; x_wconf 92' lang='lat' dir='ltr'><strong>de</strong></span> <span class='ocrx_word' id='word_1_527' title='bbox 1528 3653 1737 3722; x_wconf 91' lang='lat' dir='ltr'><strong>quibus</strong></span> <span class='ocrx_word' id='word_1_528' title='bbox 1767 3653 1903 3722; x_wconf 88' lang='lat' dir='ltr'><strong>quid</strong></span> <span class='ocrx_word' id='word_1_529' title='bbox 1967 3653 2168 3706; x_wconf 63' lang='lat' dir='ltr'><strong>sentiao</strong></span> 
     </span>
    </p>
   </div>
   <div class='ocr_carea' id='block_1_67' title="bbox 473 3741 2166 3811">
    <p class='ocr_par' dir='ltr' id='par_1_67' title="bbox 473 3741 2166 3811">
     <span class='ocr_line' id='line_1_67' title="bbox 473 3741 2166 3811; baseline -0.002 -13"><span class='ocrx_word' id='word_1_530' title='bbox 473 3759 600 3798; x_wconf 89' lang='lat' dir='ltr'><strong>mus</strong></span> <span class='ocrx_word' id='word_1_531' title='bbox 641 3742 880 3811; x_wconf 82' lang='lat' dir='ltr'><strong>habet§</strong></span> <span class='ocrx_word' id='word_1_532' title='bbox 937 3745 1023 3809; x_wconf 88' lang='lat' dir='ltr'><strong>l2,</strong></span> <span class='ocrx_word' id='word_1_533' title='bbox 1073 3758 1234 3797; x_wconf 89' lang='lat' dir='ltr'><strong>num.</strong></span> <span class='ocrx_word' id='word_1_534' title='bbox 1295 3745 1412 3795; x_wconf 87' lang='grc'><strong>128.</strong></span> <span class='ocrx_word' id='word_1_535' title='bbox 1479 3741 1675 3811; x_wconf 68' lang='lat' dir='ltr'><strong>Capite</strong></span> <span class='ocrx_word' id='word_1_536' title='bbox 1709 3744 1776 3794; x_wconf 82' lang='lat' dir='ltr'><strong>2t)</strong></span> <span class='ocrx_word' id='word_1_537' title='bbox 1835 3741 2028 3811; x_wconf 90' lang='lat' dir='ltr'><strong>agitur</strong></span> <span class='ocrx_word' id='word_1_538' title='bbox 2095 3743 2166 3795; x_wconf 92' lang='lat' dir='ltr'><strong>de</strong></span> 
     </span>
    </p>
   </div>
   <div class='ocr_carea' id='block_1_68' title="bbox 471 3830 2166 3904">
    <p class='ocr_par' dir='ltr' id='par_1_68' title="bbox 471 3830 2166 3904">
     <span class='ocr_line' id='line_1_68' title="bbox 471 3830 2166 3904; baseline -0.001 -20"><span class='ocrx_word' id='word_1_539' title='bbox 471 3837 737 3904; x_wconf 86' lang='lat' dir='ltr'><strong>prensato</strong></span> <span class='ocrx_word' id='word_1_540' title='bbox 769 3832 1116 3886; x_wconf 83' lang='lat' dir='ltr'><strong>monacbatu</strong></span> <span class='ocrx_word' id='word_1_541' title='bbox 1153 3830 1405 3884; x_wconf 75' lang='lat' dir='ltr'><strong>Cluniaci</strong></span> <span class='ocrx_word' id='word_1_542' title='bbox 1437 3835 1492 3883; x_wconf 92' lang='lat' dir='ltr'><strong>et</strong></span> <span class='ocrx_word' id='word_1_543' title='bbox 1521 3830 1780 3896; x_wconf 85' lang='lat' dir='ltr'><strong>Virduni,</strong></span> <span class='ocrx_word' id='word_1_544' title='bbox 1837 3847 1964 3900; x_wconf 54' lang='lat' dir='ltr'><strong>quas,</strong></span> <span class='ocrx_word' id='word_1_545' title='bbox 1995 3834 2058 3883; x_wconf 91' lang='lat' dir='ltr'><strong>ut</strong></span> <span class='ocrx_word' id='word_1_546' title='bbox 2096 3830 2166 3883; x_wconf 91' lang='lat' dir='ltr'><strong>ab</strong></span> 
     </span>
    </p>
   </div>
   <div class='ocr_carea' id='block_1_69' title="bbox 473 3918 2163 3984">
    <p class='ocr_par' dir='ltr' id='par_1_69' title="bbox 473 3918 2163 3984">
     <span class='ocr_line' id='line_1_69' title="bbox 473 3918 2163 3984; baseline -0.003 -8"><span class='ocrx_word' id='word_1_547' title='bbox 473 3920 697 3976; x_wconf 90' lang='lat' dir='ltr'><strong>Henrici</strong></span> <span class='ocrx_word' id='word_1_548' title='bbox 720 3920 1018 3973; x_wconf 88' lang='lat' dir='ltr'><strong>sanctitate</strong></span> <span class='ocrx_word' id='word_1_549' title='bbox 1049 3919 1234 3973; x_wconf 88' lang='lat' dir='ltr'><strong>aliena</strong></span> <span class='ocrx_word' id='word_1_550' title='bbox 1264 3933 1374 3971; x_wconf 90' lang='lat' dir='ltr'><strong>non</strong></span> <span class='ocrx_word' id='word_1_551' title='bbox 1409 3919 1542 3984; x_wconf 89' lang='lat' dir='ltr'><strong>sint,</strong></span> <span class='ocrx_word' id='word_1_552' title='bbox 1579 3918 1742 3972; x_wconf 88' lang='lat' dir='ltr'><strong>nobis</strong></span> <span class='ocrx_word' id='word_1_553' title='bbox 1773 3918 2068 3972; x_wconf 75' lang='lat' dir='ltr'><strong>sufﬁciunt</strong></span> <span class='ocrx_word' id='word_1_554' title='bbox 2098 3934 2163 3972; x_wconf 92' lang='lat' dir='ltr'><strong>ea</strong></span> 
     </span>
    </p>
   </div>
   <div class='ocr_carea' id='block_1_70' title="bbox 470 4005 2169 4080">
    <p class='ocr_par' dir='ltr' id='par_1_70' title="bbox 470 4005 2169 4080">
     <span class='ocr_line' id='line_1_70' title="bbox 470 4005 2169 4080; baseline -0.002 -18"><span class='ocrx_word' id='word_1_555' title='bbox 470 4025 600 4080; x_wconf 65' lang='lat' dir='ltr'><strong>qua:</strong></span> <span class='ocrx_word' id='word_1_556' title='bbox 640 4009 709 4062; x_wconf 90' lang='lat' dir='ltr'><strong>ab</strong></span> <span class='ocrx_word' id='word_1_557' title='bbox 736 4009 997 4062; x_wconf 79' lang='lat' dir='ltr'><strong>Alberico</strong></span> <span class='ocrx_word' id='word_1_558' title='bbox 1031 4013 1262 4060; x_wconf 88' lang='lat' dir='ltr'><strong>narrata</strong></span> <span class='ocrx_word' id='word_1_559' title='bbox 1294 4008 1614 4060; x_wconf 87' lang='lat' dir='ltr'><strong>retulimus.</strong></span> <span class='ocrx_word' id='word_1_560' title='bbox 1666 4007 1802 4076; x_wconf 84' lang='lat' dir='ltr'><strong>Cap.</strong></span> <span class='ocrx_word' id='word_1_561' title='bbox 1863 4009 1952 4073; x_wconf 84' lang='grc'><strong>21,</strong></span> <span class='ocrx_word' id='word_1_562' title='bbox 2006 4005 2169 4075; x_wconf 82' lang='lat' dir='ltr'><strong>[inter</strong></span> 
     </span>
    </p>
   </div>
   <div class='ocr_carea' id='block_1_71' title="bbox 468 4093 2160 4164">
    <p class='ocr_par' dir='ltr' id='par_1_71' title="bbox 468 4093 2160 4164">
     <span class='ocr_line' id='line_1_71' title="bbox 468 4093 2160 4164; baseline -0.003 -13"><span class='ocrx_word' id='word_1_563' title='bbox 468 4099 583 4151; x_wconf 89' lang='lat' dir='ltr'><strong>alia</strong></span> <span class='ocrx_word' id='word_1_564' title='bbox 610 4101 860 4150; x_wconf 84' lang='lat' dir='ltr'><strong>mentem</strong></span> <span class='ocrx_word' id='word_1_565' title='bbox 913 4110 1076 4148; x_wconf 91' lang='lat' dir='ltr'><strong>suam</strong></span> <span class='ocrx_word' id='word_1_566' title='bbox 1103 4093 1286 4164; x_wconf 85' lang='lat' dir='ltr'><strong>aperit</strong></span> <span class='ocrx_word' id='word_1_567' title='bbox 1331 4093 1591 4148; x_wconf 86' lang='lat' dir='ltr'><strong>Inchofer</strong></span> <span class='ocrx_word' id='word_1_568' title='bbox 1617 4093 1764 4147; x_wconf 89' lang='lat' dir='ltr'><strong>circa</strong></span> <span class='ocrx_word' id='word_1_569' title='bbox 1803 4111 1830 4143; x_wconf 75' lang='grc' dir='ltr'><strong>α</strong></span> <span class='ocrx_word' id='word_1_570' title='bbox 1872 4093 2160 4163; x_wconf 84' lang='lat' dir='ltr'><strong>prodigio-</strong></span> 
     </span>
    </p>
   </div>
   <div class='ocr_carea' id='block_1_72' title="bbox 469 4181 2164 4252">
    <p class='ocr_par' dir='ltr' id='par_1_72' title="bbox 469 4181 2164 4252">
     <span class='ocr_line' id='line_1_72' title="bbox 469 4181 2164 4252; baseline -0.002 -15"><span class='ocrx_word' id='word_1_571' title='bbox 469 4201 590 4238; x_wconf 87' lang='lat' dir='ltr'><strong>sam</strong></span> <span class='ocrx_word' id='word_1_572' title='bbox 618 4184 912 4238; x_wconf 88' lang='lat' dir='ltr'><strong>victoriam</strong></span> <span class='ocrx_word' id='word_1_573' title='bbox 943 4182 997 4236; x_wconf 90' lang='lat' dir='ltr'><strong>S.</strong></span> <span class='ocrx_word' id='word_1_574' title='bbox 1033 4183 1258 4236; x_wconf 83' lang='lat' dir='ltr'><strong>Henrici</strong></span> <span class='ocrx_word' id='word_1_575' title='bbox 1291 4182 1562 4251; x_wconf 86' lang='lat' dir='ltr'><strong>auspiciis</strong></span> <span class='ocrx_word' id='word_1_576' title='bbox 1611 4198 1644 4235; x_wconf 92' lang='lat' dir='ltr'><strong>a</strong></span> <span class='ocrx_word' id='word_1_577' title='bbox 1685 4181 2028 4252; x_wconf 89' lang='lat' dir='ltr'><strong>quibusdam</strong></span> <span class='ocrx_word' id='word_1_578' title='bbox 2080 4186 2164 4234; x_wconf 89' lang='lat' dir='ltr'><strong>at-</strong></span> 
     </span>
    </p>
   </div>
   <div class='ocr_carea' id='block_1_73' title="bbox 470 4269 2162 4341">
    <p class='ocr_par' dir='ltr' id='par_1_73' title="bbox 470 4269 2162 4341">
     <span class='ocr_line' id='line_1_73' title="bbox 470 4269 2162 4341; baseline -0.002 -13"><span class='ocrx_word' id='word_1_579' title='bbox 470 4274 762 4341; x_wconf 90' lang='lat' dir='ltr'><strong>tributam,</strong></span> <span class='ocrx_word' id='word_1_580' title='bbox 784 4292 811 4323; x_wconf 81' lang='lat'>»</span> <span class='ocrx_word' id='word_1_581' title='bbox 857 4273 1011 4326; x_wconf 92' lang='lat' dir='ltr'><strong>unde</strong></span> <span class='ocrx_word' id='word_1_582' title='bbox 1043 4287 1156 4325; x_wconf 91' lang='lat' dir='ltr'><strong>non</strong></span> <span class='ocrx_word' id='word_1_583' title='bbox 1187 4287 1392 4340; x_wconf 85' lang='lat' dir='ltr'><strong>parum</strong></span> <span class='ocrx_word' id='word_1_584' title='bbox 1446 4269 1720 4324; x_wconf 90' lang='lat' dir='ltr'><strong>elucidari</strong></span> <span class='ocrx_word' id='word_1_585' title='bbox 1751 4274 1990 4340; x_wconf 91' lang='lat' dir='ltr'><strong>possunt</strong></span> <span class='ocrx_word' id='word_1_586' title='bbox 2034 4286 2162 4340; x_wconf 66' lang='lat' dir='ltr'><strong>qum</strong></span> 
     </span>
    </p>
   </div>
   <div class='ocr_carea' id='block_1_74' title="bbox 471 4357 2166 4429">
    <p class='ocr_par' dir='ltr' id='par_1_74' title="bbox 471 4357 2166 4429">
     <span class='ocr_line' id='line_1_74' title="bbox 471 4357 2166 4429; baseline -0.002 -13"><span class='ocrx_word' id='word_1_587' title='bbox 471 4379 573 4416; x_wconf 88' lang='lat' dir='ltr'><strong>nos</strong></span> <span class='ocrx_word' id='word_1_588' title='bbox 626 4377 730 4415; x_wconf 91' lang='lat' dir='ltr'><strong>suo</strong></span> <span class='ocrx_word' id='word_1_589' title='bbox 779 4361 901 4414; x_wconf 90' lang='lat' dir='ltr'><strong>loco</strong></span> <span class='ocrx_word' id='word_1_590' title='bbox 933 4361 1379 4429; x_wconf 88' lang='lat' dir='ltr'><strong>conjectavimus</strong></span> <span class='ocrx_word' id='word_1_591' title='bbox 1409 4359 1707 4414; x_wconf 89' lang='lat' dir='ltr'><strong>occasione</strong></span> <span class='ocrx_word' id='word_1_592' title='bbox 1737 4358 1972 4413; x_wconf 73' lang='lat' dir='ltr'><strong>famosae</strong></span> <span class='ocrx_word' id='word_1_593' title='bbox 2002 4357 2166 4412; x_wconf 89' lang='lat' dir='ltr'><strong>istius</strong></span> 
     </span>
    </p>
   </div>
   <div class='ocr_carea' id='block_1_75' title="bbox 471 4447 2162 4521">
    <p class='ocr_par' dir='ltr' id='par_1_75' title="bbox 471 4447 2162 4521">
     <span class='ocr_line' id='line_1_75' title="bbox 471 4447 2162 4521; baseline -0.003 -17"><span class='ocrx_word' id='word_1_594' title='bbox 471 4466 680 4521; x_wconf 74' lang='lat' dir='ltr'><strong>pugnae</strong></span> <span class='ocrx_word' id='word_1_595' title='bbox 729 4449 800 4504; x_wconf 91' lang='lat' dir='ltr'><strong>ab</strong></span> <span class='ocrx_word' id='word_1_596' title='bbox 856 4453 1158 4518; x_wconf 81' lang='lat' dir='ltr'><strong>Anonymo</strong></span> <span class='ocrx_word' id='word_1_597' title='bbox 1192 4453 1656 4502; x_wconf 71' lang='lat' dir='ltr'><strong>commemorata:</strong></span> <span class='ocrx_word' id='word_1_598' title='bbox 1715 4463 1840 4516; x_wconf 90' lang='lat' dir='ltr'><strong>cap.</strong></span> <span class='ocrx_word' id='word_1_599' title='bbox 1901 4447 1934 4499; x_wconf 81' lang='grc'>4</span> <span class='ocrx_word' id='word_1_600' title='bbox 1965 4461 2162 4516; x_wconf 90' lang='lat' dir='ltr'><strong>quam,</strong></span> 
     </span>
    </p>
   </div>
   <div class='ocr_carea' id='block_1_76' title="bbox 467 4534 2166 4605">
    <p class='ocr_par' dir='ltr' id='par_1_76' title="bbox 467 4534 2166 4605">
     <span class='ocr_line' id='line_1_76' title="bbox 467 4534 2166 4605; baseline -0.002 -14"><span class='ocrx_word' id='word_1_601' title='bbox 467 4539 720 4593; x_wconf 88' lang='lat' dir='ltr'><strong>studiose</strong></span> <span class='ocrx_word' id='word_1_602' title='bbox 777 4555 811 4590; x_wconf 91' lang='lat' dir='ltr'><strong>a</strong></span> <span class='ocrx_word' id='word_1_603' title='bbox 848 4537 1104 4592; x_wconf 88' lang='lat' dir='ltr'><strong>Ditmaro</strong></span> <span class='ocrx_word' id='word_1_604' title='bbox 1135 4536 1510 4605; x_wconf 67' lang='lat' dir='ltr'><strong>prasteritam,</strong></span> <span class='ocrx_word' id='word_1_605' title='bbox 1543 4535 1789 4589; x_wconf 88' lang='lat' dir='ltr'><strong>necdum</strong></span> <span class='ocrx_word' id='word_1_606' title='bbox 1823 4534 1992 4588; x_wconf 89' lang='lat' dir='ltr'><strong>nobis</strong></span> <span class='ocrx_word' id='word_1_607' title='bbox 2041 4550 2166 4588; x_wconf 86' lang='lat' dir='ltr'><strong>sua-</strong></span> 
     </span>
    </p>
   </div>
   <div class='ocr_carea' id='block_1_77' title="bbox 467 4623 2164 4696">
    <p class='ocr_par' dir='ltr' id='par_1_77' title="bbox 467 4623 2164 4696">
     <span class='ocr_line' id='line_1_77' title="bbox 467 4623 2164 4696; baseline -0.003 -16"><span class='ocrx_word' id='word_1_608' title='bbox 467 4627 588 4680; x_wconf 86' lang='lat' dir='ltr'><strong>deri</strong></span> <span class='ocrx_word' id='word_1_609' title='bbox 616 4626 887 4696; x_wconf 89' lang='lat' dir='ltr'><strong>patimur.</strong></span> <span class='ocrx_word' id='word_1_610' title='bbox 923 4627 1000 4680; x_wconf 86' lang='lat' dir='ltr'><strong>Ex</strong></span> <span class='ocrx_word' id='word_1_611' title='bbox 1024 4642 1148 4696; x_wconf 90' lang='lat' dir='ltr'><strong>cap.</strong></span> <span class='ocrx_word' id='word_1_612' title='bbox 1191 4627 1260 4679; x_wconf 87' lang='lat'><strong>22</strong></span> <span class='ocrx_word' id='word_1_613' title='bbox 1297 4623 1556 4679; x_wconf 89' lang='lat' dir='ltr'><strong>notanda</strong></span> <span class='ocrx_word' id='word_1_614' title='bbox 1597 4623 1886 4694; x_wconf 60' lang='lat' dir='ltr'><strong>praecipue</strong></span> <span class='ocrx_word' id='word_1_615' title='bbox 1933 4624 2164 4692; x_wconf 87' lang='lat' dir='ltr'><strong>Poppo-</strong></span> 
     </span>
    </p>
   </div>
   <div class='ocr_carea' id='block_1_78' title="bbox 467 4710 2163 4782">
    <p class='ocr_par' dir='ltr' id='par_1_78' title="bbox 467 4710 2163 4782">
     <span class='ocr_line' id='line_1_78' title="bbox 467 4710 2163 4782; baseline -0.002 -15"><span class='ocrx_word' id='word_1_616' title='bbox 467 4715 555 4768; x_wconf 89' lang='lat' dir='ltr'><strong>nis</strong></span> <span class='ocrx_word' id='word_1_617' title='bbox 586 4716 804 4770; x_wconf 88' lang='lat' dir='ltr'><strong>abbatis</strong></span> <span class='ocrx_word' id='word_1_618' title='bbox 834 4713 1186 4769; x_wconf 86' lang='lat' dir='ltr'><strong>Stabulensis</strong></span> <span class='ocrx_word' id='word_1_619' title='bbox 1239 4712 1507 4778; x_wconf 89' lang='lat' dir='ltr'><strong>monitio,</strong></span> <span class='ocrx_word' id='word_1_620' title='bbox 1539 4727 1654 4782; x_wconf 89' lang='lat' dir='ltr'><strong>qua</strong></span> <span class='ocrx_word' id='word_1_621' title='bbox 1701 4711 1754 4765; x_wconf 91' lang='lat' dir='ltr'><strong>S.</strong></span> <span class='ocrx_word' id='word_1_622' title='bbox 1791 4710 2097 4764; x_wconf 87' lang='lat' dir='ltr'><strong>Henricum</strong></span> <span class='ocrx_word' id='word_1_623' title='bbox 2131 4728 2163 4764; x_wconf 88' lang='lat' dir='ltr'><strong>a</strong></span> 
     </span>
    </p>
   </div>
   <div class='ocr_carea' id='block_1_79' title="bbox 467 4799 2159 4874">
    <p class='ocr_par' dir='ltr' id='par_1_79' title="bbox 467 4799 2159 4874">
     <span class='ocr_line' id='line_1_79' title="bbox 467 4799 2159 4874; baseline -0.005 -17"><span class='ocrx_word' id='word_1_624' title='bbox 467 4804 786 4874; x_wconf 87' lang='lat' dir='ltr'><strong>spectandis</strong></span> <span class='ocrx_word' id='word_1_625' title='bbox 818 4803 1171 4856; x_wconf 88' lang='lat' dir='ltr'><strong>histrionicis</strong></span> <span class='ocrx_word' id='word_1_626' title='bbox 1204 4807 1260 4856; x_wconf 92' lang='lat' dir='ltr'><strong>et</strong></span> <span class='ocrx_word' id='word_1_627' title='bbox 1309 4800 1643 4872; x_wconf 87' lang='lat' dir='ltr'><strong>gladiatoris</strong></span> <span class='ocrx_word' id='word_1_628' title='bbox 1668 4799 1819 4853; x_wconf 89' lang='lat' dir='ltr'><strong>ludis</strong></span> <span class='ocrx_word' id='word_1_629' title='bbox 1873 4800 2159 4865; x_wconf 85' lang='lat' dir='ltr'><strong>averterit,</strong></span> 
     </span>
    </p>
   </div>
   <div class='ocr_carea' id='block_1_80' title="bbox 466 4887 2163 4960">
    <p class='ocr_par' dir='ltr' id='par_1_80' title="bbox 466 4887 2163 4960">
     <span class='ocr_line' id='line_1_80' title="bbox 466 4887 2163 4960; baseline -0.003 -15"><span class='ocrx_word' id='word_1_630' title='bbox 466 4894 602 4945; x_wconf 92' lang='lat' dir='ltr'><strong>dum</strong></span> <span class='ocrx_word' id='word_1_631' title='bbox 638 4891 708 4944; x_wconf 92' lang='lat' dir='ltr'><strong>iis</strong></span> <span class='ocrx_word' id='word_1_632' title='bbox 736 4891 1012 4960; x_wconf 88' lang='lat' dir='ltr'><strong>Neomagi</strong></span> <span class='ocrx_word' id='word_1_633' title='bbox 1033 4890 1312 4944; x_wconf 89' lang='lat' dir='ltr'><strong>curiosius</strong></span> <span class='ocrx_word' id='word_1_634' title='bbox 1343 4888 1664 4960; x_wconf 88' lang='lat' dir='ltr'><strong>spectandis</strong></span> <span class='ocrx_word' id='word_1_635' title='bbox 1720 4887 2058 4941; x_wconf 86' lang='lat' dir='ltr'><strong>attenderet.</strong></span> <span class='ocrx_word' id='word_1_636' title='bbox 2095 4888 2163 4940; x_wconf 85' lang='lat' dir='ltr'><strong>Et</strong></span> 
     </span>
    </p>
   </div>
   <div class='ocr_carea' id='block_1_81' title="bbox 465 4975 2159 5048">
    <p class='ocr_par' dir='ltr' id='par_1_81' title="bbox 465 4975 2159 5048">
     <span class='ocr_line' id='line_1_81' title="bbox 465 4975 2159 5048; baseline -0.003 -15"><span class='ocrx_word' id='word_1_637' title='bbox 465 4981 574 5034; x_wconf 88' lang='lat' dir='ltr'><strong>hoc</strong></span> <span class='ocrx_word' id='word_1_638' title='bbox 593 4986 651 5033; x_wconf 88' lang='lat' dir='ltr'><strong>et</strong></span> <span class='ocrx_word' id='word_1_639' title='bbox 676 4979 734 5032; x_wconf 92' lang='lat' dir='ltr'><strong>id</strong></span> <span class='ocrx_word' id='word_1_640' title='bbox 765 4994 945 5047; x_wconf 90' lang='lat' dir='ltr'><strong>genus</strong></span> <span class='ocrx_word' id='word_1_641' title='bbox 975 4979 1122 5032; x_wconf 85' lang='lat' dir='ltr'><strong>facta</strong></span> <span class='ocrx_word' id='word_1_642' title='bbox 1151 4978 1261 5031; x_wconf 87' lang='lat' dir='ltr'><strong>alia</strong></span> <span class='ocrx_word' id='word_1_643' title='bbox 1292 4978 1632 5048; x_wconf 89' lang='lat' dir='ltr'><strong>scriptorum</strong></span> <span class='ocrx_word' id='word_1_644' title='bbox 1656 4975 1991 5030; x_wconf 89' lang='lat' dir='ltr'><strong>auctoritate</strong></span> <span class='ocrx_word' id='word_1_645' title='bbox 2031 4991 2159 5029; x_wconf 92' lang='lat' dir='ltr'><strong>cor-</strong></span> 
     </span>
    </p>
   </div>
   <div class='ocr_carea' id='block_1_82' title="bbox 463 5067 1143 5124">
    <p class='ocr_par' dir='ltr' id='par_1_82' title="bbox 463 5067 1143 5124">
     <span class='ocr_line' id='line_1_82' title="bbox 463 5067 1143 5124; baseline -0.007 0"><span class='ocrx_word' id='word_1_646' title='bbox 463 5068 721 5124; x_wconf 87' lang='lat' dir='ltr'><strong>roborari</strong></span> <span class='ocrx_word' id='word_1_647' title='bbox 755 5067 1143 5121; x_wconf 88' lang='lat' dir='ltr'><strong>merebantur.</strong></span> 
     </span>
    </p>
   </div>
   <div class='ocr_carea' id='block_1_83' title="bbox 536 5151 2154 5227">
    <p class='ocr_par' dir='ltr' id='par_1_83' title="bbox 536 5151 2154 5227">
     <span class='ocr_line' id='line_1_83' title="bbox 536 5151 2154 5227; baseline -0.004 -16"><span class='ocrx_word' id='word_1_648' title='bbox 536 5162 622 5212; x_wconf 86' lang='grc'><strong>72.</strong></span> <span class='ocrx_word' id='word_1_649' title='bbox 665 5155 955 5227; x_wconf 85' lang='lat' dir='ltr'><strong>Sequitur,</strong></span> <span class='ocrx_word' id='word_1_650' title='bbox 983 5171 1105 5224; x_wconf 89' lang='lat' dir='ltr'><strong>cap.</strong></span> <span class='ocrx_word' id='word_1_651' title='bbox 1139 5171 1292 5218; x_wconf 86' lang='lat' dir='ltr'><strong>xxm,</strong></span> <span class='ocrx_word' id='word_1_652' title='bbox 1325 5153 1599 5207; x_wconf 89' lang='lat' dir='ltr'><strong>adventus</strong></span> <span class='ocrx_word' id='word_1_653' title='bbox 1629 5151 1917 5206; x_wconf 84' lang='lat' dir='ltr'><strong>Benedicti</strong></span> <span class='ocrx_word' id='word_1_654' title='bbox 1949 5152 2068 5205; x_wconf 84' lang='lat' dir='ltr'><strong>Vlll</strong></span> <span class='ocrx_word' id='word_1_655' title='bbox 2099 5152 2154 5205; x_wconf 91' lang='lat' dir='ltr'><strong>in</strong></span> 
     </span>
    </p>
   </div>
   <div class='ocr_carea' id='block_1_84' title="bbox 464 5241 2156 5312">
    <p class='ocr_par' dir='ltr' id='par_1_84' title="bbox 464 5241 2156 5312">
     <span class='ocr_line' id='line_1_84' title="bbox 464 5241 2156 5312; baseline -0.001 -17"><span class='ocrx_word' id='word_1_656' title='bbox 464 5244 848 5310; x_wconf 76' lang='lat' dir='ltr'><strong>Germaniam,</strong></span> <span class='ocrx_word' id='word_1_657' title='bbox 883 5243 983 5311; x_wconf 91' lang='lat' dir='ltr'><strong>qui</strong></span> <span class='ocrx_word' id='word_1_658' title='bbox 1023 5247 1181 5296; x_wconf 92' lang='lat' dir='ltr'><strong>tanto</strong></span> <span class='ocrx_word' id='word_1_659' title='bbox 1238 5241 1443 5311; x_wconf 89' lang='lat' dir='ltr'><strong>majori</strong></span> <span class='ocrx_word' id='word_1_660' title='bbox 1503 5242 1845 5312; x_wconf 90' lang='lat' dir='ltr'><strong>scriptorum</strong></span> <span class='ocrx_word' id='word_1_661' title='bbox 1899 5243 2156 5293; x_wconf 82' lang='lat' dir='ltr'><strong>veterum</strong></span> 
     </span>
    </p>
   </div>
   <div class='ocr_carea' id='block_1_85' title="bbox 463 5327 2160 5402">
    <p class='ocr_par' dir='ltr' id='par_1_85' title="bbox 463 5327 2160 5402">
     <span class='ocr_line' id='line_1_85' title="bbox 463 5327 2160 5402; baseline -0.005 -14"><span class='ocrx_word' id='word_1_662' title='bbox 463 5335 577 5389; x_wconf 86' lang='lat' dir='ltr'><strong>tide</strong></span> <span class='ocrx_word' id='word_1_663' title='bbox 601 5333 823 5397; x_wconf 89' lang='lat' dir='ltr'><strong>nititur,</strong></span> <span class='ocrx_word' id='word_1_664' title='bbox 855 5335 1070 5402; x_wconf 88' lang='lat' dir='ltr'><strong>quanto</strong></span> <span class='ocrx_word' id='word_1_665' title='bbox 1113 5329 1376 5384; x_wconf 91' lang='lat' dir='ltr'><strong>debiliori</strong></span> <span class='ocrx_word' id='word_1_666' title='bbox 1441 5329 1704 5382; x_wconf 89' lang='lat' dir='ltr'><strong>subsistit</strong></span> <span class='ocrx_word' id='word_1_667' title='bbox 1744 5328 1961 5382; x_wconf 89' lang='lat' dir='ltr'><strong>incerta</strong></span> <span class='ocrx_word' id='word_1_668' title='bbox 2011 5327 2160 5398; x_wconf 88' lang='lat' dir='ltr'><strong>ejus-</strong></span> 
     </span>
    </p>
   </div>
   <div class='ocr_carea' id='block_1_86' title="bbox 461 5417 2157 5492">
    <p class='ocr_par' dir='ltr' id='par_1_86' title="bbox 461 5417 2157 5492">
     <span class='ocr_line' id='line_1_86' title="bbox 461 5417 2157 5492; baseline -0.004 -15"><span class='ocrx_word' id='word_1_669' title='bbox 461 5425 593 5476; x_wconf 88' lang='lat' dir='ltr'><strong>dem</strong></span> <span class='ocrx_word' id='word_1_670' title='bbox 623 5424 791 5492; x_wconf 52' lang='lat' dir='ltr'><strong>Papa’.</strong></span> <span class='ocrx_word' id='word_1_671' title='bbox 817 5420 976 5491; x_wconf 89' lang='lat' dir='ltr'><strong>prior</strong></span> <span class='ocrx_word' id='word_1_672' title='bbox 1005 5420 1063 5472; x_wconf 91' lang='lat' dir='ltr'><strong>in</strong></span> <span class='ocrx_word' id='word_1_673' title='bbox 1094 5419 1403 5490; x_wconf 90' lang='lat' dir='ltr'><strong>imperium</strong></span> <span class='ocrx_word' id='word_1_674' title='bbox 1430 5418 1845 5489; x_wconf 87' lang='lat' dir='ltr'><strong>poregrinatio,</strong></span> <span class='ocrx_word' id='word_1_675' title='bbox 1873 5417 2057 5472; x_wconf 89' lang='lat' dir='ltr'><strong>dicam</strong></span> <span class='ocrx_word' id='word_1_676' title='bbox 2085 5433 2157 5471; x_wconf 90' lang='lat' dir='ltr'><strong>an</strong></span> 
     </span>
    </p>
   </div>
   <div class='ocr_carea' id='block_1_87' title="bbox 464 5505 2156 5580">
    <p class='ocr_par' dir='ltr' id='par_1_87' title="bbox 464 5505 2156 5580">
     <span class='ocr_line' id='line_1_87' title="bbox 464 5505 2156 5580; baseline -0.005 -15"><span class='ocrx_word' id='word_1_677' title='bbox 464 5513 602 5579; x_wconf 83' lang='lat' dir='ltr'><strong>fuga</strong></span> <span class='ocrx_word' id='word_1_678' title='bbox 624 5511 862 5580; x_wconf 82' lang='lat' dir='ltr'><strong>supplex</strong></span> <span class='ocrx_word' id='word_1_679' title='bbox 894 5509 965 5562; x_wconf 89' lang='lat' dir='ltr'><strong>ad</strong></span> <span class='ocrx_word' id='word_1_680' title='bbox 1014 5507 1067 5562; x_wconf 92' lang='lat' dir='ltr'><strong>S.</strong></span> <span class='ocrx_word' id='word_1_681' title='bbox 1121 5506 1347 5562; x_wconf 83' lang='lat' dir='ltr'><strong>Henrici</strong></span> <span class='ocrx_word' id='word_1_682' title='bbox 1394 5507 1692 5561; x_wconf 86' lang='lat' dir='ltr'><strong>auxilium.</strong></span> <span class='ocrx_word' id='word_1_683' title='bbox 1752 5505 1888 5576; x_wconf 87' lang='lat' dir='ltr'><strong>Cap.</strong></span> <span class='ocrx_word' id='word_1_684' title='bbox 1942 5507 2013 5562; x_wconf 81' lang='grc'><strong>24</strong></span> <span class='ocrx_word' id='word_1_685' title='bbox 2063 5521 2156 5558; x_wconf 81' lang='lat' dir='ltr'><strong>ex-</strong></span> 
     </span>
    </p>
   </div>
   <div class='ocr_carea' id='block_1_88' title="bbox 460 5594 2156 5674">
    <p class='ocr_par' dir='ltr' id='par_1_88' title="bbox 460 5594 2156 5674">
     <span class='ocr_line' id='line_1_88' title="bbox 460 5594 2156 5674; baseline -0.005 -20"><span class='ocrx_word' id='word_1_686' title='bbox 460 5601 708 5674; x_wconf 86' lang='lat' dir='ltr'><strong>plicatur</strong></span> <span class='ocrx_word' id='word_1_687' title='bbox 759 5597 1148 5652; x_wconf 89' lang='lat' dir='ltr'><strong>reconciliatio</strong></span> <span class='ocrx_word' id='word_1_688' title='bbox 1178 5611 1308 5651; x_wconf 90' lang='lat' dir='ltr'><strong>cum</strong></span> <span class='ocrx_word' id='word_1_689' title='bbox 1357 5595 1414 5650; x_wconf 87' lang='lat' dir='ltr'><strong>S.</strong></span> <span class='ocrx_word' id='word_1_690' title='bbox 1467 5595 1764 5650; x_wconf 80' lang='lat' dir='ltr'><strong>Heriberto</strong></span> <span class='ocrx_word' id='word_1_691' title='bbox 1809 5594 2156 5661; x_wconf 88' lang='lat' dir='ltr'><strong>Coloniensi,</strong></span> 
     </span>
    </p>
   </div>
   <div class='ocr_carea' id='block_1_89' title="bbox 2285 3127 3966 3198">
    <p class='ocr_par' dir='ltr' id='par_1_89' title="bbox 2285 3127 3966 3198">
     <span class='ocr_line' id='line_1_89' title="bbox 2285 3127 3966 3198; baseline 0.001 -19"><span class='ocrx_word' id='word_1_692' title='bbox 2285 3128 2557 3198; x_wconf 87' lang='lat' dir='ltr'><strong>vigesimo</strong></span> <span class='ocrx_word' id='word_1_693' title='bbox 2603 3134 2826 3198; x_wconf 87' lang='lat' dir='ltr'><strong>quarto,</strong></span> <span class='ocrx_word' id='word_1_694' title='bbox 2869 3127 3012 3181; x_wconf 86' lang='lat' dir='ltr'><strong>feria</strong></span> <span class='ocrx_word' id='word_1_695' title='bbox 3044 3129 3312 3181; x_wconf 87' lang='lat' dir='ltr'><strong>secunda.</strong></span> <span class='ocrx_word' id='word_1_696' title='bbox 3350 3144 3379 3180; x_wconf 77' lang='grc' dir='ltr'>ι)</span> <span class='ocrx_word' id='word_1_697' title='bbox 3412 3127 3603 3182; x_wconf 89' lang='lat' dir='ltr'><strong>Primo</strong></span> <span class='ocrx_word' id='word_1_698' title='bbox 3660 3133 3720 3181; x_wconf 84' lang='lat' dir='ltr'><strong>et</strong></span> <span class='ocrx_word' id='word_1_699' title='bbox 3778 3130 3966 3182; x_wconf 58' lang='lat' dir='ltr'><strong>ultimt</strong></span> 
     </span>
    </p>
   </div>
   <div class='ocr_carea' id='block_1_90' title="bbox 2280 3216 3966 3271">
    <p class='ocr_par' dir='ltr' id='par_1_90' title="bbox 2280 3216 3966 3271">
     <span class='ocr_line' id='line_1_90' title="bbox 2280 3216 3966 3271; baseline -0.001 0"><span class='ocrx_word' id='word_1_700' title='bbox 2280 3218 2497 3271; x_wconf 90' lang='lat' dir='ltr'><strong>calculo</strong></span> <span class='ocrx_word' id='word_1_701' title='bbox 2555 3217 2757 3270; x_wconf 89' lang='lat' dir='ltr'><strong>lubens</strong></span> <span class='ocrx_word' id='word_1_702' title='bbox 2813 3217 3097 3270; x_wconf 87' lang='lat' dir='ltr'><strong>assentior</strong></span> <span class='ocrx_word' id='word_1_703' title='bbox 3141 3232 3154 3270; x_wconf 89' lang='lat'><strong>:</strong></span> <span class='ocrx_word' id='word_1_704' title='bbox 3206 3223 3398 3270; x_wconf 89' lang='lat' dir='ltr'><strong>cetera</strong></span> <span class='ocrx_word' id='word_1_705' title='bbox 3446 3232 3574 3270; x_wconf 90' lang='lat' dir='ltr'><strong>vere</strong></span> <span class='ocrx_word' id='word_1_706' title='bbox 3604 3221 3661 3269; x_wconf 91' lang='lat' dir='ltr'><strong>et</strong></span> <span class='ocrx_word' id='word_1_707' title='bbox 3705 3216 3858 3270; x_wconf 89' lang='lat' dir='ltr'><strong>clare</strong></span> <span class='ocrx_word' id='word_1_708' title='bbox 3890 3235 3966 3270; x_wconf 40' lang='lat' dir='ltr'><strong>ex.</strong></span> 
     </span>
    </p>
   </div>
   <div class='ocr_carea' id='block_1_91' title="bbox 2279 3304 3966 3376">
    <p class='ocr_par' dir='ltr' id='par_1_91' title="bbox 2279 3304 3966 3376">
     <span class='ocr_line' id='line_1_91' title="bbox 2279 3304 3966 3376; baseline 0.001 -18"><span class='ocrx_word' id='word_1_709' title='bbox 2279 3306 2593 3376; x_wconf 87' lang='lat' dir='ltr'><strong>pressisset,</strong></span> <span class='ocrx_word' id='word_1_710' title='bbox 2627 3304 2889 3364; x_wconf 87' lang='lat' dir='ltr'><strong>dicendo.</strong></span> <span class='ocrx_word' id='word_1_711' title='bbox 2915 3325 2942 3354; x_wconf 75' lang='grc' dir='ltr'><strong>α</strong></span> <span class='ocrx_word' id='word_1_712' title='bbox 2969 3304 3173 3357; x_wconf 84' lang='lat' dir='ltr'><strong>vixisse</strong></span> <span class='ocrx_word' id='word_1_713' title='bbox 3203 3324 3230 3354; x_wconf 77' lang='grc' dir='ltr'>ι)</span> <span class='ocrx_word' id='word_1_714' title='bbox 3253 3309 3513 3358; x_wconf 83' lang='lat' dir='ltr'><strong>sanctum</strong></span> <span class='ocrx_word' id='word_1_715' title='bbox 3540 3326 3568 3353; x_wconf 84' lang='lat'><strong>«</strong></span> <span class='ocrx_word' id='word_1_716' title='bbox 3598 3320 3780 3374; x_wconf 88' lang='lat' dir='ltr'><strong>regno</strong></span> <span class='ocrx_word' id='word_1_717' title='bbox 3815 3324 3842 3356; x_wconf 73' lang='grc' dir='ltr'><strong><em>ι</em></strong></span> <span class='ocrx_word' id='word_1_718' title='bbox 3876 3324 3909 3359; x_wconf 88' lang='lat' dir='ltr'><strong>a</strong></span> <span class='ocrx_word' id='word_1_719' title='bbox 3933 3323 3966 3359; x_wconf 74' lang='grc' dir='ltr'>ν.</span> 
     </span>
    </p>
   </div>
   <div class='ocr_carea' id='block_1_92' title="bbox 2275 3391 3966 3463">
    <p class='ocr_par' dir='ltr' id='par_1_92' title="bbox 2275 3391 3966 3463">
     <span class='ocr_line' id='line_1_92' title="bbox 2275 3391 3966 3463; baseline -0.001 -17"><span class='ocrx_word' id='word_1_720' title='bbox 2275 3392 2432 3446; x_wconf 80' lang='lat' dir='ltr'><strong>Junii</strong></span> <span class='ocrx_word' id='word_1_721' title='bbox 2458 3394 2590 3446; x_wconf 88' lang='grc'>1002</span> <span class='ocrx_word' id='word_1_722' title='bbox 2622 3408 2801 3463; x_wconf 89' lang='lat' dir='ltr'><strong>usque</strong></span> <span class='ocrx_word' id='word_1_723' title='bbox 2831 3393 2901 3445; x_wconf 89' lang='lat' dir='ltr'><strong>ad</strong></span> <span class='ocrx_word' id='word_1_724' title='bbox 2934 3408 3022 3444; x_wconf 84' lang='lat' dir='ltr'><strong>xiv</strong></span> <span class='ocrx_word' id='word_1_725' title='bbox 3057 3392 3348 3445; x_wconf 81' lang='lat' dir='ltr'><strong>Februarii</strong></span> <span class='ocrx_word' id='word_1_726' title='bbox 3391 3393 3546 3456; x_wconf 77' lang='grc'>1014,</span> <span class='ocrx_word' id='word_1_727' title='bbox 3577 3407 3690 3460; x_wconf 92' lang='lat' dir='ltr'><strong>quo</strong></span> <span class='ocrx_word' id='word_1_728' title='bbox 3710 3391 3966 3445; x_wconf 83' lang='lat' dir='ltr'><strong>interval-</strong></span> 
     </span>
    </p>
   </div>
   <div class='ocr_carea' id='block_1_93' title="bbox 2278 3479 3966 3549">
    <p class='ocr_par' dir='ltr' id='par_1_93' title="bbox 2278 3479 3966 3549">
     <span class='ocr_line' id='line_1_93' title="bbox 2278 3479 3966 3549; baseline -0.001 -15"><span class='ocrx_word' id='word_1_729' title='bbox 2278 3482 2332 3534; x_wconf 92' lang='lat' dir='ltr'><strong>lo</strong></span> <span class='ocrx_word' id='word_1_730' title='bbox 2365 3481 2580 3534; x_wconf 74' lang='lat' dir='ltr'><strong>fluxere</strong></span> <span class='ocrx_word' id='word_1_731' title='bbox 2610 3480 2748 3534; x_wconf 89' lang='lat' dir='ltr'><strong>anni</strong></span> <span class='ocrx_word' id='word_1_732' title='bbox 2776 3496 2890 3534; x_wconf 88' lang='lat' dir='ltr'><strong>non</strong></span> <span class='ocrx_word' id='word_1_733' title='bbox 2915 3481 3047 3549; x_wconf 88' lang='lat' dir='ltr'><strong>plus</strong></span> <span class='ocrx_word' id='word_1_734' title='bbox 3075 3479 3366 3546; x_wconf 89' lang='lat' dir='ltr'><strong>undecim,</strong></span> <span class='ocrx_word' id='word_1_735' title='bbox 3401 3495 3623 3532; x_wconf 89' lang='lat' dir='ltr'><strong>menses</strong></span> <span class='ocrx_word' id='word_1_736' title='bbox 3662 3484 3789 3532; x_wconf 92' lang='lat' dir='ltr'><strong>octo</strong></span> <span class='ocrx_word' id='word_1_737' title='bbox 3819 3485 3874 3533; x_wconf 90' lang='lat' dir='ltr'><strong>et</strong></span> <span class='ocrx_word' id='word_1_738' title='bbox 3896 3485 3966 3533; x_wconf 87' lang='lat' dir='ltr'><strong>to-</strong></span> 
     </span>
    </p>
   </div>
   <div class='ocr_carea' id='block_1_94' title="bbox 2277 3567 3966 3638">
    <p class='ocr_par' dir='ltr' id='par_1_94' title="bbox 2277 3567 3966 3638">
     <span class='ocr_line' id='line_1_94' title="bbox 2277 3567 3966 3638; baseline -0.002 -17"><span class='ocrx_word' id='word_1_739' title='bbox 2277 3567 2452 3621; x_wconf 89' lang='lat' dir='ltr'><strong>tidem</strong></span> <span class='ocrx_word' id='word_1_740' title='bbox 2476 3568 2611 3621; x_wconf 90' lang='lat' dir='ltr'><strong>dies.</strong></span> <span class='ocrx_word' id='word_1_741' title='bbox 2650 3589 2676 3617; x_wconf 91' lang='lat'>«</span> <span class='ocrx_word' id='word_1_742' title='bbox 2703 3568 2951 3638; x_wconf 88' lang='lat' dir='ltr'><strong>Imperio</strong></span> <span class='ocrx_word' id='word_1_743' title='bbox 2985 3589 3012 3615; x_wconf 75' lang='grc' dir='ltr'><strong>η</strong></span> <span class='ocrx_word' id='word_1_744' title='bbox 3037 3583 3136 3621; x_wconf 89' lang='lat' dir='ltr'><strong>seu</strong></span> <span class='ocrx_word' id='word_1_745' title='bbox 3167 3567 3534 3637; x_wconf 85' lang='lat' dir='ltr'><strong>Imperatoris</strong></span> <span class='ocrx_word' id='word_1_746' title='bbox 3553 3567 3722 3620; x_wconf 92' lang='lat' dir='ltr'><strong>titulo</strong></span> <span class='ocrx_word' id='word_1_747' title='bbox 3753 3567 3966 3636; x_wconf 75' lang='lat' dir='ltr'><strong>gavisus</strong></span> 
     </span>
    </p>
   </div>
   <div class='ocr_carea' id='block_1_95' title="bbox 2275 3654 3966 3725">
    <p class='ocr_par' dir='ltr' id='par_1_95' title="bbox 2275 3654 3966 3725">
     <span class='ocr_line' id='line_1_95' title="bbox 2275 3654 3966 3725; baseline 0 -17"><span class='ocrx_word' id='word_1_748' title='bbox 2275 3661 2420 3708; x_wconf 89' lang='lat' dir='ltr'><strong>esta</strong></span> <span class='ocrx_word' id='word_1_749' title='bbox 2458 3672 2548 3710; x_wconf 82' lang='lat' dir='ltr'><strong>xiv</strong></span> <span class='ocrx_word' id='word_1_750' title='bbox 2581 3656 2877 3710; x_wconf 87' lang='lat' dir='ltr'><strong>Februarii</strong></span> <span class='ocrx_word' id='word_1_751' title='bbox 2938 3655 3073 3708; x_wconf 71' lang='grc'>1014</span> <span class='ocrx_word' id='word_1_752' title='bbox 3118 3670 3300 3725; x_wconf 89' lang='lat' dir='ltr'><strong>usque</strong></span> <span class='ocrx_word' id='word_1_753' title='bbox 3359 3654 3427 3708; x_wconf 89' lang='lat' dir='ltr'><strong>ad</strong></span> <span class='ocrx_word' id='word_1_754' title='bbox 3486 3670 3582 3707; x_wconf 86' lang='lat' dir='ltr'><strong>xm</strong></span> <span class='ocrx_word' id='word_1_755' title='bbox 3635 3655 3770 3708; x_wconf 90' lang='lat' dir='ltr'><strong>Julii</strong></span> <span class='ocrx_word' id='word_1_756' title='bbox 3805 3657 3966 3719; x_wconf 59' lang='lat'><strong>1025;</strong></span> 
     </span>
    </p>
   </div>
   <div class='ocr_carea' id='block_1_96' title="bbox 2275 3741 3966 3812">
    <p class='ocr_par' dir='ltr' id='par_1_96' title="bbox 2275 3741 3966 3812">
     <span class='ocr_line' id='line_1_96' title="bbox 2275 3741 3966 3812; baseline 0 -16"><span class='ocrx_word' id='word_1_757' title='bbox 2275 3745 2430 3798; x_wconf 90' lang='lat' dir='ltr'><strong>unde</strong></span> <span class='ocrx_word' id='word_1_758' title='bbox 2460 3749 2778 3812; x_wconf 86' lang='lat' dir='ltr'><strong>exsurgunt</strong></span> <span class='ocrx_word' id='word_1_759' title='bbox 2793 3743 2929 3797; x_wconf 90' lang='lat' dir='ltr'><strong>anni</strong></span> <span class='ocrx_word' id='word_1_760' title='bbox 2947 3743 3183 3796; x_wconf 90' lang='lat' dir='ltr'><strong>omnino</strong></span> <span class='ocrx_word' id='word_1_761' title='bbox 3205 3743 3421 3806; x_wconf 91' lang='lat' dir='ltr'><strong>decem,</strong></span> <span class='ocrx_word' id='word_1_762' title='bbox 3447 3757 3673 3796; x_wconf 85' lang='lat' dir='ltr'><strong>menses</strong></span> <span class='ocrx_word' id='word_1_763' title='bbox 3694 3741 3966 3812; x_wconf 88' lang='lat' dir='ltr'><strong>quinque.</strong></span> 
     </span>
    </p>
   </div>
   <div class='ocr_carea' id='block_1_97' title="bbox 2275 3829 3966 3901">
    <p class='ocr_par' dir='ltr' id='par_1_97' title="bbox 2275 3829 3966 3901">
     <span class='ocr_line' id='line_1_97' title="bbox 2275 3829 3966 3901; baseline -0.002 -15"><span class='ocrx_word' id='word_1_764' title='bbox 2275 3832 2466 3886; x_wconf 88' lang='lat' dir='ltr'><strong>minus</strong></span> <span class='ocrx_word' id='word_1_765' title='bbox 2496 3831 2664 3886; x_wconf 90' lang='lat' dir='ltr'><strong>unico</strong></span> <span class='ocrx_word' id='word_1_766' title='bbox 2695 3831 2788 3884; x_wconf 87' lang='lat' dir='ltr'><strong>die</strong></span> <span class='ocrx_word' id='word_1_767' title='bbox 2822 3847 2834 3884; x_wconf 93' lang='lat'>:</span> <span class='ocrx_word' id='word_1_768' title='bbox 2871 3830 2938 3884; x_wconf 88' lang='lat' dir='ltr'><strong>ad</strong></span> <span class='ocrx_word' id='word_1_769' title='bbox 2972 3837 3088 3883; x_wconf 83' lang='lat' dir='ltr'><strong>tres</strong></span> <span class='ocrx_word' id='word_1_770' title='bbox 3133 3833 3326 3882; x_wconf 89' lang='lat' dir='ltr'><strong>autem</strong></span> <span class='ocrx_word' id='word_1_771' title='bbox 3357 3846 3529 3901; x_wconf 88' lang='lat' dir='ltr'><strong>supra</strong></span> <span class='ocrx_word' id='word_1_772' title='bbox 3559 3829 3966 3900; x_wconf 69' lang='lat' dir='ltr'><strong>quinquaginta</strong></span> 
     </span>
    </p>
   </div>
   <div class='ocr_carea' id='block_1_98' title="bbox 2277 3919 3966 3986">
    <p class='ocr_par' dir='ltr' id='par_1_98' title="bbox 2277 3919 3966 3986">
     <span class='ocr_line' id='line_1_98' title="bbox 2277 3919 3966 3986; baseline -0.001 -12"><span class='ocrx_word' id='word_1_773' title='bbox 2277 3922 2406 3974; x_wconf 66' lang='lat' dir='ltr'><strong>vitae</strong></span> <span class='ocrx_word' id='word_1_774' title='bbox 2438 3936 2644 3986; x_wconf 89' lang='lat' dir='ltr'><strong>annos,</strong></span> <span class='ocrx_word' id='word_1_775' title='bbox 2673 3935 2777 3973; x_wconf 89' lang='lat' dir='ltr'><strong>cur</strong></span> <span class='ocrx_word' id='word_1_776' title='bbox 2825 3920 3032 3976; x_wconf 89' lang='lat' dir='ltr'><strong>solum.</strong></span> <span class='ocrx_word' id='word_1_777' title='bbox 3087 3938 3113 3968; x_wconf 80' lang='grc' dir='ltr'>(ι</span> <span class='ocrx_word' id='word_1_778' title='bbox 3171 3934 3397 3972; x_wconf 90' lang='lat' dir='ltr'><strong>menses</strong></span> <span class='ocrx_word' id='word_1_779' title='bbox 3450 3926 3562 3972; x_wconf 90' lang='lat' dir='ltr'><strong>tres</strong></span> <span class='ocrx_word' id='word_1_780' title='bbox 3605 3935 3733 3971; x_wconf 91' lang='lat' dir='ltr'><strong>cum</strong></span> <span class='ocrx_word' id='word_1_781' title='bbox 3774 3919 3966 3973; x_wconf 82' lang='lat' dir='ltr'><strong>diebus</strong></span> 
     </span>
    </p>
   </div>
   <div class='ocr_carea' id='block_1_99' title="bbox 2271 4006 3966 4079">
    <p class='ocr_par' dir='ltr' id='par_1_99' title="bbox 2271 4006 3966 4079">
     <span class='ocr_line' id='line_1_99' title="bbox 2271 4006 3966 4079; baseline 0.001 -20"><span class='ocrx_word' id='word_1_782' title='bbox 2271 4008 2483 4079; x_wconf 81' lang='lat' dir='ltr'><strong>viginti</strong></span> <span class='ocrx_word' id='word_1_783' title='bbox 2514 4030 2540 4056; x_wconf 86' lang='grc'><strong>››</strong></span> <span class='ocrx_word' id='word_1_784' title='bbox 2576 4007 2740 4061; x_wconf 90' lang='lat' dir='ltr'><strong>nobis</strong></span> <span class='ocrx_word' id='word_1_785' title='bbox 2767 4006 2920 4060; x_wconf 91' lang='lat' dir='ltr'><strong>demi</strong></span> <span class='ocrx_word' id='word_1_786' title='bbox 2950 4006 3087 4059; x_wconf 84' lang='lat' dir='ltr'><strong>velit</strong></span> <span class='ocrx_word' id='word_1_787' title='bbox 3129 4006 3414 4071; x_wconf 81' lang='lat' dir='ltr'><strong>lnchofer,</strong></span> <span class='ocrx_word' id='word_1_788' title='bbox 3485 4022 3721 4076; x_wconf 87' lang='lat' dir='ltr'><strong>prorsus</strong></span> <span class='ocrx_word' id='word_1_789' title='bbox 3753 4022 3870 4060; x_wconf 92' lang='lat' dir='ltr'><strong>non</strong></span> <span class='ocrx_word' id='word_1_790' title='bbox 3892 4023 3966 4060; x_wconf 91' lang='lat' dir='ltr'><strong>ca-</strong></span> 
     </span>
    </p>
   </div>
   <div class='ocr_carea' id='block_1_100' title="bbox 2274 4093 3966 4164">
    <p class='ocr_par' dir='ltr' id='par_1_100' title="bbox 2274 4093 3966 4164">
     <span class='ocr_line' id='line_1_100' title="bbox 2274 4093 3966 4164; baseline -0.001 -18"><span class='ocrx_word' id='word_1_791' title='bbox 2274 4093 2392 4163; x_wconf 88' lang='lat' dir='ltr'><strong>pio;</strong></span> <span class='ocrx_word' id='word_1_792' title='bbox 2449 4093 2780 4147; x_wconf 89' lang='lat' dir='ltr'><strong>meminerit</strong></span> <span class='ocrx_word' id='word_1_793' title='bbox 2833 4093 3140 4147; x_wconf 87' lang='lat' dir='ltr'><strong>nativitatis</strong></span> <span class='ocrx_word' id='word_1_794' title='bbox 3187 4095 3464 4164; x_wconf 83' lang='lat' dir='ltr'><strong>epocliam</strong></span> <span class='ocrx_word' id='word_1_795' title='bbox 3526 4110 3560 4146; x_wconf 87' lang='lat' dir='ltr'><strong>a</strong></span> <span class='ocrx_word' id='word_1_796' title='bbox 3601 4109 3658 4146; x_wconf 89' lang='lat' dir='ltr'><strong>se</strong></span> <span class='ocrx_word' id='word_1_797' title='bbox 3710 4097 3966 4164; x_wconf 71' lang='lat' dir='ltr'><strong>superius</strong></span> 
     </span>
    </p>
   </div>
   <div class='ocr_carea' id='block_1_101' title="bbox 2273 4181 3965 4251">
    <p class='ocr_par' dir='ltr' id='par_1_101' title="bbox 2273 4181 3965 4251">
     <span class='ocr_line' id='line_1_101' title="bbox 2273 4181 3965 4251; baseline -0.002 -16"><span class='ocrx_word' id='word_1_798' title='bbox 2273 4183 2446 4235; x_wconf 80' lang='lat' dir='ltr'><strong>ﬁxam</strong></span> <span class='ocrx_word' id='word_1_799' title='bbox 2489 4198 2611 4234; x_wconf 89' lang='lat' dir='ltr'><strong>esse</strong></span> <span class='ocrx_word' id='word_1_800' title='bbox 2639 4197 2790 4235; x_wconf 91' lang='lat' dir='ltr'><strong>anno</strong></span> <span class='ocrx_word' id='word_1_801' title='bbox 2849 4183 2952 4234; x_wconf 88' lang='grc'><strong>972</strong></span> <span class='ocrx_word' id='word_1_802' title='bbox 3003 4203 3024 4230; x_wconf 75' lang='grc' dir='ltr'><strong>ι</strong></span> <span class='ocrx_word' id='word_1_803' title='bbox 3050 4181 3141 4236; x_wconf 90' lang='lat' dir='ltr'><strong>die</strong></span> <span class='ocrx_word' id='word_1_804' title='bbox 3179 4199 3231 4235; x_wconf 81' lang='lat' dir='ltr'><strong>vi</strong></span> <span class='ocrx_word' id='word_1_805' title='bbox 3279 4182 3407 4237; x_wconf 86' lang='lat' dir='ltr'><strong>Maii</strong></span> <span class='ocrx_word' id='word_1_806' title='bbox 3458 4181 3600 4236; x_wconf 89' lang='lat' dir='ltr'><strong>feria</strong></span> <span class='ocrx_word' id='word_1_807' title='bbox 3639 4183 3912 4251; x_wconf 87' lang='lat' dir='ltr'><strong>secunda,</strong></span> <span class='ocrx_word' id='word_1_808' title='bbox 3948 4205 3965 4232; x_wconf 77' lang='grc' dir='ltr'><strong>ι</strong></span> 
     </span>
    </p>
   </div>
   <div class='ocr_carea' id='block_1_102' title="bbox 2277 4269 3966 4341">
    <p class='ocr_par' dir='ltr' id='par_1_102' title="bbox 2277 4269 3966 4341">
     <span class='ocr_line' id='line_1_102' title="bbox 2277 4269 3966 4341; baseline 0.001 -18"><span class='ocrx_word' id='word_1_809' title='bbox 2277 4270 2409 4324; x_wconf 90' lang='lat' dir='ltr'><strong>inde</strong></span> <span class='ocrx_word' id='word_1_810' title='bbox 2461 4269 2674 4340; x_wconf 89' lang='lat' dir='ltr'><strong>digitos</strong></span> <span class='ocrx_word' id='word_1_811' title='bbox 2718 4269 3072 4324; x_wconf 90' lang='lat' dir='ltr'><strong>consulendo</strong></span> <span class='ocrx_word' id='word_1_812' title='bbox 3153 4271 3646 4341; x_wconf 82' lang='lat' dir='ltr'><strong>numerandaque,</strong></span> <span class='ocrx_word' id='word_1_813' title='bbox 3721 4271 3966 4325; x_wconf 89' lang='lat' dir='ltr'><strong>inveniet</strong></span> 
     </span>
    </p>
   </div>
   <div class='ocr_carea' id='block_1_103' title="bbox 2278 4357 3966 4429">
    <p class='ocr_par' dir='ltr' id='par_1_103' title="bbox 2278 4357 3966 4429">
     <span class='ocr_line' id='line_1_103' title="bbox 2278 4357 3966 4429; baseline 0.002 -18"><span class='ocrx_word' id='word_1_814' title='bbox 2278 4357 2760 4428; x_wconf 89' lang='lat' dir='ltr'><strong>completissimos</strong></span> <span class='ocrx_word' id='word_1_815' title='bbox 2789 4358 2919 4411; x_wconf 63' lang='lat' dir='ltr'><strong>vitae</strong></span> <span class='ocrx_word' id='word_1_816' title='bbox 2965 4374 3146 4412; x_wconf 87' lang='lat' dir='ltr'><strong>annos</strong></span> <span class='ocrx_word' id='word_1_817' title='bbox 3176 4359 3318 4412; x_wconf 90' lang='lat' dir='ltr'><strong>duos</strong></span> <span class='ocrx_word' id='word_1_818' title='bbox 3349 4375 3522 4429; x_wconf 87' lang='lat' dir='ltr'><strong>supra</strong></span> <span class='ocrx_word' id='word_1_819' title='bbox 3553 4359 3966 4429; x_wconf 86' lang='lat' dir='ltr'><strong>quinquaginta</strong></span> 
     </span>
    </p>
   </div>
   <div class='ocr_carea' id='block_1_104' title="bbox 2275 4445 3966 4516">
    <p class='ocr_par' dir='ltr' id='par_1_104' title="bbox 2275 4445 3966 4516">
     <span class='ocr_line' id='line_1_104' title="bbox 2275 4445 3966 4516; baseline 0 -16"><span class='ocrx_word' id='word_1_820' title='bbox 2275 4450 2756 4516; x_wconf 83' lang='lat' dir='ltr'><strong>excurrentesque</strong></span> <span class='ocrx_word' id='word_1_821' title='bbox 2788 4461 3010 4500; x_wconf 88' lang='lat' dir='ltr'><strong>menses</strong></span> <span class='ocrx_word' id='word_1_822' title='bbox 3043 4445 3188 4500; x_wconf 90' lang='lat' dir='ltr'><strong>duos</strong></span> <span class='ocrx_word' id='word_1_823' title='bbox 3217 4462 3348 4500; x_wconf 89' lang='lat' dir='ltr'><strong>cum</strong></span> <span class='ocrx_word' id='word_1_824' title='bbox 3394 4446 3596 4501; x_wconf 88' lang='lat' dir='ltr'><strong>diebus</strong></span> <span class='ocrx_word' id='word_1_825' title='bbox 3633 4453 3876 4515; x_wconf 87' lang='lat' dir='ltr'><strong>septem,</strong></span> <span class='ocrx_word' id='word_1_826' title='bbox 3907 4454 3966 4500; x_wconf 90' lang='lat' dir='ltr'><strong>ut</strong></span> 
     </span>
    </p>
   </div>
   <div class='ocr_carea' id='block_1_105' title="bbox 2273 4534 3964 4590">
    <p class='ocr_par' dir='ltr' id='par_1_105' title="bbox 2273 4534 3964 4590">
     <span class='ocr_line' id='line_1_105' title="bbox 2273 4534 3964 4590; baseline -0.001 -2"><span class='ocrx_word' id='word_1_827' title='bbox 2273 4535 2452 4588; x_wconf 83' lang='lat' dir='ltr'><strong>ferme</strong></span> <span class='ocrx_word' id='word_1_828' title='bbox 2489 4549 2712 4587; x_wconf 89' lang='lat' dir='ltr'><strong>menses</strong></span> <span class='ocrx_word' id='word_1_829' title='bbox 2743 4534 2938 4590; x_wconf 89' lang='lat' dir='ltr'><strong>decem</strong></span> <span class='ocrx_word' id='word_1_830' title='bbox 2981 4534 3248 4590; x_wconf 89' lang='lat' dir='ltr'><strong>demendi</strong></span> <span class='ocrx_word' id='word_1_831' title='bbox 3297 4535 3430 4590; x_wconf 88' lang='lat' dir='ltr'><strong>sint.</strong></span> <span class='ocrx_word' id='word_1_832' title='bbox 3467 4534 3572 4590; x_wconf 89' lang='lat' dir='ltr'><strong>Sed</strong></span> <span class='ocrx_word' id='word_1_833' title='bbox 3605 4535 3676 4588; x_wconf 91' lang='lat' dir='ltr'><strong>de</strong></span> <span class='ocrx_word' id='word_1_834' title='bbox 3721 4535 3806 4588; x_wconf 86' lang='lat' dir='ltr'><strong>bis</strong></span> <span class='ocrx_word' id='word_1_835' title='bbox 3837 4537 3964 4589; x_wconf 84' lang='lat' dir='ltr'><strong>satis</strong></span> 
     </span>
    </p>
   </div>
   <div class='ocr_carea' id='block_1_106' title="bbox 2274 4621 2920 4693">
    <p class='ocr_par' dir='ltr' id='par_1_106' title="bbox 2274 4621 2920 4693">
     <span class='ocr_line' id='line_1_106' title="bbox 2274 4621 2920 4693; baseline 0.003 -18"><span class='ocrx_word' id='word_1_836' title='bbox 2274 4622 2487 4676; x_wconf 90' lang='lat' dir='ltr'><strong>dictum</strong></span> <span class='ocrx_word' id='word_1_837' title='bbox 2520 4623 2780 4693; x_wconf 89' lang='lat' dir='ltr'><strong>superius</strong></span> <span class='ocrx_word' id='word_1_838' title='bbox 2809 4621 2836 4690; x_wconf 58' lang='grc' dir='ltr'>Ξ</span> <span class='ocrx_word' id='word_1_839' title='bbox 2867 4626 2920 4678; x_wconf 93' lang='grc'>2.</span> 
     </span>
    </p>
   </div>
   <div class='ocr_carea' id='block_1_107' title="bbox 2345 4711 3964 4782">
    <p class='ocr_par' dir='ltr' id='par_1_107' title="bbox 2345 4711 3964 4782">
     <span class='ocr_line' id='line_1_107' title="bbox 2345 4711 3964 4782; baseline 0.002 -18"><span class='ocrx_word' id='word_1_840' title='bbox 2345 4712 2430 4764; x_wconf 68' lang='grc'><strong>74.</strong></span> <span class='ocrx_word' id='word_1_841' title='bbox 2479 4711 2800 4782; x_wconf 89' lang='lat' dir='ltr'><strong>Supersunt</strong></span> <span class='ocrx_word' id='word_1_842' title='bbox 2871 4711 3059 4782; x_wconf 84' lang='lat' dir='ltr'><strong>capita</strong></span> <span class='ocrx_word' id='word_1_843' title='bbox 3113 4712 3394 4782; x_wconf 88' lang='lat' dir='ltr'><strong>quinque,</strong></span> <span class='ocrx_word' id='word_1_844' title='bbox 3468 4727 3674 4782; x_wconf 86' lang='lat' dir='ltr'><strong>nempe</strong></span> <span class='ocrx_word' id='word_1_845' title='bbox 3727 4713 3812 4777; x_wconf 86' lang='lat'><strong>33,</strong></span> <span class='ocrx_word' id='word_1_846' title='bbox 3870 4713 3964 4767; x_wconf 91' lang='lat' dir='ltr'><strong>ubi</strong></span> 
     </span>
    </p>
   </div>
   <div class='ocr_carea' id='block_1_108' title="bbox 2272 4797 3964 4858">
    <p class='ocr_par' dir='ltr' id='par_1_108' title="bbox 2272 4797 3964 4858">
     <span class='ocr_line' id='line_1_108' title="bbox 2272 4797 3964 4858; baseline 0.002 -7"><span class='ocrx_word' id='word_1_847' title='bbox 2272 4797 2383 4852; x_wconf 88' lang='lat' dir='ltr'><strong>nisi</strong></span> <span class='ocrx_word' id='word_1_848' title='bbox 2429 4800 2803 4853; x_wconf 85' lang='lat' dir='ltr'><strong>vehementer</strong></span> <span class='ocrx_word' id='word_1_849' title='bbox 2871 4799 3058 4858; x_wconf 85' lang='lat' dir='ltr'><strong>fallor.</strong></span> <span class='ocrx_word' id='word_1_850' title='bbox 3141 4799 3350 4853; x_wconf 85' lang='lat' dir='ltr'><strong>fabulis</strong></span> <span class='ocrx_word' id='word_1_851' title='bbox 3404 4804 3663 4854; x_wconf 89' lang='lat' dir='ltr'><strong>accenset</strong></span> <span class='ocrx_word' id='word_1_852' title='bbox 3710 4799 3964 4855; x_wconf 85' lang='lat' dir='ltr'><strong>lnchofer</strong></span> 
     </span>
    </p>
   </div>
   <div class='ocr_carea' id='block_1_109' title="bbox 2277 4887 3961 4958">
    <p class='ocr_par' dir='ltr' id='par_1_109' title="bbox 2277 4887 3961 4958">
     <span class='ocr_line' id='line_1_109' title="bbox 2277 4887 3961 4958; baseline 0.002 -19"><span class='ocrx_word' id='word_1_853' title='bbox 2277 4907 2297 4934; x_wconf 78' lang='grc' dir='ltr'>α</span> <span class='ocrx_word' id='word_1_854' title='bbox 2333 4903 2630 4942; x_wconf 87' lang='lat' dir='ltr'><strong>occursum</strong></span> <span class='ocrx_word' id='word_1_855' title='bbox 2653 4887 3008 4942; x_wconf 60' lang='lat' dir='ltr'><strong>daemonium</strong></span> <span class='ocrx_word' id='word_1_856' title='bbox 3030 4888 3100 4942; x_wconf 88' lang='lat' dir='ltr'><strong>ad</strong></span> <span class='ocrx_word' id='word_1_857' title='bbox 3133 4887 3454 4958; x_wconf 90' lang='lat' dir='ltr'><strong>exsequias,</strong></span> <span class='ocrx_word' id='word_1_858' title='bbox 3478 4911 3504 4936; x_wconf 87' lang='grc'><strong>››</strong></span> <span class='ocrx_word' id='word_1_859' title='bbox 3540 4889 3653 4942; x_wconf 89' lang='lat' dir='ltr'><strong>sive</strong></span> <span class='ocrx_word' id='word_1_860' title='bbox 3683 4887 3750 4942; x_wconf 91' lang='lat' dir='ltr'><strong>ad</strong></span> <span class='ocrx_word' id='word_1_861' title='bbox 3783 4896 3961 4942; x_wconf 81' lang='lat' dir='ltr'><strong>extre.-</strong></span> 
     </span>
    </p>
   </div>
   <div class='ocr_carea' id='block_1_110' title="bbox 2273 4975 3960 5044">
    <p class='ocr_par' dir='ltr' id='par_1_110' title="bbox 2273 4975 3960 5044">
     <span class='ocr_line' id='line_1_110' title="bbox 2273 4975 3960 5044; baseline 0.002 -16"><span class='ocrx_word' id='word_1_862' title='bbox 2273 4991 2423 5028; x_wconf 89' lang='lat' dir='ltr'><strong>mam</strong></span> <span class='ocrx_word' id='word_1_863' title='bbox 2446 4975 2595 5044; x_wconf 90' lang='lat' dir='ltr'><strong>apud</strong></span> <span class='ocrx_word' id='word_1_864' title='bbox 2619 4975 2808 5028; x_wconf 87' lang='lat' dir='ltr'><strong>Sancti</strong></span> <span class='ocrx_word' id='word_1_865' title='bbox 2829 4975 3125 5029; x_wconf 88' lang='lat' dir='ltr'><strong>morientis</strong></span> <span class='ocrx_word' id='word_1_866' title='bbox 3149 4977 3378 5041; x_wconf 90' lang='lat' dir='ltr'><strong>luctam,</strong></span> <span class='ocrx_word' id='word_1_867' title='bbox 3411 4996 3437 5023; x_wconf 87' lang='grc'><strong>‹‹</strong></span> <span class='ocrx_word' id='word_1_868' title='bbox 3469 4981 3525 5028; x_wconf 90' lang='lat' dir='ltr'><strong>et</strong></span> <span class='ocrx_word' id='word_1_869' title='bbox 3551 4977 3960 5031; x_wconf 88' lang='lat' dir='ltr'><strong>accusationem</strong></span> 
     </span>
    </p>
   </div>
   <div class='ocr_carea' id='block_1_111' title="bbox 2271 5062 3960 5132">
    <p class='ocr_par' dir='ltr' id='par_1_111' title="bbox 2271 5062 3960 5132">
     <span class='ocr_line' id='line_1_111' title="bbox 2271 5062 3960 5132; baseline 0.002 -16"><span class='ocrx_word' id='word_1_870' title='bbox 2271 5062 2420 5132; x_wconf 90' lang='lat' dir='ltr'><strong>apud</strong></span> <span class='ocrx_word' id='word_1_871' title='bbox 2443 5062 2693 5115; x_wconf 89' lang='lat' dir='ltr'><strong>tribunal</strong></span> <span class='ocrx_word' id='word_1_872' title='bbox 2722 5063 2851 5128; x_wconf 90' lang='lat' dir='ltr'><strong>Dei;</strong></span> <span class='ocrx_word' id='word_1_873' title='bbox 2893 5082 2915 5109; x_wconf 73' lang='grc' dir='ltr'><strong>ι</strong></span> <span class='ocrx_word' id='word_1_874' title='bbox 2959 5063 3170 5132; x_wconf 88' lang='lat' dir='ltr'><strong>quibus</strong></span> <span class='ocrx_word' id='word_1_875' title='bbox 3193 5062 3338 5116; x_wconf 89' lang='lat' dir='ltr'><strong>adde</strong></span> <span class='ocrx_word' id='word_1_876' title='bbox 3369 5063 3960 5132; x_wconf 62' lang='lat' dir='ltr'><strong>prmponderationem</strong></span> 
     </span>
    </p>
   </div>
   <div class='ocr_carea' id='block_1_112' title="bbox 2267 5148 3959 5221">
    <p class='ocr_par' dir='ltr' id='par_1_112' title="bbox 2267 5148 3959 5221">
     <span class='ocr_line' id='line_1_112' title="bbox 2267 5148 3959 5221; baseline 0.002 -18"><span class='ocrx_word' id='word_1_877' title='bbox 2267 5150 2456 5203; x_wconf 89' lang='lat' dir='ltr'><strong>calicis</strong></span> <span class='ocrx_word' id='word_1_878' title='bbox 2486 5148 2542 5204; x_wconf 91' lang='lat' dir='ltr'><strong>S.</strong></span> <span class='ocrx_word' id='word_1_879' title='bbox 2579 5150 2889 5211; x_wconf 84' lang='lat' dir='ltr'><strong>Laurentii,</strong></span> <span class='ocrx_word' id='word_1_880' title='bbox 2920 5156 2978 5203; x_wconf 90' lang='lat' dir='ltr'><strong>et</strong></span> <span class='ocrx_word' id='word_1_881' title='bbox 3006 5150 3237 5216; x_wconf 88' lang='lat' dir='ltr'><strong>similia,</strong></span> <span class='ocrx_word' id='word_1_882' title='bbox 3263 5167 3394 5221; x_wconf 63' lang='lat' dir='ltr'><strong>qua:</strong></span> <span class='ocrx_word' id='word_1_883' title='bbox 3427 5151 3486 5204; x_wconf 93' lang='lat' dir='ltr'><strong>in</strong></span> <span class='ocrx_word' id='word_1_884' title='bbox 3518 5151 3643 5205; x_wconf 92' lang='lat' dir='ltr'><strong>loco</strong></span> <span class='ocrx_word' id='word_1_885' title='bbox 3689 5151 3959 5217; x_wconf 85' lang='lat' dir='ltr'><strong>diximus,</strong></span> 
     </span>
    </p>
   </div>
   <div class='ocr_carea' id='block_1_113' title="bbox 2267 5237 3957 5311">
    <p class='ocr_par' dir='ltr' id='par_1_113' title="bbox 2267 5237 3957 5311">
     <span class='ocr_line' id='line_1_113' title="bbox 2267 5237 3957 5311; baseline 0.002 -19"><span class='ocrx_word' id='word_1_886' title='bbox 2267 5239 2366 5308; x_wconf 88' lang='lat' dir='ltr'><strong>pio</strong></span> <span class='ocrx_word' id='word_1_887' title='bbox 2390 5239 2525 5292; x_wconf 88' lang='lat' dir='ltr'><strong>boni</strong></span> <span class='ocrx_word' id='word_1_888' title='bbox 2551 5253 2615 5292; x_wconf 85' lang='lat' dir='ltr'><strong>ac</strong></span> <span class='ocrx_word' id='word_1_889' title='bbox 2637 5237 2913 5308; x_wconf 89' lang='lat' dir='ltr'><strong>simplicis</strong></span> <span class='ocrx_word' id='word_1_890' title='bbox 2936 5239 3192 5294; x_wconf 70' lang='lat' dir='ltr'><strong>eremitze</strong></span> <span class='ocrx_word' id='word_1_891' title='bbox 3235 5240 3456 5294; x_wconf 87' lang='lat' dir='ltr'><strong>somnio</strong></span> <span class='ocrx_word' id='word_1_892' title='bbox 3519 5256 3693 5311; x_wconf 90' lang='lat' dir='ltr'><strong>quam</strong></span> <span class='ocrx_word' id='word_1_893' title='bbox 3741 5243 3957 5296; x_wconf 86' lang='lat' dir='ltr'><strong>veritati</strong></span> 
     </span>
    </p>
   </div>
   <div class='ocr_carea' id='block_1_114' title="bbox 2267 5326 3956 5397">
    <p class='ocr_par' dir='ltr' id='par_1_114' title="bbox 2267 5326 3956 5397">
     <span class='ocr_line' id='line_1_114' title="bbox 2267 5326 3956 5397; baseline 0.002 -17"><span class='ocrx_word' id='word_1_894' title='bbox 2267 5326 2556 5380; x_wconf 65' lang='lat' dir='ltr'><strong>historicas</strong></span> <span class='ocrx_word' id='word_1_895' title='bbox 2581 5327 2764 5397; x_wconf 90' lang='lat' dir='ltr'><strong>magis</strong></span> <span class='ocrx_word' id='word_1_896' title='bbox 2811 5327 3026 5393; x_wconf 81' lang='lat' dir='ltr'><strong>afﬁnia,</strong></span> <span class='ocrx_word' id='word_1_897' title='bbox 3075 5343 3180 5382; x_wconf 90' lang='lat' dir='ltr'><strong>nec</strong></span> <span class='ocrx_word' id='word_1_898' title='bbox 3218 5329 3333 5381; x_wconf 89' lang='lat' dir='ltr'><strong>ulla</strong></span> <span class='ocrx_word' id='word_1_899' title='bbox 3381 5329 3678 5382; x_wconf 88' lang='lat' dir='ltr'><strong>vetustiori</strong></span> <span class='ocrx_word' id='word_1_900' title='bbox 3719 5333 3956 5384; x_wconf 87' lang='lat' dir='ltr'><strong>auctori-</strong></span> 
     </span>
    </p>
   </div>
   <div class='ocr_carea' id='block_1_115' title="bbox 2268 5414 3955 5486">
    <p class='ocr_par' dir='ltr' id='par_1_115' title="bbox 2268 5414 3955 5486">
     <span class='ocr_line' id='line_1_115' title="bbox 2268 5414 3955 5486; baseline 0.002 -18"><span class='ocrx_word' id='word_1_901' title='bbox 2268 5419 2384 5468; x_wconf 88' lang='lat' dir='ltr'><strong>tate</strong></span> <span class='ocrx_word' id='word_1_902' title='bbox 2423 5414 2683 5482; x_wconf 78' lang='lat' dir='ltr'><strong>sutl‘ulta;</strong></span> <span class='ocrx_word' id='word_1_903' title='bbox 2735 5431 2980 5486; x_wconf 62' lang='lat' dir='ltr'><strong>quasque</strong></span> <span class='ocrx_word' id='word_1_904' title='bbox 3029 5415 3291 5483; x_wconf 86' lang='lat' dir='ltr'><strong>fortasse,</strong></span> <span class='ocrx_word' id='word_1_905' title='bbox 3353 5416 3578 5486; x_wconf 89' lang='lat' dir='ltr'><strong>poetica</strong></span> <span class='ocrx_word' id='word_1_906' title='bbox 3627 5415 3884 5472; x_wconf 87' lang='lat' dir='ltr'><strong>libertate</strong></span> <span class='ocrx_word' id='word_1_907' title='bbox 3926 5436 3955 5472; x_wconf 90' lang='lat' dir='ltr'><strong>a</strong></span> 
     </span>
    </p>
   </div>
   <div class='ocr_carea' id='block_1_116' title="bbox 2267 5502 3956 5574">
    <p class='ocr_par' dir='ltr' id='par_1_116' title="bbox 2267 5502 3956 5574">
     <span class='ocr_line' id='line_1_116' title="bbox 2267 5502 3956 5574; baseline 0.002 -16"><span class='ocrx_word' id='word_1_908' title='bbox 2267 5504 2584 5574; x_wconf 90' lang='lat' dir='ltr'><strong>pictoribus</strong></span> <span class='ocrx_word' id='word_1_909' title='bbox 2631 5503 2746 5557; x_wconf 89' lang='lat' dir='ltr'><strong>sive</strong></span> <span class='ocrx_word' id='word_1_910' title='bbox 2803 5502 3186 5574; x_wconf 87' lang='lat' dir='ltr'><strong>sculptoribus</strong></span> <span class='ocrx_word' id='word_1_911' title='bbox 3262 5503 3572 5574; x_wconf 86' lang='lat' dir='ltr'><strong>symbolice</strong></span> <span class='ocrx_word' id='word_1_912' title='bbox 3625 5505 3956 5561; x_wconf 88' lang='lat' dir='ltr'><strong>adumbrata</strong></span> 
     </span>
    </p>
   </div>
   <div class='ocr_carea' id='block_1_117' title="bbox 2267 5591 3954 5667">
    <p class='ocr_par' dir='ltr' id='par_1_117' title="bbox 2267 5591 3954 5667">
     <span class='ocr_line' id='line_1_117' title="bbox 2267 5591 3954 5667; baseline 0.002 -20"><span class='ocrx_word' id='word_1_913' title='bbox 2267 5593 2526 5664; x_wconf 88' lang='lat' dir='ltr'><strong>qualium</strong></span> <span class='ocrx_word' id='word_1_914' title='bbox 2548 5591 2720 5646; x_wconf 89' lang='lat' dir='ltr'><strong>nimis</strong></span> <span class='ocrx_word' id='word_1_915' title='bbox 2748 5608 2922 5663; x_wconf 89' lang='lat' dir='ltr'><strong>quam</strong></span> <span class='ocrx_word' id='word_1_916' title='bbox 2950 5591 3116 5646; x_wconf 87' lang='lat' dir='ltr'><strong>obvia</strong></span> <span class='ocrx_word' id='word_1_917' title='bbox 3147 5597 3300 5660; x_wconf 85' lang='lat' dir='ltr'><strong>sunt,</strong></span> <span class='ocrx_word' id='word_1_918' title='bbox 3331 5607 3523 5647; x_wconf 86' lang='lat' dir='ltr'><strong>veram</strong></span> <span class='ocrx_word' id='word_1_919' title='bbox 3561 5592 3825 5663; x_wconf 81' lang='lat' dir='ltr'><strong>subinde,</strong></span> <span class='ocrx_word' id='word_1_920' title='bbox 3854 5611 3954 5667; x_wconf 91' lang='lat' dir='ltr'><strong>pro</strong></span> 
     </span>
    </p>
   </div>
  </div>
