3976 6422
0 434 47 482 ιέι
1644 430 1697 479 At

3437 432 3504 483 50

0 552 314 603 “sculorum
350 548 596 603 istorum
627 553 817 619 captu,
861 548 1159 602 induerint
1188 548 1444 602 historiae
1478 548 1681 602 faciem
1711 551 1757 600 A
1802 548 2166 603 Henricianas
2206 548 2470 603 deliuitas
2525 548 2675 615 velit,
2710 564 2853 620 quas
2909 550 2992 604 illi
3049 550 3135 604 vix
3167 550 3389 620 primis,
3443 557 3506 603 ut

0 642 354 709 tignamqua:
387 638 447 691 in
486 638 611 701 ipso
644 644 974 691 sanctorum
1007 636 1691 703 Henriciettjunegundis

10 716 282 779 ξιάιιδοιωο
365 730 901 796 reprwsentaretur.
981 726 1124 778 l‘lau.
1220 726 1307 786 34,
1378 723 1691 777 recitantur

4 816 259 885 .publica
314 840 340 862 η
384 815 665 869 nonnulla
695 834 721 864 α
754 813 981 884 pietatis
1025 817 1084 866 et
1115 813 1413 881 religionis
1474 829 1689 866 monu-

6 910 164 957 uetita
188 904 406 974 posita,
440 904 666 975 aliaque
699 903 795 973 pia
841 918 1017 972 opera
1050 901 1119 955 ab
1153 900 1395 955 Henrico
1427 906 1583 970 gesta
1611 917 1623 963 ;
1661 920 1687 950 υ

1 990 103 1063 jure
136 992 358 1047 omnia.
396 992 483 1046 uti
514 1012 541 1043 ιιι
566 997 621 1046 et
649 991 894 1045 illustria
928 990 1203 1044 miracula
1236 995 1361 1059 post
1387 993 1629 1042 mortem
1665 1014 1682 1036 υ

0 1102 12 1133 ι
43 1084 287 1135 Sanctus
323 1086 570 1151 patrata.
609 1104 631 1128 ι
662 1080 921 1151 ejusdem
952 1081 1118 1134 factae
1157 1102 1175 1127 ε
1214 1078 1624 1149 apparitiones,
1662 1097 1686 1127 ι)

0 1156 433 1223 έδιιουὶῑθίὶοηίδ
464 1170 719 1240 diploma
773 1170 844 1222 ab
879 1169 1131 1234 Eugenio
1188 1169 1290 1221 PP.
1344 1168 1433 1220 lll.
1471 1183 1691 1219 conces—

0 1275 122 1333 ‘im,
168 1264 500 1328 czeteraque
575 1257 757 1310 tribus
817 1257 1032 1309 ultimis
1094 1255 1377 1325 capitibus
1429 1256 1687 1316 collecta,

4 1340 143 1400 iaulo
173 1346 414 1400 uberius
446 1363 479 1399 a
531 1344 697 1398 nobis
756 1345 1004 1416 propriis
1056 1348 1171 1397 suis
1228 1343 1364 1397 locis
1417 1344 1593 1397 relata
1636 1348 1691 1395 et

0 1437 254 1503 explicata
285 1438 440 1488 sunt.
479 1438 663 1504 Atque
716 1434 833 1487 haec
892 1435 961 1487 de
994 1432 1277 1487 lnchrt‘cri
1338 1449 1509 1501 opere
1540 1431 1691 1485 dicta

15 1524 276 1587 'illiciant,
317 1541 423 1576 nos
459 1538 725 1575 exorsum
783 1523 1210 1592 deductumque
1255 1521 1473 1591 pridem
1512 1522 1686 1575 Com-

0 1592 240 1666 iientarii
277 1611 458 1665 nostri
479 1612 638 1665 tilum
671 1611 1045 1681 sequentibus
1075 1610 1449 1680 paragraphis
1488 1609 1689 1663 ordine

2 1701 397 1767 :xhibebimus,
415 1700 515 1753 ubi
535 1717 601 1754 ea
622 1701 1077 1771 praemiserimus
1101 1716 1231 1771 qua:
1251 1699 1318 1753 ad
1334 1698 1687 1769 praecipuam

1801 644 1885 691 est
1914 638 1974 691 in
2008 636 2330 708 proverbio,
2387 637 2561 691 labris
2605 638 3002 708 degustarunt.
3037 642 3109 693 At
3135 640 3289 693 enim
3322 640 3391 693 de
3439 654 3505 692 ea

1802 743 1861 780 re
1891 730 2040 780 tacet
2066 726 2555 796 Chronographus
2586 727 2755 792 Saxo,
2812 731 3001 781 tacent
3029 716 3276 781 Annales
3308 728 3504 781 Hilde-

1801 831 2107 868 semenses.
2143 815 2386 885 Utique:
2431 814 2527 867 sed
2584 814 2928 885 scriptorum
2960 815 3203 869 istorum
3236 815 3507 869 aliorum-

1801 919 1913 972 que
1944 903 2138 957 saeculi
2191 920 2263 956 xu
2315 902 2545 956 silentio
2604 904 2921 973 opponitur
2972 904 3216 974 positiva
3266 907 3505 958 assertio

1800 992 2058 1061 ejusdem
2089 991 2283 1059 saeculi
2314 991 2628 1061 scriptoris,
2663 1007 2870 1061 nempe
2907 992 3148 1047 Gotfridi
3192 993 3507 1047 Viterbien-

1800 1078 1892 1146 sis,
1927 1080 2077 1148 apud
2112 1078 2443 1145 Pistorium,
2493 1083 2653 1134 tomo
2702 1082 2771 1146 ΙΙ,
2805 1082 2918 1134 col.
2962 1083 3087 1148 484,
3120 1082 3282 1151 cujus
3312 1096 3506 1134 versus

1801 1168 1870 1222 ad
1901 1169 2111 1221 calcem
2148 1173 2422 1221 tractatus
2452 1168 2919 1238 hujnsinvenies.
2956 1170 3279 1240 Opponitur
3312 1170 3506 1240 positi-

1800 1256 2032 1311 vissima
2063 1257 2321 1325 ejusdem
2382 1256 2661 1326 temporis
2718 1258 3022 1311 declaratio
3073 1258 3391 1322 Pontiﬁcia,
3446 1258 3504 1310 in

1800 1346 1979 1399 relata
2004 1362 2189 1416 nuper
2226 1345 2672 1399 canonizationis
2729 1345 2885 1399 bulla
2926 1347 3208 1416 cXpressis
3246 1346 3508 1400 terminis

1802 1438 2020 1500 testata,
2054 1454 2079 1485 «
2113 1434 2174 1487 in
2203 1437 2327 1487 toro
2376 1433 2548 1487 etiam
2606 1433 2867 1503 legitimo
2911 1435 3160 1503 positum
3217 1436 3271 1487 ὃ.
3306 1436 3505 1488 Henri-

1800 1539 1930 1576 cum
1966 1522 2355 1593 integritatem
2411 1522 2767 1576 castimoniae
2824 1538 3009 1593 usque
3046 1523 3113 1575 ad
3173 1524 3346 1576 tinem
3380 1523 3507 1576 vita:

1799 1627 2200 1665 conservasse:
2237 1633 2263 1659 »
2325 1611 2478 1681 quod
2505 1615 2657 1665 certe
2689 1610 2927 1665 minime
2966 1612 3309 1665 declarasset
3360 1614 3507 1665 Pon-

1800 1699 2098 1765 tifex,nisi
2152 1699 2207 1753 id
2240 1717 2273 1753 a
2326 1700 2841 1770 Bambergensibus
2886 1700 3143 1769 legitime
3204 1701 3505 1770 probatum

0 1791 163 1881 liancli
220 1790 543 1844 laureolam
622 1789 1026 1844 vindicandam
1108 1788 1283 1859 paulo
1367 1787 1688 1841 accuratius
1724 1826 1765 1879 Β
1804 1788 2128 1859 accepisset.
2192 1788 2343 1842 Nihil
2393 1788 2572 1858 igitur
2603 1788 2800 1842 obesse
2855 1794 3045 1859 potest
3081 1788 3507 1858 cln'onograplii

0 1876 291 1951 izamiuari
324 1884 381 1933 et
412 1877 712 1932 nervosius
752 1876 1084 1931 confirmari
1126 1880 1439 1930 merentur.

0 1986 171 2056 §\'lll.
204 1986 258 2041 S.
298 1984 533 2041 Henrici
562 2001 682 2039 cum
712 1989 903 2038 sancta
946 1985 1160 2049 virgine
1186 1981 1529 2056 szegunde,
1580 1994 1693 2033 ser-

463 2061 594 2111 vata
616 2058 671 2110 in
700 2057 947 2122 coniugio
967 2055 1315 2109 castimonia.

6 2212 23 2221 υ
61 2149 142 2198 75.
180 2148 548 2215 Quamquam
574 2142 840 2212 superius
863 2143 1100 2197 dixerim
1126 2142 1438 2195 multaesse
1470 2155 1600 2209 qua:
1632 2136 1693 2191 in

0 2236 274 2304 Anonymo
308 2254 335 2283 α
374 2233 513 2286 Vitae
552 2233 614 2287 S.
653 2232 879 2286 llenrici
937 2253 958 2279 ι
991 2230 1266 2300 scriptore
1308 2245 1423 2282 non
1457 2225 1695 2280 omnino

2 2322 341 2377 admittenda
377 2337 664 2382 censeam,
682 2320 825 2373 illud
848 2323 997 2373 certe
1020 2317 1315 2389 suggillari
1340 2333 1455 2371 non
1486 2315 1694 2386 patior,

0 2412 132 2480 quod
163 2412 332 2465 habet
366 2427 493 2480 cap.
542 2413 601 2464 '21
642 2413 700 2463 et
728 2412 815 2473 '27,
881 2408 1031 2462 unde
1085 2407 1376 2477 praecipua
1407 2403 1694 2458 sanctissi-

10 2500 93 2553 διδ
120 2498 459 2569 conjugibus
484 2516 509 2549 α
546 2498 789 2553 Henrico
822 2501 876 2550 et
906 2495 1268 2565 Cuneguudi,
1301 2496 1529 2564 iijeaque
1559 2508 1695 2545 con-

4 2587 329 2641 =tantissima
360 2587 471 2641 fuit
497 2604 529 2639 a
559 2589 642 2640 tot
665 2585 887 2639 smculis
935 2584 1137 2654 gloria,
1173 2582 1327 2654 quod
1381 2582 1695 2635 intemera-

2 2680 102 2728 lam
132 2676 533 2740 illibatamque
579 2674 971 2744 virginitatem
1005 2673 1243 2727 tumulis
1266 2672 1435 2725 ambo
1469 2675 1524 2724 et
1555 2669 1695 2723 cwlo

4 2763 297 2819 intulerint.
343 2764 567 2819 Priscas
608 2762 826 2817 naeuias
857 2767 913 2816 et
944 2768 1160 2817 veteres
1203 2761 1683 2816 heterodoxorum

4 2860 201 2922 satyras
230 2854 506 2907 adversus
563 2850 937 2906 continentiae
969 2851 1312 2905 miraculum
1345 2866 1568 2925 sparsas
1602 2847 1694 2899 hic

8 2953 95 2995 nec
122 2942 487 3013 appellandas
518 2957 623 2995 nec
645 2940 975 2995 refutandas
1020 2939 1268 3010 suscipio
1292 2956 1304 3006 ;
1340 2956 1455 2992 non
1484 2937 1698 2991 calum-

9 3030 100 3081 niis
126 3036 216 3083 aut
242 3030 499 3084 dicteriis
550 3029 644 3083 sed
694 3028 1053 3098 argumentis
1104 3028 1441 3081 certandum
1463 3031 1565 3089 est,
1600 3040 1692 3077 re-

1804 1877 1968 1932 istius
2028 1882 2084 1930 et
2115 1877 2312 1931 decem
2350 1876 2408 1931 id
2464 1892 2645 1946 genus
2697 1877 2943 1931 aliorum
3002 1877 3320 1941 silentium,
3369 1877 3506 1930 dum

1800 1967 1953 2021 istud
1991 1965 2287 2020 vetustiori
2315 1970 2372 2019 et
2400 1966 2719 2036 probatiori
2740 1965 3053 2020 assertione
3084 1967 3334 2021 eliditur.

1871 2058 1961 2108 ‘77.
1998 2053 2057 2109 Si
2092 2053 2390 2108 Pontificio
2413 2053 2718 2125 diplomati
2758 2053 2947 2107 minus
3004 2054 3141 2109 tidat
3171 2054 3507 2121 Leibnitius,

1805 2144 2015 2208 habeo,
2047 2143 2201 2214 quod
2232 2158 2493 2196 recusare
2546 2159 2661 2197 non
2690 2142 2890 2213 possit,
2955 2143 3158 2197 Leonis
3193 2143 3507 2203 Marsicani.

1803 2232 1945 2286 alias
1975 2231 2294 2286 Cardinalis
2348 2231 2603 2302 episcopi
2634 2231 2929 2291 Ostiensis,
2978 2232 3037 2285 in
3098 2232 3380 2286 Chronico
3404 2233 3510 2286 Ca-

1803 2320 2019 2375 sineusi
2057 2320 2338 2373 disertum
2365 2318 2784 2385 testimonium,
2816 2319 2987 2373 citato
3019 2320 3329 2389 diplomate
3363 2321 3509 2373 mul-

1803 2414 1860 2463 to
1887 2408 2200 2479 antiquius,
2234 2408 2352 2461 imo
2400 2407 2580 2461 sancti
2616 2407 2796 2478 ipsius
2858 2408 3081 2462 Heurici
3133 2408 3286 2461 aetati
3320 2408 3511 2478 proxi-

1805 2515 1984 2564 mum,
2019 2503 2083 2551 ut
2114 2504 2244 2568 pote
2289 2497 2582 2567 scriptoris
2610 2496 2799 2550 saeculi
2843 2514 2918 2559 χι,
2945 2496 3064 2567 qui,
3100 2500 3239 2550 teste
3296 2497 3513 2564 Angelo

1804 2589 1873 2641 de
1898 2590 2067 2651 Nuce,
2092 2586 2401 2640 novissimo
2446 2584 2710 2640 Chronici
2769 2585 3001 2652 editore,
3036 2604 3063 2636 α
3125 2601 3247 2638 rem
3280 2601 3445 2637 orsus
3480 2602 3509 2636 ει

1803 2675 2030 2731 condito
2125 2674 2494 2738 monasterio,
2560 2690 2688 2729 eam
2751 2673 3009 2743 adusque
3084 2674 3226 2727 illud
3286 2677 3514 2743 tempus

1806 2764 2091 2833 perduxit,
2124 2780 2240 2833 quo
2264 2763 2591 2817 dedicatum
2622 2763 3146 2833 inauguratumque
3176 2762 3248 2815 ab
3270 2762 3512 2815 Alexan-

1804 2851 1905 2905 dro
1940 2852 1985 2904 ll
2016 2852 2297 2921 templum
2332 2850 2440 2904 fuit
2474 2866 2486 2902 :
2528 2871 2548 2897 ι
2582 2851 2639 2903 id
2701 2849 2854 2919 quod
2889 2865 3041 2902 anno
3081 2851 3202 2902 tO7l
3244 2847 3512 2901 accidisse

1806 2945 2087 3005 narrant;
2121 2944 2185 2992 ut
2230 2940 2399 3010 plane
2455 2938 2765 3008 perspicias
2827 2953 3001 3007 quam
3047 2952 3250 3007 parum
3280 2952 3315 2988 a
3369 2938 3509 2989 San-

1804 3033 1895 3081 cto
1940 3028 2188 3082 abfuerit
2208 3028 2275 3092 is,
2299 3027 2809 3097 cujusloquentem
2833 3024 3229 3079 auctoritatem
3253 3023 3510 3077 omnium

2 3116 260 3181 ,‘entiores
289 3117 619 3189 aggredior.
662 3117 797 3170 Eam
830 3116 1081 3169 historim
1133 3121 1352 3187 partem
1404 3111 1693 3167 immerito
1729 3108 1769 3161 C
1812 3117 1976 3171 istius
2006 3133 2070 3170 ac
2130 3115 2394 3186 sequenti
2441 3115 2634 3168 saeculi
2692 3114 3038 3183 scriptorum
3079 3113 3308 3167 silentio
3344 3114 3511 3181 longe

6 3206 261 3259 vellicarit
296 3204 637 3263 Leibnitius,
679 3204 1125 3258 lntroductionis
1156 3221 1271 3258 sua:
1332 3204 1403 3257 ad
1434 3202 1689 3270 Scripto-

8 3311 84 3345 res
112 3292 561 3349 Brunswicenses
593 3297 620 3359 ,ξ
652 3298 738 3359 3U,
796 3292 883 3346 his
916 3292 1102 3345 verbis
1138 3309 1149 3346 :
1207 3313 1232 3343 ιι
1293 3292 1563 3361 Magnum
1604 3294 1692 3346 vi-

10 3399 119 3435 rum
146 3383 306 3437 fuisse
339 3382 421 3449 (S.
469 3381 799 3449 Henricum)
856 3386 915 3435 et
944 3382 1216 3451 probum,
1277 3381 1538 3435 dubitare
1589 3399 1693 3435 nos

9 3476 147 3531 gesta
171 3488 281 3525 non
311 3471 535 3535 sinunt,
568 3468 960 3540 virginitatem
993 3469 1377 3522 voluntariam
1406 3469 1466 3522 in
1491 3470 1694 3523 matri-

12 3560 182 3613 monio
208 3576 339 3613 cum
370 3558 725 3629 Cunegunde
770 3558 1018 3629 conjuge
1078 3557 1320 3611 coluisse
1351 3557 1695 3627 posteriores

9 3646 356 3714 tradiderunt,
385 3647 663 3703 coaetanei
711 3663 814 3700 nec
848 3647 1154 3700 minimum
1208 3646 1378 3716 hujus
1409 3646 1696 3716 opinionis

12 3737 282 3806 vestigium
316 3737 615 3802 exhibent,
656 3740 721 3789 ut
770 3735 915 3789 adeo
945 3751 1296 3806 magnopere
1351 3734 1405 3789 ei
1432 3735 1535 3789 tidi
1580 3753 1693 3790 non

11 3824 184 3880 uossit.
217 3846 243 3876 α
276 3825 495 3880 Laudat
532 3822 879 3878 Leibnitium
920 3823 1181 3877 Struvius
1234 3823 1403 3893 eique
1447 3823 1694 3877 subscri-

8 3898 95 3976 bit,
127 3931 247 3984 pag.
283 3918 427 3979 388;
466 3919 780 3983 utrumque
815 3912 1113 3966 convenio.
1148 3912 1213 3966 Et
1239 3911 1472 3981 quidem
1503 3910 1693 3965 mani-

14 4008 132 4054 teste
158 4001 332 4074 liquet
366 4018 494 4056 rem
523 4000 683 4054 illam
736 3999 873 4053 satis
930 3999 1319 4070 perfunctorie
1351 4016 1383 4052 a
1417 3998 1695 4054 Leibnitio

13 4090 310 4155 delibatam,
368 4089 564 4161 uthzii
594 4090 650 4141 S.
692 4087 920 4143 Henrici
958 4085 1453 4141 canonizationem
1502 4103 1697 4155 perpe-

13 4193 117 4230 ram
146 4178 696 4234 tribuitlnnocentio
737 4177 832 4243 lll,
884 4181 949 4230 ut
1002 4176 1151 4230 forte
1209 4192 1276 4229 ea
1308 4175 1529 4229 ratione
1559 4190 1697 4245 pon-

18 4264 231 4321 tiﬁcium
286 4268 356 4322 de
405 4271 633 4321 servnta
680 4264 1009 4335 virginitate
1068 4263 1459 4318 testimonium
1494 4264 1564 4317 ad
1598 4280 1697 4318 sa:-

15 4355 181 4409 culum
236 4372 329 4409 xm
388 4359 702 4421 removeat,
749 4369 946 4409 verum
1000 4352 1122 4423 jam
1187 4369 1361 4423 supra
1406 4356 1696 4406 ostensum
1728 4388 1767 4440 ι)

20 4446 105 4508 «st,
133 4444 259 4497 totis
286 4445 407 4501 fere
438 4443 740 4514 sexaginta
785 4442 953 4497 annis
1003 4441 1192 4508 citius,
1238 4441 1517 4496 nimirum
1548 4457 1697 4494 anno

23 4533 134 4584 ltiti
154 4534 399 4589 «alitum
448 4534 698 4588 honores
728 4534 1099 4586 consecutum
1140 4535 1401 4585 sanctum
1445 4532 1696 4601 Impera-

17 4624 191 4674 torem.

82 4712 155 4761 76.
184 4713 248 4763 At
276 4733 302 4760 α
334 4709 618 4766 coaatanei
667 4725 771 4764 nec
826 4708 1134 4763 minimum
1188 4709 1360 4779 hujus
1408 4706 1697 4779 opinionis

22 4796 288 4865 \estigium
332 4798 627 4853 exhibent.
686 4816 712 4849 υ
770 4797 997 4863 Quaero,
1064 4812 1209 4868 quos
1256 4801 1578 4851 coaetaueos
1607 4796 1699 4851 hic

20 4886 274 4952 appellare
304 4888 489 4958 possit
521 4885 836 4941 Leibnitius
862 4887 891 4939 ?
936 4885 1314 4940 Adelboldum
1374 4885 1517 4939 forte
1543 4884 1569 4938 δὲ
1601 4888 1700 4939 Ast

23 4972 161 5025 istius
188 4976 575 5047 operissolum
605 4976 992 5046 fragmentum
1018 4979 1297 5045 superest.
1338 4972 1699 5027 Ditmarum?

0 5058 168 5129 VScivit
191 5064 271 5117 vir
312 5063 739 5120 eruditissimus
788 5064 925 5117 totis
954 5079 1046 5116 sex
1081 5062 1248 5117 annis
1283 5062 1524 5116 Henrico
1555 5077 1699 5131 pras-

0 5152 281 5207 'mortuum
338 5171 486 5221 esse,
550 5144 737 5223 nerine
789 5153 933 5206 adeo
1013 5167 1157 5217 rem,
1210 5151 1399 5223 quoad
1458 5150 1698 5206 Sanctus

28 5236 160 5301 Vixit,
181 5238 517 5309 ignoratum,
547 5242 608 5295 in
640 5240 763 5309 ejus
793 5241 1059 5294 notitiam
1091 5239 1389 5311 pervenire
1422 5240 1696 5311 potuisse,

32 5338 174 5391 quam
198 5330 297 5385 sub
328 5336 656 5385 extremum
689 5330 817 5383 vitae
867 5328 1176 5383 articulum
1210 5329 1463 5398 primum
1490 5329 1701 5398 patefe-

32 5414 115 5467 cit.
146 5417 285 5472 Alios
313 5424 639 5473 coaetaneos
667 5419 973 5489 scriptores
1027 5433 1146 5473 non
1200 5417 1364 5473 facile
1417 5417 1547 5488 quis
1565 5433 1699 5487 pro-

38 5500 251 5560 duxerit.
278 5507 417 5563 Siad
453 5506 719 5580 proxime
751 5513 1056 5579 sequentes
1097 5506 1573 5577 chronographos
1603 5506 1699 5561 0t-

0 5594 5 5601 ’
41 5596 219 5659 “metu,
261 5598 678 5657 Hermannum.
729 5596 984 5668 aliosque
1042 5596 1177 5651 alibi
1219 5596 1545 5650 nominatos
1573 5612 1702 5666 pro-

0 5680 185 5740 "neat.
216 5685 339 5738 facit
378 5688 587 5739 Sancto
648 5684 940 5754 injuriam.
1005 5686 1156 5757 quod
1205 5685 1272 5737 iis
1331 5684 1555 5737 arbitris
1614 5701 1703 5737 res

1806 3205 2087 3276 potiorem
2138 3204 2551 3257 existimamus.
2613 3202 2759 3257 Audi
2808 3202 3009 3257 Leonis
3063 3202 3253 3266 verba,
3308 3201 3409 3256 lib.
3456 3220 3509 3263 ιι,

1804 3296 2019 3365 cap/eti.
2053 3312 2068 3347 :
2102 3313 2129 3343 (ι
2182 3295 2365 3362 Super
2395 3296 2629 3345 cwteras
2679 3298 2871 3345 autem
2932 3290 3219 3345 bonitales
3250 3307 3346 3343 seu
3399 3290 3511 3343 vir-

1806 3388 1954 3436 tutes
1986 3400 2128 3453 quas
2159 3382 2310 3435 idem
2363 3380 2677 3451 imperator
2724 3380 2991 3434 habuisse
3027 3384 3294 3433 narratur
3325 3397 3355 3432 a
3384 3381 3511 3437 Deo.

1805 3473 1987 3525 fertur
2034 3470 2238 3525 vixisse
2300 3470 2671 3536 castissimus,
2709 3474 2788 3533 ut,
2840 3471 2909 3522 ad
2960 3468 3161 3521 mortis
3209 3468 3514 3521 articulum

1806 3561 2059 3626 veniens,
2090 3575 2283 3612 coram
2318 3557 2699 3629 praesentibus
2741 3557 3024 3627 episcopis
3080 3562 3253 3626 atque
3301 3556 3517 3609 abbati-

1806 3649 1911 3702 bus
1942 3648 2299 3703 Cunibunda:
2345 3645 2765 3719 [Cunegundaij
2823 3645 3083 3715 conjugis
3118 3662 3236 3697 sua:
3276 3643 3514 3714 propin-

1805 3737 1955 3808 quis,
1979 3752 2161 3807 eaque
2227 3735 2339 3788 illis
2400 3734 2630 3800 tradita,
2694 3736 2877 3787 fertur
2922 3733 3151 3801 (dixisse
3204 3732 3467 3786 feratur:
3500 3732 3512 3771 ἰ

1806 3825 2057 3896 Recipite
2079 3840 2251 3895 quam
2302 3821 2447 3877 mihi
2493 3821 2801 3877 tradidistis
2854 3821 3135 3889 virginem
3189 3823 3455 3873 vestram.
3490 3844 3509 3861 ιο

1808 3914 2024 3970 Laudat
2054 3914 2175 3984 ipse
2223 3911 2538 3967 Leibnitius
2596 3914 2887 3965 auctorem
2921 3909 3061 3963 Vitas
3122 3908 3301 3961 sancti
3335 3908 3514 3961 Mein-

1806 4003 1991 4058 werci.
2028 4022 2052 4054 α
2086 4002 2213 4055 Vita
2240 4000 2581 4065 Meinwerci,
2617 4000 2825 4069 inquit,
2872 3997 2980 4051 etsi
3032 3997 3241 4051 sweulo
3281 3998 3513 4050 demum

1808 4096 2082 4163 sequente
2114 4091 2395 4160 (adeoque
2440 4089 2543 4159 xu}
2604 4088 2832 4158 scripta,
2890 4088 3069 4141 multa
3128 4091 3318 4139 tamen
3346 4085 3518 4139 habet

1810 4180 1972 4234 utilia
1996 4180 2068 4234 ad
2128 4196 2216 4233 res
2270 4179 2547 4249 Episcopo
2602 4183 3137 4247 contemporaneas,
3198 4176 3514 4229 Cassarum-

1808 4285 1920 4339 que
1951 4273 2008 4322 et
2034 4268 2363 4338 principum
2395 4271 2519 4321 acta
2556 4266 2973 4335 cognoscenda,
3030 4280 3160 4318 cum
3208 4280 3310 4318 nec
3343 4278 3514 4333 syno-

1809 4359 1914 4413 dos
1945 4361 2248 4427 praetereat
2285 4356 2541 4426 aliasque
2581 4372 2671 4409 res
2703 4354 3091 4409 ecclesiarum.
3132 4376 3156 4403 υ

1882 4449 1967 4500 78.
2003 4446 2063 4500 Si
2095 4445 2153 4499 in
2180 4445 2250 4499 iis
2276 4444 2546 4499 omnibus
2604 4443 2777 4497 fidem
2811 4446 3063 4496 meretur
3096 4440 3337 4508 scriptor
3386 4438 3511 4492 dili-

1809 4533 2200 4606 gentissimus,
2233 4550 2361 4605 quae
2398 4533 2467 4587 ad
2496 4553 2517 4581 ι
2572 4534 2861 4587 Cassarum
2919 4535 2977 4583 et
3035 4528 3360 4599 principum
3394 4531 3515 4579 acta

1809 4622 2201 4695 cognoscenda
2236 4644 2257 4670 ο
2295 4620 2609 4691 pertinent,
2668 4635 2783 4672 non
2848 4618 3054 4688 opinor
3091 4633 3155 4669 ea
3186 4620 3348 4684 parte
3380 4615 3512 4684 reji-

1809 4712 2096 4778 ciendum,
2129 4711 2284 4781 quod
2321 4710 2391 4763 de
2446 4706 2765 4761 castissimo
2798 4710 3128 4759 sanctorum
3185 4702 3410 4758 Henrici
3462 4706 3517 4756 et

1809 4798 2175 4869 Cunegundis
2230 4795 2500 4867 conjugio
2553 4794 2970 4849 dissertissimis
3027 4792 3214 4846 verbis
3267 4792 3520 4845 testimo-

1808 4887 1971 4941 nium
1992 4886 2161 4951 dicat,
2194 4886 2365 4938 rebus
2425 4883 2550 4937 istis
2581 4883 2871 4947 omnibus,
2905 4900 2937 4935 a
2965 4898 3022 4935 se
3055 4880 3320 4948 narratis,
3355 4896 3517 4951 teque

1807 4974 2190 5047 prepinquus.
2226 4974 2303 5027 En
2335 4972 2516 5043 igitur
2544 4971 2927 5025 clarissimum
2970 4969 3262 5041 opinionis
3291 4985 3324 5022 a
3357 4969 3516 5023 Leib-

1808 5063 1953 5118 nitio
1981 5061 2300 5133 repudiata:
2333 5079 2447 5116 non
2483 5084 2503 5109 α
2537 5060 2840 5129 vestigium
2878 5082 2897 5105 ι
2933 5060 3142 5121 solum,
3174 5058 3271 5113 sed
3305 5073 3515 5111 nevum

1807 5152 2201 5207 testimonium
2235 5151 2480 5206 fideliter
2520 5171 2545 5200 (ι
2605 5149 2940 5202 exhibitum.
2984 5170 3002 5195 ι
3060 5148 3151 5202 Sic
3173 5146 3431 5217 loquitur
3460 5145 3515 5198 in

1809 5247 2003 5295 nostra
2032 5240 2305 5305 editione,
2330 5256 2453 5309 cap.
2486 5242 2542 5304 2,
2600 5255 2759 5291 num.
2795 5240 2847 5301 9,
2881 5237 3032 5305 apud
3067 5236 3254 5305 ipsum
3290 5234 3517 5289 Leibni-

1808 5330 1952 5384 tium
1984 5346 2145 5383 num.
2184 5333 2267 5391 l2,
2299 5345 2435 5399 pag.
2471 5331 2565 5382 52l
2604 5344 2615 5380 :
2648 5349 2667 5375 ι
2710 5327 2917 5380 Eodem
2965 5341 3117 5378 anno
3147 5325 3380 5393 (nempe
3414 5324 3519 5391 an)

1811 5434 1960 5473 novo
1988 5432 2124 5488 rege
2162 5416 2515 5471 nativitatem
2574 5414 2861 5469 Laurentii
2922 5413 2979 5467 in
3028 5412 3251 5465 civitate
3284 5410 3517 5463 Pather-

1814 5506 2127 5563 brunnensi
2158 5507 2507 5569 celebrante,
2540 5504 2755 5559 domna
2785 5500 3185 5567 Chuniguuda,
3221 5498 3423 5568 ipsius.
3459 5506 3521 5552 ut

1814 5594 2126 5665 putabatur
2160 5610 2319 5658 uxor,
2349 5610 2409 5647 re
2441 5598 2632 5645 autem
2664 5607 2797 5647 vera
2846 5589 3122 5644 castitatis
3148 5586 3517 5643 aemulatione

1815 5699 1994 5745 soror.
2029 5698 2063 5737 a
2117 5682 2391 5753 praedicto
2449 5679 2727 5749 Willigiso
2803 5674 3176 5749 Magontiensi
3238 5673 3519 5745 archiepi-
