3976 6394
458 402 515 452 51
1757 395 1810 448 8.
1860 391 2144 448 HENRICI
2187 391 2664 448 lMl’EBATOltlS
3890 398 3938 450 5'1

459 538 646 592 scopo,
682 519 824 574 inibi
859 519 1031 590 regia:
1074 518 1519 572 consecrationis
1581 518 1900 572 dominium
1929 517 2156 571 adinve-
2183 522 2230 574 A
2267 515 2482 570 bonum
2513 521 2570 570 et
2595 516 2931 587 simplicem,
3003 517 3198 572 omnia
3251 519 3510 592 conjugis
3564 520 3874 575 ambitiosas,
3900 528 3938 575 et

459 610 561 664 nit.
599 629 626 660 ››
662 608 986 663 Clarissima
1015 607 1159 673 haec,
1184 605 1292 660 nisi
1337 608 1705 662 vehementer
1731 608 1914 674 fallar,
1945 612 2001 661 et
2030 622 2164 677 per-
2267 604 2487 657 callidae
2547 605 2810 674 precibus
2866 606 3144 676 probrosa
3210 609 3479 663 facilitate
3536 610 3930 664 concedentem

459 697 742 769 emptoria
773 703 925 761 sunt,
985 713 1102 751 non
1159 714 1190 748 a
1227 720 1246 744 ι
1309 697 1725 766 posterioribus
1771 696 1998 761 tradita,
2036 715 2062 746 ››
2100 701 2163 749 ut
2269 692 2531 747 Sanctam
2562 709 2695 746 vero
2732 695 3142 765 Cunegundem
3190 698 3360 750 variis
3417 699 3684 752 conviciis
3713 700 3940 770 proscin-

461 787 647 841 aiebat
681 785 1012 852 Leibnitius,
1055 786 1150 840 sed
1183 786 1253 838 ab
1282 786 1602 855 aequalibus
1634 790 1690 839 et
1733 784 2162 856 subwqualibus
2271 781 2376 848 dit,
2409 787 2466 834 et.
2522 781 2656 834 satis
2719 789 2913 851 aperte
2963 785 3277 838 adulteram
3341 787 3627 856 proponit,
3661 788 3941 841 damnabit

465 899 488 925 ι
525 875 780 929 exhibita
811 895 838 926 ››
889 880 1252 943 argumenta,
1307 875 1518 944 quibus
1564 891 1666 927 nec
1715 874 1901 928 hilum
1933 875 2163 926 ofﬁcere
2273 871 2655 940 quorumdam
2719 889 3121 940 epmznporum
3182 875 3587 938 familiaritate,
3640 877 3868 929 absente
3906 876 3941 927 ii:

463 967 653 1035 posset
683 967 1103 1016 coaetaneorum
1138 962 1206 1030 (si
1232 961 1331 1031 qui
1361 962 1509 1016 forte
1540 962 1750 1016 alicubi
1779 965 2166 1033 superessent)
2275 958 2733 1028 expeditionibus
2762 959 2977 1011 δυιιιω
3009 960 3240 1025 marito,
3275 971 3453 1026 usam,
3493 982 3513 1008 ι
3547 969 3651 1014 etc.

464 1051 807 1120 scriptorum
851 1050 1182 1114 silentium;
1236 1056 1300 1104 ut
1348 1051 1592 1120 proinde
1647 1051 1855 1122 frigida
1904 1051 2168 1104 Leibnitii

466 1139 695 1202 locutio,
735 1158 760 1184 υ
821 1137 1162 1207 posteriores
1226 1139 1610 1208 tradiderunt,
1638 1164 1664 1187 »ι
1710 1142 1873 1210 quasi
1912 1139 2168 1194 indicare

470 1227 624 1290 velit,
657 1225 961 1295 postremis
1013 1225 1167 1279 hisce
1197 1226 1417 1280 saeculis
1474 1234 1667 1280 natam
1729 1227 1979 1296 primum
2015 1227 2170 1297 piam

469 1315 637 1368 istam
694 1313 1110 1378 credulitatem,
1183 1313 1410 1368 abunde
1475 1320 1778 1369 enervetur
1827 1321 1883 1369 et
1941 1317 2169 1370 convel-

471 1402 639 1456 latur.

542 1493 631 1543 79.
685 1489 952 1544 Pluribus
1001 1488 1093 1543 hic
1156 1490 1518 1559 supersedeo,
1577 1507 1708 1545 cum
1755 1492 1877 1562 jam
1934 1494 2174 1563 allegata

475 1579 713 1632 omnino
772 1578 1058 1631 sufﬁciant
1104 1579 1172 1632 ad
1226 1578 1537 1632 refellenda
1608 1597 1737 1652 qua:
1793 1581 2012 1646 leviter,
2076 1587 2177 1635 aut

477 1666 778 1722 mitissime
807 1667 1012 1733 dicam,
1047 1666 1115 1720 ab
1155 1666 1364 1720 illustri
1394 1667 1619 1722 erudito
1675 1669 1816 1734 viro,
1870 1670 2172 1740 uobisque,

475 1757 613 1810 dum
651 1755 884 1820 viveret,
943 1755 1126 1810 amico
1182 1757 1403 1826 prolata
1458 1762 1610 1823 sunt,
1671 1759 1874 1813 melius
1939 1775 2008 1813 eo
2054 1761 2176 1813 loco

476 1845 911 1916 praetereunda;
946 1861 1074 1916 qua
1105 1862 1239 1900 sane
1252 1846 1443 1900 omitti
1467 1847 1684 1917 absque
1707 1849 1974 1918 scrupulo
2010 1854 2179 1918 pote-

477 1939 628 1998 rant,
690 1939 753 1988 ut
808 1938 942 2002 pote
1007 1934 1335 2002 importune
1385 1934 1606 1988 intrusa
1653 1936 1723 1989 ad
1783 1936 2178 1990 ostentandam

477 2023 900 2094 quodammodo
949 2022 1351 2088 eruditionem,
1393 2023 1856 2095 quandoquidem
1890 2025 1950 2078 in
1981 2041 2069 2089 eo,
2111 2025 2180 2078 de

479 2128 595 2180 quo
623 2111 704 2164 ibi
733 2111 946 2180 agitur,
976 2127 1170 2180 opere.
1222 2127 1428 2182 nempe
1480 2113 1777 2168 Adelboldi
1815 2113 2067 2184 episcopi
2095 2115 2179 2167 Ul-

478 2199 854 2268 trajectensis,
887 2215 1056 2268 supra
1089 2216 1120 2252 a
1152 2199 1314 2252 nobis
1345 2201 1645 2271 descripto,
1706 2218 1810 2256 nec
1836 2203 2070 2256 verbum
2112 2203 2181 2256 de

485 2309 504 2332 α
545 2286 870 2356 virginitate
931 2287 1254 2340 voluntaria
1286 2308 1312 2338 ιν
1365 2306 1396 2341 a
1433 2288 1488 2342 S.
1547 2291 1784 2344 Henrico
1812 2309 1839 2340 α
1894 2290 1952 2344 in
1984 2289 2183 2344 matri-

485 2374 678 2428 monio
709 2390 836 2428 cum
869 2375 1217 2443 Cunegunde
1272 2377 1516 2446 conjuge
1556 2378 1729 2444 culta,
1764 2398 1790 2428 υ
1820 2394 2064 2448 usquam
2089 2394 2181 2430 re-

483 2463 759 2532 periatur.
796 2463 1124 2532 Optandum
1155 2481 1290 2517 sane
1319 2471 1469 2518 esset
1498 2470 1562 2519 ut
1594 2481 1752 2520 sacra
1783 2466 1969 2520 omnis
2003 2468 2184 2520 eccle-

485 2551 708 2604 siastica
739 2551 977 2606 historia
1004 2557 1118 2604 tam
1164 2552 1346 2606 ﬁrmis
1402 2553 1791 2608 fundamentis
1839 2555 2188 2608 consolidata

489 2639 862 2707 stabiliretur,
893 2640 964 2694 ad
1003 2640 1332 2695 odiosorum
1391 2625 1713 2696 criticorhm
1744 2643 2015 2714 obloquia
2046 2661 2190 2714 pra:-

487 2726 770 2780 cludenda
798 2731 853 2780 et.
879 2727 1109 2798 penitus
1155 2729 1586 2798 exstinguenda.
1636 2731 1759 2784 Jam
1792 2748 1824 2784 a
1855 2736 2015 2784 tanto
2044 2737 2187 2784 tem-

488 2830 628 2885 pore
665 2816 881 2886 experti
910 2821 1046 2868 sunt
1073 2816 1283 2870 eruditi
1329 2817 1646 2882 acatholici,
1678 2818 1736 2872 in
1766 2819 1874 2872 hoc
1903 2829 2100 2872 nostro
2119 2820 2190 2873 de

491 2904 644 2957 Actis
673 2906 1011 2958 Sanctorum
1043 2919 1216 2974 opere
1264 2905 1530 2958 veritates
1573 2906 1869 2960 historicas
1901 2913 2016 2961 tam
2039 2923 2194 2961 accu-
2296 2904 3556 3003 ἱῶξέϋ.ἓξὲξν’ἰ-ίξυᾶξξηθῖ“ῐι;Πεξῦξάζ

719 2993 728 3002 .
909 2992 917 3002 .
1080 2963 1140 3004 ⁸..
1491 2994 1502 3004 .
1804 2996 1812 3005 .
1999 2996 2052 3004 ..
2298 2963 2497 3017 possit,
2531 2965 2597 3000 ex
2642 2963 2733 3002 δδ.
2779 2963 3016 3002 i-Ienrico
3077 2963 3132 3002 et
3189 2963 3538 3017 Cunegunua
3599 2963 3775 3002 nliam
3811 2963 3959 3002 natar

492 3009 630 3090 “ire.
676 2993 923 3090 ὼδᾳῗηῖι
972 2993 1174 3090 φηξιδ
1228 3009 1356 3090 qua?
1399 2995 1506 3090 ,ἐνί
1557 2997 1819 3066 pupum"
1866 2997 2188 3090 "admogc’
2227 3079 2260 3090 Α
2300 3035 2495 3090 fuisse.
2533 3037 2754 3090 Novum
2801 3043 3152 3090 portentum.
3208 3039 3324 3090 imo
3391 3038 3644 3090 lenidum
3694 3030 3959 3090 ferculuu

491 3081 672 3134 nimia
702 3081 941 3134 subinde
972 3081 1244 3136 facilitate
1283 3082 1530 3137 admissa
1559 3089 1710 3149 sunt,
1743 3089 1804 3138 ut
1831 3090 2040 3138 nostra:
2072 3084 2188 3137 sin-
2223 3079 2262 3133 C
2300 3052 2754 3132 Iu'sse’.n.ovum
2801 3052 3152 3139 pqllemgm'
3208 3055 3324 3135 1.an
3391 3052 3644 3154 19pm?!“
3694 3052 3955 3156 m'r‘fql‘uu

595 3169 626 3179 ._
677 3169 708 3179 ..
749 3169 776 3179 ..
804 3169 815 3179 .
957 3174 965 3179 .
1023 3176 1030 3179 _
1263 3169 1273 3179 .
1327 3175 1335 3179 _
1745 3177 1751 3179 _
2038 3172 2051 3179 -
2127 3173 2135 3179 .
2303 3141 2418 3177 non
2447 3125 2586 3177 mihi
2619 3125 2712 3177 sed
2747 3145 2771 3173 (ι
2804 3131 2987 3178 otioso
3020 3126 3386 3179 bundlimzio.
3436 3149 3455 3174 ι
3487 3125 3659 3179 niobe
3690 3132 3955 3178 mastuau

493 3131 670 3177 "’"I"
701 3131 935 3183 ζ”,“““”“
972 3131 1239 3136 """""
1263 3131 1530 3179 .“““’““
1559 3131 1710 3149 """
1746 3131 1804 3138 "
1831 3131 2039 3138 """"
2072 3131 2160 3181 "f'
2237 3131 2248 3133 '
2303 3141 2418 3177 non
2447 3131 2586 3177 mihi
2619 3131 2712 3177 sed
2747 3145 2771 3173 (ι
2804 3131 2987 3178 otioso
3020 3131 3386 3196 Gundliugio,
3436 3149 3455 3174 ι
3484 3131 3659 3196 probe
3690 3131 3960 3178 mastieau

493 3174 710 3222 ceritatl
745 3169 919 3223 ﬁdere
952 3174 1074 3222 tuto
1122 3175 1360 3240 possmt,
1414 3187 1518 3224 nos
1568 3188 1685 3224 non
1738 3177 1954 3226 temere
1985 3172 2192 3226 admis-
2490 3217 2545 3240 η,
2583 3212 2632 3240 Η
2684 3214 2880 3240 Mum.
2935 3230 2998 3240 η
3061 3215 3379 3240 Δηώ-δώῃ
3430 3231 3529 3240 ,Μ
3585 3214 3757 3240 MM“,
3836 3215 3960 3240 ..ΜΗ

2303 3213 2550 3274 dum,ut
2583 3213 2635 3265 id
2684 3214 2885 3266 saltem
2933 3230 3000 3267 ex
3059 3215 3380 3267 eontribule
3430 3231 3530 3265 suo
3583 3214 3778 3275 discat,
3836 3215 3962 3282 imp:

495 3272 658 3310 suros
713 3273 842 3326 quae
907 3257 1103 3310 solidis
1157 3256 1444 3311 historicis
1493 3259 1880 3313 fundamentis
1945 3262 2195 3314 stabilita
2304 3256 2664 3354 ξᾶλῑζηςᾏξη
2925 3256 3961 3372 ἐξηεῐὲζέῶζέςιῶἷθτξὶὶξιξζξυ

496 3360 609 3372 “nn
644 3345 752 3372 οἶν-ι
838 3345 1053 3372 11η-ηηι
1107 3345 1282 3372 ζηῖιη..
1336 3345 1391 3372 ζη
1451 3361 1547 3372 μη..
1610 3347 1962 3372 -.....,.,.....;Λ....
2004 3355 2189 3372 .--..--ι,-
2782 3343 2794 3352 ⁸
3140 3345 3156 3354 "
3825 3345 3839 3370 ν

496 3360 613 3397 non
643 3345 773 3397 sint.
837 3345 1057 3397 Maneat
1106 3345 1282 3414 igitur
1335 3345 1393 3397 in
1450 3361 1553 3399 sua
1609 3347 1964 3416 possessione
2003 3355 2193 3402 sancta
2304 3345 2518 3443 l“"".'"
2553 3345 2664 3354 ““’
2693 3345 2867 3422 fw.”
2925 3345 3349 3406 ”““,”“”.”’“”“”“⁶”
3398 3345 3839 3372 ““”²’“’“”“””“”

499 3437 681 3462 man...
710 3431 992 3462 bonum“.
1028 3433 1267 3462 νηηιηει..
1326 3438 1375 3462 nr
1438 3449 1627 3462 -.........
1684 3435 2050 3462 η,...ι;..,....;...
2081 3435 2166 3462 ..;..
2325 3407 2416 3444 om
2452 3406 2571 3459 Ipse
2601 3395 2916 3460 Ρῖθίίδεηθτ
2945 3391 3187 3462 θῐίιηεηο

497 3437 681 3484 mater
710 3431 997 3486 Catholica
1027 3433 1293 3492 Ecclesia,
1325 3438 1380 3485 et
1436 3449 1630 3486 rarum
1683 3435 2051 3488 continentia:
2081 3435 2192 3488 vir-

498 3519 703 3587 ginalis
755 3525 840 3574 tot
891 3519 1042 3573 inter
1093 3521 1384 3574 illecebras
1439 3523 1791 3591 exemplum,
1849 3539 1948 3576 seu
2006 3524 2195 3593 potius
2375 3527 2462 3577 8'2.
2500 3523 2906 3577 lliustriistiin
2963 3524 3158 3594 paucis
3207 3528 3441 3577 servatae
3498 3522 3556 3576 in
3589 3522 3864 3592 conjugio
3897 3522 3961 3574 vii

497 3607 702 3661 divinae
735 3607 935 3677 gratiae
977 3608 1311 3662 miraculum
1355 3610 1522 3679 quale
1550 3610 1751 3664 eodem
1805 3613 2012 3665 saeculo
2043 3611 2198 3664 exhi-
2305 3611 2561 3680 ginitatis
2589 3613 2852 3681 prodigio
2875 3614 3044 3666 afﬁne
3089 3620 3173 3666 est
3206 3612 3346 3666 illud
3375 3612 3528 3682 quod
3575 3611 3748 3665 habet
3777 3615 3962 3678 Anon}

497 3695 700 3749 buitin
721 3697 923 3766 Anglia
957 3699 1012 3750 S.
1045 3699 1360 3764 Eduardus,
1406 3698 1670 3752 ﬁdelibus
1719 3699 1834 3752 suis
1864 3699 1998 3754 ﬁliis
2045 3701 2196 3754 exal-
2305 3716 2433 3754 mus
2471 3717 2594 3770 cap.
2624 3703 2683 3753 2l
2718 3717 2730 3765 ;
2767 3701 2835 3754 de
2867 3703 2928 3756 S.
2996 3701 3218 3755 chrici
3252 3700 3554 3770 zelotypia,
3597 3699 3945 3770 probataque

499 3787 619 3837 tare
649 3800 713 3837 ac
740 3785 1456 3850 praedicarenonllesinat.
2307 3792 2498 3842 sancta
2553 3804 2732 3842 uxore
2790 3805 2892 3859 per
2971 3790 3276 3843 candentes
3340 3803 3598 3842 vomeres
3654 3787 3962 3840 innocenti:

593 3876 682 3926 80.
745 3873 838 3925 ll-is
897 3873 974 3925 ita
1030 3873 1300 3926 adversus
1367 3873 1818 3928 iilustrissimum
1867 3880 1926 3929 et
1981 3875 2199 3930 clarissi
2307 3877 2462 3947 quod
2492 3877 2614 3947 pari
2650 3878 2852 3943 ferme,
2887 3882 2949 3930 ut
2992 3876 3277 3947 superius,
3340 3881 3622 3946 praetenso
3667 3880 3962 3944 argument

499 3974 682 4020 mum,
715 3959 994 4029 nobisque
1047 3961 1553 4014 aestimatissimum
1609 3962 1792 4016 virum
1841 3964 2095 4018 modeste
2135 3982 2199 4017 ac
2308 3983 2341 4018 a
2372 3966 2666 4019 malevolis
2691 3965 2886 4018 arrodi
2943 3970 3133 4035 posset
3183 3981 3251 4018 ex
3283 3963 3625 4034 scriptorum
3690 3969 3961 4016 coaetanei

500 4047 622 4100 sine
663 4046 835 4100 ullius
863 4049 1175 4102 ollensione
1211 4049 1501 4114 discussis,
1545 4053 2198 4122 probatisque;ignosci
2309 4071 2438 4108 rum
2488 4055 2735 4108 silentio.
2790 4055 2997 4106 Verum
3060 4053 3352 4107 enimvero
3403 4052 3624 4122 pridem
3674 4051 3830 4105 istud
3881 4058 3959 4104 sat

501 4135 645 4190 mihi
711 4139 955 4204 postulo,
1013 4137 1059 4189 si
1115 4137 1240 4206 pari
1298 4137 1690 4192 moderatione
1751 4156 1866 4192 non
1917 4141 2200 4209 excipiam
2309 4142 2673 4196 vindicarunt
2701 4142 2965 4196 laudatus
3012 4157 3162 4211 saepe
3224 4139 3664 4194 Hotmannusin
3695 4138 3961 4191 Annalibl

506 4246 527 4271 ι
555 4224 693 4291 otia,
720 4245 747 4273 »
784 4225 992 4277 rectius
1047 4225 1275 4285 dixeris,
1329 4227 1571 4280 sommia
1601 4251 1621 4274 ι
1688 4229 2134 4297 Gundlingiana,
2172 4250 2198 4278 ιο
2315 4230 2852 4295 Bambergensibus,
2877 4229 2984 4283 col.
3019 4232 3086 4281 52
3127 4233 3185 4281 et
3215 4230 3303 4292 53,
3363 4233 3534 4297 atque
3588 4225 3954 4279 Henscheniu

502 4327 633 4382 qua:
653 4312 979 4381 germanice
1027 4328 1267 4382 procusa
1307 4314 1478 4366 audio
1521 4331 1672 4367 anno
1736 4320 1886 4381 I705,
1919 4333 2194 4386 quorum-
2228 4349 2268 4401 υ
2312 4319 2402 4374 die
2434 4336 2491 4372 ιιι
2527 4317 2728 4381 Martii,
2794 4317 2853 4370 in
2906 4316 3330 4371 Commentario
3362 4313 3575 4383 praavio
3627 4313 3697 4366 ad
3741 4313 3800 4367 S.
3838 4315 3955 4368 Cun

503 4417 614 4471 que
645 4400 1076 4471 compendium,
1121 4402 1192 4455 ab
1246 4403 1430 4456 amico
1484 4411 1804 4473 acceptum,
1840 4423 1952 4458 non
1983 4407 2198 4477 absque
2243 4400 2252 4401 ί
2310 4405 2518 4474 gundis
2548 4408 2686 4458 Acta
2715 4409 2815 4471 3'2,
2847 4405 2917 4458 ad
2957 4421 3125 4475 quos,
3161 4421 3228 4456 ne
3285 4410 3476 4456 actum
3525 4417 3714 4471 agam,
3748 4403 3959 4454 lectore

503 4491 796 4543 stomacho
837 4491 1027 4560 legere
1079 4491 1264 4559 potui,
1313 4497 1523 4544 tantam
1577 4491 2038 4546 inverecundiam
2072 4512 2203 4547 exe-
2317 4499 2374 4546 et
2395 4510 2512 4563 prae
2541 4493 2761 4546 cmteris
2797 4492 3233 4562 Gundlingium,
3293 4491 3623 4543 castissimae
3675 4490 3957 4559 Imperatr

503 4583 710 4642 cratus,
781 4577 1154 4648 miratusque,
1205 4579 1261 4632 in
1321 4579 1442 4648 ipsa
1510 4580 1754 4633 Saxonia
1798 4598 1831 4634 a
1885 4583 2204 4650 professore
2313 4583 2391 4635 eis
2419 4584 2602 4636 ferum
2636 4589 2971 4651 mastygem,
3001 4581 3255 4634 remitto.
3299 4579 3355 4633 ld
3389 4579 3622 4631 unicum
3647 4577 3704 4630 in
3737 4595 3806 4630 ea
3838 4579 3961 4631 hlStt

504 4668 746 4734 Saxone,
779 4667 849 4721 de
888 4667 1292 4736 augustissimo
1347 4669 1623 4721 Saxonico
1683 4669 1959 4738 principe,
2006 4678 2205 4726 contra
2315 4672 2399 4724 ria
2441 4688 2474 4723 a
2508 4670 2926 4724 morosioribus
2974 4668 3290 4722 desiderari
3339 4672 3555 4737 posset,
3605 4666 3761 4735 quod
3791 4671 3962 4719 certm

505 4757 923 4824 apertissimam
954 4757 1127 4809 ﬁdem
1184 4757 1537 4818 l'iistoricam,
1585 4760 2064 4812 constantissimis
2121 4767 2206 4814 tot
2315 4768 2540 4830 tempus
2573 4758 2863 4827 designari
2890 4762 3156 4826 nequeat,
3191 4757 3268 4809 uti
3325 4773 3429 4809 nec
3490 4757 3642 4808 locus
3693 4754 3754 4806 in
3786 4771 3904 4824 quo
3931 4770 3962 4805 ru

507 4844 848 4896 sieculorum
897 4845 1240 4898 testimoniis
1319 4846 1622 4910 ﬁrmatam,
1683 4852 1799 4900 tam
1865 4847 2204 4902 immodesta
2315 4867 2380 4902 ea
2402 4847 2725 4917 contigerit.
2780 4846 3132 4899 Hofmannus
3176 4843 3457 4914 triumphi
3517 4844 3850 4913 palaestram
3887 4844 3962 4896 de:

507 4936 818 4985 scommata
889 4932 1046 5000 vulgi
1099 4933 1279 4986 oculis
1339 4933 1534 5001 lingua
1607 4936 1908 4988 vernacula
1952 4939 2206 5007 exposita
2315 4944 2452 5008 gnat
2487 4936 2859 5003 Bambergam
2917 4934 3123 5003 ipsam,
3172 4933 3362 4987 Sancti
3394 4933 3692 5000 utriusque
3743 4931 3952 4985 deliciu

506 5021 701 5089 fuisse,
737 5038 867 5092 qua:
915 5024 1001 5076 vel
1054 5023 1214 5093 ipsis,
1269 5025 1468 5076 saltem
1523 5025 1786 5093 cordatis,
1846 5027 2202 5095 Lutlieranis,
2314 5041 2530 5080 annum
2558 5038 2692 5076 vero
2726 5025 2881 5078 lOl7.
2917 5021 3068 5090 quod
3099 5037 3230 5074 eum
3280 5020 3539 5091 suspicor
3575 5035 3642 5072 ex
3673 5035 3962 5073 monumei

508 5125 686 5183 exosa
721 5111 1085 5177 crediderim,
1130 5118 1322 5181 utpote
1355 5112 1554 5182 putida
1606 5113 1901 5183 ligmenta,
1946 5131 2061 5168 non
2096 5117 2206 5170 nisi
2311 5115 2383 5168 tis
2410 5110 2925 5180 Bambergensibus
2940 5109 3205 5164 alicunde
3227 5110 3459 5164 eruisse.
3489 5113 3574 5162 An
3598 5108 3843 5177 praefato
3869 5124 3961 5162 am

509 5182 760 5252 Vulcano
799 5199 991 5267 digna.
1026 5201 1211 5254 Audet
1239 5200 1344 5264 vir,
1380 5205 1442 5252 ut
1483 5182 1674 5266 audio,
1709 5218 1823 5255 non
1877 5203 2204 5257 illitteratus
2315 5201 2508 5254 omnia
2537 5197 2829 5268 aptissime
2857 5203 3196 5266 congruant,
3258 5213 3322 5250 ex
3383 5195 3718 5250 deducendo
3758 5197 3961 5265 proxin

510 5309 537 5336 κ
573 5287 690 5341 otio
725 5307 750 5336 κ
782 5304 884 5340 suo
905 5287 1081 5353 abuti,
1144 5295 1207 5342 ut
1239 5289 1296 5342 in
1347 5289 1600 5342 cwlestes
1646 5295 1951 5361 Augustos,
1985 5293 2203 5347 calamo
2313 5289 2441 5342 vitae
2471 5289 2526 5343 S.
2559 5286 2784 5341 Henrici
2829 5285 3202 5355 chronologio
3252 5285 3452 5338 ordine
3483 5283 3674 5353 colligi
3706 5289 3962 5354 utcumql

505 5392 620 5430 non
673 5376 808 5430 satis
849 5377 1142 5446 castigato,
1209 5377 1526 5431 calumnias
1575 5385 1821 5444 evomat,
1886 5395 2203 5450 eorumque
2315 5377 2570 5447 poterit;
2602 5375 2768 5429 nobis
2801 5375 3009 5429 sufﬁcit
3052 5391 3172 5428 rem
3226 5375 3409 5444 ipsam
3457 5373 3514 5426 in
3571 5374 3954 5426 controversia

502 5464 880 5519 castissimum
911 5467 1269 5538 conjugium,
1313 5466 1531 5536 spurcis
1583 5468 1875 5522 nonnullis
1907 5469 2204 5522 sarcasmis
2316 5481 2428 5518 non
2459 5465 2603 5518 adeo
2659 5463 2824 5517 facile
2871 5463 3272 5528 revocandam,
3306 5463 3469 5532 cujus
3522 5466 3636 5514 tam
3687 5461 3962 5516 authentil

499 5555 894 5620 commaculet,
962 5556 1386 5630 sanctissimum
1416 5556 1826 5626 Imperatorem
1879 5556 2203 5609 describens
2315 5557 2711 5619 monumenta,
2742 5557 2884 5606 teste
2926 5552 3270 5617 Hofmanno,
3333 5551 3392 5604 in
3446 5551 3598 5604 hunc
3650 5565 3835 5620 usque
3867 5551 3957 5603 die

500 5664 525 5689 α
563 5647 625 5696 ut
656 5643 945 5699 hominem
974 5646 1332 5713 morbidum,
1375 5645 1770 5716 impotentem,
1827 5648 1957 5709 etc.,
2012 5644 2198 5696 virum
2313 5645 2638 5712 supersunt,
2698 5657 2827 5711 quae
2877 5657 3007 5694 cum
3065 5644 3362 5710 tantopere
3406 5639 3736 5709 impugnari
3788 5655 3905 5692 non
3937 5656 3961 5688 ν

2348 1094 2435 1144 8t.
2485 1091 2706 1156 Mirare,
2766 1091 3021 1160 obsecro,
3064 1113 3091 1143 σι
3149 1093 3265 1146 otia
3322 1093 3758 1164 tjundlingiana,
3792 1117 3815 1138 ››
3861 1091 3944 1144 oti:

2280 1195 2454 1245 mera,
2484 1180 2642 1249 jocos
2668 1180 2952 1247 scurriles,
2999 1181 3176 1234 aniles
3203 1187 3438 1252 satyras,
3502 1199 3767 1236 vocemus
3801 1198 3940 1248 nuga

2279 1275 2335 1321 et
2362 1285 2555 1337 gerras
2585 1269 2789 1322 Siculis
2836 1270 3164 1338 inaniores;
3199 1274 3397 1342 quales
3447 1279 3594 1325 certe
3646 1271 3938 1325 fatebuntu

2280 1355 2488 1408 eruditi
2519 1372 2737 1422 omnes,
2771 1357 2982 1427 quibus
3012 1359 3134 1411 haec
3167 1359 3483 1424 scribimus,
3517 1360 3688 1413 etiam
3743 1359 3945 1411 acathot

2282 1443 2396 1509 lici,
2429 1444 2580 1513 apud
2629 1461 2774 1514 quos
2815 1446 2870 1499 id
2921 1463 3105 1517 genus
3158 1448 3550 1502 cantiunculas
3610 1447 3939 1501 commisera

2283 1533 2436 1584 tione
2467 1532 2657 1600 potius
2689 1548 2861 1603 quam
2885 1533 3088 1602 plausu
3139 1534 3313 1604 digna
3371 1535 3784 1600 existimamus,
3819 1549 3948 1603 aequ:

2284 1637 2348 1673 ac
2379 1620 2744 1673 novissimam
2779 1622 3014 1674 alterius
3050 1622 3354 1676 [.utherani
3388 1624 3589 1677 thesim
3626 1624 3944 1677 historicen:

2285 1707 2401 1760 imo
2431 1707 2697 1760 fabellam
2746 1707 3182 1778 ineptissimam,
3242 1709 3536 1776 videlicet;
3575 1731 3601 1761 ιι
3633 1711 3948 1780 Conjugiun

2208 1797 2248 1851 Β
2285 1796 2340 1851 8.
2378 1797 2602 1850 Henrici
2632 1799 3000 1868 Imperatoris
3057 1815 3185 1852 cum
3233 1805 3426 1852 sancta
3456 1801 3826 1871 Cuuegunde,
3871 1815 3950 1852 not

2285 1885 2444 1938 omni
2474 1890 2732 1956 tempore
2771 1887 2945 1940 fuisse
2977 1887 3317 1957 virgineum.
3354 1908 3379 1938 υ
3414 1889 3558 1952 Quid
3589 1895 3673 1942 est
3719 1877 3950 1942 delirans

2286 1973 2334 2024 si
2367 1973 2470 2026 hoc
2499 1990 2612 2026 non
2645 1981 2729 2027 est
2759 1977 2786 2028 ?
2814 1979 2932 2041 Ast,
2964 1975 3151 2046 inquit
3173 1977 3288 2041 ille,
3315 1976 3655 2030 documenta
3685 1976 3947 2046 reperiun

2290 2067 2401 2127 tur,
2427 2078 2488 2114 ex
2523 2063 2734 2132 quibus
2793 2070 3034 2130 constet,
3093 2065 3350 2134 publicas
3397 2081 3591 2134 preces
3647 2064 3890 2118 indictas
3917 2082 3952 2114 al

2287 2149 2708 2219 impetrandam
2760 2156 2884 2204 toro
2942 2152 3278 2206 Henriciano
3335 2152 3786 2206 l'uecunditatem.
3845 2151 3951 2213 Qui,

2290 2241 2411 2290 tum
2443 2243 2636 2307 postea
2666 2238 2692 2292 ?
2713 2239 2876 2306 Quid,
2913 2240 2959 2291 si
2988 2239 3042 2293 id
3072 2240 3220 2294 ultro
3265 2240 3566 2293 admittant
3591 2241 3954 2308 fateanturqw

2293 2327 2740 2396 Bambergenses
2771 2328 2797 2380 2’
2828 2329 2942 2381 Cur
2971 2328 3026 2381 id
3063 2328 3247 2398 magis
3275 2329 3336 2383 S.
3379 2327 3624 2393 Henrici,
3676 2345 3853 2398 quam
3880 2329 3954 2378 ali.

2290 2419 2551 2485 tempore
2587 2417 2825 2470 vetitum
2856 2417 2882 2468 ?
2913 2423 2994 2471 An
3029 2417 3251 2487 uspiam
3289 2418 3427 2485 legit
3481 2417 3618 2486 ipse,
3649 2417 3953 2470 castissima

2292 2519 2421 2557 rum
2477 2507 2791 2575 conjugum
2851 2507 3265 2560 continentiam
3319 2508 3490 2576 vulgo
3550 2512 3746 2559 notam
3799 2506 3956 2559 fuisse

2293 2593 2442 2664 quod
2477 2599 2705 2646 sanctus
2729 2595 2847 2665 ipse
2884 2595 3172 2658 Henricus,
3215 2595 3335 2664 jam
3395 2594 3564 2648 morti
3596 2594 3949 2664 proximus,i

2294 2682 2547 2752 primum
2575 2683 2861 2752 patefecit,
2898 2700 3130 2736 uxorem
3165 2684 3442 2752 virginem
3478 2683 3815 2754 propinquis
3849 2687 3948 2735 rest

2296 2772 2511 2823 tuens?
2545 2772 2863 2840 lnipostura
2895 2772 3006 2825 alia
3049 2772 3220 2825 aliam
3279 2773 3456 2826 trudit
3485 2789 3498 2825 :
3529 2772 3676 2826 eruit
3701 2772 3797 2825 ille
3831 2771 3958 2824 nimi

2296 2875 2427 2912 rum
2511 2859 2857 2914 documenta
2915 2860 3260 2924 authentica,
3348 2861 3557 2930 quibus
3618 2861 3958 2913 demonstran
