3944 6456
49 448 113 499 53
1698 454 1897 509 ACTA.
3477 462 3543 514 5i

50 569 235 634 deam,
271 569 414 623 satis
444 569 520 623 sit
569 570 849 641 Legendre
883 571 1051 624 fidem
1104 571 1161 624 in
1199 573 1301 625 hac
1360 574 1527 626 etiam
1585 582 1741 643 parte
1782 576 1824 626 A
1856 592 1983 628 cum
2038 576 2366 629 Heverendo
2425 576 2488 628 Ι).
2514 575 2747 628 custode
2804 576 3297 646 perlustraverim;
3362 595 3545 650 neque

38 657 394 723 ,vindicasse.

119 748 207 800 83.
248 747 375 800 Non
407 746 485 800 ita
522 746 1005 817 acquiescendum
1037 748 1231 801 censui
1266 749 1547 819 superiori
1592 751 1743 820 capi-

49 835 145 888 tali
194 834 639 898 concertationi,
672 835 739 887 de
800 835 1137 888 intemerata
1189 837 1485 907 utriusque
1517 838 1749 891 sanctis-

49 921 177 975 simi
236 922 515 992 conjugis
555 928 770 976 servata
828 922 887 976 in
939 924 1301 977 matrimonio
1358 926 1743 989 continentia;

50 1026 222 1078 quam
256 1026 395 1063 cum
429 1010 700 1079 speciosis
734 1012 1065 1065 Koslerianis
1103 1013 1315 1065 cavillis
1374 1016 1748 1084 aliquousque

28 1097 276 1167 .impeti,
315 1099 523 1151 saltem
557 1098 855 1167 suggillari
887 1116 1049 1169 posse
1088 1100 1463 1165 adverterem,
1509 1120 1605 1154 seu
1656 1119 1747 1153 ve-

24 1185 126 1253 ,ris
157 1202 261 1239 seu
306 1186 612 1255 prastensis
655 1186 769 1239 illis
800 1189 1060 1257 precibus
1092 1205 1194 1259 pro
1254 1190 1505 1259 conjugii
1537 1191 1747 1244 fmcnn-

26 1272 242 1343 ,Aditale,
307 1278 439 1326 tum
502 1289 634 1326 vero
691 1281 842 1327 recta
900 1275 1110 1344 aliqua,
1161 1277 1209 1328 si
1259 1279 1478 1346 superis
1512 1278 1744 1346 'placet!

51 1362 204 1430 prole
240 1360 462 1413 alicubi
493 1360 805 1423 insinuata,
842 1362 981 1415 nihil
1040 1364 1587 1433 praetermittendum
1645 1383 1748 1434 pu-

52 1448 157 1500 tavi
214 1448 283 1500 ad
309 1448 637 1501 obturanda
687 1464 799 1501 non
858 1451 1039 1502 solum
1126 1450 1599 1504 heterodoxorum
1653 1452 1747 1505 sed

51 1542 105 1588 et
135 1535 534 1595 audaciorum,
571 1536 993 1589 Catliolicorum
1026 1537 1461 1607 obloquentium
1498 1555 1615 1603 ora,
1650 1557 1748 1593 nec

56 1622 204 1691 prius
261 1622 464 1675 destiti
520 1637 690 1691 quam
745 1623 961 1675 fontem
1016 1625 1250 1677 omnino
1303 1624 1641 1678 detexissem
1680 1643 1747 1680 ex

54 1726 160 1779 quo
191 1716 310 1763 tam
366 1712 545 1779 varia,
601 1717 716 1763 tam
758 1710 1001 1779 diversa,
1059 1716 1173 1764 tam
1232 1728 1434 1781 parum
1494 1730 1746 1765 connexa

53 1798 417 1866 proﬂuxisse,
452 1799 673 1869 liquido
721 1800 948 1852 demum
1006 1799 1513 1869 deprehenderem.
1566 1802 1744 1865 Quem

28 1884 303 1940 ‘intinem
335 1886 625 1940 tabularia
668 1887 881 1948 omnia,
917 1892 1157 1955 regesta,
1193 1889 1537 1957 necrologia,
1571 1889 1745 1943 libros

58 1974 307 2026 chorales
353 1973 792 2041 Bambergensis
851 1973 1101 2027 ecclesiw
1162 1975 1346 2027 excuti
1402 1975 1613 2041 curavi,
1658 1992 1746 2029 ex-

56 2062 382 2131 ploraturus
441 2062 624 2115 sicubi
674 2066 791 2114 tam
842 2062 1066 2115 enormi
1129 2062 1428 2116 calumniae
1484 2065 1545 2117 in
1593 2065 1744 2118 anti-

26 2148 351 2217 .quioribus
389 2149 619 2219 scriptis
650 2166 788 2202 ansa
808 2149 1181 2219 praberetur.
1215 2153 1397 2220 Atque
1416 2151 1506 2204 hic
1532 2152 1741 2216 denuo,

56 2252 151 2306 pro
183 2236 403 2307 insigni
436 2254 540 2289 suo
568 2238 623 2289 in
657 2238 712 2290 S.
748 2238 1051 2291 tlenricum
1074 2237 1289 2304 studio,
1317 2254 1548 2308 operam
1605 2255 1741 2310 gna-

58 2324 193 2377 viter
220 2326 471 2378 contulit
501 2325 667 2378 toties
708 2325 968 2379 laudatus
1002 2326 1066 2379 R.
1103 2326 1160 2379 Ρ.
1224 2327 1428 2379 Rector
1486 2326 1746 2381 Nicotaus

61 2413 236 2475 Pottu,
268 2429 334 2465 ex
370 2414 535 2480 cujus
561 2412 782 2479 litteris,
817 2413 919 2465 hoc
952 2429 1100 2465 anno
1139 2416 1269 2467 l7‘23
1303 2415 1368 2467 ad
1431 2430 1521 2469 me
1575 2415 1739 2472 datis.

30 2500 171 2552 'rem
199 2500 600 2569 patentissime
631 2500 991 2569 explanatam
1025 2501 1151 2553 faxo
1211 2501 1514 2571 intelligas,
1574 2508 1741 2573 atque

64 2588 175 2640 luce
232 2589 557 2641 meridiana
626 2589 832 2641 clarius
912 2588 1250 2658 perspicias,
1339 2606 1559 2643 merum
1634 2592 1740 2660 tig-

65 2681 308 2728 nientum
347 2676 418 2727 de
468 2675 731 2744 precibus
789 2691 892 2744 pro
939 2674 1304 2729 fcecunditate
1352 2676 1737 2742 circumferri;

68 2784 85 2806 ι
115 2763 323 2830 prolem
352 2786 371 2807 υ
402 2780 537 2815 vero
564 2782 589 2812 ί(
608 2764 822 2832 regiam
850 2783 874 2812 ι)
894 2768 1022 2815 tunc
1038 2779 1155 2816 non
1179 2763 1359 2833 magis
1385 2780 1557 2833 quam
1574 2765 1742 2819 modo

64 2850 327 2904 exstitisse
359 2850 419 2903 in
466 2866 659 2904 rerum
696 2857 919 2903 natura.
947 2852 1085 2904 Rem
1118 2866 1224 2919 ego
1258 2867 1510 2917 omnem,
1569 2859 1742 2922 prout

64 2943 207 3005 gesta
229 2944 333 2999 est,
380 2938 685 3009 ipsiusmet
716 2937 962 2991 Pottuvii
995 2938 1178 2991 verbis
1208 2939 1358 2993 unde
1391 2945 1445 2992 et
1500 2940 1740 2994 candide

64 3040 391 3092 proponam.

126 3113 205 3164 8i.
247 3113 349 3166 Ubi
410 3129 479 3165 ex
530 3112 731 3165 litteris
792 3112 931 3165 meis
952 3111 1198 3182 objectas
1252 3113 1565 3166 calumnias
1605 3130 1737 3183 per-
1772 3117 1811 3169 ϐ
1848 3112 2101 3165 Salvator
2131 3110 2347 3165 mundi.

65 3198 310 3267 cepisset,
342 3199 403 3252 in
436 3200 559 3253 hinc
612 3199 735 3268 ipsa
785 3200 955 3253 verba
1006 3199 1339 3268 respondit:
1405 3222 1425 3247 ι
1482 3200 1741 3269 Acceptis

71 3286 388 3353 penultimis
420 3288 556 3340 Rev.
594 3290 690 3354 V.,
720 3287 907 3356 prima
938 3302 1063 3340 mea
1085 3303 1222 3340 cura
1264 3286 1392 3352 fuit,
1451 3287 1739 3358 inquirere

68 3370 117 3422 in
138 3372 453 3426 orationem
478 3389 651 3442 quam
685 3373 918 3443 quidem
960 3374 1227 3427 malevoli
1254 3374 1628 3444 compositam
1685 3382 1742 3430 et

67 3460 444 3528 praascriptam
477 3461 725 3530 lingunt,
759 3460 936 3529 ipsius
965 3461 1022 3515 8.
1054 3460 1278 3514 Henrici
1300 3461 1485 3531 jussu,
1535 3465 1604 3517 ad
1638 3463 1742 3516 im-

68 3544 389 3612 plorandam
420 3552 477 3602 et
520 3548 943 3617 impetrandam
973 3548 1226 3619 conjugii
1273 3548 1362 3602 sui
1403 3550 1739 3605 facundita-

69 3639 189 3697 tem,
222 3642 284 3687 nt
330 3635 550 3688 scilicet
578 3636 684 3689 hac
723 3635 945 3689 ratione
975 3635 1313 3705 impugnare
1372 3638 1590 3706 possint
1619 3639 1740 3708 ejus

70 3724 117 3771 et
140 3727 338 3776 sancta:
367 3721 631 3791 conjugis
687 3726 1025 3793 perpetuam
1072 3724 1486 3778 castimoniam.
1547 3726 1744 3781 Inveni

30 3834 33 3837 ι
68 3805 119 3859 in
136 3809 385 3864 custodia
417 3810 668 3863 ecclesiae
715 3810 1034 3879 Imperialis
1075 3810 1285 3866 librum
1331 3814 1740 3884 perantiqnum

67 3894 245 3965 utique
274 3898 575 3967 scriptum,
608 3902 671 3951 ut
700 3898 893 3951 omnia
923 3898 1086 3969 signa
1138 3900 1469 3964 ostendunt,
1517 3901 1740 3956 vivente

67 3984 234 4037 adhuc
301 3991 500 4039 sancto
571 3986 940 4055 imperatore.
1001 3988 1264 4041 Formam
1324 3988 1455 4041 libri
1512 3989 1740 4044 exhibet

69 4071 243 4125 charta
278 4074 521 4127 acclusa.
556 4074 782 4129 Extima
828 4075 1144 4145 tegumenti
1193 4092 1325 4145 pars
1350 4076 1600 4131 anterior
1650 4094 1737 4132 re-

70 4166 354 4226 praesentat
413 4161 664 4230 efﬁgiem
718 4162 899 4216 sancti
954 4163 1109 4217 Petri
1134 4164 1419 4233 Apostoli;
1460 4166 1742 4235 posterior

71 4248 229 4300 sancti
285 4248 487 4314 Pauli;
543 4248 771 4319 paginae
810 4254 941 4303 sunt
996 4266 1059 4304 ex
1108 4268 1476 4321 pergameno.
1521 4253 1739 4309 Titulus

74 4332 186 4387 libri
235 4342 335 4402 est,
406 4338 671 4391 Lrecnws
727 4340 1050 4393 Gnannxus.
1150 4340 1362 4393 Deinde
1438 4348 1735 4411 ponuntur

74 4422 349 4477 Gradualia
381 4424 713 4495 incipiendo
743 4426 812 4479 ab
845 4427 1126 4481 Adventu.
1167 4428 1405 4490 Quando
1435 4429 1733 4484 devenitur

76 4508 133 4561 ad
163 4511 384 4577 Pascha,
438 4518 739 4582 ponuntur
768 4513 1002 4567 Litanias
1041 4515 1239 4568 eadem
1270 4516 1449 4569 forma
1480 4521 1536 4570 et
1557 4519 1740 4587 ligura

76 4595 367 4653 litterarum
403 4600 729 4670 descriptas,
791 4618 964 4671 quam
986 4602 1181 4655 charta
1230 4603 1450 4656 acclusa
1490 4604 1735 4659 exhibet.

24 4700 25 4703 ‘
80 4683 131 4737 In
158 4686 258 4740 illis
287 4688 524 4742 Litaniis
563 4694 869 4760 postquam
891 4690 1037 4743 facta
1068 4689 1265 4744 fuisset
1307 4691 1584 4745 invocatio
1634 4710 1738 4762 pro

78 4787 276 4829 summo
304 4777 606 4839 Pontiﬁce,
660 4779 1006 4848 lmperatore
1056 4778 1311 4841 Henrico,
1361 4780 1740 4851 Chunigunde

82 4861 274 4929 regina,
308 4865 373 4918 ﬁt
399 4865 578 4919 etiam
611 4881 714 4934 pro
774 4865 1125 4919 nobilissima
1176 4867 1335 4935 prole
1391 4868 1588 4937 regali.
1633 4870 1739 4924 Sed

84 4950 420 5006 manifestum
483 4958 570 5005 est
631 4954 780 5022 quod
829 4970 893 5006 ex
946 4954 1049 5006 hac
1078 4953 1434 5007 invocatione
1457 4956 1741 5010 calumnia

84 5035 278 5091 nullum
320 5039 534 5093 habeat
582 5040 910 5109 prmsidium
947 5056 958 5092 :
998 5062 1017 5085 υ
1058 5040 1208 5109 quod
1242 5056 1370 5094 mox
1420 5041 1591 5110 paulo
1615 5041 1744 5093 ube-

24 5154 25 5165 ;
84 5119 200 5187 rius,
245 5128 309 5181 ad
368 5130 523 5181 mala
574 5128 953 5196 garrientium
1009 5144 1110 5180 ora
1167 5128 1597 5196 comprimenda
1646 5128 1743 5181 de-

24 5225 27 5257 ;
88 5215 484 5269 monstrabitur.
526 5216 716 5284 Pergit
743 5216 979 5284 epistola
1017 5231 1030 5268 :
1135 5202 1143 5211 ’

140 5296 267 5347 85.·ι
326 5299 555 5352 Nullam
607 5300 773 5351 aliam
835 5299 1155 5352 orationem
1204 5314 1309 5368 pro
1388 5298 1744 5368 impetranda

24 5410 27 5414 ›
87 5378 413 5440 fecunditate
436 5387 698 5457 conjugii
724 5386 1067 5440 sanctissimi
1101 5387 1464 5455 Imperatoris
1496 5386 1746 5456 reperire

24 5490 29 5517 -,
90 5470 242 5532 potui.
296 5474 524 5528 etiamsi
586 5474 893 5527 secundam
948 5478 1167 5543 partem
1216 5472 1532 5536 Uradualis,
1591 5472 1745 5526 varia

24 5604 27 5607 ,
92 5551 297 5611 Missalia
317 5566 372 5614 et
401 5560 716 5623 Breviaria,
750 5567 1008 5630 tempore
1033 5562 1087 5615 S.
1145 5560 1371 5615 Henrici
1403 5561 1631 5629 scripta,
1690 5568 1745 5613 et

24 5666 27 5669 λ
96 5640 255 5707 aliqua
284 5653 404 5713 post
429 5647 615 5716 ipsius
657 5648 872 5700 felicem
907 5649 1227 5709 transitum,
1288 5648 1581 5717 diligenter
1636 5664 1740 5699 una

1861 665 1919 717 D.
1978 665 2310 733 Eppenauer
2366 664 2423 716 in
2476 664 2659 716 Monte
2694 664 2746 717 S.
2807 664 3092 718 Michaelis
3123 665 3437 737 quidquam
3467 684 3545 721 re-

1858 751 2041 820 perire
2076 750 2274 820 potuit.
2308 772 2333 799 ››
2380 752 2454 804 Εη
2486 751 2660 819 igitur
2683 752 2951 805 refectam
2985 753 3371 823 undequaque
3414 755 3540 808 uni-

1857 855 1978 891 cam
2004 844 2086 890 tot
2143 839 2438 891 tictionum
2487 839 2912 907 scaturiginem,
2960 839 3116 892 nullo
3162 841 3388 910 negotio
3438 858 3536 895 ex-

1855 926 2237 996 purgandam.
2282 925 2474 994 Majori
2535 926 2777 978 candore
2808 943 2870 978 ac
2903 926 3223 981 sinceritate
3278 944 3365 981 res
3424 934 3544 983 tota

1856 1013 2055 1066 referri
2085 1014 2300 1083 nequit,
2345 1030 2517 1083 quam
2562 1030 2627 1066 ex
2655 1014 2906 1081 epistolis
2954 1013 3332 1067 familiaribus
3388 1016 3540 1068 ultro

1855 1101 2109 1170 citroque
2187 1101 2429 1169 scriptis,
2491 1117 2731 1171 quarum
2788 1102 2955 1154 verba
3014 1103 3373 1170 exponimus.
3437 1103 3537 1155 Vix

1857 1188 2119 1257 equidem
2158 1189 2350 1241 induci
2380 1205 2608 1257 possum
2643 1196 2705 1241 ut
2734 1189 2804 1242 ad
2841 1189 3017 1258 ipsius
3074 1189 3251 1242 sancti
3317 1190 3540 1243 Henrici

1856 1281 2077 1329 aetatem
2099 1276 2333 1329 citatum
2364 1277 2613 1329 codicem
2647 1277 2930 1345 pertinere
2964 1276 3306 1342 existimem,
3333 1294 3539 1346 quam-

1855 1364 1936 1415 vis
1965 1363 2127 1416 facile
2156 1363 2451 1416 admittam
2482 1380 2547 1416 ex
2579 1364 2895 1434 antiquiori
2927 1364 3119 1435 aliquo
3168 1365 3535 1433 descriptum,

1854 1450 1971 1503 imo
2006 1466 2237 1520 precum
2271 1451 2562 1517 formulas,
2616 1451 2903 1519 prasdictis
2957 1451 3183 1504 Litaniis
3230 1452 3289 1504 in
3334 1451 3539 1520 quibus

1855 1538 1938 1591 rei
1969 1539 2135 1591 cardo
2177 1538 2430 1603 vertitur,
2493 1538 2751 1601 insertas,
2810 1539 3013 1592 Sancto
3062 1540 3185 1608 ipso
3236 1540 3405 1607 longe
3444 1554 3535 1590 ve-

1853 1625 2121 1679 tustiores
2166 1641 2285 1679 esse
2341 1626 2587 1690 credam,
2638 1631 2691 1677 et
2746 1627 2801 1678 in
2854 1626 3201 1679 Germanicis
3267 1626 3535 1683 ecclesiis,

1854 1717 1974 1766 tum
2007 1713 2369 1783 praacedenti,
2405 1729 2535 1766 cum
2584 1714 2953 1782 sequentibus
3004 1714 3224 1767 saeculis
3283 1713 3534 1780 usitatas,

1857 1805 1917 1855 ut
1958 1801 2126 1853 modo
2162 1817 2356 1870 preces
2388 1800 2513 1853 alia:
2551 1807 2683 1853 sunt
2710 1801 2779 1853 ab
2813 1800 3114 1854 universali
3178 1802 3435 1855 Romana
3482 1805 3537 1853 et

1857 1888 1925 1941 ab
1954 1888 2077 1941 aliis
2105 1888 2354 1941 ecclesiis
2382 1893 2641 1957 receptae.
2682 1888 3013 1941 Rectissime
3044 1893 3233 1942 autem
3295 1888 3536 1941 advertit

1856 1976 2149 2030 Pottuvius
2179 1976 2397 2029 nullum
2428 1975 2485 2027 in
2514 1975 2582 2026 iis
2625 1975 2885 2027 formulis
2914 1974 3240 2044 prasidium
3293 1976 3535 2045 vulgatae

1853 2063 2157 2117 calumnias
2189 2079 2504 2133 superesse.
2535 2063 2899 2133 quantumvis
2954 2063 3085 2115 inde
3138 2062 3391 2131 argutari
3451 2062 3530 2114 vi-

1853 2153 2097 2205 deantur
2128 2150 2478 2205 Henriciana:
2522 2150 2870 2203 castimoniae
2905 2150 3356 2219 impugnatores,
3414 2150 3534 2221 qui-

1851 2239 1956 2292 bus
1986 2238 2077 2291 hic
2118 2238 2266 2291 ultro
2325 2238 2705 2307 suggerimus,
2762 2238 2919 2290 nullo
2950 2237 3303 2291 dissimulato
3353 2238 3529 2306 apice,

1851 2327 2130 2398 quidquid
2154 2327 2238 2379 vel
2274 2325 2638 2379 remotissimi
2692 2324 3029 2394 spargendis
3086 2324 3534 2393 exornandisque

1852 2413 2156 2467 calumniis
2241 2413 2559 2465 fomentum
2622 2412 2911 2482 praebuit:
2969 2412 3232 2481 quocirca
3290 2411 3535 2464 Litanias

1850 2502 2018 2571 ipsas,
2043 2517 2342 2572 quousque
2374 2500 2522 2570 typis
2559 2499 2766 2552 nostris
2822 2499 2876 2551 id
2908 2498 3031 2552 fieri
3055 2499 3260 2569 potuit,
3312 2498 3402 2551 hic
3432 2514 3534 2551 ex—

1847 2590 2175 2660 pandimus.
2212 2588 2471 2659 sequenti
2503 2588 2861 2657 paragrapho
2892 2587 3269 2656 explicandas.

2009 2676 2257 2730 LETAN.
2299 2677 2393 2729 AD
2430 2675 2601 2729 MISS.
2646 2676 2714 2728 ΙΝ
2759 2675 2871 2728 DIE
2908 2674 3032 2728 SCO
3074 2674 3358 2728 PASCHE.

1920 2767 2005 2817 86.
2047 2765 2152 2817 ch
2190 2780 2387 2831 vmcn',
2426 2764 2532 2816 ch
2572 2779 2795 2816 REGNAT.

1844 2852 1958 2919 ch
1988 2850 2250 2920 imperat.

1850 2937 2061 2990 Exaudi
2105 2953 2234 3007 xpe.
2294 2935 2528 2990 Summo
2563 2935 2819 3005 pontiﬁci
2875 2939 2932 2988 et
2993 2933 3300 2987 universali
3366 2950 3545 3003 [rapin-

1850 3024 1988 3078 uita.

2686 3111 2769 3163 Tu
2802 3109 2963 3162 illum
2996 3108 3222 3163 adiuua.

2684 3198 2767 3251 Tu
2805 3198 2965 3250 illum
3006 3196 3234 3250 adiuua.

2687 3287 2768 3339 Tu
2808 3284 2971 3338 illum
3012 3285 3240 3339 adiuua.

1846 3374 1946 3429 See
1983 3374 2228 3429 Andrea.
2683 3374 2765 3427 Tu
2803 3373 2964 3426 illum
3005 3373 3234 3426 adiuua.

1846 3465 2059 3519 Exaudi
2091 3481 2218 3535 xpe.
2686 3463 2949 3517 Reinrico
2976 3480 3006 3516 a
3028 3464 3098 3517 do
3121 3466 3391 3517 coronato
3414 3478 3529 3515 ma-

1916 3569 2029 3623 gno
2062 3558 2120 3607 et
2140 3552 2373 3623 paciﬁco
2412 3551 2743 3622 imperatori
2772 3551 2889 3604 vita
2919 3556 2975 3603 et
3000 3550 3256 3604 victoria.

1846 3641 2190 3711 Redemptor
2219 3640 2441 3694 mundi.
2686 3640 2769 3691 Tu
2807 3638 2971 3691 illum
3012 3638 3222 3691 adiuua

1844 3730 1944 3783 Sce
1984 3729 2241 3781 MICRAEL.
2686 3728 2764 3779 Tu
2808 3726 2971 3778 illum
3011 3725 3218 3778 adiuua

1845 3816 1945 3870 Sce
1983 3815 2266 3869 Gabrihel.
2686 3815 2769 3866 Tu
2808 3813 2969 3865 illum
3007 3812 3236 3866 adiuua.

1845 3904 1946 3958 See
1986 3902 2297 3973 Raphahel.
2687 3902 2770 3954 Tu
2810 3899 2970 3953 illum
3011 3899 3243 3954 adiuua.

1845 3992 1945 4045 Sce
1982 3991 2288 4045 Johannes.
2690 3990 2774 4041 Tu
2813 3988 2977 4041 illum
3018 3987 3243 4040 adiuua.

1846 4082 1945 4133 Sce
1983 4079 2287 4147 Stephane.
2689 4077 2771 4129 Tu
2810 4076 2973 4128 illum
3013 4075 3239 4128 adiuua.

1848 4165 2059 4219 Exaudi
2084 4180 2209 4234 xpe.
2684 4161 3074 4232 Chunigundae
3087 4162 3299 4232 regina:
3314 4163 3460 4215 salus
3478 4166 3534 4215 et

1920 4252 2055 4304 uita.

1847 4341 1949 4393 Sea
1986 4338 2175 4393 Maria.

1850 4428 1953 4480 Sca
1990 4424 2376 4494 Radagundis.

1849 4516 1950 4568 Sea
1988 4513 2128 4567 Gerd
2137 4511 2311 4565 rudis.

1850 4600 2061 4653 Exaudi
2094 4615 2218 4668 xpe.

1920 4689 2005 4740 lus
2028 4692 2083 4739 et
2112 4687 2249 4739 uita.

1847 4778 1946 4830 Sce
1986 4776 2262 4829 Clemens.

1849 4864 1947 4915 Sce
1992 4861 2131 4915 Uite.

1849 4950 1949 5004 Sce
1989 4949 2318 5002 Pantaleon.

1856 5036 2065 5091 Exaudi
2098 5053 2223 5106 xpe.

1927 5124 2062 5177 uita.

1852 5214 1952 5266 Sce
1993 5211 2241 5265 Maurici.

1853 5300 1953 5353 Sce
1995 5300 2329 5352 Lannnnnre.

1856 5389 1955 5440 Sce
1995 5388 2231 5439 Gereon.

1861 5473 2071 5527 Exaudi
2099 5490 2224 5541 xpe.

1931 5560 2071 5613 tioni
2099 5562 2160 5613 N.
2192 5562 2341 5613 salus
2365 5566 2420 5611 et
2447 5560 2583 5612 uita.

1863 5653 1963 5701 Sce
2002 5649 2283 5701 Siluester.

1846 3200 1946 3253 Sce
1984 3201 2145 3253 Petre

1846 3288 1946 3342 Sce
1981 3288 2172 3340 Paule.

2692 4338 2771 4389 'l‘u
2812 4336 2966 4389 illam
3008 4335 3237 4389 adiuua.

2690 4424 2774 4476 Tu
2816 4424 2971 4476 illam
3009 4423 3239 4476 adiuua.

2688 4512 2767 4562 Tu
2807 4510 2961 4563 illam
3002 4510 3230 4562 adiuua.

2694 4597 3069 4650 Nobilissima:
3085 4597 3231 4666 proli
3246 4598 3421 4666 regali
3443 4614 3529 4649 sa-

2692 4773 2773 4825 Tu
2814 4773 2874 4826 ill
2914 4774 3146 4827 adiuua.

2693 4861 2774 4913 Tu
2816 4860 2872 4912 ill
2915 4860 3143 4914 adiuua.

2695 4948 2777 5001 'l‘u
2820 4948 2879 5001 ill
2917 4948 3143 5001 adiuua.

2694 5036 2757 5089 Ν.
2784 5036 3002 5089 ductori
3043 5036 3275 5104 pacitico
3298 5035 3447 5087 salus
3475 5038 3529 5085 et

2698 5212 2778 5263 'l‘u
2822 5212 2981 5264 illum
3021 5210 3243 5264 adiuua.

2694 5298 2777 5349 Tu
2817 5298 2978 5351 illum
3017 5298 3244 5350 adiuua.

2693 5385 2773 5437 Tu
2815 5386 2976 5438 illum
3017 5385 3242 5437 adiuua.

2706 5472 2767 5524 N.
2794 5488 2901 5541 epo
2914 5476 2969 5524 et
2997 5476 3210 5522 cunctae
3224 5483 3535 5535 congrega-

2703 5643 2783 5695 Ἰἰι
2828 5644 2984 5695 illum
3027 5643 3252 5695 adiuua.
