3944 6448
395 415 460 465 155
1705 417 1759 470 ὃ.
1814 414 2099 470 llENltlLI
2144 413 2619 470 lll’l’lliATUlllS
3857 414 3913 461 liti

396 535 497 591 Sce
539 534 803 592 lartine.
1250 537 1332 593 'l‘u
1370 535 1535 593 illum
1574 536 1805 593 adiuua.

400 624 617 681 Exaudi
653 641 785 697 xpe.
1252 626 1808 698 omnibusjudicibus
1826 629 2097 681 etcuncto

471 713 747 769 exercitui
769 713 1117 787 xpianorum
1149 714 1267 770 uita
1294 720 1353 770 et
1376 714 1634 771 uictoria.

402 804 505 858 Sce
541 801 790 872 Georgii.
1254 805 1334 858 Tu
1374 802 1501 857 illos
1539 802 1764 857 adiuua.

402 892 504 946 See
544 894 989 949 Emmeramme.
1257 892 1339 946 Tu
1377 890 1505 947 illos
1544 891 1776 946 adiuua.

404 980 507 1035 Sce
549 979 906 1038 Sebastiano.
1258 982 1338 1035 Tu
1376 979 1505 1033 illos
1543 980 1777 1036 adiuua.

404 1067 511 1121 ch
546 1083 742 1134 vmcrr,
779 1068 887 1123 ch
926 1083 1154 1131 aacnar,
1195 1067 1311 1123 ch
1348 1080 1527 1119 laesa.

409 1154 524 1209 Rex
565 1169 787 1225 regum.
906 1140 913 1148 “
1252 1157 1364 1226 ch
1402 1155 1602 1211 uincit.
1644 1172 1774 1228 xpc.
1814 1160 2037 1228 regnat.

408 1241 601 1296 Gloria
627 1249 838 1298 nostra.
1245 1246 1360 1316 ch
1398 1244 1553 1300 uinc.
1597 1261 1729 1316 xpc.
1778 1261 1899 1315 reg.

409 1330 791 1386 Misericordia
817 1336 1035 1387 nostra.
1251 1335 1370 1404 ch
1407 1334 1561 1389 uinc.
1588 1346 1731 1405 ’xpc.
1776 1349 1895 1404 reg.
1936 1386 1947 1395 ,

406 1418 543 1487 Spes
579 1423 793 1473 nostra.
1253 1423 1370 1492 ch
1408 1423 1561 1477 uinc.
1604 1439 1731 1494 xpc.
1773 1438 1894 1491 reg.

404 1505 694 1561 Auxilium
718 1512 1003 1564 nostrum.
1249 1511 1367 1581 ch
1404 1512 1559 1565 unic.
1602 1526 1728 1581 xpc.
1769 1526 1888 1580 reg.

412 1593 655 1649 Victoria
695 1602 910 1652 nostra.
1255 1599 1370 1670 ch
1410 1599 1561 1655 uinc.
1603 1614 1727 1669 xpc.
1771 1614 1891 1669 reg.

411 1683 545 1751 Lux,
570 1684 682 1749 uia,
719 1685 929 1740 ueritas
964 1690 1176 1741 nostra.
1756 1689 1869 1758 ch
1939 1687 2104 1742 uinc.

413 1771 703 1827 Fortitudo
732 1778 789 1828 et
815 1773 1036 1830 iustitia
1061 1780 1276 1830 nostra.

410 1860 716 1916 Prudentia
745 1867 803 1917 et
829 1863 1217 1934 temperantia
1249 1869 1465 1919 nostra.

410 1948 690 2004 Liberatio
720 1956 780 2005 et
801 1952 1125 2022 redemptio
1153 1957 1368 2007 nostra.

411 2042 581 2093 Arma
615 2046 813 2094 nostra
844 2039 1246 2095 inuictissima.

410 2126 601 2180 Murus
633 2129 704 2181 ἤι’
754 2127 1240 2198 inexpugnabilis.

418 2214 681 2269 Defensio
711 2220 768 2269 et
798 2216 1066 2270 exaltatio
1089 2222 1301 2271 nostra.
1782 2222 1912 2290 .\'pc.
1953 2222 2107 2275 uinc.

417 2303 535 2373 lpsi
565 2302 673 2356 soli
699 2303 1009 2374 imperium
1032 2305 1214 2376 gloria
1251 2310 1309 2360 et
1347 2310 1596 2377 potestas
1630 2324 1734 2379 per
1760 2308 2110 2364 immortalia

490 2390 606 2446 scla
635 2393 884 2447 sclorum
914 2409 1024 2447 am.

420 2479 537 2551 Ipsi
568 2479 676 2535 soli
703 2481 846 2548 laus,
877 2481 1061 2537 honor
1089 2486 1144 2537 et
1172 2482 1434 2539 iubilatio
1465 2500 1569 2554 per
1595 2484 1823 2540 inﬁnita
1851 2486 1969 2540 scla
2022 2504 2110 2541 se-

494 2569 757 2623 culorum
783 2586 971 2624 amen.
1431 2580 1437 2589 ‘

421 2656 538 2726 Ipsi
568 2657 675 2711 soli
705 2658 904 2721 uirtus,
938 2658 1210 2713 fortitudo
1245 2665 1303 2715 et
1326 2659 1565 2715 victoria
1597 2677 1697 2732 per
1755 2663 1953 2717 omnia
2000 2666 2116 2717 scla

492 2746 738 2801 sclorum
764 2764 948 2801 amen.

421 2822 527 2889 er
556 2851 682 2889 AVDI
728 2852 854 2890 nos.
900 2837 1032 2890 Τεκ.

398 2923 601 2982 ,Κγιιικ
642 2940 878 2980 snarsox
890 2967 905 2981 .

1771 1777 1905 1846 ch.
1950 1776 2103 1831 uinc.

1774 1866 1905 1935 ch.
1948 1865 2104 1920 uinc.

1779 1956 1912 2026 ch.
1955 1955 2108 2011 uinc.

1775 2045 1909 2115 ch.
1953 2043 2107 2098 uinc.

1789 2134 1921 2202 ch.
1954 2132 2106 2187 ninc.

595 3028 623 3100 ἓ
656 3029 740 3083 ΙΧ.
778 3032 862 3084 Ea:
889 3031 1127 3085 Litam‘is
1157 3032 1640 3099 Bambergeusibus
1671 3035 1943 3087 incassum

1108 3104 1429 3171 suggillata.

488 3188 578 3242 87.
601 3188 788 3244 Habes
813 3188 986 3246 modo
1015 3189 1142 3244 orbi
1171 3189 1495 3260 expositum
1526 3198 1584 3245 et
1605 3192 1920 3246 revelatum
1964 3208 2113 3264 pra-

419 3280 647 3331 tensum
677 3276 1002 3348 iniquitatis
1026 3277 1386 3348 mysterium,
1411 3278 1565 3350 quod
1596 3278 1655 3333 in
1688 3279 1924 3335 Litaniis
1946 3283 2111 3337 Bam-

421 3363 795 3434 bergensibus
845 3363 1023 3418 latere
1048 3364 1260 3418 frustra
1316 3364 1425 3419 sibi
1479 3374 1887 3437 persuaserunt
1928 3369 2112 3423 conti-

422 3451 636 3508 nentia
664 3451 1016 3507 Henriciana
1043 3468 1161 3507 non
1188 3453 1382 3508 minus
1401 3470 1575 3526 quam
1604 3455 1793 3510 omnis
1848 3457 2113 3512 castimo-

424 3540 556 3605 nia,
592 3541 653 3595 in
682 3542 942 3596 Romana
960 3542 1223 3597 Ecclesia
1250 3547 1547 3615 tantopere
1576 3544 1893 3609 astimata,
1921 3562 2115 3600 osores

428 3628 715 3683 malevoli.
770 3629 993 3684 Redditi
1047 3634 1180 3685 sunt
1227 3632 1579 3687 characteres
1631 3649 1852 3696 omnes,
1910 3635 2114 3689 saltem

425 3718 612 3789 quoad
641 3717 768 3774 ﬁeri
794 3719 1004 3791 potuit,
1055 3725 1186 3791 post
1231 3722 1536 3776 exclusase
1588 3721 1971 3794 typographia
2009 3723 2117 3778 ab-

421 3806 803 3875 brevationes,
835 3825 977 3880 quas
1000 3809 1061 3865 in
1087 3826 1166 3865 as
1206 3810 1462 3866 incidere
1495 3827 1688 3883 opera
1716 3812 1971 3882 pretium
2027 3812 2117 3866 vi-

428 3912 553 3951 sum
583 3912 699 3951 non
721 3901 827 3967 est,
857 3913 990 3953 cum
1019 3914 1087 3953 ex
1112 3899 1179 3953 iis
1203 3900 1609 3954 controversia
1652 3905 1827 3971 caput
1880 3901 2117 3956 minime

425 3983 688 4054 pendeat.
712 3985 957 4042 Libellus
988 3986 1096 4041 iste
1125 3987 1418 4057 gradualis
1464 3988 1747 4059 oblongus
1788 3994 1894 4058 est,
1933 4006 2116 4062 angu-

427 4072 617 4128 stioris
657 4073 884 4141 forma,
939 4075 1229 4130 tantillum
1298 4077 1624 4145 superantis
1677 4078 1974 4133 columnas
2026 4080 2118 4135 hic

424 4161 787 4233 compositas,
819 4161 1030 4233 quibus
1078 4163 1252 4219 verba
1287 4164 1481 4218 omnia
1512 4166 1827 4221 secundum
1876 4167 2118 4238 syllabas

426 4255 485 4305 et
534 4251 718 4305 lineas
760 4250 1017 4306 adhibita
1062 4256 1219 4322 sunt,
1277 4252 1438 4307 nullo
1496 4253 1657 4325 apice
1705 4255 1963 4327 neglecto
2018 4262 2119 4311 aut

428 4338 798 4433 transposito.
835 4340 973 4395 Tres
990 4339 1179 4433 ferme
1208 4342 1462 4433 pagellas
1512 4342 1714 4433 implet
1745 4348 1861 4399 tota
1912 4362 1980 4400 ea
2025 4345 2113 4400 Li-
2144 4379 2187 4433 υ

428 4427 605 4495 tania,
654 4433 740 4482 tot
769 4428 1233 4499 suppositionum
1263 4436 1321 4485 et
1375 4431 1791 4487 calumniarum
1841 4433 2113 4501 materia;

428 4532 603 4588 quam
632 4516 796 4571 nobis
831 4517 903 4571 ad
941 4517 1116 4571 libelli
1147 4533 1411 4574 normam
1462 4520 1715 4576 dividere
1771 4538 1892 4577 non
1931 4522 2115 4587 licuit,

430 4604 566 4661 satis
618 4604 727 4660 fuit
784 4610 968 4660 totam
1018 4605 1266 4662 fideliter
1326 4613 1783 4679 reprasentasse,
1857 4610 2119 4666 Rubricis

428 4693 783 4765 capitalibus,
816 4698 881 4749 ut
900 4694 1071 4765 vulgo
1101 4696 1434 4768 loquuntur,
1461 4698 1521 4752 in
1550 4698 1736 4769 prima
1767 4698 1909 4753 facie
1939 4697 2121 4753 nitide

430 4781 688 4852 depictus
715 4787 801 4836 est
844 4783 1148 4854 pradictus
1204 4784 1423 4852 titulus,
1468 4786 1736 4841 LIBELLL'S
1787 4787 2119 4854 (insumus,

429 4869 635 4927 litteris
684 4870 979 4926 hodierna
1023 4874 1220 4929 forma
1271 4890 1383 4929 non
1457 4875 1704 4929 multum
1764 4874 2122 4929 absimilibus

428 4964 639 5030 prater
662 4960 715 5013 Ε.
750 4960 811 5015 G.
866 4964 989 5018 Aet
1039 4963 1098 5017 Ι).
1153 4962 1374 5019 Titulus
1425 4963 1666 5017 interior
1702 4962 1894 5017 rubris
1948 4963 2121 5018 etiam

433 5047 779 5118 majuscnlis,
811 5054 1120 5122 utcumque
1164 5052 1313 5123 typis
1369 5051 1580 5106 nostris
1624 5051 1985 5121 exprimitur.
2035 5051 2123 5105 Sic

428 5134 637 5189 littera
666 5134 912 5190 initiales
943 5153 1141 5191 omnes
1170 5136 1429 5191 miniata
1459 5141 1613 5202 sunt,
1649 5136 1735 5190 uti
1772 5141 1829 5191 et
1875 5137 1935 5203 Χ,
1985 5152 2125 5208 quo-

430 5223 781 5296 tiescumque
810 5225 1056 5279 recurrit
1097 5224 1306 5280 Christi
1330 5223 1647 5279 Servatoris
1695 5239 1929 5291 nomen,
1960 5225 2124 5294 cujus

430 5329 869 5384 monogramma
939 5314 1079 5368 satis
1136 5318 1337 5366 notum
1395 5329 1517 5365 esse
1567 5316 1859 5382 putamus.
1933 5307 2121 5367 Fidem

431 5419 532 5456 nos
559 5400 786 5473 integre
844 5394 1141 5468 liberasse,
1195 5399 1394 5455 testari
1452 5405 1724 5471 poterunt
1770 5401 2122 5473 quicumque

429 5490 854 5561 antographum
886 5489 1079 5559 ipsum
1107 5488 1439 5558 Bamberga
1462 5487 1741 5558 inspicere
1764 5494 1821 5543 et
1858 5505 1989 5543 cum
2021 5490 2126 5543 hac

430 5579 683 5633 editione
713 5579 974 5632 conferre
1004 5576 1415 5645 dignabuntur.

501 5672 589 5721 88.
627 5669 803 5720 Porro
833 5665 1063 5719 schema
1090 5664 1156 5718 ad
1193 5677 1282 5717 me
1337 5665 1751 5733 transmissum,
1807 5672 1979 5737 atque
2038 5666 2127 5720 hic

2129 541 2174 591 Α
2214 536 2361 609 typis
2405 551 2697 602 excusum,
2757 541 2874 590 tam
2904 534 3089 607 rigide
3121 550 3223 606 per
3262 534 3489 606 singula
3546 534 3794 602 excussi,
3861 541 3917 589 ut

2211 625 2353 679 nihil
2382 624 2659 679 intactum
2688 623 3022 695 reliquerim
3056 623 3195 694 quin
3229 623 3286 678 id
3314 623 3592 678 continuo
3650 625 3916 679 Bamber-

2212 713 2482 784 gensibus
2538 713 2868 784 objicerem.
2922 712 3213 783 Imprimis
3270 712 3504 767 Litanite
3577 713 3721 779 ista,
3782 714 3915 767 licet

2215 802 2544 871 Bamberga
2566 801 2877 855 hodiedum
2905 806 3221 865 asservala,
3257 818 3361 872 pro
3392 800 3676 856 istiusmet
3731 803 3915 857 eccle-

2212 891 2310 946 sia
2335 907 2443 945 usu
2471 889 2696 962 scriptae
2753 907 2860 942 unn
2923 889 3208 954 videntur,
3271 889 3386 955 ubi,
3456 891 3655 960 procul
3709 890 3913 949 dubio.

2211 980 2419 1033 addita
2449 984 2640 1032 essent
2666 978 3079 1049 appellationes
3117 979 3438 1033 fundatoris
3468 985 3525 1033 et
3555 978 3911 1034 fundatricis.

2214 1068 2495 1122 Praterea
2532 1084 2647 1122 non
2687 1074 2837 1122 recte
2886 1067 3149 1138 signatur
3203 1069 3463 1133 Sanctus,
3511 1088 3537 1118 α
3599 1068 3916 1139 imperator

2212 1174 2246 1210 a
2273 1157 2385 1211 Deo
2414 1161 2736 1223 coronatus,
2764 1176 2787 1205 ι
2824 1155 2962 1211 dum
2991 1155 3224 1210 interim
3268 1156 3610 1225 Cunegundi
3670 1156 3913 1227 simplex

2212 1245 2464 1317 regina.
2502 1245 2701 1298 titulus
2758 1244 3086 1315 apponitur,
3159 1244 3629 1315 quandoquidem
3692 1251 3921 1298 constet

2216 1332 2414 1388 ambos
2444 1333 2643 1388 eodem
2674 1333 2766 1387 die
2797 1351 2831 1387 a
2863 1334 3162 1387 Benedicto
3217 1334 3321 1387 PP.
3373 1333 3513 1396 \'lll,
3546 1349 3698 1387 anno
3758 1336 3915 1395 ltili,

2219 1422 2412 1477 Roma
2442 1422 2696 1476 Casareo
2725 1420 3049 1476 diademate
3073 1421 3344 1491 impostio
3401 1420 3806 1492 inauguratus.
3846 1427 3915 1476 At

2220 1527 2351 1565 vero
2400 1510 2608 1565 Kaleri
2675 1512 2929 1581 palmare
2979 1518 3384 1580 argumentum
3454 1527 3557 1580 pro
3614 1512 3919 1563 existentia

2224 1626 2241 1647 ι
2282 1599 2654 1654 nobilissima
2682 1599 2859 1670 prolis
2890 1599 3119 1669 regalis,
3152 1622 3168 1645 ο
3204 1599 3388 1652 acrius
3412 1599 3745 1670 intorquere
3803 1616 3917 1652 non

2220 1687 2432 1755 destiti,
2457 1687 2563 1741 hoc
2594 1687 2772 1742 ferme
2800 1686 3123 1753 ratiocinio,
3147 1688 3217 1741 ad
3271 1686 3593 1754 hominem,
3633 1691 3698 1742 ut
3726 1686 3916 1750 aiunt,

2220 1776 2488 1831 adversus
2544 1776 2990 1846 Bambergenses
3069 1775 3455 1828 concludens:
3519 1775 3642 1828 Non
3720 1773 3918 1827 minus

2220 1870 2436 1918 certum
2468 1869 2572 1934 est,
2595 1863 2655 1918 in
2699 1863 2770 1917 iis
2805 1862 3036 1918 Litaniis
3085 1863 3267 1917 Deum
3324 1861 3576 1916 invocari
3627 1878 3731 1933 pro
3767 1882 3796 1913 ι
3830 1880 3911 1914 sa-

2222 1953 2336 2006 lute
2358 1956 2415 2007 et
2444 1952 2556 2006 vita
2588 1952 2957 2005 nobilissima
2989 1951 3165 2022 prolis
3217 1951 3445 2021 regalis,
3480 1973 3506 1998 ››
3559 1967 3734 2023 quam
3787 1967 3910 2004 cer-

2218 2045 2342 2096 tum
2374 2044 2446 2095 sit
2475 2040 2730 2095 invocari
2759 2057 2863 2112 pro
2888 2040 3000 2094 vita
3031 2044 3087 2094 et
3142 2040 3379 2094 victoria
3408 2041 3460 2094 S.
3502 2039 3752 2107 Henrici,
3812 2055 3915 2110 pro

2220 2130 2401 2184 salute
2422 2135 2481 2184 et
2522 2129 2637 2183 vita
2668 2130 2730 2184 S.
2770 2128 3203 2199 Chunigunda;
3234 2134 3406 2200 atque
3426 2129 3534 2183 hoc
3593 2128 3913 2183 secundum

2219 2218 2371 2289 apud
2399 2233 2498 2271 vos
2524 2216 2912 2271 indubitatum
2944 2220 3047 2283 est,
3086 2215 3289 2287 quidni
3317 2215 3495 2285 igitur
3535 2220 3591 2270 et
3613 2215 3869 2286 primum
3894 2219 3917 2268 θ

2219 2308 2419 2361 Preces
2439 2321 2543 2377 pro
2575 2305 2913 2375 conjugibus
2952 2309 3017 2358 ut
3048 2304 3189 2358 vivis
3217 2303 3433 2359 ibidem
3464 2303 3535 2359 ad
3571 2304 3747 2358 Deum
3783 2304 3916 2358 fun-

2218 2394 2452 2460 duntur,
2484 2394 2674 2448 vivere
2710 2394 2902 2465 itaque
2920 2392 3093 2447 etiam
3124 2393 3375 2463 oportuit
3436 2413 3464 2444 ι
3498 2392 3916 2447 nobilissimam

2221 2484 2440 2555 prolem
2468 2483 2740 2554 regalem,
2776 2500 2803 2532 ι
2833 2487 2890 2536 et
2937 2497 3066 2553 qua
3117 2481 3249 2536 inde
3313 2482 3519 2536 Kaleri
3565 2482 3921 2535 consectaria

2221 2577 2374 2626 sunt.
2398 2573 2526 2626 Hac
2556 2569 2809 2625 exercitii
2842 2570 3047 2640 gratia,
3099 2569 3181 2622 uti
3238 2571 3546 2640 loquimur,
3572 2586 3604 2623 a
3653 2585 3744 2623 me
3784 2585 3918 2638 pro-

2222 2660 2405 2731 posita
2431 2658 2655 2714 erudite
2697 2659 2962 2712 enodamt
3009 2662 3065 2711 et
3120 2658 3377 2712 dissolvit
3430 2655 3748 2723 Pottuvins,
3812 2656 3919 2710 tri-

2224 2748 2327 2803 bus
2358 2746 2824 2818 responsionibus
2872 2747 2951 2799 sic
3000 2747 3195 2799 omnia
3236 2744 3554 2813 elucidans,
3607 2749 3671 2799 ut
3713 2745 3923 2798 habeat

2226 2837 2479 2892 Kalerus
2508 2835 2719 2907 quibus
2745 2834 3083 2906 acquiescat.
3108 2834 3289 2887 Verba
3310 2832 3434 2904 ejus
3459 2833 3704 2887 tideliter
3741 2834 3920 2887 etiam

2224 2925 2421 2981 reddo.

2295 3017 2384 3067 89.
2419 3037 2437 3060 ι
2466 3011 2522 3066 Si
2545 3012 2801 3066 Koelerus
2833 3028 2896 3065 ex
2947 3010 3133 3065 verbis
3184 3009 3535 3065 Litaniarum
3590 3026 3720 3082 qua
3752 3026 3918 3082 repe-

2151 3098 2190 3150 Β
2220 3100 2451 3156 riuntur
2470 3099 2532 3153 in
2561 3099 2830 3155 Graduali
2868 3100 3279 3170 manuscripto.
3336 3099 3696 3153 NOBILISSII.t-l
3763 3115 3916 3153 PRULI

2222 3203 2411 3243 REGALI
2449 3203 2609 3242 sanus
2653 3202 2717 3241 ιτ
2770 3203 2911 3253 νιτΑ,
2961 3186 3080 3240 vult
3116 3186 3348 3250 inferre,
3418 3202 3485 3239 ex
3546 3185 3919 3240 matrimonio

2222 3284 2549 3332 sanctorum
2621 3276 2847 3331 Henrici
2904 3292 2968 3329 ac
3046 3274 3413 3344 Cunegundis
3468 3273 3672 3329 saltem
3736 3275 3919 3329 tiliam

2223 3366 2395 3422 fuisse
2423 3365 2701 3437 genitam,
2732 3380 2850 3418 non
2891 3368 3038 3418 recte
3075 3362 3264 3417 infert.
3304 3384 3329 3410 ιι
3368 3363 3447 3417 En
3483 3363 3918 3434 responsionem

2222 3454 2471 3527 primam
2504 3471 2516 3508 :
2557 3474 2585 3507 σι
2615 3453 2759 3518 Quia
2785 3451 3186 3507 verosimiliter
3215 3451 3447 3505 Litania
3480 3451 3603 3505 ista:
3631 3451 3753 3522 jam
3785 3462 3920 3506 ante

2224 3549 2485 3612 tempora
2506 3543 2562 3597 S.
2598 3541 2825 3596 Henrici
2862 3542 3098 3595 fuerunt
3130 3540 3191 3594 in
3240 3557 3347 3595 usu
3384 3540 3446 3594 in
3477 3540 3726 3595 ecclesiis
3776 3543 3917 3595 Ger-

2226 3631 2448 3697 mania,
2497 3636 2772 3701 tanquam
2830 3629 3091 3683 formula
3163 3645 3498 3683 communes
3560 3630 3919 3700 supplicandi

2222 3736 2329 3792 pro
2361 3720 2651 3787 Pontiﬁce,
2688 3720 3055 3788 imperatore,
3093 3716 3477 3788 lmperatrice,
3502 3722 3608 3771 etc.
3645 3718 3767 3772 Non
3789 3719 3920 3789 qni-

2226 3809 2356 3864 dem
2381 3809 2715 3875 diﬂitemur,
2744 3808 2869 3860 illas
2901 3812 3064 3860 atate
3095 3808 3148 3861 S.
3200 3805 3425 3861 lleurici
3456 3804 3770 3876 descriptas
3801 3807 3920 3860 sixe

2225 3901 2478 3952 exaratas
2535 3897 2738 3962 fuisse;
2796 3896 2852 3950 id
2921 3895 3077 3949 enim
3116 3901 3234 3950 tam
3288 3896 3475 3964 ligura
3524 3894 3919 3949 characterum

2224 3984 2324 4039 illo
2363 3990 2625 4056 tempore
2657 3984 2885 4051 usitata,
2914 3998 3091 4054 quam
3120 3983 3403 4055 expressio
3434 3982 3738 4038 nominum
3781 3985 3921 4038 lien-

2225 4073 2328 4127 rici
2349 4078 2406 4128 et
2434 4072 2823 4143 Cunegundis,
2859 4088 2963 4142 pro
3013 4071 3220 4143 quibus
3277 4077 3555 4142 tanquam
3586 4071 3724 4125 vivis
3782 4088 3921 4143 snp-

2226 4162 2493 4234 plicatur,
2521 4162 2688 4216 nobis
2741 4160 3086 4231 persuadet:
3116 4160 3213 4214 sed
3268 4160 3455 4213 solum
3495 4159 3739 4213 dicimus
3802 4160 3925 4213 illa:

2227 4256 2359 4322 post
2407 4251 2760 4307 erectionem
2826 4249 3079 4305 ecclesia
3137 4248 3591 4319 Bambergensis,
3672 4264 3743 4302 ex
3814 4252 3923 4303 alio

2227 4340 2540 4411 exemplari
2564 4338 2877 4410 descriptas
2907 4354 3009 4392 seu
3066 4342 3453 4408 transumptas
3506 4335 3702 4402 fuisse,
3761 4336 3920 4389 addi-

2226 4430 2298 4484 tis
2321 4434 2455 4483 tunc
2482 4427 2815 4483 nominibus
2864 4426 3091 4482 llenrici
3122 4430 3180 4481 et
3226 4423 3618 4495 Cunegundis,
3647 4428 3921 4494 tanquam

2231 4524 2359 4571 actu
2397 4517 2786 4588 regnantium.
2832 4516 3029 4585 Neque
3075 4514 3254 4585 gratis
3320 4515 3375 4568 id
3435 4512 3707 4579 dicimus;
3792 4515 3923 4583 quia

2232 4611 2384 4660 totus
2418 4605 2665 4660 Libellus
2695 4603 2988 4674 gradualis
3020 4604 3198 4673 (cujus
3227 4602 3356 4656 dua
3386 4606 3520 4655 sunt
3549 4606 3760 4671 partes,
3813 4617 3925 4655 una

2232 4694 2514 4761 hiemalis,
2548 4695 2728 4748 altera
2770 4692 2988 4759 astiva)
3024 4699 3108 4745 est
3155 4691 3475 4763 descriptus
3523 4706 3591 4743 ex
3634 4694 3923 4761 exempla-

2233 4784 2388 4838 ribus
2415 4783 2473 4838 in
2504 4782 2760 4837 ecclesiis
2796 4780 3070 4836 'adhiberi
3101 4779 3300 4833 solitis.
3353 4779 3550 4835 Merito
3604 4777 3783 4849 igitur
3838 4797 3923 4832 as-

2232 4872 2494 4937 serimus,
2524 4871 2702 4926 etiam
2743 4869 3014 4933 Litanias,
3059 4885 3191 4940 qua
3237 4873 3370 4923 sunt
3417 4884 3549 4939 pars
3605 4866 3922 4927 Gradualis,

2230 4960 2403 5015 fuisse
2431 4966 2567 5015 tunc
2615 4958 2742 5012 aliis
2791 4956 3038 5011 ecclesiis
3095 4973 3451 5021 communes,
3484 4961 3541 5009 et
3573 4971 3641 5009 ex
3690 4954 3921 5009 illarum

2232 5047 2658 5119 exemplaribus
2701 5047 3054 5116 desumptas.
3123 5045 3304 5115 Igitur
3359 5060 3427 5098 ex
3473 5044 3585 5098 illis
3614 5058 3730 5097 non
3773 5052 3925 5097 recte

2232 5135 2495 5199 infertur,
2547 5151 2616 5189 ex
2647 5133 3016 5189 matrimonio
3059 5138 3384 5187 sanctorum
3428 5131 3653 5186 Henrici
3700 5135 3758 5184 et
3819 5133 3924 5187 Cu-

2233 5224 2513 5293 negundis
2571 5222 2936 5293 progenitam
2986 5236 3107 5274 esse
3137 5222 3339 5274 saltem
3397 5219 3597 5284 tiliam,
3629 5218 3729 5289 qui
3795 5228 3925 5274 sunt

2232 5312 2481 5365 formula
2500 5311 2863 5365 solummodo
2890 5309 3236 5363 communis.
3273 5328 3299 5359 ιι

2304 5404 2392 5456 90.
2414 5400 2683 5471 Apposite
2722 5403 2888 5468 urget
2931 5397 3226 5452 Pottuvius
3247 5402 3304 5451 et
3324 5396 3506 5467 magis
3524 5395 3695 5451 etiam
3742 5395 3920 5451 instat

2232 5488 2343 5543 hoc
2382 5488 2549 5543 modo
2582 5504 2596 5542 :
2635 5512 2652 5537 ι
2688 5488 2854 5553 Quod
2880 5487 2928 5539 si
2959 5487 3269 5541 contendas
3320 5485 3571 5541 Litanias
3625 5484 3762 5538 istas
3812 5503 3925 5540 non

2235 5595 2356 5632 esse
2388 5578 2719 5649 desumptas
2753 5593 2819 5631 ex
2849 5576 2976 5630 aliis
3031 5576 3471 5645 exemplaribus,
3507 5574 3602 5628 sed
3648 5589 3752 5643 pro
3807 5575 3926 5645 ipsa

2236 5665 2469 5720 ecclesia
2503 5664 2906 5735 Bambergeusi
2938 5665 3127 5734 primo
3167 5664 3341 5718 fuisse
3390 5662 3762 5733 compositas,
3825 5665 3918 5717 de-
