3944 6428
176 412 231 461 37
1809 413 1856 462 Ai

3584 411 3648 460 ζίδ

104 540 109 545 ·
174 546 289 584 nius
318 528 377 583 id
408 529 492 583 ita
530 546 671 595 esse,
702 528 853 599 quod
908 531 1099 582 tamen
1146 543 1259 581 non
1292 528 1522 597 probas;
1557 529 1653 582 sed
1677 528 1755 583 sic
1785 544 1849 583 ex
1882 533 1927 585 Α
1964 546 2159 600 scopos
2213 536 2542 600 pi'assentes,
2617 528 2699 583 uti
2746 530 2917 583 refert
2993 528 3275 582 Ditmarus
3349 528 3647 598 episcopus

172 617 297 689 ipsis
388 617 625 671 Litaniis
707 615 949 670 ostendo
1027 620 1247 669 sanctos
1331 616 1623 685 conjuges,
1702 622 1855 682 tunc,

172 706 390 776 quando
447 705 681 759 Litanize
722 704 949 773 scriptas
1008 704 1258 769 fuerunt,
1288 719 1401 755 non
1433 703 1693 756 habuisse
1722 720 1856 773 pro-

171 797 290 848 lem.
323 794 472 859 Quia
511 794 557 847 si
617 793 966 857 habuissent,
999 792 1058 845 in
1102 791 1335 846 Litaniis
1384 794 1467 845 vel
1530 809 1855 862 expressum

173 882 361 935 fuisset.
419 898 630 935 nomen
688 881 879 952 prolis,
943 881 1089 935 sicut
1160 896 1417 951 expresse
1476 880 1583 934 fuit
1649 896 1857 933 nomen

176 970 395 1025 Henrici
430 975 486 1025 et
506 970 895 1036 Cunegundis,
952 970 1039 1023 vel
1094 971 1290 1022 saltem
1326 968 1604 1021 indicatus
1663 969 1859 1021 fuisset

174 1075 345 1120 sexus,
373 1075 448 1111 an
513 1058 584 1111 sit
614 1058 767 1111 ﬁlius
796 1058 880 1110 vel
913 1058 1049 1110 ﬁlia.
1110 1058 1270 1118 Nam,
1332 1056 1476 1109 sicut
1524 1057 1581 1109 in
1612 1056 1858 1109 formula

174 1146 603 1217 supplicationis
632 1163 735 1216 pro
756 1151 951 1198 sancto
995 1146 1232 1199 IIenrico
1261 1144 1499 1198 dicitur:
1538 1162 1565 1193 (ι
1595 1144 1672 1198 Tu
1696 1146 1854 1197 illum

174 1236 396 1304 adjuva,
416 1254 443 1284 ι)
467 1234 527 1287 in
551 1234 967 1303 supplicatione
985 1250 1087 1302 pro
1106 1239 1297 1286 sancta
1313 1233 1690 1302 tlunegunde:
1727 1254 1749 1281 ς
1776 1235 1853 1285 'l‘u

175 1323 321 1377 illam
347 1323 576 1392 adjuva,
602 1342 628 1371 ι)
654 1322 749 1387 ita,
782 1321 829 1375 si
860 1327 994 1375 tunc
1026 1322 1330 1376 exstitisset
1357 1322 1469 1375 ﬁlia
1503 1322 1727 1389 regalis.
1761 1324 1856 1375 de-

173 1412 381 1464 buisset
405 1408 554 1463 dici:
587 1430 612 1457 ς(
647 1410 726 1462 'I‘u
756 1408 913 1464 illam
935 1408 1157 1478 adjuva.
1189 1428 1211 1460 ι
1233 1410 1374 1463 Cum
1405 1410 1587 1461 solum
1613 1415 1858 1478 ponatur

174 1498 797 1567 perabbreviationem:
826 1497 1050 1550 «Tuill.
1076 1497 1296 1566 adjuva,
1316 1518 1342 1543 ››
1385 1497 1532 1567 quod
1554 1520 1571 1541 «ι
1601 1498 1678 1551 ill.
1709 1520 1727 1544 υ
1756 1514 1859 1551 nec

171 1586 325 1639 illum
390 1601 491 1638 nec
550 1584 702 1638 illam
754 1583 1056 1653 signiﬁcat,
1114 1584 1209 1638 sed
1269 1590 1352 1637 est
1405 1585 1731 1638 indill'erens
1785 1586 1855 1638 ad

172 1680 513 1744 utrumque;
584 1673 809 1743 signum
862 1678 946 1725 est
1013 1673 1166 1743 quod
1224 1677 1358 1725 tunc
1416 1688 1529 1725 non
1583 1674 1857 1726 exstiterit

170 1759 300 1820 ﬁlia,
380 1776 568 1830 neque
639 1760 812 1813 etiam
887 1759 1058 1813 ﬁlius.
1131 1760 1317 1814 Manet
1379 1761 1530 1830 quod
1608 1761 1679 1813 sit
1736 1763 1855 1814 for—

172 1848 318 1900 mula
351 1846 695 1911 communis,
730 1863 858 1917 quze
890 1847 1140 1901 masculo
1193 1864 1352 1917 asque
1376 1864 1439 1901 ac
1467 1847 1697 1901 feminas
1721 1865 1855 1901 con-

169 1934 352 1988 venire
396 1934 597 2004 possit.
650 1934 1029 1987 Conﬁrmatur
1090 1934 1145 1988 id
1205 1951 1273 1988 ex
1325 1936 1694 2006 sequentibus
1743 1938 1855 1989 for-

173 2022 335 2075 mulis
391 2022 727 2075 earumdem
787 2021 1157 2085 Litaniarum,
1190 2022 1288 2075 ubi
1345 2024 1575 2093 ponitur
1625 2025 1686 2077 Ν.
1731 2040 1859 2093 qua:

170 2115 292 2164 sunt
325 2110 592 2163 formulas
614 2125 948 2163 communes
968 2111 1325 2180 supplicandi
1355 2128 1456 2181 pro
1488 2112 1857 2181 quibuscum-

172 2214 277 2267 que
307 2197 569 2264 ducibus,
607 2198 911 2268 episcopis,
950 2221 970 2243 ι
1007 2205 1113 2251 etc.

237 2287 319 2338 9t.
356 2305 383 2334 «ι
429 2284 733 2353 Deinde,»
787 2286 973 2355 pergit
1036 2288 1235 2339 eodem
1295 2292 1490 2339 tenore
1551 2286 1857 2351 Pottuvius,

174 2394 196 2421 α
228 2374 454 2426 etiamsi
483 2374 825 2443 supplicatio
852 2390 954 2443 pro
989 2389 1330 2427 NOUILISSHIA
1368 2390 1537 2428 PROLE
1574 2390 1770 2427 REGALI
1801 2374 1860 2427 in

174 2462 396 2515 Litaniis
443 2462 741 2527 habeatur,
771 2462 923 2515 unde
952 2463 1155 2531 probas
1211 2463 1379 2532 quod,
1415 2464 1570 2531 prole
1599 2479 1709 2515 non
1739 2462 1860 2515 exi-

171 2554 364 2615 stente,
394 2549 736 2620 supplicatio
766 2549 864 2602 illa
892 2549 1064 2603 fuerit
1096 2549 1411 2614 decantata,
1445 2556 1499 2603 et
1531 2566 1642 2603 non
1674 2550 1861 2619 potius

172 2638 224 2690 in
252 2637 357 2691 isto
381 2654 516 2691 casu
560 2635 813 2690 omissa?
844 2638 1025 2702 Certe,
1062 2640 1321 2707 quamvis
1353 2637 1411 2690 in
1455 2638 1576 2690 istis
1629 2637 1859 2689 [.itaniis

172 2726 410 2778 formula
474 2723 910 2794 supplicationis
945 2740 1048 2794 pro
1082 2723 1446 2793 lmperatrice
1486 2725 1781 2789 habeatur,
1813 2724 1859 2777 si

174 2818 351 2866 tamen
385 2814 707 2883 Imperator
735 2811 993 2865 nondum
1032 2820 1179 2865 esset
1208 2812 1563 2881 conjugatus,
1603 2818 1702 2866 aut
1732 2829 1857 2865 eva-

172 2902 321 2955 deret
347 2901 575 2965 viduus,
632 2901 879 2954 formula
908 2899 1336 2970 supplicationis
1367 2916 1470 2969 pro
1502 2901 1861 2970 lmperatrice

173 2989 313 3042 haud
344 2988 523 3042 dubie
555 2988 613 3041 in
646 2993 889 3056 utroque
919 3002 1050 3040 casu
1082 2988 1463 3041 omitteretur.
1498 2989 1597 3053 Ita,
1640 2988 1861 3042 etiamsi

173 3077 408 3130 formula
458 3092 565 3145 pro
614 3074 970 3128 nobilissima
1000 3077 1163 3144 prole
1192 3076 1370 3145 regali
1410 3076 1468 3129 in
1503 3076 1731 3129 Litaniis
1763 3094 1858 3146 po-
1896 3077 1934 3127 ti

175 3170 353 3229 natur,
389 3164 555 3233 prole
585 3168 777 3217 tamen
830 3162 1152 3228 deﬁciente,
1194 3162 1415 3217 videtur
1467 3163 1713 3218 formula
1765 3165 1863 3217 illa

174 3252 226 3306 in
257 3251 659 3306 decantatione
696 3251 1041 3305 Litaniarum
1078 3251 1248 3304 fuisse
1301 3251 1527 3305 omissa.
1566 3252 1678 3304 Nisi
1716 3252 1861 3305 forte

178 3342 359 3393 fuisset
390 3340 588 3409 aliqua
637 3339 963 3409 conjectura
1022 3344 1119 3392 aut
1176 3338 1447 3392 indicium
1481 3340 1862 3393 fiecunditatis

174 3430 449 3500 conjugii:
496 3436 633 3483 tunc
693 3430 845 3481 enim
897 3428 1094 3483 fideles
1126 3430 1337 3482 subditi
1379 3434 1596 3499 optare,
1632 3432 1862 3501 Deoque

175 3519 486 3587 supplicare
515 3503 722 3581 solent,
757 3522 821 3569 ut
867 3518 1083 3571 fructus
1136 3517 1194 3570 in
1225 3517 1426 3571 arbore
1460 3524 1517 3571 et
1545 3534 1772 3587 gemma
1803 3518 1863 3572 in

174 3606 379 3659 concha
428 3610 796 3660 maturescat.
835 3595 1150 3658 Potuerunt
1196 3611 1385 3658 autem
1420 3606 1863 3675 Bambergenses

176 3693 224 3746 id
252 3709 482 3761 sperare
517 3696 573 3745 et
626 3693 831 3745 merito
864 3693 1155 3763 apprecari
1202 3698 1316 3746 tam
1362 3693 1683 3764 insignibus
1731 3711 1859 3747 con-

169 3782 409 3852 jugibus,
464 3798 718 3853 quorum
771 3787 961 3834 votum
1010 3780 1376 3835 continentiae
1425 3782 1783 3851 ignorabant.
1838 3805 1853 3827 η

174 3870 381 3924 Addere
431 3870 604 3924 liceat
634 3869 785 3939 quod
820 3869 1070 3937 proxime
1116 3869 1395 3922 formula:
1428 3887 1455 3917 (ί
1515 3869 1576 3921 Ν.
1638 3868 1860 3922 ductori

176 3958 392 4026 pacilico
418 3959 577 4011 salus
632 3962 688 4010 et
734 3956 847 4009 vita
870 3977 895 4007 ι)
932 3957 1083 4009 haud
1118 3957 1287 4009 dubie
1322 3958 1718 4026 praetereunda
1766 3958 1855 4023 sit,

175 4046 375 4099 Caesare
408 4046 540 4116 ipso
593 4045 937 4098 exercitibus
992 4045 1335 4114 imperante.
1376 4046 1463 4098 Sic
1495 4048 1728 4099 alteram
1758 4063 1859 4115 pro

176 4133 266 4186 loci
288 4134 571 4203 Episcopo
594 4137 651 4186 et
677 4134 923 4201 primam
946 4148 1048 4201 pro
1080 4134 1336 4187 Romano
1367 4134 1652 4199 Pontiﬁce,
1687 4150 1856 4187 nemo

175 4216 487 4271 decantatas
540 4218 911 4273 somniaverit
950 4221 1222 4274 alterutra
1265 4222 1396 4275 sede
1444 4228 1695 4274 vacante.
1748 4204 1855 4273 llo-

173 4302 433 4373 diernam,
496 4312 557 4360 et
615 4306 737 4376 jam
780 4310 864 4360 tot
920 4308 1111 4361 saeculi
1190 4314 1541 4362 constantem
1601 4309 1927 4395 Ecclesia)”

176 4393 377 4458 praxim
430 4398 701 4448 consulat
758 4396 1031 4462 Kielerus,
1081 4402 1136 4450 et
1192 4413 1319 4467 quia
1372 4398 1461 4451 hic
1528 4398 1675 4451 dicta
1726 4404 1859 4451 sunt

176 4480 451 4535 verissima
482 4498 611 4536 esse
647 4483 971 4553 perspiciet.

234 4573 311 4621 92.
365 4570 491 4623 Non
520 4570 618 4623 hic
649 4571 829 4624 haeret
880 4571 1204 4636 Pottuvius;
1256 4573 1349 4626 sed
1398 4574 1575 4626 altera
1622 4590 1855 4644 respon-

178 4657 313 4707 sione
340 4671 437 4710 seu
473 4663 823 4727 argumento
869 4657 1039 4711 instat
1070 4658 1129 4711 in
1186 4662 1335 4712 hunc
1366 4661 1629 4714 modum:
1670 4684 1689 4708 α
1726 4662 1856 4715 Sine

180 4748 295 4795 nota
313 4745 666 4798 sanctissimi
715 4762 777 4797 ac
808 4746 1244 4814 prudentissimi
1275 4748 1687 4817 Imperatoris»
1721 4749 1858 4815 (base

180 4831 461 4896 praedicata
517 4848 657 4886 cum
710 4833 1053 4903 Gundlingio
1112 4851 1226 4886 non
1297 4836 1528 4903 negabit
1583 4837 1855 4903 Kmlerus)

182 4942 198 4962 ί
230 4922 393 4973 asseri
450 4937 574 4974 non
608 4926 801 4990 potest
830 4921 981 4991 quod
1035 4938 1101 4974 ex
1140 4938 1240 4975 suo
1299 4922 1566 4992 conjugio
1600 4924 1859 4993 genuerit

180 5007 353 5061 saltem
384 5010 593 5063 ﬁliam.
656 5009 751 5061 Vel
785 5008 937 5061 enim
972 5009 1128 5061 illam
1185 5011 1382 5080 genuit
1411 5016 1537 5063 ante
1571 5012 1853 5066 fundatio-

182 5109 291 5149 nem
331 5098 704 5168 episcopatus
738 5097 1189 5166 Bambergensis,
1224 5098 1309 5151 vel
1348 5104 1474 5166 post
1504 5099 1690 5153 illam:
1719 5116 1856 5153 neu-

179 5184 309 5236 trum
335 5185 457 5238 sine
518 5188 665 5237 nota
699 5182 1065 5251 Imperatoris
1121 5184 1294 5235 asseri
1340 5190 1541 5252 potest.
1575 5185 1859 5254 Imprimis

182 5284 278 5324 non
308 5279 488 5342 potest
520 5272 641 5327 dici
668 5272 817 5341 quod
846 5272 1109 5340 genuerit
1135 5278 1265 5325 ante
1284 5271 1695 5337 fundationem,
1730 5289 1857 5341 qua:

182 5362 392 5431 contigit
420 5379 579 5416 anno
632 5377 683 5413 vi
718 5362 805 5414 vel
855 5378 924 5414 vn
958 5366 1085 5429 post
1140 5360 1528 5415 millesimum.
1563 5360 1859 5430 Colligitur

185 5443 228 5498 id
278 5466 336 5503 ex
407 5450 764 5506 allocutione
814 5450 865 5502 S.
924 5450 1169 5515 Ilenrici,
1234 5465 1407 5519 quam
1465 5450 1521 5502 in
1580 5453 1857 5503 conventu

188 5534 627 5594 Francol’urtensi
664 5537 863 5591 habuit
893 5538 961 5591 ad
1017 5540 1070 5592 S.
1109 5537 1448 5605 Willigisum
1485 5536 1857 5605 archiepisco-

191 5638 301 5689 pum
346 5627 754 5698 Moguntin'im
787 5629 841 5678 et
895 5631 1125 5677 caeteros
1155 5624 1607 5693 archiepiscopos
1656 5630 1710 5678 et
1739 5625 1857 5694 epi-

1969 618 2463 687 Merseburgensis,
2541 616 2837 670 historicus
2895 616 3269 685 synchronus,
3348 616 3493 669 libro
3552 632 3645 677 vn,

1968 720 2098 773 pag.
2129 709 2226 758 67:
2260 727 2278 749 α
2317 704 2398 758 Ob
2428 702 3015 771 recompensationem
3044 702 3315 766 futuram,
3354 701 3652 772 inquiebat

1968 799 2193 844 sanctus
2224 793 2556 862 Imperator,
2589 790 2871 844 Christum
2910 790 3190 843 haeredem
3221 788 3401 858 elegi;
3433 790 3565 858 quia
3593 789 3649 840 in

1970 880 2161 933 sobole
2185 879 2524 950 acquireuda
2559 880 2715 932 nulla
2737 895 2864 947 spes
2887 884 3141 930 remanet
3173 876 3333 929 mihi.
3372 897 3397 925 ι)
3423 876 3581 939 Quod
3605 875 3648 926 si

2080 974 2349 1028 Henricus
2397 980 2527 1028 ante
2578 974 2972 1027 fundationem
3028 972 3386 1042 episcopatus
3449 971 3646 1040 genuit

1970 1063 2168 1123 tiliam.
2217 1064 2501 1133 quomodo
2530 1079 2660 1115 cum
2714 1062 2944 1114 veritate
2986 1062 3171 1115 dicere
3223 1060 3424 1130 potuit,
3458 1060 3560 1111 sibi
3594 1060 3649 1111 in

1969 1151 2313 1221 acquirenda
2366 1151 2559 1204 sobole
2614 1150 2831 1203 nullam
2864 1164 3155 1201 remanere
3199 1146 3399 1217 spem?
3456 1148 3649 1199 Nonne

1971 1241 2282 1291 conventus
2322 1239 2552 1291 Patrum
2584 1241 2806 1306 poterat
2833 1236 2915 1288 illi
2944 1249 3258 1305 opponere:
3294 1254 3321 1283 ‹‹
3353 1233 3649 1296 Quomodo

1971 1325 2127 1378 nulla
2156 1342 2281 1395 spes
2327 1325 2684 1395 acquirendae
2732 1323 2938 1377 sobolis
2970 1323 3028 1375 in
3060 1321 3324 1391 praesenti
3360 1320 3652 1373 matrimo-

1969 1410 2065 1464 nio
2098 1411 2201 1464 tibi
2232 1417 2509 1481 superest,
2542 1411 2638 1481 qui
2692 1410 2885 1479 paucis
2935 1409 3084 1462 hisce
3116 1408 3300 1471 annis,
3351 1407 3558 1477 quibus
3591 1406 3648 1457 in

1971 1502 2334 1555 matrimonio
2366 1500 2573 1569 vixisti,
2604 1500 2779 1553 ﬁliam
2806 1497 3097 1569 genuisti?
3136 1518 3155 1545 ι
3193 1498 3330 1550 Male
3359 1494 3536 1564 igitur
3564 1493 3647 1546 di-

1970 1590 2169 1659 gnitati
2223 1590 2401 1642 sancti
2450 1588 2810 1658 Imperatoris
2848 1585 3110 1651 consulit,
3171 1584 3268 1655 qui
3310 1582 3651 1654 procreatio-

1971 1694 2101 1732 nem
2173 1678 2377 1731 sobolis
2453 1682 2583 1731 ante
2662 1675 3057 1730 l'undationem
3141 1673 3496 1743 episcopatus
3568 1670 3651 1722 illi

1968 1766 2189 1835 affligit.

2040 1857 2125 1906 93.
2164 1874 2189 1899 ‹‹
2222 1851 2432 1906 Deinde
2464 1851 2677 1920 absque
2728 1848 2980 1918 ejusdem
3033 1846 3223 1901 Sancti
3253 1844 3653 1915 prostitutione

1970 1940 2140 1994 etiam
2171 1939 2342 1992 asseri
2401 1955 2516 1992 non
2544 1942 2747 2007 potest,
2817 1936 3066 2006 genitam
3104 1936 3214 2004 ipsi
3271 1933 3441 1987 fuisse
3475 1933 3652 1987 ﬁliam

1969 2032 2095 2098 post
2123 2027 2514 2081 fundationem
2545 2026 2916 2095 episcopatus.
2969 2026 3065 2078 Ille
3096 2022 3259 2077 claris
3292 2028 3347 2075 et
3375 2020 3654 2090 expressis

1968 2116 2169 2178 verbis,
2206 2132 2395 2169 coram
2417 2114 2784 2167 celeberrimo
2815 2118 3099 2166 conventu
3127 2112 3458 2181 prassulum,
3497 2125 3651 2162 asse-

1968 2190 2144 2267 verat,
2194 2203 2299 2257 sibi
2343 2204 2403 2256 in
2454 2201 2799 2272 acquirenda
2841 2201 3034 2254 sobole
3087 2199 3303 2252 nullam
3359 2214 3651 2266 superesse

1970 2308 2127 2361 spem
2155 2308 2167 2343 :
2202 2291 2328 2361 quis
2359 2305 2495 2359 ergo
2526 2290 2649 2342 sine
2700 2294 2833 2342 nota
2864 2292 2980 2340 tam
3028 2285 3298 2356 sapientis
3328 2289 3384 2338 et
3410 2285 3652 2337 circum-

1969 2380 2145 2449 specti
2212 2377 2575 2449 Imperatoris
2627 2377 2777 2430 dicet
2840 2376 3002 2428 illum
3076 2373 3465 2433 nihilominus,
3529 2378 3656 2441 post

1971 2466 2442 2519 asseverationem
2497 2464 2639 2518 adeo
2695 2464 3030 2529 solemnem,
3088 2476 3414 2531 procreasse
3441 2460 3655 2513 ﬁliam?

1974 2554 2088 2607 Nisi
2114 2553 2290 2623 igitur
2321 2553 2503 2607 valida
2534 2552 2676 2605 ratio
2709 2552 2996 2619 efferatur,
3029 2550 3211 2620 qualis
3243 2565 3358 2601 non
3400 2548 3652 2612 affertur,

1970 2643 2140 2712 exigit
2183 2642 2428 2712 dignitas
2485 2641 2627 2694 tanti
2684 2640 3046 2709 Imperatoris
3077 2644 3139 2690 ut
3166 2637 3462 2691 credamus
3492 2636 3653 2689 illum

1972 2747 2166 2783 verum
2200 2731 2422 2795 dixisse,
2478 2730 2614 2783 dum
2654 2728 2895 2782 solemni
2925 2725 3336 2780 contestatione
3370 2740 3653 2778 assevera-

1969 2819 2050 2871 vit
2080 2819 2290 2871 nullam
2326 2818 2383 2869 in
2430 2816 2774 2887 acquirenda
2795 2816 2987 2869 sobole
3018 2814 3123 2867 sibi
3154 2827 3450 2867 remanere
3472 2827 3652 2882 spem.

1971 2907 2103 2970 Quis
2135 2913 2324 2959 autem
2357 2905 2437 2957 illi
2487 2920 2647 2973 spem
2696 2919 2922 2957 omnem
2964 2901 3218 2955 ademit?
3246 2902 3381 2964 Quis
3424 2900 3530 2953 nisi
3560 2900 3656 2953 ille

1971 2994 2213 3063 ipsemet
2262 2992 2581 3045 voluntario
2640 2997 2768 3045 voto
2830 2989 3213 3053 continentiae,
3272 2988 3332 3041 in
3380 2988 3653 3041 honorem

1973 3082 2073 3134 Dei
2119 3081 2345 3144 emisso,
2383 3086 2488 3133 eta
2540 3078 2848 3132 castissima
2885 3078 3127 3146 conjuge
3181 3075 3528 3129 ratiliabito?
3563 3076 3658 3128 Po-

1973 3174 2117 3223 terat
2142 3168 2328 3222 dicere
2356 3184 2483 3221 cum
2522 3168 2722 3237 Iephte
2768 3166 2910 3235 (Jud.
2940 3183 2997 3231 ll,
3027 3168 3143 3231 35):
3177 3185 3202 3211 ‹‹
3246 3162 3459 3232 Aperui
3502 3161 3654 3215 enim

1974 3272 2035 3310 os
2066 3272 2256 3310 meum
2275 3256 2341 3309 ad
2380 3254 2701 3321 Dominum,
2737 3259 2792 3309 et
2828 3253 2982 3306 aliud
3018 3254 3198 3306 facere
3230 3267 3343 3305 non
3376 3256 3591 3319 potero,
3634 3274 3650 3293 ιι

1974 3361 2143 3415 quam
2191 3350 2527 3415 perpetuam
2576 3359 2797 3396 servare
2837 3340 3264 3395 continentiam.
3328 3339 3467 3403 Quid
3501 3337 3653 3391 aliud

1972 3433 2220 3487 innuunt
2252 3434 2421 3486 verba
2468 3432 2797 3485 immediate
2848 3429 3165 3501 sequentia,
3198 3429 3267 3481 ab
3304 3428 3655 3495 Imperatore

1971 3520 2030 3574 in
2079 3526 2357 3574 conventu
2406 3521 2655 3590 prolata:
2692 3537 2719 3569 oi
2755 3520 2816 3571 Et
2864 3518 3019 3588 quod
3048 3516 3403 3587 praecipuum
3459 3514 3655 3578 habui,

1970 3625 2035 3662 ac
2062 3608 2343 3678 meipsum
2374 3623 2501 3659 cum
2532 3607 2700 3659 modo
2738 3604 3026 3675 acquisitis
3074 3621 3173 3658 seu
3203 3602 3556 3674 acquirendi,
3590 3602 3647 3653 in

1972 3696 2308 3749 sacriﬁcium
2343 3694 2489 3748 Patri
2544 3693 2799 3763 ingenito
2823 3694 2941 3761 jam
2995 3692 3209 3745 dudum
3255 3696 3467 3745 secreto
3500 3706 3653 3742 men-

1970 3784 2041 3838 tis
2072 3783 2279 3837 obtuli:
2304 3805 2329 3831 ››
2364 3782 2523 3852 quid,
2554 3781 2809 3851 inquam,
2846 3780 3000 3832 aliud
3030 3779 3280 3832 innuunt
3328 3777 3495 3830 verba
3537 3777 3651 3839 illa,

1970 3888 2142 3941 quam
2173 3877 2363 3924 votum
2388 3868 2675 3931 castitatis,
2720 3884 2833 3938 quo
2895 3865 3279 3920 sanctissimus
3321 3867 3657 3933 Imperator,

1963 3959 2124 4029 juxta
2152 3958 2447 4013 consilium
2467 3956 2993 4019 Salvatorisr’itlulth.
3028 3971 3142 4018 xu,
3182 3956 3281 4015 l2).
3315 3972 3340 4003 α
3383 3970 3439 4006 se
3469 3952 3655 4022 ipsum

1969 4047 2225 4101 castravit
2250 4053 2484 4117 propter
2508 4060 2746 4113 regnum
2773 4044 3065 4104 caelorum,
3100 4064 3120 4089 ι
3148 4046 3202 4095 et
3228 4041 3652 4095 inclinationem

1970 4136 2327 4206 relinquendi
2362 4134 2467 4188 sibi
2511 4133 2753 4186 similem
2788 4137 2915 4201 post
2963 4148 3041 4195 se,
3078 4132 3188 4183 Deo
3215 4130 3274 4183 in
3315 4128 3652 4182 sacriﬁcium

1968 4224 2193 4289 obtulit,
2228 4240 2437 4292 magno
2469 4220 2789 4275 Abrahamo
2825 4220 2884 4272 in
2931 4235 2998 4272 eo
3030 4218 3465 4287 comparandus,
3502 4218 3653 4287 quod

1968 4313 2070 4366 iste
2092 4316 2321 4383 paratus
2353 4310 2541 4373 fuerit,
2576 4311 2830 4361 Isaacum
2884 4308 3088 4373 tilium,
3145 4307 3252 4359 sibi
3285 4306 3506 4374 pridem
3553 4322 3651 4358 na-

1967 4403 2111 4466 tum,
2140 4398 2459 4461 immolare,
2502 4397 2593 4449 hic
2620 4412 2752 4449 vero
2810 4411 2967 4465 spem
3013 4394 3115 4448 ﬁlii
3146 4399 3202 4447 et
3243 4392 3486 4447 haeredis
3549 4392 3652 4445 sibi

1965 4486 2255 4547 nascituri,
2288 4486 2488 4539 intima
2523 4485 2728 4538 mentis
2783 4483 3101 4545 devotione,
3151 4481 3436 4536 Altissimo
3483 4481 3651 4533 sacri-

1966 4574 2256 4627 ﬁcaverit?
2286 4598 2303 4619 ι

2036 4663 2121 4716 94.
2156 4661 2329 4714 Hasce
2377 4659 2739 4731 quaestiones,
2800 4657 2935 4711 satis
2963 4657 3216 4710 concisas
3273 4673 3336 4710 ac
3365 4656 3649 4727 stringen-

1964 4753 2065 4814 tes,
2101 4747 2172 4801 ad
2223 4748 2509 4800 Koelerum
2541 4745 2827 4798 universas
2873 4743 3247 4809 remittimus,
3269 4749 3333 4797 ut
3359 4744 3418 4797 in
3449 4742 3645 4812 proxi-

1964 4838 2073 4889 mis
2106 4836 2358 4889 thesibus
2391 4834 2507 4886 suis
2562 4834 2842 4887 historicis
2888 4838 3019 4901 apta
3067 4848 3337 4901 responsa
3387 4831 3650 4901 suppedi-

1964 4929 2064 4977 tet.
2103 4925 2292 4994 Neque
2351 4928 2542 4975 tamen
2572 4921 2664 4975 hic
2717 4920 2923 4974 desinit
2963 4921 3273 4986 Pottuvius,
3329 4920 3491 4988 cujus
3538 4920 3659 4972 haec

1966 5010 2127 5064 tertia
2180 5010 2607 5079 responsioest.
2658 5030 2682 5057 «
2719 5009 2773 5061 Si
2804 5010 2858 5061 S.
2921 5008 3189 5062 Henricus
3235 5007 3435 5076 genuit
3482 5006 3658 5060 ﬁliam

1966 5103 2021 5152 et
2048 5099 2266 5151 curavit
2318 5114 2420 5168 pro
2474 5114 2538 5151 ea
2568 5098 2821 5167 publicas
2874 5098 2933 5149 in
2981 5096 3212 5149 ecclesia
3258 5093 3659 5163 Bambergensi

1965 5186 2182 5239 institui
2217 5202 2428 5255 preces,
2475 5187 2556 5238 uti
2606 5185 2861 5237 Kmlerus
2900 5200 2965 5237 ex
3024 5184 3256 5237 Litaniis
3306 5182 3489 5235 citatis
3528 5197 3661 5250 pro-

1964 5274 2101 5327 bare
2124 5274 2263 5325 velle
2296 5273 2539 5336 videtur;
2568 5270 2857 5325 moraliter
2886 5271 3234 5339 impossibile
3273 5276 3356 5322 est
3400 5270 3655 5338 potuisse

1965 5361 2023 5413 in
2083 5361 2320 5422 mundo,
2379 5366 2434 5413 et
2474 5359 2756 5429 imprimis
2817 5359 3163 5427 Bambergze,
3221 5357 3649 5427 persuasionem

1967 5449 2341 5502 universalem
2372 5448 2733 5512 invalescere,
2766 5447 2912 5500 sicut
2970 5445 3153 5515 reipsa
3183 5444 3440 5508 invaluit,
3500 5444 3651 5515 quod

1969 5536 2145 5589 sancti
2197 5536 2468 5589 Henricus
2497 5540 2552 5587 et
2602 5532 2966 5604 Cunegundis
3014 5532 3074 5585 in
3123 5548 3225 5585 suo
3285 5532 3651 5586 matrimonio

1971 5624 2303 5693 virginalem
2363 5622 2768 5675 continentiam
2832 5625 3101 5689 perpetuo
3160 5620 3526 5673 servaverint.
3594 5620 3646 5670 Si
