3944 6456
229 445 293 496 59
1534 442 1590 497 8.
1635 441 1914 498 HENRICI
1960 438 2441 497 lMPERATOBlS
3689 446 3759 497 60

233 564 389 622 enim
436 565 699 622 Koslerus
736 569 853 620 tam
905 580 1076 635 sagax
1126 570 1212 619 est
1249 568 1314 619 ut
1368 568 1498 636 post
1544 562 1940 635 septingentos
1974 564 2019 617 Α
2058 560 2309 616 illustres
2358 561 2728 617 continentia!
2780 561 3064 635 imagines
3124 562 3193 618 ad
3233 564 3449 618 cultum
3480 569 3536 620 et
3565 564 3757 620 imita-

244 670 429 710 annos
455 671 524 710 ex
552 654 666 709 illis
697 652 934 709 Litaniis
957 654 1231 708 odoretur
1251 652 1500 707 sobolem
1528 652 1765 722 regiam.
1799 667 1942 722 quo-

239 744 410 799 modo
438 742 906 812 Bambergenses,
939 742 1039 814 qui
1079 741 1329 796 Litanias
1379 741 1505 795 illas
1530 746 1787 811 tempore
1812 755 1940 792 sau-

237 832 313 887 cti
342 831 564 887 Henrici
591 830 988 891 decantaruut,
1021 837 1079 885 et
1101 832 1268 884 annis
1300 828 1730 900 insequentibus
1759 844 1942 898 usque

236 930 306 978 ad
351 926 473 978 haec
501 928 789 992 tempora,
817 921 876 976 in
925 922 1142 976 Libello
1192 921 1446 992 graduali
1478 919 1807 991 descriptas,
1843 934 1940 988 po-

235 1028 337 1065 nes
368 1027 427 1064 se
482 1010 866 1073 retinuerunt,
914 1009 1121 1080 saepius
1166 1008 1554 1079 inspexerunt,
1600 1013 1658 1060 et
1686 1006 1814 1060 aliis
1860 1006 1945 1059 iu-

239 1099 563 1170 spiciendas
603 1099 1018 1164 exhibuerunt;
1057 1097 1360 1165 quomodo,
1412 1094 1675 1166 inquam,
1714 1093 1799 1148 illi
1833 1110 1947 1148 om-

241 1205 343 1243 nes
375 1188 515 1242 nihil
544 1204 797 1258 unquam
817 1186 885 1240 de
921 1186 1021 1239 tali
1050 1185 1169 1240 tilia
1197 1185 1542 1255 cogitarunt,
1594 1188 1695 1238 aut
1740 1183 1944 1237 exinde

241 1277 634 1347 collegerunt?
674 1275 997 1329 Fueruntne
1054 1288 1253 1326 omnes
1310 1287 1414 1343 per
1474 1277 1692 1341 septem
1739 1272 1946 1325 saecula

242 1366 384 1419 adeo
416 1363 649 1434 stupidi,
692 1368 755 1416 ut
802 1362 993 1416 nullus
1022 1367 1251 1431 caperet
1292 1361 1655 1432 mysterium,
1688 1360 1748 1414 in
1802 1359 1944 1414 Lita-

245 1452 353 1505 uiis
379 1449 752 1513 reconditum,
784 1448 937 1519 quod
978 1463 1131 1502 nunc
1171 1448 1405 1501 tandem
1437 1447 1698 1501 Koslerus
1729 1446 1942 1501 mundo

242 1541 489 1593 revelat?
546 1538 611 1591 Et
656 1537 702 1591 si
754 1536 1224 1606 Bambergenses,
1277 1540 1537 1607 tempore
1576 1536 1632 1591 S.
1688 1535 1936 1601 Henrici,

238 1628 413 1683 ﬁliam
461 1628 584 1697 ejus
635 1629 938 1690 noverunt,
989 1630 1047 1679 et
1076 1640 1179 1696 pro
1209 1641 1277 1679 ea
1330 1624 1559 1697 publice
1596 1624 1657 1678 in
1706 1624 1941 1678 Litaniis

239 1716 453 1788 precati
478 1719 629 1783 sunt,
677 1715 966 1786 quomodo
997 1720 1056 1767 et
1103 1714 1337 1785 quando
1386 1717 1701 1784 potuerunt
1751 1712 1938 1767 delabi

239 1808 298 1859 in
325 1821 448 1859 eam
474 1802 924 1875 persuasionem,
953 1809 1014 1857 ut
1062 1802 1365 1857 crederent
1409 1802 1507 1857 SS.
1550 1802 1853 1855 Henricnm
1886 1805 1942 1855 et

238 1892 648 1965 Cunegundem
677 1891 738 1946 in
792 1908 894 1946 suo
933 1890 1208 1962 conjugio
1263 1890 1389 1963 pari
1417 1907 1689 1944 consensu
1745 1906 1943 1961 perpe-

238 1988 392 2036 tuam
420 1997 669 2035 servasse
690 1980 1113 2035 continentiam
1132 1979 1160 2034 ‘P
1187 2001 1216 2029 »ι

309 2071 396 2122 95.
447 2069 821 2138 lmportunus
873 2066 1149 2137 quaesitor
1208 2070 1293 2120 est
1339 2064 1654 2121 Pottuvius.
1716 2086 1743 2117 ι
1797 2067 1943 2130 Quo-

237 2156 428 2223 modo,
450 2155 664 2227 inquit,
702 2155 775 2209 ad
801 2154 958 2209 idem
1004 2153 1363 2207 sentiendum
1398 2159 1580 2208 totum
1612 2153 1942 2223 imperium,

239 2251 298 2299 et
319 2249 470 2299 totus
507 2244 622 2298 late
671 2242 1030 2298 Christianus
1078 2242 1231 2297 orbis
1286 2243 1478 2297 induci
1534 2242 1756 2313 potuit?
1784 2242 1940 2307 Quo-

244 2333 416 2387 modo
459 2331 869 2386 celeberrimus
898 2331 1036 2386 ordo
1081 2332 1144 2386 Ι).
1195 2330 1482 2385 Benedicti
1530 2332 1583 2386 S.
1631 2331 1944 2401 Cuneguu-

245 2422 401 2487 dem,
433 2432 561 2491 post
592 2420 818 2475 obitum
864 2420 920 2475 S.
977 2418 1221 2485 Henrici,
1257 2421 1324 2473 ad
1356 2419 1683 2474 coenobium
1729 2420 1944 2475 Confu-

246 2510 445 2579 giense
484 2509 735 2580 suscepit
765 2513 826 2563 ut
852 2509 1155 2579 virginem,
1192 2525 1249 2561 se
1274 2508 1544 2579 deinceps
1574 2509 1758 2580 ipsam
1805 2525 1944 2563 con-

245 2602 465 2652 stanter
512 2605 573 2652 ut
623 2599 798 2652 talem
852 2597 1054 2652 habuit
1104 2603 1161 2651 et
1206 2598 1405 2661 coluit,
1455 2598 1503 2651 si
1554 2598 1733 2664 scivit,
1789 2597 1944 2668 quod

246 2686 467 2741 nescire
509 2702 627 2741 non
658 2687 865 2756 potuit,
896 2686 1052 2740 illam
1083 2686 1143 2740 in
1180 2702 1283 2740 suo
1325 2687 1595 2757 conjugio
1627 2687 1799 2741 fuisse
1834 2702 1947 2739 ma-

248 2780 393 2829 trem
422 2774 553 2829 ﬁliae
578 2774 823 2844 regalis?
842 2775 964 2839 Quo
988 2776 1214 2833 saeculo.
1250 2780 1307 2828 et
1337 2774 1484 2829 circa
1523 2791 1695 2846 quem
1726 2789 1943 2828 annum

250 2864 528 2917 memoria
545 2862 676 2918 ﬁliae
698 2863 863 2917 istius
881 2862 1205 2917 oblitterata
1226 2862 1355 2926 fuit,
1381 2869 1439 2917 et
1461 2863 1581 2933 ejus
1605 2865 1728 2917 loco
1751 2870 1945 2918 exorta

247 2951 536 3022 persuasio
580 2956 650 3007 de
707 2951 975 3022 virginali
1033 2951 1389 3006 continentia
1445 2952 1538 3007 SS.
1589 2954 1946 3022 coniugum?

252 3041 323 3095 Ex
374 3039 646 3111 rescripto
680 3039 920 3112 Eugenii
979 3040 1054 3094 111
1083 3044 1305 3094 constat
1346 3041 1556 3094 saeculo
1601 3056 1675 3094 xu
1742 3041 1797 3093 id
1823 3041 1945 3110 jain

246 3128 421 3185 fuisse
459 3129 761 3191 creditum,
821 3133 878 3183 et
921 3128 1193 3199 legitimis
1250 3128 1593 3183 testimoniis
1649 3128 1946 3183 conﬁrma-
1976 3120 2017 3173 (Σ

249 3219 393 3283 tum,
437 3216 494 3271 S.
536 3215 865 3283 Heuricum,
896 3216 958 3269 in
1004 3220 1131 3269 toro
1160 3215 1334 3269 etiam
1383 3215 1642 3285 legitimo
1672 3218 1943 3286 positum,

249 3303 637 3375 integritatem
668 3304 1022 3358 castimoniae
1050 3319 1231 3375 usque
1287 3313 1361 3357 ad
1426 3303 1602 3357 tinem
1651 3304 1780 3358 vitae
1811 3322 1947 3358 con-

250 3408 528 3447 servasse:
562 3392 613 3446 si
669 3392 879 3446 sazculo
926 3391 1259 3446 immediate
1296 3393 1656 3461 praecedente
1701 3393 1755 3448 S.
1808 3394 1948 3447 Heu-

250 3480 403 3535 ricus
431 3481 493 3534 in
524 3496 628 3533 suo
660 3480 930 3550 coniugio
962 3479 1140 3535 tiliam
1173 3480 1394 3551 genuit,
1451 3487 1506 3534 et
1532 3496 1636 3551 pro
1666 3498 1732 3535 ea
1765 3482 1819 3535 iu
1858 3482 1946 3535 Li-

251 3568 425 3623 taniis
455 3567 685 3639 publice
709 3567 1092 3639 supplicatum
1123 3567 1251 3634 fuit,
1286 3570 1415 3639 quis
1447 3569 1555 3623 sibi
1582 3573 1943 3640 persuadeat,

250 3657 506 3728 potuisse
534 3660 654 3711 tam
699 3656 859 3711 brevi
892 3662 1149 3727 tempore
1193 3657 1528 3711 memoriam
1578 3658 1949 3713 nobilissimae

255 3744 433 3817 prolis
463 3744 673 3816 regalis
703 3744 854 3814 apud
882 3760 1082 3798 omnes
1133 3744 1342 3814 perire,
1376 3749 1433 3799 et
1487 3745 1758 3801 fecundos
1811 3764 1949 3801 con-

249 3834 417 3906 jnges
463 3833 664 3888 haberi
695 3849 799 3904 pro
827 3833 1186 3905 virginibus?
1229 3834 1463 3889 Etiamsi
1508 3834 1567 3888 in
1597 3836 1790 3905 aliquo
1821 3852 1954 3890 con-

248 3920 416 3993 jugio
448 3922 609 3976 nulla
641 3937 912 3992 umquam
962 3926 1231 3992 appareat
1268 3920 1509 3989 soboles,
1561 3922 1821 3977 homines
1866 3929 1952 3978 ta-

256 4026 393 4065 men
420 4008 730 4065 difficulter
757 4010 1113 4064 inducuntur
1139 4008 1210 4063 ad
1243 4010 1610 4077 credendum,
1636 4013 1784 4083 quod
1810 4015 1955 4067 tales

258 4099 530 4170 conjuges
585 4099 745 4169 prole
776 4102 1010 4153 careant
1055 4114 1119 4152 ex
1170 4097 1375 4153 virtute
1426 4105 1720 4170 perpetuae
1777 4100 1955 4154 conti-

259 4186 501 4253 nentitn;
550 4186 650 4240 sed
709 4185 766 4257 id
839 4184 1167 4240 adscribunt
1231 4187 1514 4242 sterilitati
1567 4193 1808 4254 naturae,
1862 4193 1959 4242 aut

259 4273 387 4330 aliis
416 4274 844 4345 impedimentis
866 4275 1238 4330 naturalibus.
1268 4275 1439 4331 Multo
1474 4276 1669 4331 minus
1696 4275 1959 4330 homines

262 4361 576 4435 propinqui
598 4363 749 4416 aetati
791 4362 883 4417 SS.
925 4364 1231 4434 conjugum
1254 4364 1550 4418 scivisseut
1579 4380 1638 4417 se
1670 4363 1861 4418 induci
1890 4365 1957 4420 ad
1989 4402 2029 4456 ο

260 4450 602 4506 credendam
637 4456 976 4523 perpetuam
1014 4467 1208 4506 eorum
1244 4452 1683 4517 continentiam,
1714 4452 1759 4505 si
1786 4452 1868 4506 illi
1901 4452 1958 4506 in

263 4556 365 4594 suo
385 4539 655 4610 conjugio
688 4540 1068 4611 suscepissent
1094 4541 1293 4604 tiliam,
1327 4542 1485 4610 quod
1533 4540 1734 4610 utique
1772 4540 1959 4595 homi-

262 4644 385 4694 nes,
414 4627 569 4682 atati
599 4627 697 4683 isti
725 4628 1106 4684 adeoavicinos
1133 4630 1310 4684 latere
1338 4645 1459 4682 non
1492 4629 1793 4698 potuisset.

334 4719 420 4771 96.
460 4738 480 4764 α
521 4717 753 4770 Necesse
786 4724 872 4771 est
921 4717 1099 4788 igitur
1128 4717 1318 4777 fateri.
1376 4719 1593 4787 legatos
1623 4718 1962 4789 apostolicos

264 4805 335 4859 ab
372 4804 622 4874 Eugenio
661 4806 758 4865 111.
785 4805 857 4859 ad
885 4805 1293 4877 inquirendam
1327 4806 1408 4860 rei
1437 4806 1730 4861 veritatem
1753 4809 1960 4861 saeculo

263 4908 335 4947 xu
387 4892 761 4963 Bambergam
793 4893 1015 4960 missos,
1067 4893 1155 4948 uti
1200 4898 1257 4947 et
1292 4895 1513 4949 multos
1550 4894 1846 4966 religiosos
1898 4911 1963 4950 ac

265 4981 537 5036 discretos
589 4983 742 5036 viros
794 4998 912 5037 non
962 4982 1217 5054 potuisse
1274 4980 1467 5037 induci
1518 4984 1590 5038 ad
1619 4985 1960 5040 credendam

265 5075 322 5124 et
351 5071 731 5125 attestandam
789 5071 1180 5141 integritatem
1223 5071 1574 5127 castimoniae
1628 5073 1684 5127 S.
1737 5074 1965 5129 Henrici

269 5176 447 5230 usque
472 5159 533 5213 in
581 5161 756 5214 tinem
799 5164 953 5228 vitae,
983 5160 1031 5214 si
1062 5161 1147 5214 vel
1192 5159 1253 5214 in
1294 5161 1662 5216 matrimonio
1716 5178 1819 5216 suo
1866 5177 1965 5233 ge-

267 5248 482 5303 nuisset
509 5249 709 5316 tiliam,
743 5249 827 5303 vel
874 5249 921 5302 si
972 5248 1043 5303 de
1089 5248 1187 5303 illa
1234 5249 1563 5319 integritate
1613 5250 1967 5305 castimonim

269 5352 385 5391 non
452 5337 792 5391 habuissent
844 5336 1079 5403 indicia,
1138 5337 1467 5392 testimonia
1524 5343 1581 5392 et
1629 5346 1969 5409 argumenta

271 5433 422 5480 certa
474 5442 538 5479 ac
599 5425 840 5479 minime
896 5430 1185 5495 suspecta;
1220 5426 1277 5479 in
1325 5426 1535 5497 quibus
1571 5427 1753 5499 pietas
1805 5427 1965 5482 Chri-

271 5515 453 5569 stiana
485 5519 679 5584 posset
732 5513 940 5567 merito
982 5514 1403 5584 conquiescere,
1462 5521 1517 5570 et
1544 5515 1826 5571 memoria
1850 5521 1968 5570 tam

275 5601 511 5656 illustris
557 5601 812 5670 exempli
857 5616 987 5654 cum
1016 5603 1218 5655 solatio
1258 5603 1383 5657 fi'iii.
1442 5604 1546 5659 Sed
1576 5621 1706 5659 cum
1730 5604 1969 5659 humani

276 5691 497 5760 generis
553 5689 738 5743 hostis
789 5689 1178 5759 indignissime
1236 5692 1378 5747 ferat
1434 5693 1488 5747 in
1550 5692 1792 5747 Ecclesia
1829 5692 1970 5746 adeo

2052 650 2269 703 tionem
2298 652 2486 721 palam
2515 649 2785 723 proponi,
2817 657 2976 704 actus
3010 650 3168 705 rabie
3198 656 3255 705 et
3277 650 3515 714 invidia.
3556 651 3761 706 nititur

2051 739 2280 793 easdem
2329 739 2489 793 tetris
2547 740 2834 794 coloribus
2891 741 3218 808 obscurare,
3282 740 3429 793 sicut
3467 740 3604 795 olim
3654 756 3761 812 per

2051 826 2423 883 iconoclastas
2476 828 2685 882 Christi
2736 834 2794 882 et
2841 830 3182 883 Sanctorum
3237 829 3517 898 imagines
3547 845 3615 883 ex
3649 828 3755 884 bo-

2054 915 2275 970 minum
2330 916 2507 969 oculis
2546 915 2749 970 tollere
2781 923 3019 970 conatus
3061 916 3187 977 fuit,
3219 933 3288 971 ne
3321 917 3433 978 isti,
3462 932 3529 971 ex
3553 933 3754 972 earum

2050 1011 2303 1075 aspectu,
2366 1005 2437 1058 ad
2494 1003 2776 1058 imitanda
2833 1006 3065 1074 egregia
3128 1006 3470 1059 Sanctorum
3522 1005 3753 1060 illorum

2053 1092 2194 1145 facta
2251 1092 2649 1147 excitarentur.
2704 1113 2730 1141 ι
2792 1093 2864 1147 Os
2919 1093 3160 1147 durum!
3223 1094 3299 1147 mi
3364 1094 3602 1159 lim-lere,
3654 1094 3753 1148 sed

2052 1181 2204 1251 quod
2238 1186 2299 1235 tu
2328 1181 2387 1235 in
2419 1181 2669 1235 medium
2704 1185 2918 1237 temere
2967 1182 3274 1254 projecisti,
3328 1183 3543 1237 caeteris
3573 1198 3748 1253 argu-

2052 1269 2260 1323 mentis
2284 1270 2405 1339 jam
2436 1270 2661 1325 abunde
2702 1270 2966 1342 superius
3015 1271 3232 1325 dilutis.
3286 1272 3362 1326 Te
3417 1287 3596 1324 unum
3630 1270 3750 1325 hare

2044 1358 2236 1428 jacula
2292 1358 2529 1423 feriunt,
2584 1363 2755 1430 teque
2811 1359 2951 1413 adeo
2980 1365 3184 1431 petunt
3226 1375 3604 1431 qua-cumque
3642 1361 3752 1413 hoc

2051 1451 2167 1501 toto
2214 1446 2572 1518 paragrapho
2628 1448 2917 1518 disputata
2957 1453 3118 1502 sunt:
3180 1455 3301 1502 tute
3355 1451 3461 1502 hoc
3522 1448 3749 1509 intristi.

2047 1535 2150 1589 tibi
2174 1550 2344 1589 omne
2373 1536 2733 1591 exedendum
2764 1541 2878 1602 est;
2908 1535 3075 1590 nobis
3126 1541 3429 1607 supersunt
3463 1536 3756 1607 praecipua

2049 1624 2390 1679 sanctissimi
2481 1624 2851 1695 Imperatoris
2918 1629 3079 1695 gesta
3150 1626 3574 1693 chronologice,
3650 1641 3756 1696 pro

2048 1717 2245 1767 nostro
2282 1713 2565 1781 instituto,
2588 1713 2920 1783 digerenda.

1974 1839 2011 1892 Β
2052 1820 2163 1888 §X.
2227 1821 2507 1888 Praecipua
2557 1820 2611 1875 S.
2674 1822 2893 1874 Henrici
2922 1826 3074 1885 gesta
3126 1820 3200 1873 ad
3230 1825 3543 1892 temporum
3600 1822 3758 1874 ordi-

2122 1906 2242 1944 nem
2278 1896 2548 1953 revocata,
2582 1907 2615 1943 ιι
2648 1894 2804 1958 regni
2838 1895 3116 1961 principio
3165 1891 3240 1943 ad
3274 1892 3568 1958 fundatam
3597 1893 3757 1946 cccle-

2124 1966 2261 2015 sium
2286 1962 2747 2029 Bumberyensem.

2124 2072 2211 2121 97.
2244 2068 2380 2131 Quae
2413 2073 2544 2121 ante
2576 2072 2864 2138 susceptas
2920 2067 3085 2137 regni
3119 2066 3369 2121 habenas
3400 2066 3757 2121 sanctissimo

2052 2155 2404 2226 lmperatore
2450 2160 2607 2224 gesta
2653 2160 2805 2222 sunt,
2839 2170 2969 2209 cum
3002 2170 3108 2208 nec
3140 2156 3278 2208 Vitas
3310 2154 3614 2225 scriptores
3652 2170 3757 2209 nec

2055 2244 2344 2298 Ditmarus
2399 2250 2500 2297 aut
2552 2244 2649 2297 alii
2699 2244 3165 2303 memoraverint.
3238 2243 3449 2297 frustra
3497 2261 3527 2297 a
3593 2243 3757 2298 nobis

2053 2347 2256 2386 eorum
2309 2332 2451 2385 ordo
2483 2331 2840 2402 requiratur;
2890 2332 2959 2386 ab
3008 2331 3231 2386 Ottonis
3282 2331 3351 2386 111
3392 2332 3549 2386 obitu
3583 2331 3760 2386 series

2054 2426 2250 2475 nostra
2282 2419 2601 2475 deducitur.
2638 2421 2833 2491 Neque
2890 2437 3023 2473 vero
3054 2421 3280 2488 singula
3309 2421 3641 2492 scrupulose
3671 2421 3759 2475 di-

2054 2508 2343 2569 sentimus.
2376 2507 2473 2561 sed
2522 2509 2811 2579 praecipua
2864 2525 2963 2562 seu
2998 2509 3310 2562 illostriora
3364 2516 3419 2562 et
3449 2509 3518 2562 ad
3551 2508 3760 2562 sancti-

2056 2603 2233 2652 tatem
2273 2602 2617 2667 caaterasque
2650 2614 2737 2651 res
2771 2598 2942 2651 totius
2976 2599 3137 2668 regni
3165 2604 3221 2651 et.
3242 2597 3469 2668 imperii
3501 2602 3760 2668 tempore

2056 2690 2243 2753 gestas
2300 2685 2631 2755 spectantia,
2696 2702 2941 2756 quaeque
2991 2702 3024 2740 a
3084 2686 3400 2741 notissima:
3455 2686 3596 2740 Vita:
3658 2702 3760 2740 seu

2057 2773 2249 2843 potius
2278 2773 2447 2841 elogii
2478 2776 2853 2845 compilatore
2902 2780 3203 2844 Anonymo
3236 2792 3297 2828 ex
3351 2779 3508 2845 parte
3534 2790 3759 2828 memo-

2056 2866 2179 2916 rata
2204 2861 2437 2933 quidem
2470 2868 2622 2925 sunt,
2648 2868 2733 2916 ast
2772 2863 2853 2916 ita
2903 2864 3207 2917 commixta
3242 2870 3302 2917 ut
3346 2879 3630 2931 nusquam
3654 2880 3761 2933 ap-

2056 2956 2256 3022 pareat
2282 2967 2397 3022 quo
2430 2967 2580 3005 anno
2612 2952 2894 3021 alliganda
2926 2951 3057 3015 sint,
3104 2958 3336 3005 auctore
3388 2952 3454 3005 ad
3491 2951 3611 3005 haec
3643 2958 3759 3007 tam

2057 3055 2262 3110 parum
2305 3042 2542 3104 attento,
2581 3044 2663 3104 ut,
2695 3039 2793 3093 ubi
2827 3056 3042 3093 annum
3087 3040 3376 3111 exprimit,
3419 3040 3765 3109 plerumque

2056 3144 2090 3182 a
2144 3133 2298 3181 recta
2328 3128 2705 3197 chronologia
2731 3128 2991 3192 dettecta,
3035 3128 3366 3199 exemplum
3404 3128 3475 3180 sit
3514 3127 3574 3181 in
3606 3127 3761 3197 ipso-

2057 3222 2176 3271 met
2198 3217 2317 3287 jam
2350 3216 2515 3270 dicte
2546 3216 2685 3268 Viue
2718 3215 3020 3286 principio,
3052 3231 3225 3286 quam
3256 3218 3316 3268 in
3347 3215 3495 3268 hunc
3526 3214 3759 3267 modum

2057 3305 2311 3360 orditur:
2361 3309 2524 3357 Anno
2551 3304 2624 3358 ab
2676 3303 3068 3357 incarnatione
3105 3303 3334 3357 Domini
3368 3319 3447 3369 iu,
3495 3302 3563 3355 ab
3614 3302 3762 3357 Urbe

2056 3391 2282 3447 condita
2311 3408 2550 3458 IDCCLII,
2594 3391 2800 3446 Ottone
2854 3407 3037 3461 puero
3096 3392 3295 3445 Romae
3345 3390 3626 3453 defuncto,
3662 3404 3760 3442 va-

2055 3486 2220 3535 cante
2251 3480 2416 3550 regni
2446 3479 2607 3546 solio,
2639 3496 2768 3534 cum
2799 3480 2867 3533 de
2928 3479 3188 3550 principe
3228 3477 3595 3547 subrogando
3625 3493 3759 3546 age-

2059 3576 2238 3633 retur,
2275 3568 2537 3623 omnium
2569 3574 2720 3634 vota,
2748 3574 2894 3622 nutu
2930 3567 3148 3634 divino,
3199 3568 3268 3621 ad
3308 3582 3443 3620 eum
3473 3565 3761 3620 inclinan-

2057 3662 2174 3723 tur,
2209 3657 2308 3730 qni
2338 3663 2475 3711 tunc
2504 3657 2561 3711 in
2594 3672 2773 3726 regno
2803 3656 3124 3710 habebatur
3144 3655 3492 3726 potissimus.
3531 3674 3554 3702 ο
3589 3654 3765 3709 Aber-

2059 3752 2191 3801 rant
2250 3745 2345 3800 hic
2396 3747 2750 3799 characteres
2819 3761 2998 3815 prope
3057 3759 3286 3798 omnes:
3365 3758 3552 3813 neque
3607 3743 3761 3795 enim

2062 3851 2214 3889 anno
2272 3837 2397 3888 tOOl
2459 3837 2721 3888 mortuus
2772 3838 2856 3887 est
2921 3835 3053 3887 Otto
3086 3833 3179 3898 Ill,
3233 3832 3332 3885 sed
3378 3834 3544 3894 t002,
3576 3846 3765 3901 neque

2062 3928 2187 3977 erat
2237 3938 2423 3977 annus
2454 3922 2616 3977 Urbis
2666 3922 2909 3976 condita.-
2973 3926 3128 3976 1752.
3190 3920 3284 3974 sed
3344 3936 3479 3974 vero
3521 3918 3768 3973 similius

2068 4012 2232 4073 1754;
2257 4026 2445 4081 neque
2477 4011 2671 4065 Romae
2720 4017 2986 4064 mortuus
3012 4010 3147 4064 Otto
3182 4008 3306 4075 iste,
3358 4007 3455 4062 sed
3507 4008 3768 4062 Paterna

2066 4115 2169 4153 seu
2200 4099 2446 4166 Paterni,
2489 4104 2670 4153 castro
2717 4099 3044 4170 Campaniae
3096 4098 3389 4163 Romanae,
3434 4096 3493 4150 in
3551 4094 3769 4150 ditione

2069 4188 2330 4244 Ecclesia:
2385 4193 2559 4258 atque
2610 4186 2671 4241 in
2730 4186 3022 4242 maritimo
3079 4190 3286 4248 tractu,
3344 4186 3403 4238 in
3454 4199 3554 4239 ora
3594 4182 3770 4236 maris

2066 4276 2365 4348 Tyrrheni,
2425 4276 2522 4330 ubi
2574 4277 2712 4331 alias
2767 4276 2902 4330 villa
2929 4274 3097 4330 Plinii
3150 4272 3415 4344 junioris,
3460 4278 3601 4327 teste
3632 4270 3768 4325 Hol-

2070 4365 2273 4431 stenio,
2307 4364 2589 4436 quidquid
2622 4363 2719 4418 alii
2749 4381 2779 4417 a
2802 4364 2916 4417 situ
2945 4362 3235 4418 tantillum
3263 4362 3586 4416 deﬂectunt.

2140 4456 2229 4508 98.
2256 4456 2302 4507 Α
2332 4453 2432 4507 tali
2480 4452 2714 4507 exordio
2770 4452 2909 4523 quid
2942 4451 3002 4506 in
3032 4450 3233 4505 ordine
3267 4449 3337 4504 ad
3394 4446 3770 4519 digerendam

2070 4557 2264 4596 rerum
2315 4541 2523 4594 seriem
2571 4541 2789 4611 sperari
2837 4540 3038 4610 possit,
3090 4539 3253 4592 facile
3287 4537 3658 4607 intelligitur:
3708 4534 3769 4590 id

2069 4630 2235 4686 nobis
2260 4629 2621 4701 potissimum
2665 4645 2816 4683 cura
2847 4629 2952 4682 erit
3001 4633 3062 4681 ut
3108 4627 3321 4680 salvam
3369 4641 3563 4680 rerum
3626 4624 3773 4677 veri-

2068 4724 2245 4775 tatem
2277 4720 2335 4773 in
2378 4725 2616 4785 rectum,
2650 4718 2844 4789 quoad
2875 4716 3001 4772 ﬁeri
3032 4716 3262 4787 poterit,
3295 4714 3552 4769 ordinem
3597 4713 3771 4766 chro-

2069 4807 2417 4877 mologicum
2462 4806 2811 4877 redigamus,
2859 4804 3091 4872 adjectis
3145 4816 3580 4873 nonnumquam
3611 4806 3668 4853 et
3700 4800 3775 4854 ad

2069 4896 2332 4967 proprios
2365 4894 2540 4949 etiam
2596 4895 2731 4949 hinc
2758 4894 2892 4948 inde
2922 4909 3102 4946 annos
3142 4892 3416 4946 revocatis
3464 4888 3778 4958 largissimi

2068 4985 2129 5040 in
2179 4983 2442 5038 ecclesias
2481 4988 2539 5038 et
2586 4982 2933 5037 monasteria
2964 4981 3330 5051 imperatoris
3369 4977 3780 5033 donationibus

2072 5079 2129 5129 et
2161 5072 2503 5145 privilegiis,
2552 5087 2803 5143 quorum
2858 5087 2990 5124 cum
3040 5071 3160 5140 jam
3216 5069 3527 5139 scriptores
3582 5066 3780 5136 plures

2073 5162 2467 5228 meminerint,
2500 5162 2665 5216 nobis
2704 5178 2772 5215 ea
2793 5160 2980 5215 obiter
3006 5159 3262 5227 attigisse
3312 5155 3615 5211 sutt'ecerit.
3656 5154 3779 5209 Cai-

2073 5268 2249 5307 sarea'
2291 5250 2385 5305 isti
2428 5249 2676 5321 profusae
2710 5251 2890 5304 ferme
2939 5246 3270 5304 liberalitati
3302 5262 3335 5299 a
3374 5244 3535 5315 regni
3558 5242 3781 5315 princi-

2073 5339 2173 5411 pio
2198 5339 2510 5394 intendisse
2547 5337 2803 5393 invenies
2847 5336 2998 5407 apud
3046 5334 3436 5391 Mabillonium
3493 5331 3553 5385 in
3591 5333 3784 5385 Anna-

2075 5426 2227 5481 libus
2248 5425 2709 5480 Benedictinisad
2730 5441 2946 5479 annum
2983 5425 3136 5487 1002,
3161 5439 3289 5493 pag.
3328 5423 3446 5486 t59,
3492 5435 3653 5473 num.
3686 5422 3779 5484 ‘26,

2077 5515 2216 5570 dum
2274 5529 2466 5568 aream
2497 5514 2808 5582 quamdam
2850 5512 3003 5566 intra
3060 5527 3253 5565 muros
3309 5508 3465 5563 urbis
3514 5506 3779 5563 Ratisbo-

2081 5602 2274 5657 nensis
2323 5601 2617 5656 Altahensi
2678 5600 3027 5656 monasterio
3081 5599 3268 5663 dedit;
3328 5603 3387 5651 et
3447 5590 3611 5667 plui'a
3667 5595 3781 5649 alia

2085 5692 2305 5760 majora
2362 5689 2640 5744 beneﬁcia
2687 5690 2872 5745 eidem
2922 5688 3270 5743 monasterio
3320 5684 3585 5757 pmstilit
3614 5686 3781 5737 annis
