3944 6416
178 423 233 475 61
1680 486 1688 490 _
1820 430 1886 484 Α(

3598 432 3665 482 62

174 544 566 615 sequentibus,
617 562 865 617 quorum
922 547 1238 616 diplomata
1287 548 1513 604 exhibet
1576 553 1870 605 Grelserus
1907 555 1953 606 A
1991 554 2123 606 10ομ1
2151 552 2536 623 consignatur,
2572 557 2633 606 ut
2688 568 2759 607 ex
2808 551 3133 605 clarissimis
3178 567 3378 605 corum
3418 553 3667 607 textibus

177 634 246 687 ad
275 634 487 688 calcem
520 636 923 705 vulgatissima:
953 638 1113 703 Vitae,
1145 656 1176 689 a
1225 653 1353 708 pag.
1414 641 1499 692 65.
1535 640 1643 693 Nec
1672 640 1877 693 desunt

182 722 528 776 Henriciaua:
563 724 971 778 muniﬁcentia:
1018 731 1358 794 argumenta
1386 727 1535 796 apud
1587 728 1873 781 llundium

178 809 231 861 in
278 826 379 862 sua
410 810 1163 882 MetropoliSalisbnrgensi,
1219 819 1281 866 ut
1329 813 1476 880 vide,
1525 831 1655 884 pag.
1697 816 1791 869 l-iO
1821 820 1877 868 et

180 898 355 950 alibi:
391 900 525 960 Quae
555 900 625 952 ad
660 901 1021 968 Westphalia:
1055 917 1152 953 seu
1181 901 1439 955 Samnite
1470 909 1654 972 partes
1706 904 1877 956 redu-

180 995 388 1039 cuntur
419 988 472 1039 S.
536 986 762 1040 Henrici
798 988 1092 1055 privilegia
1122 995 1178 1041 et
1224 989 1581 1055 donationes,
1617 993 1669 1043 in
1702 1007 1878 1043 annos

182 1090 439 1142 quosque
471 1092 604 1126 suos
638 1075 867 1127 uberius
897 1082 952 1129 et
989 1076 1320 1145 diligentius
1366 1078 1651 1131 distribuit
1682 1084 1739 1131 et
1782 1094 1877 1131 ac-

182 1167 375 1213 curate
405 1161 678 1229 eXpIicnit
708 1168 897 1215 uoster
953 1164 1216 1217 Nicotaus
1269 1166 1510 1219 Scbaten
1542 1166 1602 1218 in
1639 1168 1877 1220 Annali-

184 1250 285 1302 bus
318 1249 903 1315 l’aderbornensibus,
938 1252 1034 1303 lib.
1068 1269 1141 1318 iv,
1172 1269 1204 1304 a
1264 1269 1393 1321 pag.
1427 1256 1549 1317 362,
1608 1254 1758 1323 quod
1792 1254 1881 1307 hic

185 1337 460 1389 indicasse
493 1340 631 1390 satis
671 1345 798 1392 est:
847 1340 967 1392 Vita
994 1340 1056 1394 S.
1122 1340 1434 1394 Meinwerci
1489 1341 1631 1394 dona
1690 1340 1881 1410 potius

184 1425 305 1494 ipsa
334 1442 507 1494 quam
539 1426 917 1480 instrumenta
946 1433 1264 1481 enumerat.
1324 1429 1447 1482 Alia
1487 1446 1681 1483 rursus
1711 1430 1882 1483 habet

188 1512 451 1565 laudatus
480 1514 861 1579 Mabillonius,
894 1531 1024 1585 pag.
1068 1520 1154 1570 161
1194 1535 1208 1583 ;
1240 1532 1340 1569 nos
1364 1518 1653 1585 praeﬁxum
1677 1518 1879 1570 seriem

184 1600 566 1653 emrdiamur.

258 1694 342 1741 99.
381 1689 462 1741 Ad
522 1696 634 1741 tres
663 1690 879 1759 primos
910 1691 1072 1761 regni
1130 1693 1183 1746 S.
1241 1693 1463 1745 llenrici
1512 1709 1688 1746 annos
1728 1694 1880 1763 quod

1985 641 2275 695 evidenter
2294 642 2735 706 demonstratur,
2768 640 3122 710 probantque
3153 640 3325 693 etiam
3352 640 3421 693 ad
3443 641 3669 693 oculum

1985 729 2348 783 solennilates
2394 730 2664 783 festorum
2720 734 2835 781 toto
2903 727 3087 797 primo
3143 729 3305 796 regni
3351 728 3407 781 S.
3446 728 3668 781 llenrici

1986 817 2231 871 triennio
2260 819 2688 879 celebratorum,
2734 833 2861 886 qua:
2894 817 2980 869 vel
3022 832 3085 868 ex
3120 815 3243 884 ipso
3276 815 3530 869 Ditmaro
3565 831 3667 884 pa-

1987 906 2124 957 riter
2149 912 2448 979 eruuntur.

2062 998 2177 1046 101.
2224 994 2455 1046 Interim
2515 993 2633 1062 ipse
2666 992 2743 1045 sic
2800 992 3007 1044 librum
3054 1006 3222 1043 suum
3263 996 3481 1043 sextum
3516 989 3670 1043 ordi-

1986 1088 2185 1135 tur:«
2236 1084 2370 1135 Post
2426 1082 2779 1134 salutiferum
2834 1081 3185 1133 intemerata:
3245 1077 3486 1146 Virginis
3544 1094 3671 1147 par-

1987 1172 2131 1231 tum,
2196 1173 2586 1220 consummata
2638 1166 2939 1219 millenarii
3023 1166 3170 1218 linea
3226 1165 3451 1217 numeri
3503 1171 3557 1216 et
3614 1166 3671 1216 in

1989 1255 2187 1324 quinto
2213 1255 2513 1307 cardinalis
2554 1256 2766 1307 ordinis
2810 1256 2953 1317 loco,
2986 1271 3049 1305 ac
3078 1254 3137 1306 in
3168 1254 3425 1321 ejusdem
3457 1258 3671 1322 quarta:

1988 1343 2151 1395 initio
2182 1343 2552 1395 hebdomadze
2603 1344 2659 1395 in
2704 1341 3006 1395 Februario
3064 1357 3276 1405 mense,
3323 1341 3421 1409 qui
3466 1356 3671 1408 purga-

1991 1432 2170 1483 torius
2200 1431 2424 1494 dicitur,
2475 1432 2687 1483 clarum
2753 1446 2918 1482 mane
2951 1430 3135 1482 illuxit
3186 1429 3413 1489 sacculo,
3449 1434 3503 1481 et
3536 1429 3674 1481 Hen-

1989 1521 2141 1571 ricus
2165 1518 2356 1571 divina
2410 1519 2590 1587 gratia
2646 1534 2760 1580 rex,
2793 1524 3210 1569 antecessurum
3270 1532 3503 1569 suorum
3556 1532 3671 1568 INB-

1992 1622 2122 1659 vum
2153 1607 2382 1675 cupiens
2408 1606 2738 1669 emundare,
2792 1605 3013 1674 sibique
3066 1604 3287 1656 veniam
3346 1617 3675 1671 promerere

1991 1702 2282 1755 aeternam.
2319 1694 2605 1764 dispositis
2662 1694 2970 1746 secundum
3026 1692 3232 1744 suimet
3286 1692 3555 1760 placitum
3603 1690 3671 1741 ad

190 1776 414 1840 attinet,
447 1777 507 1829 in
552 1777 625 1829 iis
681 1782 975 1848 tantopere
1034 1780 1406 1833 laborandum
1449 1796 1565 1834 non
1594 1782 1720 1845 erit,
1753 1798 1879 1834 cum
1916 1820 1953 1872 Β
1994 1784 2096 1836 hoc
2179 1782 2595 1851 pertinentibus
2667 1780 2899 1846 cunctis,
2970 1779 3217 1850 perrexit
3299 1778 3368 1831 ad
3441 1778 3674 1830 domum

192 1882 277 1918 res
333 1882 401 1918 eo
448 1870 705 1935 tempore
766 1873 950 1935 gestas
997 1868 1129 1920 satis
1179 1870 1437 1937 apposite
1478 1870 1795 1923 distinxerit
1825 1874 1881 1922 et

190 1953 541 2006 ordinuverit
582 1954 845 2007 laudatus
897 1971 1067 2024 supra
1121 1956 1539 2025 Ultrajectensis
1585 1956 1882 2026 episcopus

190 2041 558 2103 Adelboldus,
589 2057 781 2094 rerum
813 2058 992 2111 prope
1021 2044 1278 2096 omnium
1301 2044 1457 2097 testis
1483 2046 1738 2097 oculatus
1772 2060 1783 2109 ;
1822 2049 1883 2096 ut

189 2129 277 2181 hic
306 2129 659 2183 audiendum
692 2131 928 2183 omnino
974 2147 1091 2185 non
1122 2137 1316 2200 putem
1348 2132 1590 2185 Alberici
1638 2131 1882 2185 Chroni-

191 2233 312 2279 con,
347 2216 487 2269 dum
514 2218 572 2270 in
605 2219 728 2286 ipso
754 2220 895 2278 solo,
930 2220 1245 2272 tacentibus
1287 2220 1709 2284 vetustioribus,
1741 2220 1883 2272 mira

192 2303 329 2372 ﬁngi
362 2304 551 2373 potius
578 2322 751 2375 quam
794 2322 921 2359 vere
971 2307 1190 2360 narrari
1244 2307 1505 2360 videntur
1550 2308 1617 2361 ad
1669 2324 1884 2360 annum

202 2396 327 2445 l003
387 2393 456 2445 de
506 2394 723 2446 Windis
777 2411 873 2447 seu
937 2395 1173 2449 Winidis
1230 2396 1454 2465 populis
1510 2395 1886 2448 idololatrisa

195 2481 250 2533 S.
293 2480 539 2533 Henrico
572 2497 674 2549 per
699 2481 753 2533 id
776 2487 1001 2551 tempus
1023 2482 1356 2551 subjugatis,
1384 2500 1627 2552 quorum
1656 2483 1886 2550 regibus

199 2567 531 2637 hujusmodi
571 2570 909 2623 anecdotum
963 2570 1242 2640 applicat:
1284 2596 1303 2619 ι
1341 2571 1454 2623 Hos
1480 2572 1719 2641 populos
1746 2571 1888 2623 Hen-

199 2656 346 2708 ricus
373 2655 711 2709 tributarios
749 2657 899 2722 fecit,
935 2657 1013 2711 ita
1053 2660 1117 2711 ut
1157 2659 1216 2711 in
1259 2658 1523 2712 omnibus
1566 2659 1888 2711 solemnita-

193 2744 342 2796 tibus
372 2744 583 2812 quibus
614 2745 1013 2810 coronabatur,
1046 2752 1291 2816 quatuor
1322 2762 1482 2816 reges
1510 2762 1707 2798 eorum
1732 2747 1885 2798 lebe-

194 2837 326 2897 teiu,
363 2848 481 2901 quo
513 2848 711 2884 carnes
741 2832 1174 2899 condiebantur,
1198 2834 1257 2886 in
1299 2834 1551 2887 humeris
1582 2835 1716 2899 suis,
1750 2836 1888 2887 duo-

192 2920 292 2973 bus
324 2921 603 2985 vectibus,
638 2936 741 2990 per
795 2923 1041 2974 annulus
1098 2928 1344 2992 quatuor
1402 2922 1669 2987 inductis,
1697 2923 1766 2975 ad
1800 2939 1889 2975 co-

193 3008 429 3076 quinam
482 3009 842 3061 vectitarent.
906 3030 927 3055 ι
992 3010 1151 3062 Fides
1202 3010 1273 3062 sit
1328 3026 1500 3079 penes
1574 3016 1885 3063 auctorem.

1992 1886 2171 1934 suam,
2208 1870 2303 1922 ubi
2366 1887 2422 1921 se
2477 1869 2846 1937 corporaliter
2888 1882 3112 1936 semper
3160 1867 3373 1918 solebat
3420 1865 3673 1927 reﬁcere,

1991 1962 2045 2010 et
2072 1957 2165 2010 ubi
2205 1957 2523 2010 desiderato
2559 1957 2652 2009 diu
2686 1956 2957 2008 alimento
2990 1954 3284 2023 paululum
3347 1952 3675 2004 reﬁceretur

1990 2045 2049 2098 in
2072 2050 2311 2109 mente;
2379 2059 2809 2111 convocansque
2848 2043 2917 2094 ad
2965 2058 3021 2093 se
3079 2058 3276 2094 omnes
3332 2039 3495 2109 regni
3551 2038 3671 2107 pri-

1993 2140 2191 2197 mates,
2237 2132 2396 2185 dedit
2477 2131 2863 2201 episcopatum
2920 2134 3126 2182 sanctae
3194 2125 3675 2194 Merseburgensis

1992 2222 2240 2273 ecclesia:
2307 2220 2596 2288 capellano
2659 2216 2864 2271 suimet
2946 2216 3248 2286 \Vigberto.
3283 2238 3308 2259 »ι
3359 2213 3548 2282 Pergit
3608 2230 3676 2265 ea

1992 2309 2239 2363 indicare
2276 2308 2555 2360 Ditmarus
2586 2323 2712 2376 qua:
2734 2323 2857 2374 cap.
2914 2309 2943 2358 3
2984 2309 3040 2356 et
3069 2305 3101 2356 4
3132 2307 3409 2356 memorat
3445 2306 3674 2369 Anony-

1996 2412 2139 2461 mus,
2176 2395 2315 2447 nulli
2367 2393 2551 2447 ordini
2605 2394 2826 2456 afﬁxus,
2882 2408 2947 2445 ex
3006 2391 3166 2459 cujus
3222 2405 3390 2442 sensu
3430 2386 3677 2457 praelinit-

1993 2485 2164 2537 tenda
2223 2490 2305 2536 est
2352 2484 2406 2537 S.
2467 2482 2687 2536 llenrici
2746 2487 3028 2550 reportata
3088 2480 3157 2532 de
3209 2479 3384 2532 Slavis
3444 2474 3678 2529 victoria

1994 2572 2340 2625 restitutioni
2372 2571 2620 2624 ecclesia:
2651 2568 3152 2637 Mersehurgensis,
3181 2572 3242 2619 ut
3285 2570 3413 2634 pote
3452 2579 3580 2634 qua:
3612 2578 3675 2614 ex

1994 2660 2363 2713 celeberrimo
2397 2664 2523 2711 voto
2554 2659 2693 2711 facta
2730 2658 2818 2722 sit,
2875 2662 3003 2709 ante
3052 2672 3174 2708 eam
3218 2654 3511 2707 victoriam
3540 2668 3675 2703 con-

1995 2754 2177 2817 cepto,
2232 2749 2299 2801 de
2350 2764 2461 2817 quo
2530 2746 2737 2799 mirum
2786 2752 2870 2797 est
2926 2744 3241 2797 Dilmarum
3300 2740 3504 2793 clarius
3565 2754 3677 2790 non

1997 2836 2340 2897 meminisse,
2397 2850 2746 2904 quamquam
2791 2834 2858 2887 ad
2916 2832 3056 2885 illud
3119 2831 3368 2885 alludere
3424 2826 3679 2879 videatur

1992 2925 2173 2977 tribus
2222 2924 2437 2976 ultimis
2496 2922 2665 2991 elogii
2710 2921 2970 2990 superius
3022 2919 3140 2972 dati
3194 2916 3503 2970 versiculis.
3566 2916 3678 2967 Ita-

1996 3030 2105 3082 que
2150 3012 2271 3081 ipso
2314 3012 2411 3064 illo
2466 3027 2614 3063 anno
2670 3011 2825 3073 1001,
2875 3014 2973 3061 aut
3021 3008 3161 3060 forte
3226 3002 3589 3074 praecedenti,
3618 3005 3680 3053 ut

192 3096 423 3149 Saniora
456 3097 627 3165 longe
662 3102 795 3149 sunt
826 3113 955 3166 qua:
990 3097 1338 3151 Adelboldus
1393 3098 1700 3168 diligenter
1729 3114 1888 3150 com-
1922 3086 1961 3138 Ο
2001 3101 2098 3154 alii
2138 3105 2403 3159 statuunt,
2471 3099 2701 3151 obtenta
2757 3102 2841 3150 est
2898 3095 3171 3166 praedicta
3222 3092 3471 3157 victoria,
3503 3105 3677 3160 quam

195 3189 492 3245 memorat,
558 3200 647 3236 res
707 3200 903 3237 omnes
977 3185 1155 3238 sancti
1216 3187 1584 3255 Imperatoris
1630 3190 1888 3238 accurate

193 3271 522 3341 complexus
554 3271 623 3323 ab
657 3270 820 3324 obilu
875 3272 1185 3325 decessoris
1240 3273 1459 3326 Ottouis
1501 3274 1571 3327 111
1605 3289 1784 3342 usque
1819 3272 1886 3325 ad

195 3359 403 3412 bellum
451 3359 838 3424 Slavonicum,
882 3365 1009 3428 post
1061 3362 1304 3429 primam
1354 3361 1413 3413 in
1451 3361 1672 3413 Italiam
1712 3377 1889 3429 expe-

196 3446 470 3501 ditionem
515 3448 571 3501 S.
605 3446 830 3501 Henrici
858 3452 993 3500 Acta
1025 3464 1375 3518 percensens,
1412 3465 1539 3517 qum
1571 3448 1790 3501 utinam
1819 3448 1889 3501 ad

199 3535 365 3588 linem
399 3551 586 3603 usque
630 3535 776 3600 vitm,
836 3536 1033 3588 eadem
1065 3536 1333 3588 methodo
1381 3543 1435 3589 et
1460 3536 1568 3589 ﬁde
1597 3537 1887 3605 perducta,

199 3622 263 3675 ad
287 3639 390 3676 nos
420 3622 761 3675 transmissa
812 3623 1052 3676 fuissent
1085 3621 1095 3675 l
1133 3624 1225 3676 Vel
1291 3623 1396 3676 hoc
1446 3624 1751 3677 dolendum
1784 3630 1888 3685 est,

201 3712 342 3780 quod
376 3711 439 3764 in
467 3717 746 3780 apparatu
772 3712 839 3765 ad
865 3712 1198 3781 praedictum
1245 3711 1459 3765 bellum
1508 3711 1891 3781 fragmentum

201 3805 456 3852 nostrum
490 3798 737 3852 deﬁciat.

272 3890 387 3940 100.
424 3888 553 3941 Non
588 3902 722 3938 eum
761 3885 973 3939 fontem
1005 3886 1287 3938 consuluit
1338 3885 1711 3949 Hofmannns,
1756 3885 1892 3938 dum

203 3974 253 4027 iu
278 3974 596 4029 Annalibus
623 3973 741 4025 suis
800 3974 1305 4041 Bambergeusibus
1345 3990 1378 4025 a
1419 3974 1521 4027 col.
1555 3976 1619 4026 35
1648 3972 1896 4042 plurima

200 4059 558 4112 commiscuit
588 4076 618 4112 a
663 4060 895 4113 veritate
947 4065 1001 4113 et
1056 4067 1211 4114 recta
1252 4061 1615 4129 cbrunologia
1666 4077 1895 4129 prorsus

201 4144 399 4209 aliena,
432 4164 568 4219 qua:
604 4164 669 4200 ex
701 4129 845 4201 sola.
874 4148 1177 4202 collatione
1223 4164 1352 4202 cum
1411 4149 1705 4203 Adelboldi
1732 4148 1895 4201 dictis

202 4235 422 4300 penitus
484 4237 932 4300 convelluntur;
993 4252 1156 4306 teque
1214 4254 1277 4290 ac
1332 4237 1529 4290 ﬁctitia
1555 4237 1607 4291 S.
1671 4236 1892 4289 llenrici

2002 3188 2335 3243 instauratio
2394 3188 2499 3239 ista
2540 3184 3018 3250 Mersebnrgensis
3075 3182 3323 3235 ecclesiae
3383 3180 3678 3233 subsecuta

2000 3278 2087 3330 sit.
2121 3276 2209 3330 Sic
2238 3276 2307 3329 ad
2339 3275 2548 3328 dictum
2577 3288 2788 3327 annum
2837 3273 2967 3325 100i
3025 3271 3275 3341 loquitur
3326 3270 3680 3323 llermannus

2000 3368 2328 3418 Contractus
2360 3380 2375 3415 :
2409 3385 2431 3410 (ι
2470 3361 2739 3415 Henricus
2766 3377 2864 3413 rex
2897 3360 3113 3413 Italiam
3169 3363 3384 3427 petens.
3418 3354 3524 3408 sibi
3554 3370 3679 3406 eam

1999 3452 2225 3522 subjicit
2257 3468 2268 3503 :
2303 3450 2528 3520 Papiam
2558 3450 2680 3519 ipsa
2709 3448 2798 3501 die
2820 3465 2933 3518 qua
2968 3452 3269 3500 coronatus
3326 3448 3425 3505 est,
3466 3444 3681 3495 irrum—

1998 3556 2157 3611 pens,
2184 3539 2369 3609 gladio
2416 3544 2471 3590 et
2498 3538 2629 3605 igne
2678 3535 3038 3605 perdomuit:
3083 3535 3232 3587 unde
3288 3533 3347 3585 in
3377 3530 3680 3585 Saxoniam

2001 3628 2240 3690 rediens,
2295 3625 2605 3679 Bohemian
2653 3630 2709 3677 et
2765 3623 3081 3675 Bolezlaum
3133 3621 3333 3674 ducem
3386 3619 3681 3672 Slavorum

2001 3732 2127 3769 cum
2161 3720 2279 3767 tota
2308 3719 2477 3781 gente
2506 3710 2845 3779 subjugavit.
2882 3729 2908 3759 ι»

2076 3806 2195 3857 l0'2.
2258 3802 2378 3855 Non
2458 3798 2955 3864 dissimulaverim,
3036 3802 3216 3849 totam
3282 3795 3440 3848 illam
3492 3810 3616 3862 cap.
3649 3794 3682 3844 έ1ι

2005 3892 2333 3945 adornatam
2365 3887 2646 3957 Anonymi
2684 3886 3084 3945 narrationem,
3118 3889 3203 3937 tot
3258 3884 3416 3936 miris
3454 3886 3686 3952 porten-

2006 3980 2075 4034 tis
2106 3979 2413 4049 palliatum,
2449 3991 2740 4045 nunquam
2805 3974 2945 4027 mihi
2991 3973 3288 4043 placuisse,
3326 3988 3392 4024 eo
3445 3984 3687 4041 praeser-

2004 4068 2130 4133 tim,
2163 4064 2565 4136 urgentissimo
2592 4063 2651 4117 in
2678 4064 2763 4115 his
2811 4061 3092 4132 adjunctis
3145 4066 3505 4129 argumento,
3535 4056 3685 4126 quod

2009 4155 2311 4219 Ditmarus,
2365 4168 2550 4205 rerum
2606 4150 2863 4203 omnium
2922 4154 3043 4202 tum
3098 4153 3383 4217 gestarum
3436 4144 3688 4198 oculatus

2003 4242 2159 4296 testis
2180 4248 2236 4295 et
2274 4240 2533 4309 scriptor,
2594 4236 3070 4306 Merseburgensis
3115 4234 3361 4289 ecclesias
3416 4250 3532 4285 suae
3572 4232 3687 4283 rui-

202 4323 393 4377 electio
427 4341 460 4377 a
489 4328 715 4393 septem
748 4324 979 4393 Imperii
1034 4325 1400 4389 Electoribus,
1437 4341 1501 4378 eo
1546 4330 1807 4393 tempore
1838 4329 1890 4376 et
1925 4360 1964 4411 υ
2006 4347 2156 4391 nam,
2222 4330 2504 4382 bonorum
2560 4328 2682 4395 ejus
2731 4325 3160 4389 alienationem,
3218 4340 3280 4375 ac
3329 4322 3559 4374 demum
3591 4334 3690 4388 per

204 4412 387 4464 multis
417 4412 600 4465 etiam
633 4418 763 4480 post
782 4414 946 4465 annis
978 4412 1036 4465 in
1070 4414 1368 4468 Germania
1412 4413 1652 4466 necdum
1697 4412 1891 4481 cogni-

202 4496 282 4564 tis,
308 4515 437 4569 quze
473 4516 584 4553 nos
618 4499 709 4553 hic
742 4500 863 4553 aliis
924 4501 1283 4554 discutienda
1311 4505 1366 4553 et
1404 4501 1703 4555 refutanda
1725 4500 1895 4553 relin-

203 4586 443 4654 quimus.
480 4589 665 4643 Paulo
714 4588 1026 4641 accuratior
1081 4594 1163 4642 est
1192 4588 1251 4642 in
1279 4588 1347 4640 iis
1378 4588 1736 4642 recensendis
1768 4604 1897 4658 quae

207 4674 265 4726 ad
319 4676 924 4731 muniﬁcentissimam
981 4677 1230 4731 ecclesia:
1286 4676 1717 4745 Bambergensis
1772 4677 1895 4729 fun-

206 4762 483 4818 dationem
517 4782 551 4817 a
579 4765 688 4817 col.
723 4765 790 4816 40
828 4766 1038 4827 retulit,
1097 4769 1159 4818 ut
1215 4764 1365 4817 infra
1411 4765 1669 4833 pluribus
1694 4780 1899 4833 expen-

206 4852 411 4905 demus.
447 4854 537 4907 Ad
569 4852 955 4906 Adelboldum
997 4854 1371 4921 regredimur,
1406 4853 1463 4905 in
1514 4854 1674 4920 cujus
1701 4867 1897 4904 narra-

207 4940 349 4994 tione
380 4942 681 5011 praacipue
736 4940 1149 4994 observandum
1181 4942 1331 5009 quod
1390 4940 1564 4993 trium
1616 4955 1897 4992 annorum

206 5031 395 5097 spatio,
429 5046 648 5100 nempe
682 5029 845 5081 annis
907 5032 1060 5093 1002,
1120 5031 1252 5083 1003
1300 5035 1356 5082 et
1420 5031 1547 5081 1001
1604 5028 1900 5082 contrahat

208 5133 322 5185 quas
351 5120 448 5173 alii
478 5134 617 5172 cum
648 5118 928 5182 Ditmaro,
954 5119 1021 5171 ab
1072 5119 1537 5182 amanuensibus,
1590 5116 1698 5169 nisi
1727 5117 1897 5169 vehe-

209 5212 411 5259 menter
438 5208 636 5272 fallor,
677 5210 966 5275 corrupto,
1000 5205 1065 5258 ad
1097 5210 1363 5275 quatuor,
1392 5205 1446 5257 id
1504 5211 1588 5257 est
1619 5220 1797 5274 usque
1829 5204 1899 5258 ad

207 5309 400 5348 annum
430 5297 568 5348 10οΰ
602 5292 921 5347 extendunt
949 5307 961 5354 ;
1010 5292 1157 5361 apud
1207 5308 1350 5361 quos
1402 5292 1586 5361 prima
1614 5291 1711 5344 illa
1732 5306 1898 5359 expe-

207 5380 332 5435 ditio
364 5384 582 5446 ltalica,
606 5398 637 5434 a
670 5382 726 5433 S.
748 5380 987 5432 Henrico
1016 5386 1295 5449 suscepta,
1331 5380 1466 5433 dum
1497 5379 1701 5431 misera
1730 5378 1900 5448 Papia

210 5469 259 5523 in
286 5472 499 5525 favillas
528 5485 719 5541 prope
765 5468 988 5521 redacta
1046 5474 1152 5529 est,
1210 5483 1360 5520 anno
1416 5470 1549 5520 1005
1600 5481 1898 5535 perperam

212 5556 518 5623 innectitur,
564 5573 702 5629 quas
733 5556 803 5608 ab
830 5555 1161 5619 Adelboldo,
1197 5554 1644 5625 Chronographo
1682 5555 1899 5608 Saxone

215 5650 261 5698 et
311 5649 630 5703 Annalibus
712 5644 1230 5698 Hildesemensibus
1292 5643 1691 5696 dissertissime
1747 5658 1897 5695 anno

2002 4420 2055 4473 S.
2090 4416 2392 4471 Henricum
2442 4413 2909 4468 restaurationem
2968 4417 3083 4464 tam
3144 4409 3379 4463 sollicite
3428 4415 3482 4460 et
3521 4423 3689 4459 accu-

2008 4512 2126 4560 rate
2160 4520 2501 4569 memorans,
2525 4503 2593 4555 de
2621 4506 2701 4554 tot
2732 4500 3036 4562 miraculis,
3066 4498 3144 4551 ibi
3184 4516 3217 4549 a
3242 4498 3373 4550 Vitae
3416 4496 3690 4564 scriptore

2007 4594 2380 4661 conglobatis,
2439 4607 2551 4643 non
2631 4589 2969 4653 meminerit,
3030 4601 3309 4655 nusquam
3370 4584 3571 4636 solitus
3625 4599 3687 4635 ea

2008 4682 2233 4735 silentio
2279 4680 2564 4733 involvere
2598 4694 2725 4747 quae
2781 4678 2849 4729 ad
2908 4682 3019 4728 tam
3079 4673 3273 4727 eximii
3322 4671 3693 4727 benefactoris

2009 4767 2094 4819 sui
2124 4766 2363 4835 gloriam
2395 4766 2711 4818 conducere
2752 4780 2913 4833 posse
2960 4762 3300 4816 existimavit
3332 4777 3346 4826 ;
3405 4765 3465 4813 ut
3499 4758 3689 4829 prodi-

2009 4853 2103 4924 gio
2156 4853 2342 4906 simile
2393 4851 2697 4905 dicendum
2745 4852 2816 4903 sit
2868 4856 2983 4903 tam
3040 4851 3315 4903 illustrem
3376 4848 3686 4908 victoriam,

2008 4941 2055 4994 si
2080 4940 2159 4993 sic
2189 4945 2352 5010 parta
2374 4946 2477 5001 est,
2505 4940 2576 4992 ab
2625 4955 2691 4991 eo
2725 4939 3069 5008 praeteritam
3106 4936 3297 4990 fuisse.
3336 4936 3401 4989 Ut
3452 4933 3686 4988 candide

2008 5029 2188 5082 dicam
2262 5028 2413 5099 quod
2470 5028 2700 5081 sentio:
2760 5026 3017 5096 suspicor
3069 5029 3458 5094 Anonymum,
3504 5023 3687 5075 virum

2008 5118 2245 5182 bonum,
2331 5117 2604 5169 nonnulla
2675 5115 2743 5167 ad
2817 5116 2871 5168 S.
2944 5114 3246 5168 Henricum
3315 5110 3689 5172 transtulisse,

2010 5220 2139 5274 qua:
2168 5205 2311 5259 forte
2342 5204 2407 5257 ad
2443 5204 2584 5257 alios
2615 5202 2939 5272 pertinent;
2976 5206 3075 5255 aut
3119 5201 3288 5254 certis
3338 5198 3689 5269 temporibus

2011 5298 2252 5361 aptasse,
2298 5308 2425 5362 quin
2498 5291 2633 5360 ipsis
2690 5306 2805 5343 non
2880 5289 3251 5343 conveniunt.
3336 5287 3495 5340 Certe
3552 5287 3692 5339 mihi

2010 5396 2327 5450 numquam
2391 5379 2633 5432 suaserit
2682 5377 3174 5442 historiunculum,
3236 5376 3304 5429 de
3356 5375 3541 5427 Sancti
3582 5391 3693 5426 me-

2011 5468 2212 5521 ritisin
2238 5467 2447 5520 trutina
2478 5466 2737 5535 eXpensis
2780 5481 2952 5535 quam
2983 5464 3151 5517 habet
3206 5479 3328 5531 cap.
3356 5465 3424 5516 28
3459 5477 3471 5515 :
3505 5477 3691 5531 neque

2011 5556 2193 5624 magis
2216 5556 2396 5624 placet
2427 5554 2535 5606 alia
2566 5554 2634 5607 de
2681 5552 3091 5605 claudicatione
3144 5550 3412 5613 narratio,
3458 5565 3525 5603 ex
3557 5564 3688 5619 apo-

2009 5643 2227 5712 grapho
2259 5639 2658 5709 Bambergensi
2702 5656 2823 5708 cap.
2877 5640 2980 5692 2i:
3014 5654 3141 5708 quas
3193 5637 3407 5703 omnia,
3445 5641 3505 5688 ut
3537 5635 3690 5689 mitis
