3976 6442
169 440 232 488 03
1477 436 1528 489 S.
1577 435 1865 491 llENlthl

2063 438 2389 495 EHATOBIS
3620 443 3650 489 ti
3667 438 3689 488 ἱ

171 557 312 614 sime
338 557 554 625 dicam,
602 573 805 611 censeo
835 573 954 611 non
999 560 1116 611 tam
1147 555 1312 610 facile
1360 574 1392 610 a
1439 557 1575 612 viris
1623 557 1866 610 cordatis
1897 562 1940 610 Α
1981 576 2167 612 smum
2228 559 2560 630 susciperet,
2633 559 2784 613 unde
2851 559 2904 612 S.
2958 559 3232 614 Henricus
3285 560 3687 628 tlurigarorum

169 651 228 700 et
249 645 488 700 eruditis
507 645 882 700 admittenda.

246 739 363 790 l03.
417 735 604 789 Redeo
653 734 720 788 ad
784 733 1101 787 Ditmarum
1145 732 1203 786 in
1237 749 1352 804 quo
1395 737 1523 804 post
1571 732 1693 804 jam
1724 733 1872 786 dicta

173 823 433 893 sequitur
462 822 650 876 brevis
682 821 947 875 hiemalis
986 821 1270 891 expeditio
1298 822 1360 875 in
1407 821 1730 892 inquietum
1769 823 1869 876 Bu-

170 913 430 975 leslaum,
488 909 756 965 admissio
805 910 864 963 in
930 909 1175 980 gratiam
1230 910 1456 963 Ilenrici
1517 909 1763 978 rebellis,
1819 916 1873 963 ct

171 999 358 1054 fratris
429 999 710 1053 Brunonis
775 1000 908 1069 fuga
977 998 1049 1052 ad
1097 999 1158 1051 S.
1247 999 1600 1068 Stephanum
1678 1015 1870 1068 regem

177 1087 476 1157 Hungaria:
508 1086 815 1152 sororium,
864 1086 1025 1156 cujus
1071 1085 1474 1140 intercessione
1523 1087 1584 1140 in
1626 1087 1872 1157 gratiam

173 1174 411 1228 demum
461 1175 741 1228 admissus
792 1179 892 1228 est.
944 1174 1100 1228 Hisce
1147 1175 1436 1228 connectit
1481 1191 1612 1245 quas
1649 1176 1718 1229 ad
1749 1176 1874 1230 Clu-

173 1279 282 1323 sas,
312 1267 369 1316 et
393 1262 453 1316 in
494 1263 716 1331 reliqua
767 1261 1163 1329 Longobardia
1193 1278 1226 1314 a
1272 1262 1479 1316 Sancto
1528 1267 1687 1331 gesta
1717 1269 1868 1329 sunt,

174 1364 423 1419 eumque
474 1365 573 1419 per
622 1350 1017 1403 Alemanniam
1062 1354 1118 1401 et
1161 1348 1432 1401 Alsatiam
1482 1347 1542 1402 in
1571 1349 1869 1402 Saxoniam

176 1438 414 1504 reducit,
467 1438 716 1492 Boleslao
763 1438 1056 1502 infestum,
1105 1452 1278 1506 quem
1325 1441 1460 1490 tunc
1497 1436 1650 1490 haud
1698 1437 1871 1492 dubie

173 1526 322 1580 bello
349 1542 648 1597 aggressus
678 1531 781 1591 est,
836 1543 953 1580 non
1004 1543 1072 1580 eo
1104 1530 1297 1580 tamen
1327 1525 1396 1579 de
1427 1541 1542 1596 quo
1584 1526 1705 1596 jam
1734 1525 1872 1580 dixi-

175 1629 302 1667 mus
331 1614 664 1668 meminisse
709 1617 1076 1685 Anonymum
1134 1631 1258 1685 cap.
1306 1615 1356 1667 -'l.
1391 1613 1586 1667 Melius
1611 1615 1783 1683 longe
1817 1618 1872 1667 et

174 1703 354 1758 fusius
405 1704 827 1772 expeditionem
889 1708 1118 1758 enarrat
1183 1704 1442 1757 laudatus
1505 1703 1788 1758 Ditmarus
1839 1721 1873 1757 a

174 1807 304 1861 pag.
337 1795 458 1846 378.
483 1794 667 1863 Atque
705 1793 828 1847 haec
874 1792 1074 1846 omnia
1108 1791 1424 1846 rectissime
1454 1791 1523 1845 ab
1553 1791 1869 1846 Adelboldo

173 1879 414 1950 aliisque
474 1879 658 1933 citatis
737 1897 887 1934 anno
973 1880 1109 1934 1004
1182 1883 1341 1948 gesta
1410 1878 1758 1943 referuntur,
1807 1883 1872 1932 ut

174 1966 414 2033 proinde
453 1967 513 2021 in
545 1967 799 2022 Ditmaro
830 1965 1230 2037 agnoscendus
1260 1966 1332 2018 sit
1358 1981 1538 2033 error,
1588 1965 1871 2036 quidquid

177 2055 449 2109 Baronius
505 2062 563 2110 et
619 2057 962 2110 recentiores
1035 2055 1245 2124 passim
1301 2054 1352 2107 ei
1411 2055 1474 2108 in
1560 2055 1665 2108 hac
1712 2057 1872 2124 parte

173 2143 534 2208 adhaereant;
593 2161 708 2214 quo
758 2149 923 2214 pacto
968 2143 1183 2197 tollitur
1253 2141 1664 2196 inextricabilis
1716 2141 1874 2196 difﬁ-

172 2233 352 2284 cultas
397 2232 459 2284 in
511 2231 580 2284 iis
632 2237 763 2301 apte
807 2230 1230 2300 distinguendis
1295 2247 1425 2301 qua:
1472 2231 1698 2285 duobus
1751 2229 1875 2284 istis

173 2320 336 2372 annis
366 2320 501 2373 1004
532 2325 589 2373 et
623 2322 776 2374 1065.
813 2337 846 2373 a
884 2320 938 2374 S.
995 2319 1238 2373 Henrico
1266 2324 1494 2390 peracta
1525 2323 1660 2373 sunt
1690 2335 1704 2384 ;
1739 2335 1874 2372 nam

175 2407 661 2478 Chronographus
714 2409 861 2461 Saxo
918 2409 988 2461 ad
1037 2425 1254 2462 annum
1315 2411 1446 2462 1005
1505 2408 1652 2462 nihil
1706 2408 1877 2462 habet

174 2495 755 2564 praeterinvasionem
782 2495 1032 2550 Poloniie
1055 2497 1112 2548 in
1137 2512 1251 2566 quo
1283 2518 1302 2543 ι
1330 2497 1476 2565 proh
1505 2495 1672 2549 dolor
1691 2494 1702 2548 l
1721 2497 1874 2550 mul-

174 2589 262 2638 tos
291 2584 622 2653 perdiderit,
655 2600 784 2637 cum
815 2585 1064 2638 exercitu
1103 2600 1294 2638 secum
1340 2584 1599 2639 deferens
1636 2600 1877 2654 corpora

176 2674 384 2726 ducum
425 2677 780 2726 mortuorum
832 2673 966 2726 inde
1013 2689 1292 2727 reversus.
1332 2694 1358 2724 ι)
1409 2673 1729 2728 Chronicon
1754 2673 1874 2728 Hil-

175 2762 507 2815 desemense
540 2779 608 2815 eo
637 2777 789 2815 anno
849 2763 982 2815 10οὅ
1037 2766 1252 2824 narrat,
1286 2762 1500 2831 Regem
1532 2780 1560 2811 α
1612 2761 1671 2815 in
1697 2761 1876 2832 parti-

179 2850 282 2903 bus
308 2850 568 2904 Saxonite
599 2850 667 2904 ad
717 2855 944 2919 tempus
990 2849 1448 2919 Quadragesimaa
1507 2849 1810 2914 habitasse,
1851 2871 1873 2897 ι

179 2940 388 2992 Pascha
435 2955 567 2992 vero
638 2939 988 3009 Aquisgrani
1059 2939 1394 3005 celebrasse,
1463 2937 1674 3008 quibus
1733 2938 1878 2994 adde

178 3043 306 3096 quae
353 3027 526 3081 tradit
583 3028 700 3080 Vita
770 3028 827 3082 S.
908 3027 1244 3092 Meinwerci,
1322 3045 1447 3097 cap.
1481 3032 1534 3092 2,
1596 3043 1735 3080 num
1792 3031 1876 3092 -11,

179 3131 309 3184 pag.
339 3118 461 3182 Silii,
489 3116 557 3169 de
615 3116 926 3169 Schateuus
959 3133 990 3168 a
1044 3133 1173 3186 pag.
1237 3120 1358 3170 372.
1422 3114 1710 3184 Quidquid
1750 3132 1881 3170 vero

181 3209 452 3270 presterea
478 3219 628 3257 anno
690 3206 823 3257 1005
851 3220 882 3256 a
911 3204 966 3258 S.
1024 3203 1264 3257 Henrico
1325 3207 1548 3272 gestum
1590 3203 1784 3268 fuerit,
1826 3202 1883 3257 id

178 3295 396 3345 certum
437 3291 683 3356 videtur,
736 3291 1081 3362 principium
1147 3291 1301 3345 citati
1347 3291 1475 3344 libri
1529 3292 1669 3344 sexti
1712 3292 1882 3362 plane

178 3386 511 3450 corruptum
539 3396 680 3444 esse,
729 3385 792 3433 ut
821 3396 888 3432 ex
935 3379 1180 3448 ipsomet
1240 3381 1494 3433 Ditmaro
1539 3380 1687 3433 infra
1732 3379 1882 3433 evin-

178 3484 304 3522 cere
330 3468 686 3522 conabimur.

255 3557 374 3610 104.
434 3554 800 3610 Praemittuut
854 3555 1103 3609 Annales

181 3657 442 3696 semense
498 3642 568 3696 ad
620 3657 837 3696 annum
889 3642 1050 3696 MIV:
1088 3660 1116 3692 α
1171 3643 1233 3696 Et
1292 3641 1481 3695 Bruno
1532 3642 1710 3696 frater
1731 3641 1884 3712 regis

184 3731 254 3797 (S.
321 3730 567 3800 Henrici)
645 3731 884 3784 obtentu
954 3731 1183 3784 domum
1239 3729 1406 3783 Gislas
1487 3728 1684 3783 matris
1760 3730 1884 3797 ejus

181 3819 482 3889 acquisivit
511 3819 776 3890 gratiam,
824 3841 845 3868 ι
877 3836 992 3890 quo
1021 3820 1190 3888 plane
1219 3819 1392 3873 modo
1425 3818 1596 3872 etiam
1630 3817 1884 3888 loquitur

179 3906 407 3960 laudata
453 3908 507 3962 S.
569 3907 884 3962 Meinwerci
939 3907 1062 3960 Vita
1119 3908 1244 3960 loco
1301 3907 1490 3960 citato.
1527 3907 1694 3962 Recte
1739 3907 1881 3973 hazc,

181 3994 406 4065 opinor,
440 3993 550 4048 isto
589 4010 741 4048 anno
790 3994 1160 4055 collocantur,
1203 4001 1260 4047 at
1316 3999 1517 4048 contra
1563 3994 1884 4062 Adelboldi,

181 4088 236 4136 et
295 4082 541 4136 aliorum
593 4081 958 4147 sententiam,
995 4101 1022 4131 (ι
1077 4082 1314 4136 obtentu
1378 4083 1543 4137 Gislaa
1597 4082 1816 4148 matris,
1855 4102 1880 4135 ν

182 4170 335 4241 quod
368 4169 479 4240 ipsi
509 4169 699 4240 potius
731 4191 750 4216 α
808 4169 1008 4223 Giselas
1065 4170 1245 4224 sorori
1278 4190 1308 4222 υ
1359 4171 1637 4236 tribuunt,
1687 4176 1884 4240 nupta:

181 4260 235 4311 S.
292 4258 583 4327 Stephano
622 4256 747 4327 regi
810 4257 1137 4327 Hungariae,
1214 4259 1374 4328 cujus
1425 4258 1885 4328 desponsationis

182 4346 623 4401 determinatum
700 4361 918 4398 annum
1005 4347 1217 4399 frustra
1304 4347 1460 4416 apud
1534 4347 1882 4417 synchronos

181 4435 484 4505 scriptores
563 4433 799 4505 quresivi
886 4433 1181 4487 hactenus.
1260 4435 1610 4490 Consulendi
1690 4435 1884 4505 itaque

185 4525 341 4576 fuere
402 4523 654 4576 Annales
729 4521 1090 4576 ecclesiastici
1175 4519 1338 4574 istius
1406 4522 1634 4593 regnia
1686 4527 1882 4578 nostro

183 4610 478 4664 Melchiore
534 4611 817 4674 Iuchofer,
884 4615 1146 4681 superius
1217 4611 1463 4676 laudato,
1537 4609 1881 4673 concinnati,

185 4699 285 4752 sed
315 4698 526 4770 quibus
579 4699 937 4769 acquiescere
993 4715 1108 4752 non
1139 4699 1320 4764 licuit,
1356 4714 1486 4752 cum
1516 4697 1596 4751 ibi
1644 4697 1886 4768 scriptor

185 4792 396 4842 asserat
428 4786 862 4840 matrimonium
893 4792 1248 4842 contractum
1298 4786 1472 4840 fuisse
1520 4803 1672 4840 anno
1729 4789 1883 4853 lOOES,

187 4876 347 4944 regni
379 4874 654 4945 Stephani
692 4874 982 4942 vicesimo,
1037 4892 1163 4944 quae
1217 4891 1350 4928 cum
1405 4874 1703 4928 Adelboldi
1740 4875 1885 4928 alio-

185 4979 429 5034 rumque
483 4961 813 5017 narratione
864 4963 1171 5016 convenire
1229 4978 1592 5033 nequaquam
1629 4969 1882 5032 possunt,

187 5057 248 5105 ut
311 5051 504 5122 potius
587 5050 893 5105 dicendum
941 5052 1014 5104 sit
1087 5051 1333 5106 Giselam
1419 5050 1609 5116 istam,
1673 5052 1885 5120 Sancti,

186 5155 462 5208 sororem,
497 5144 558 5194 ut
619 5137 924 5192 minimum
984 5155 1132 5192 anno
1170 5141 1304 5192 1004-
1353 5139 1405 5192 S.
1458 5139 1728 5207 Stephani
1761 5140 1884 5192 tha-

185 5230 403 5283 lamum
461 5227 724 5282 subiisse.
787 5227 962 5297 Magis
1013 5229 1242 5296 placent
1295 5244 1422 5297 qua:
1481 5227 1708 5281 adducit
1772 5230 1890 5281 lau-

187 5317 350 5371 datus
409 5316 672 5372 Incbofer
725 5316 795 5370 ad
860 5316 1234 5370 emolliendas
1310 5316 1568 5369 duriores
1625 5316 1885 5370 nonnihil

187 5405 612 5460 enuntiationes
669 5405 1013 5475 scriptorum
1060 5406 1495 5472 Germanorum,
1572 5404 1885 5460 identidem

186 5492 596 5548 inculcantium
667 5493 1000 5564 praedictam
1076 5493 1319 5548 Giselam
1371 5511 1486 5548 non
1547 5494 1672 5548 aliis
1711 5495 1886 5564 pactis

189 5586 246 5633 et
271 5581 694 5636 conditionibus
719 5582 841 5653 regi
895 5581 1206 5647 Hungariae
1253 5599 1599 5646 concessam,
1632 5600 1802 5653 quam
1840 5584 1886 5636 si

188 5670 232 5720 is
267 5669 572 5738 repudiato
622 5670 959 5738 paganismo
1017 5670 1335 5724 Christiana
1383 5688 1538 5724 sacra
1597 5677 1652 5724 et
1701 5670 1882 5740 bapti-

1163 3571 1263 3608 seu
1315 3555 1636 3610 Chronicon
1699 3556 1885 3609 Hilde-

1981 647 2235 718 Apostoli
2289 664 2502 702 nomen
2549 647 2894 719 promeritus
2941 649 3031 701 sit.
3094 649 3172 701 Eu
3255 647 3423 701 verba
3476 647 3687 701 lncho~

1983 736 2083 789 feri
2115 753 2127 789 :

2061 827 2174 878 1οξἰ,
2213 844 2238 873 ‹‹
2314 824 2422 878 Alii
2478 840 2708 895 quoque
2763 824 2952 878 minus
3009 823 3364 878 considerate
3444 823 3689 893 scripse-

1985 919 2148 977 runt;
2185 913 2403 983 tiyselaa
2443 913 2872 982 pulchritudine
2925 928 3024 983 per
3077 912 3312 966 nuntios
3352 918 3409 965 et
3444 912 3692 981 pictores

1983 1006 2232 1070 accepta,
2292 1007 2522 1070 captum
2579 1001 2954 1070 Stephanum,
3005 1001 3126 1070 ejus
3183 1000 3533 1054 connubium
3589 1016 3688 1053 ex-

1984 1089 2232 1159 petiisse.
2265 1091 2401 1153 Qua:
2434 1094 2626 1143 tamen
2685 1094 2987 1159 aspernata
3025 1089 3113 1154 sit,
3150 1088 3260 1142 nisi
3315 1088 3533 1158 abjecto
3559 1087 3688 1142 ido-

1986 1179 2168 1231 lorum
2223 1178 2398 1244 cultu,
2443 1176 2668 1230 Christo
2743 1192 2955 1230 nomen
3036 1175 3302 1229 dedisset.
3388 1176 3690 1246 Accepisse

1982 1265 2370 1319 conditionem
2433 1267 2834 1334 llungarovum
2910 1280 3127 1334 regem,
3202 1264 3339 1318 dum
3406 1264 3689 1318 venustis-

1983 1353 2125 1407 sima
2189 1354 2380 1423 puclla
2440 1353 2743 1422 potiretur,
2808 1369 2938 1406 mox
3022 1369 3154 1406 cum
3210 1357 3328 1405 toto
3375 1368 3554 1421 regno
3619 1353 3689 1406 ad

1983 1441 2191 1497 Christi
2223 1457 2381 1495 sacra
2428 1442 2812 1506 accedentem,
2869 1441 3144 1511 Stephani
3205 1456 3414 1494 nomen
3447 1441 3687 1495 tulisse:

1985 1530 2290 1583 Henricum
2355 1546 2506 1591 vero,
2569 1530 2724 1599 quod
2775 1529 2982 1582 tradita
3065 1543 3264 1583 sorore
3330 1529 3692 1582 conversioni

1983 1617 2168 1685 gentis
2227 1633 2458 1686 operam
2507 1616 2748 1680 nnvarit,
2801 1618 3199 1685 Huugarorum
3247 1619 3574 1686 apostolum
3609 1618 3694 1673 di-

1982 1709 2136 1759 ctum
2159 1722 2303 1759 esse.
2357 1705 2461 1759 Cui
2515 1704 2721 1758 fabulas
2781 1704 2932 1757 inter
2984 1705 3128 1758 alios
3180 1705 3393 1758 assensi
3426 1705 3694 1761 videntur

1983 1793 2334 1864 Sigebertus,
2383 1793 2650 1846 Albertus
2710 1791 3034 1858 Krantzius,
3091 1792 3340 1847 Joannes
3388 1794 3692 1863 Cuspinia-

1983 1897 2128 1946 nus;
2162 1897 2281 1934 non
2345 1880 2883 1945 animadvertentes,
2941 1897 3007 1934 ex
3063 1881 3403 1935 Christianis
3461 1880 3690 1950 pridem

1981 1969 2340 2039 parentibus,
2405 1973 2461 2022 et
2517 1967 2712 2022 divino
2772 1968 2994 2022 monitu
3037 1969 3388 2038 appellatum
3443 1967 3686 2035 Stepha-

1983 2074 2142 2124 num,
2175 2057 2230 2111 id
2273 2073 2453 2127 genus
2510 2057 2833 2127 pactionem
2880 2057 3076 2128 procul
3129 2056 3416 2121 habuisse,
3453 2061 3508 2108 et
3537 2057 3688 2109 Hen-

1982 2147 2160 2200 ricum
2193 2146 2368 2212 ultro,
2413 2145 2676 2199 adamata
2719 2143 2843 2213 ejus
2899 2145 3130 2208 virtute,
3185 2145 3386 2198 favisse
3435 2148 3551 2197 tam
3583 2159 3691 2212 op-

1979 2239 2229 2305 portuno
2295 2234 2688 2299 matrimonio,
2737 2233 2889 2305 quod
2943 2234 3012 2286 ad
3068 2232 3362 2303 religionis
3413 2232 3471 2285 in
3516 2237 3690 2302 gente

1975 2324 2095 2393 jam
2155 2339 2426 2377 conversa
2484 2323 2904 2376 incrementum
2974 2323 3124 2376 haud
3193 2337 3398 2391 parum
3453 2322 3687 2374 faceret.

1981 2414 2342 2482 Quamquam
2390 2409 2630 2464 dubiqu
2707 2425 2820 2463 non
2894 2409 2986 2473 sit,
3056 2409 3124 2462 ad
3191 2409 3384 2479 plures
3425 2408 3691 2462 nondum

1984 2500 2204 2555 Christo
2272 2499 2508 2552 devotos
2592 2497 2994 2560 traducendos,
3083 2498 3298 2567 Gyselas
3383 2496 3694 2566 fratrisque

1984 2586 2208 2640 chrici
2237 2587 2507 2657 pietatem
2536 2591 2592 2640 et
2621 2587 2827 2651 zelum,
2882 2585 3087 2656 ingens
3146 2589 3507 2638 momentum
3539 2585 3694 2654 adje-

1983 2675 2140 2739 cisse,
2176 2681 2241 2729 ut
2299 2675 2407 2729 hoc
2447 2679 2699 2744 propter,
2749 2679 2805 2728 et
2853 2674 2945 2728 hic
2974 2672 3215 2743 apostoli
3263 2675 3690 2743 Hungarorum.

1985 2766 2041 2816 et
2069 2763 2170 2816 illa
2218 2762 2512 2832 adjutricis
2570 2760 2919 2816 ﬁdelissima:
2979 2777 3190 2814 nomen
3233 2759 3384 2813 tueri
3412 2764 3622 2830 queat.
3666 2783 3686 2805 ιι

1989 2852 2059 2904 Ex
2101 2851 2228 2915 hoc,
2277 2856 2340 2904 ut
2371 2849 2558 2904 obiter
2604 2856 2816 2915 notem,
2868 2849 3110 2920 aliisque
3140 2848 3396 2920 ejusdem
3440 2847 3695 2902 historia:

1985 2938 2121 2992 locis
2151 2939 2465 2992 refellenda
2491 2943 2642 3004 sunt,
2690 2955 2819 3009 qua:
2850 2937 3145 2991 Albericus
3175 2937 3246 2991 ad
3302 2952 3518 2990 annum
3559 2938 3695 2990 1010

1985 3026 2196 3095 reginae
2227 3025 2361 3079 huic
2391 3026 2587 3080 Giselae
2627 3025 2815 3096 turpia
2839 3030 2894 3079 et
2945 3025 3178 3080 infanda
3231 3025 3488 3078 atl‘ricare
3519 3039 3694 3077 ausus

1913 3109 1953 3163 C
1993 3121 2094 3168 est.

2066 3207 2184 3258 106.
2226 3205 2294 3258 L't
2333 3203 2400 3258 de
2449 3202 2736 3272 praedictis
2793 3202 2958 3256 annis
3006 3201 3228 3256 duobus
3290 3202 3422 3255 lOO-i
3463 3210 3521 3254 et
3557 3205 3693 3255 101ιῆ

1992 3297 2348 3362 postremum
2380 3291 2586 3356 dicam,
2638 3291 2840 3344 vellem
2874 3308 2940 3344 ea
2971 3308 3102 3344 vera
3153 3307 3273 3344 esse
3303 3307 3434 3360 quae
3467 3306 3582 3343 non
3611 3290 3694 3343 ita

1992 3379 2216 3448 pridem
2272 3379 2530 3433 Struvius
2586 3379 2647 3432 in
2690 3379 2916 3433 laudato
2970 3394 3144 3447 supra
3199 3379 3589 3448 Syntagmate,
3619 3377 3691 3430 ad

1991 3468 2347 3533 solvendum,
2370 3467 2462 3521 cui
2504 3484 2561 3520 se
2615 3468 2896 3536 imparem
2947 3467 3186 3533 videbat,
3249 3468 3465 3520 nodum
3505 3465 3584 3518 ita
3610 3482 3698 3517 co.

1991 3556 2231 3626 pulavit,
2260 3560 2397 3609 tom.
2434 3557 2475 3620 l,
2508 3571 2640 3626 pag.
2691 3557 2792 3608 379
2828 3571 2840 3607 ε
2887 3574 2912 3605 (ι
2942 3555 3082 3608 Hinc
3109 3552 3444 3623 compositis
3475 3552 3533 3606 in
3563 3555 3698 3607 Ger-

1992 3642 2185 3696 mania
2213 3643 2404 3707 rebus,
2438 3659 2590 3694 anno
2640 3641 2760 3695 MlV
2803 3642 2873 3695 ab
2935 3641 3084 3694 Italis
3145 3644 3408 3694 evocatus
3459 3639 3695 3692 illorum

1991 3736 2204 3785 terram
2255 3729 2509 3795 intravit,
2576 3733 2632 3782 et
2711 3728 2842 3782 licet
2903 3729 3092 3781 aditus
3144 3728 3322 3798 probe
3383 3727 3703 3780 custodiret.

1996 3818 2336 3884 Harduinus,
2375 3819 2654 3871 Veronam
2703 3817 2892 3884 venit;
2924 3817 3054 3870 inde
3097 3815 3344 3869 Brixiam
3397 3831 3575 3884 usque
3623 3816 3700 3868 ad

1996 3906 2228 3976 Papiam
2255 3905 2651 3977 progrediens,
2685 3905 2780 3959 ubi
2840 3905 2911 3958 ab
2949 3905 3109 3957 omni
3149 3904 3362 3974 populo
3421 3904 3702 3958 benevole

1992 3998 2286 4064 susceptus
2345 3998 2400 4047 et
2432 4010 2582 4046 anno
2612 3993 2708 4045 MV
2753 3992 3047 4046 communi
3103 4007 3380 4045 consensu
3412 3990 3472 4045 in
3498 4007 3699 4060 regem

1996 4082 2172 4136 Italia:
2231 4086 2318 4136 est
2384 4087 2706 4135 coronatus.
2765 4082 2905 4134 Hinc
2968 4079 3159 4135 sedato
3213 4083 3268 4133 et
3329 4077 3703 4148 Papiensium

1992 4175 2190 4225 contra
2221 4171 2530 4224 Germanos
2579 4175 2868 4222 commoto
2920 4151 3190 4234 tumultu,
3233 4167 3295 4221 in
3333 4167 3702 4222 Germaniam

1992 4259 2102 4314 fuit
2153 4275 2434 4313 reversus.
2483 4281 2501 4305 η
2551 4259 2796 4325 Diceres,
2844 4263 3027 4310 totum
3096 4258 3215 4310 fere
3262 4255 3558 4309 biennium
3611 4259 3703 4310 te-

1993 4347 2182 4402 nuisse
2231 4347 2479 4416 primam
2526 4346 2682 4401 illam
2715 4363 2749 4400 a
2793 4347 2849 4401 S.
2899 4345 3137 4400 Henrico
3185 4351 3506 4414 susceptam
3535 4359 3705 4414 expe-

1992 4435 2294 4503 ditionem,
2329 4451 2459 4505 quaa
2489 4439 2706 4502 tamen,
2727 4434 2965 4489 testibus
2983 4432 3300 4488 Adelboldo
3331 4438 3390 4486 et
3422 4432 3702 4496 Ditmaro,

1996 4523 2331 4579 brevissima
2374 4522 2525 4577 fuit:
2574 4539 2709 4577 nam
2758 4528 2987 4576 sanctus
3056 4522 3375 4589 Imperator
3419 4519 3701 4589 majorem

1995 4611 2414 4665 hebdomadam
2457 4625 2637 4679 usque
2668 4613 2734 4662 ad
2787 4608 2999 4662 Pascha
3032 4607 3099 4661 ad
3149 4607 3345 4662 Clusas
3393 4606 3701 4676 transegit,

1995 4717 2060 4754 ac
2088 4698 2260 4753 rebus
2288 4697 2462 4753 celeri
2511 4713 2682 4751 cursu
2728 4697 3016 4762 confectis,
3084 4701 3216 4766 post
3268 4693 3703 4748 coronationem

1997 4794 2050 4842 et
2072 4789 2266 4841 turbas
2294 4787 2616 4857 Papienses,
2657 4807 2679 4833 ι
2746 4787 3074 4839 Pentecoste
3135 4788 3327 4837 sancta
3381 4781 3474 4852 pia
3520 4781 3704 4836 animi

1998 4876 2297 4930 devotione
2335 4873 2732 4928 celebrata.....
2783 4872 3049 4942 injuriam
3083 4888 3114 4924 a
3160 4871 3411 4924 Boleslao
3443 4869 3548 4923 sibi
3583 4870 3707 4923 illa-

1996 4969 2113 5018 tam
2153 4969 2353 5017 tenens
2384 4966 2578 5016 mente
2610 4961 2940 5030 repositam,
2992 4959 3304 5030 repatriare
3353 4959 3705 5014 festinat.....

1999 5057 2056 5105 et
2083 5051 2144 5105 in
2173 5051 2370 5122 vigilia
2416 5052 2471 5105 S.
2524 5049 2758 5104 Joannis
2812 5048 3124 5118 (Baptistae)
3177 5047 3526 5116 colloquium
3570 5063 3708 5102 cum

2000 5139 2406 5194 Alsatiensibus
2456 5138 2781 5194 habuit.....
2832 5139 2962 5191 Post
3020 5137 3141 5190 haec
3183 5152 3277 5189 rex
3348 5135 3708 5203 Moguntiam

1999 5227 2200 5294 venit;
2239 5226 2433 5296 ibique
2478 5226 2642 5279 solito
2689 5224 2919 5296 pietatis
2993 5225 3219 5289 atfectu,
3299 5224 3710 5292 Apestolorum

1999 5315 2256 5370 solennia
2323 5314 2622 5368 celebriter
2681 5312 2952 5382 peregit;
3010 5333 3035 5365 ι
3091 5313 3222 5366 inde
3281 5312 3338 5365 in
3400 5311 3708 5366 Saxoniam

1998 5405 2267 5460 adversus
2341 5403 2658 5456 Boleslaum
2720 5403 3025 5472 profectus,
3077 5407 3137 5455 ut
3193 5417 3257 5454 ex
3326 5405 3444 5454 tota
3509 5416 3709 5454 rerum

1999 5493 2144 5548 serie
2200 5491 2512 5546 clarissime
2568 5491 2733 5544 detur
2809 5490 3074 5560 intelligi.
3125 5489 3371 5560 primam
3427 5489 3582 5543 illam
3645 5489 3708 5544 in

2002 5580 2457 5650 Longobardiam
2517 5579 2913 5634 excursionem
2965 5597 2998 5631 a
3045 5579 3296 5633 discessu
3354 5595 3417 5631 ex
3475 5579 3714 5632 Bavaria

1998 5671 2086 5724 vix
2121 5669 2253 5723 totis
2292 5668 2475 5722 tribus
2507 5668 2797 5720 mensibus
2828 5666 3097 5721 tenuisse.
