3944 6412
186 400 248 445 1ῑὸ
1837 405 1884 455 Αη

3610 414 3676 457 ﬁt}

262 521 380 571 l07.
433 520 616 573 Miuus
654 520 917 589 displicet
964 520 1114 588 quod
1168 520 1247 572 ait
1301 520 1445 573 idem
1505 522 1760 575 Struvius
1808 538 1871 575 ex
1902 526 1949 576 Α
1987 522 2769 590 synodum'l‘remouieusem,
2821 523 2888 575 de
2920 539 3032 592 qua
3078 525 3197 592 jam
3250 527 3384 577 satis
3431 526 3677 580 diximus

186 605 483 675 Sigeberto
507 608 576 660 ad
627 622 842 660 annum
898 608 1050 660 100ὶὶ.
1086 626 1109 655 α
1164 614 1396 659 mortuo
1452 608 1656 661 Ottone
1713 610 1877 673 duce,

186 694 454 747 ducatum
518 694 903 765 Lotharingim
951 695 1146 747 comiti
1177 694 1495 759 Godefrido,
1528 696 1646 748 tilio
1704 697 1879 749 liode-

188 781 322 834 fridi
354 782 743 837 Ardeunensis
772 806 797 830 ››
832 783 1233 847 commissum;
1293 782 1353 835 in
1406 799 1519 852 quo
1577 784 1881 853 scriptores

188 868 287 923 alii
343 871 477 924 satis
528 871 901 925 eouveniunt.
962 876 1033 925 At
1083 873 1259 941 quod,
1345 874 1543 926 eodem
1591 874 1883 942 Sigeberto

190 964 505 1027 praeeunte,
558 960 737 1012 refert
791 975 942 1011 anno
999 962 1153 1024 1010,
1216 965 1444 1027 gentem
1508 962 1882 1029 Ungarorum,

191 1048 467 1099 hactenus
499 1046 835 1099 idololatriae
867 1046 1138 1112 deditam,
1160 1062 1289 1099 cum
1317 1064 1417 1099 suo
1449 1063 1579 1116 rege
1604 1049 1883 1117 baptismo

192 1138 325 1185 tunc
359 1133 612 1202 primum
645 1133 949 1199 initiatam,
971 1133 1121 1202 quod
1145 1139 1228 1187 tot
1257 1133 1352 1186 alii
1405 1150 1533 1187 cum
1568 1134 1884 1187 Hofmanno

193 1237 497 1291 perperam
531 1221 710 1274 secuti
743 1226 893 1287 sunt,
927 1221 988 1275 ad
1017 1221 1278 1291 superius
1320 1222 1599 1274 dictorum
1656 1238 1884 1276 sensum

193 1308 433 1363 omnino
482 1308 879 1377 explicandum
913 1313 1017 1362 est.
1078 1309 1156 1363 De
1216 1308 1547 1378 episcopatu
1608 1309 1884 1362 Bamber—

195 1398 359 1465 gensi
389 1397 461 1452 ad
489 1399 630 1451 duos
662 1398 920 1467 proxime
959 1401 1259 1467 sequentes
1290 1413 1469 1451 annos
1500 1398 1669 1467 paulo
1724 1414 1885 1451 accu-

196 1485 378 1537 ratior
425 1484 751 1555 disquisitio
805 1484 1154 1539 instituetur.
1214 1487 1331 1538 Huc
1360 1485 1590 1555 proprie
1643 1486 1887 1555 pertinet

194 1570 908 1639 synodusTremouiensis,
935 1572 1003 1626 de
1020 1589 1129 1642 qua
1162 1572 1468 1637 Ditmarus,
1494 1588 1623 1642 pag.
1659 1576 1760 1627 380
1802 1575 1885 1639 (ex

196 1658 485 1729 principio
517 1665 722 1711 caetera
752 1658 930 1713 ferme
968 1660 1202 1729 colligas
1237 1677 1249 1712 :
1278 1661 1293 1729 )
1320 1680 1346 1709 (ι
1377 1660 1564 1713 Posila
1593 1666 1676 1713 est
1717 1660 1885 1712 etiam

197 1747 426 1811 inloco,
473 1745 573 1816 qui
627 1746 1033 1799 Throsmunini
1078 1746 1304 1809 dicitur,
1361 1763 1568 1817 magna
1617 1747 1886 1815 synodus,

196 1834 293 1886 ubi
330 1848 432 1889 rex
482 1833 855 1904 coepiscopis,
902 1834 1397 1904 prae-sentibusque
1458 1835 1693 1899 cunctis,
1761 1835 1888 1902 plu-

197 1920 341 1973 rima
379 1925 615 1989 questus
650 1925 733 1972 est
760 1926 967 1973 sanctae
1011 1920 1269 1974 Ecclesiae
1344 1922 1762 1985 convenientia,
1834 1928 1891 1974 et

196 2007 495 2061 communi
520 2007 856 2060 eorumdem
913 2008 1152 2060 concilio
1200 2009 1321 2061 haec
1364 2009 1562 2061 statuit
1623 2008 1889 2078 deinceps

196 2094 517 2165 prohiberi,
574 2102 631 2148 et
704 2094 920 2164 optimo
978 2111 1140 2148 novae
1213 2096 1586 2149 institutionis
1641 2096 1887 2160 decreto,

196 2198 434 2247 gravem
470 2186 835 2250 peccatorum
868 2180 1079 2234 suimet
1117 2182 1396 2234 sarcinam
1430 2182 1691 2247 relevari,
1739 2197 1889 2234 anno

199 2269 512 2322 Dominicee
575 2269 985 2321 lncarnationis
1051 2284 1141 2332 λιν,
1196 2285 1345 2321 anno
1404 2274 1593 2322 autem
1665 2269 1887 2321 Domini

198 2356 425 2409 Henrici
453 2356 497 2409 ll
532 2355 826 2424 regnantis
852 2360 1079 2425 quarto,
1114 2355 1173 2408 in
1200 2355 1288 2408 die
1332 2356 1471 2409 Non.
1504 2355 1658 2408 Julii.
1694 2378 1714 2403 ι
1771 2356 1887 2408 Νο-

196 2445 353 2497 mina
405 2444 833 2513 episcoporum,
889 2448 945 2495 et
1000 2459 1127 2513 quae
1185 2442 1261 2495 ibi
1319 2442 1580 2495 ordinata
1629 2449 1763 2495 sunt
1820 2459 1885 2495 ex

194 2536 389 2585 nostro
421 2531 614 2584 codice
670 2547 777 2584 ms.
834 2532 1118 2600 supplevit
1150 2530 1485 2596 Leibnitius,
1543 2536 1642 2584 aut
1696 2530 1887 2599 potius

194 2620 641 2673 amauueusium
701 2620 825 2689 ejus
909 2618 1137 2687 aliquis,
1212 2618 1373 2686 cujus
1471 2618 1884 2671 iuadvertentia

194 2710 410 2759 factum
449 2711 512 2759 ut
542 2706 735 2758 relicta
776 2704 848 2758 sit
872 2705 1077 2774 prioris
1110 2704 1379 2758 editionis
1401 2706 1617 2772 notula,
1655 2726 1675 2753 ι
1729 2706 1885 2759 deest

191 2794 489 2847 decretum
522 2792 723 2862 synodi
779 2792 1221 2857 Tremonicnsis,
1257 2811 1283 2840 ι)
1338 2792 1433 2845 ubi
1492 2794 1713 2846 decreta
1764 2794 1884 2862 ipsa

188 2882 385 2935 omnia
446 2880 778 2934 immediate
837 2881 1129 2950 prtemissa
1182 2884 1332 2933 sunt.
1406 2880 1489 2934 Sit
1526 2881 1647 2933 haec
1700 2882 1883 2950 prima

193 2970 329 3022 Viue
371 2970 429 3023 S.
465 2968 693 3023 Henrici
714 2968 1003 3038 periodus.

191 3073 216 3134 Ξ
276 3074 365 3127 XI.
423 3073 1243 3143 Episcopatus_Bambergensis
1315 3090 1347 3126 a
1386 3077 1586 3128 sanctis
1642 3074 1886 3127 Henrico
1916 3056 1955 3107 (ἶ

678 3167 727 3215 et
757 3161 1090 3228 Cimegunde
1113 3161 1399 3226 fundatas.

264 3252 384 3303 108.
434 3250 536 3303 Hic
566 3249 732 3302 nobis
748 3248 992 3301 occurrit
1016 3247 1528 3317 sanctissimijuxta
1555 3263 1617 3299 ac
1649 3247 1887 3301 munifi-

189 3338 510 3391 centissimi
539 3337 909 3406 Imperatoris
934 3341 1371 3389 monumentum
1410 3336 1579 3403 longe
1608 3339 1884 3404 praestari-

190 3424 500 3489 tlssimum,
540 3440 698 3478 novre
735 3424 986 3477 ecclesize
1031 3422 1371 3477 cathedralis
1415 3438 1448 3475 a
1503 3422 1887 3476 fundamentis

190 3514 401 3565 erectio
434 3518 493 3565 et
530 3511 975 3581 locupletissima
997 3510 1228 3574 dotatio,
1261 3510 1464 3563 Sancto
1507 3509 1615 3579 ipsi
1672 3509 1883 3563 funda—

192 3600 291 3653 tori
328 3616 449 3654 non
516 3600 753 3652 minima
813 3614 1102 3663 curarum,
1164 3596 1577 3661 molestiarum,
1639 3597 1777 3666 quin
1833 3601 1889 3649 et

188 3689 473 3742 bellorum
515 3687 787 3751 materia;
844 3686 981 3740 dum
1011 3701 1043 3737 a
1090 3684 1368 3754 proximis
1427 3684 1705 3753 episcopis
1744 3686 1886 3737 Her-

187 3776 472 3846 bipolensi
508 3780 566 3828 et
598 3773 962 3842 Eystettensi,
992 3774 1060 3826 ad
1091 3788 1255 3825 novae
1286 3772 1544 3825 dimcesis
1596 3774 1738 3825 lines
1780 3772 1881 3825 de-

184 3862 608 3930 terminandos,
640 3878 839 3926 graves
880 3862 1125 3914 subortm
1160 3865 1292 3913 sunt
1329 3859 1711 3927 difficultates,
1762 3863 1884 3912 tum

185 3965 311 4003 vero
360 3967 392 4003 a
481 3948 863 4001 sanctissimae
945 3947 1204 4017 conjugis
1274 3946 1563 4016 germanis
1616 3946 1885 3999 fratribus

184 4038 327 4100 odia,
362 4036 632 4097 invidiae.
665 4036 903 4095 insidiae,
965 4036 1115 4089 bella
1170 4030 1341 4088 etiam
1388 4037 1672 4087 commota
1729 4039 1881 4098 sunt,

185 4128 325 4195 quod
360 4123 878 4196 opulentissimum
925 4122 1355 4192 patrimonium,
1385 4120 1501 4174 imo
1532 4125 1586 4173 et
1615 4120 1717 4174 dos
1762 4121 1885 4190 ipsa

185 4215 389 4267 sororis
416 4212 772 4281 Cuuegundi
803 4210 1110 4279 assignate,
1141 4226 1311 4280 quam
1344 4208 1417 4262 ad
1466 4224 1525 4263 se
1571 4208 1882 4268 redituram

186 4306 581 4370 speraverant,
605 4300 863 4369 prodige,
911 4302 974 4350 ut
1021 4297 1130 4367 ipsi
1183 4296 1582 4367 loquebantur,
1631 4296 1877 4350 ditandis
1911 4316 1953 4370 ι)

184 4390 595 4443 canonicorum
645 4387 1176 4455 monachorumque
1217 4384 1760 4454 congregationibus
1789 4383 1879 4437 di-

186 4478 538 4547 Iapidaretur
578 4493 591 4529 :
656 4490 784 4544 quae
832 4489 1133 4544 quousque
1186 4473 1555 4539 invaluerint;
1586 4472 1704 4524 suis
1735 4471 1882 4524 infra

185 4566 312 4619 locis
362 4564 675 4619 insinuare
732 4578 848 4615 non
881 4560 1406 4631 praetermittemus.
1455 4561 1526 4612 At
1563 4558 1715 4612 enim
1764 4559 1883 4613 haec

185 4654 367 4707 omnia
455 4648 763 4722 superavit
847 4648 901 4702 S.
988 4647 1212 4702 Henrici
1262 4647 1579 4701 castissima
1656 4647 1879 4715 religio,

186 4742 513 4796 inconcussa
576 4736 787 4807 pietas,
858 4740 912 4788 et
967 4736 1264 4805 explorata
1320 4734 1498 4788 animi
1585 4733 1878 4788 fortitudo.

185 4829 380 4895 quibus
404 4832 682 4881 armatus
702 4824 1009 4877 virtutibus
1039 4828 1095 4876 et
1143 4821 1427 4876 dimcesim
1468 4820 1721 4874 ecclesiae
1763 4836 1880 4873 sum

189 4913 593 4985 Bambergensi
672 4910 992 4977 vindicavit,
1071 4914 1127 4963 et
1204 4909 1556 4977 ingratorum
1622 4907 1879 4961 affinium

185 5011 429 5070 conatus,
484 5005 696 5057 sinon
755 4999 960 5052 merita
1011 4998 1245 5057 ultione,
1304 4997 1501 5049 saltem
1561 4994 1882 5048 Christiana

188 5092 481 5147 tolerantia
568 5085 949 5157 compescuit.
1031 5084 1446 5139 Fundationem
1542 5083 1747 5153 ipsam,
1818 5087 1882 5135 ut

188 5180 529 5250 praacipuum
565 5175 768 5247 operis
808 5174 895 5227 sui
926 5177 1350 5241 argumentum,
1384 5171 1581 5224 multis
1600 5169 1881 5239 capitibus

187 5268 581 5339 complectitur
638 5263 785 5316 Vitae
822 5261 1065 5330 scriptor
1093 5275 1435 5329 anonymus,
1467 5259 1565 5311 sed
1624 5273 1690 5311 ex
1740 5273 1875 5327 quo.

192 5359 241 5407 nt
265 5373 433 5427 supra
463 5351 711 5409 abunde
746 5349 999 5419 exposui,
1033 5348 1103 5402 ad
1151 5347 1612 5415 chronologicam
1672 5346 1877 5397 seriem

190 5442 311 5498 nihil
339 5454 711 5517 magnopere
733 5438 945 5503 elicias,
978 5441 1041 5491 ut
1065 5436 1207 5490 adeo
1229 5436 1349 5490 haec
1372 5433 1600 5489 aliunde
1630 5431 1879 5487 eruenda

190 5538 236 5585 et
259 5531 662 5605 componenda
695 5527 786 5580 sit.

255 5624 363 5679 109.
404 5622 563 5678 Ordo
613 5630 818 5674 rerum
878 5614 1024 5684 apud
1073 5612 1389 5669 Ditmarum
1425 5610 1599 5680 exigit
1632 5614 1691 5663 ut
1752 5611 1882 5680 post

1989 609 2349 678 paragrapho
2386 610 2749 678 prmcedenti,
2806 610 3091 679 reliquum
3147 610 3283 664 anni
3338 613 3659 682 impensum

1991 698 2345 765 intelligatur
2392 696 2608 750 bellicis
2661 699 2928 752 adversus
2980 699 3297 751 Boleslaum
3349 700 3672 765 conatibus,

1990 799 2132 853 quos
2182 783 2328 837 inter
2410 784 2709 837 intellectis
2767 784 3027 837 Balduini
3092 785 3369 839 Flandriaa
3446 786 3671 839 comitis

1992 871 2409 938 molitiouibus,
2486 888 2627 942 quas
2690 872 2955 926 describit
3013 873 3299 925 Ditmarus
3359 890 3488 943 pag.
3550 877 3672 937 383,

1993 975 2149 1012 arma
2204 959 2462 1029 sequenti
2551 960 2809 1029 proxime
2896 976 3044 1013 anno
3099 962 3263 1025 1000,
3329 966 3393 1013 ut
3439 966 3678 1013 testatur

1991 1047 2336 1116 Sigebertus,
2369 1047 2427 1099 in
2467 1064 2598 1100 eum
2646 1048 2905 1113 verterit,
2937 1047 3035 1101 ubi
3086 1063 3212 1117 quae
3243 1048 3465 1101 duobus
3512 1049 3677 1101 annis

1997 1136 2129 1187 1000
2184 1140 2239 1187 et
2317 1137 2469 1188 1007.
2523 1141 2681 1203 gesta
2753 1144 2886 1188 sunt
2950 1135 3117 1188 simul
3204 1135 3327 1187 istic
3396 1136 3678 1188 connectit

1998 1222 2298 1289 Ditmarus,
2362 1223 2558 1276 eadem
2612 1222 2823 1293 pagina
2866 1223 3052 1275 denuo
3108 1238 3400 1276 resumens
3447 1239 3574 1292 qua-
3608 1223 3676 1275 ad

1996 1325 2210 1362 annum
2295 1311 2415 1378 jam
2501 1310 2711 1362 dictum
2810 1312 2938 1362 1000
3040 1310 3347 1379 pertinent.
3442 1309 3679 1361 Iacobus

1996 1398 2271 1465 Meyerus,
2302 1398 2357 1449 iu
2407 1398 2722 1451 Annalibus
2756 1397 3053 1459 Flandrim,
3084 1397 3389 1465 diligenter
3438 1402 3495 1449 et
3522 1412 3679 1449 accu-

1998 1490 2115 1537 rate
2176 1485 2475 1553 descripsit
2531 1501 2659 1554 quze
2705 1485 2763 1537 in
2821 1484 2970 1537 bello
3025 1486 3131 1536 isto
3187 1484 3503 1548 Flandrico,
3562 1500 3677 1536 non

1998 1573 2196 1626 eodem
2226 1589 2451 1643 semper
2480 1588 2669 1625 rerum
2711 1588 2990 1637 successu,
3016 1590 3046 1625 a
3077 1573 3129 1625 S.
3185 1572 3423 1625 Henrico
3474 1572 3677 1624 adver-

1999 1678 2092 1713 sus
2140 1662 2405 1714 comitem
2490 1666 2749 1713 nostrum
2825 1660 3166 1713 Balduinum
3242 1664 3458 1711 tentata
3521 1664 3674 1722 sunt,

2000 1749 2276 1817 explicata
2321 1751 2443 1817 ejus
2485 1747 2773 1801 occasione
2822 1752 2876 1799 et
2930 1747 3212 1816 adjunctis
3243 1746 3371 1799 aliis
3418 1747 3678 1813 pluribus

2000 1836 2135 1887 satis
2186 1835 2443 1898 curiosis,
2503 1851 2631 1903 quae
2672 1833 2805 1886 alibi
2886 1850 3001 1886 non
3054 1833 3194 1887 adeo
3234 1833 3495 1886 distincte
3535 1850 3675 1885 euu-

1999 1924 2177 1976 cleata
2205 1923 2567 1992 reperiuntur
2598 1939 2610 1975 :
2646 1922 2836 1991 ipsum
2858 1921 3057 1974 videsis
3103 1921 3266 1974 annis
3328 1923 3480 1981 1005,
3543 1923 3677 1974 1006

1998 2017 2055 2064 et
2090 2010 2266 2063 t007:
2326 2009 2489 2062 nobis
2522 2009 2657 2062 satis
2716 2014 2801 2061 est
2856 2008 3080 2077 singula
3135 2009 3205 2061 ad
3254 2008 3514 2078 proprios
3560 2010 3671 2061 cal-

1998 2099 2155 2151 culos
2186 2112 2500 2159 revocasse,
2550 2096 2617 2149 ad
2648 2098 2799 2165 quod
2857 2112 2960 2148 nos
2989 2096 3081 2148 hic
3105 2095 3263 2162 juvat
3321 2096 3679 2149 Mabillouius

1998 2202 2126 2256 pag.
2165 2188 2281 2251 l85,
2313 2185 2447 2237 dum
2481 2200 2545 2237 ex
2576 2184 2885 2253 diplomate
2918 2183 3053 2236 anni
3098 2184 3227 2235 1006
3266 2183 3517 2236 ostendit
3571 2184 3677 2236 ha—

2000 2273 2177 2323 bitum
2211 2288 2277 2324 eo
2334 2272 2460 2340 ipso
2511 2288 2662 2324 anno
2702 2272 2852 2325 inter
2876 2271 2931 2323 S.
2994 2270 3295 2324 Henricum
3347 2277 3402 2324 et
3484 2288 3677 2339 regem

2000 2359 2244 2412 Franciae
2286 2359 2641 2424 Rotbertum,
2693 2357 3060 2428 colloquium,
3095 2374 3207 2429 quo
3237 2359 3509 2411 labefacta
3537 2375 3678 2412 uou-

1996 2446 2137 2500 nihil
2208 2446 2459 2499 amicitia
2528 2446 2917 2514 redintegrata
2992 2450 3092 2498 est.
3188 2445 3457 2498 Videatur
3530 2445 3675 2499 idem

1997 2534 2352 2588 Mabillonius
2372 2550 2504 2604 pag.
2540 2536 2658 2600 188,
2692 2549 2851 2588 num.
2876 2535 2943 2586 88
2974 2538 3030 2586 et
3075 2535 3163 2597 89,
3211 2533 3479 2602 placitum
3533 2535 3679 2599 regis

1993 2638 2319 2675 memorans
2348 2638 2450 2692 pro
2484 2622 2687 2675 Italicis
2709 2620 3088 2675 monasteriis.

2068 2713 2187 2764 110.
2245 2710 2558 2763 Ditmarum
2626 2710 2813 2763 denuo
2879 2710 3194 2779 sequimur.
3259 2708 3408 2778 apud
3484 2723 3677 2777 quem,

1995 2819 2021 2848 ‹‹
2054 2798 2361 2868 pacificatis
2408 2803 2543 2851 tunc
2587 2797 2846 2867 partibus
2890 2797 2997 2861 his,
3049 2796 3312 2865 generale
3374 2796 3677 2849 concilium

1992 2886 2048 2939 in
2089 2886 2382 2940 Fraucfort
2442 2901 2475 2938 a
2521 2886 2674 2955 Rege
2730 2884 2985 2954 ponitur,
3019 2906 3039 2930 ιι
3078 2885 3135 2937 in
3164 2900 3278 2953 quo
3320 2884 3679 2952 episcopatus

1994 2974 2423 3043 Bambergensis
2442 2972 2541 3026 diu
2579 2977 2709 3026 ante
2740 2972 3010 3025 meditata
3064 2970 3345 3024 institutio
3394 2975 3451 3023 et
3507 2972 3676 3023 varia‘

1992 3062 2350 3116 difficultates
2394 3059 2456 3113 in
2526 3076 2593 3113 eo
2670 3059 2910 3113 concilio
2967 3059 3196 3129 agitatas
3272 3058 3477 3128 cuique
3548 3060 3680 3110 satis

1993 3147 2174 3201 obviae
2213 3151 2376 3200 sunt:
2428 3146 2485 3200 id
2537 3146 2629 3199 hic
2672 3146 2947 3216 qumritur
3006 3145 3385 3214 potissimum,
3443 3150 3678 3213 gestane

1996 3252 2062 3288 ea
2084 3235 2277 3288 omnia
2302 3235 2414 3287 sint
2443 3249 2593 3287 anno
2630 3236 2781 3299 l006,
2818 3248 2891 3286 an
2944 3235 3097 3299 l007,
3132 3232 3190 3285 in
3248 3248 3361 3302 quo
3418 3236 3677 3284 auctores

1994 3340 2154 3393 aeque
2181 3339 2243 3375 ac
2272 3322 2329 3375 in
2372 3322 2556 3389 primo
2586 3321 2775 3375 Sancti
2829 3320 2978 3374 bello
3028 3320 3219 3373 Italico
3263 3319 3509 3373 maxime
3560 3320 3675 3372 dis-

1995 3412 2242 3464 sidentes
2271 3409 2521 3462 invenio.
2576 3408 2827 3461 Ditmaro
2860 3424 2948 3460 res
3002 3423 3131 3461 suas
3174 3422 3289 3459 non
3346 3407 3479 3458 satis
3507 3405 3675 3459 chro-

1995 3497 2255 3567 nologice
2315 3496 2725 3565 distinguente,
2790 3494 3063 3548 Baronius
3113 3495 3192 3547 sic
3250 3509 3463 3547 annum
3518 3496 3676 3546 l006.

1995 3586 2195 3657 incipit
2222 3601 2235 3639 :
2268 3606 2290 3632 ι
2325 3587 2489 3638 Anno
2521 3583 2728 3638 Christi
2762 3582 3158 3652 Redemptoris
3184 3581 3486 3635 millesimo
3517 3588 3672 3635 sexto

1997 3675 2177 3729 lndict
2204 3690 2275 3741 iv,
2316 3673 2634 3726 celebratur
2661 3672 2719 3725 in
2779 3670 3082 3725 Germania
3130 3669 3385 3738 synodus
3436 3669 3675 3722 Franco-

1994 3762 2316 3826 fordiensis,
2371 3761 2429 3814 in
2462 3776 2574 3830 qua
2626 3760 2775 3813 inter
2823 3759 2930 3811 alia
2993 3758 3068 3810 ibi
3119 3760 3422 3810 tractatum
3466 3762 3550 3809 est
3608 3758 3676 3810 de

1993 3851 2227 3905 ecclesia
2254 3847 2653 3918 Bambergensi
2700 3846 2971 3915 erigenda
3000 3846 3058 3898 in
3097 3844 3423 3898 cathedram
3454 3845 3674 3913 episco-

1991 3940 2201 4010 palem.
2234 3937 2365 4007 Agit
2417 3936 2485 3990 de
2516 3952 2580 3988 ea
2606 3935 2864 4006 pluribus
2914 3933 3220 3997 Ditmarus,
3259 3949 3282 3984 ι
3304 3938 3409 3985 etc.
3437 3933 3528 3985 His
3573 3948 3674 4001 op-

1992 4026 2156 4097 ponit
2204 4025 2411 4094 Pagius
2470 4024 2535 4077 ad
2590 4022 2854 4076 eumdem
2913 4035 3125 4073 annum
3174 4019 3390 4072 litteras
3441 4020 3674 4072 Joannis

1994 4118 2160 4185 Papa?
2222 4120 2377 4167 tumo
2427 4113 2495 4167 1X
2541 4110 2925 4165 Conciliorum
2978 4108 3259 4173 recitatas,
3317 4107 3375 4160 in
3433 4122 3672 4175 quarum

1992 4205 2106 4258 line
2137 4203 2346 4271 legitur
2379 4217 2391 4254 :
2424 4219 2451 4251 α
2503 4199 2786 4269 Scriptum
2835 4212 2935 4267 per
2969 4213 3173 4249 manus
3201 4194 3348 4248 Petri
3383 4194 3591 4248 notarii
3621 4200 3675 4246 et

1994 4290 2274 4345 scriniarii
2320 4290 2379 4342 S.
2416 4288 2479 4341 Β.
2535 4288 2617 4352 Ε.,
2676 4286 2735 4339 in
2780 4302 2973 4340 mense
3017 4285 3207 4349 Junio,
3262 4283 3560 4337 lndict.v:
3620 4283 3673 4335 id

1994 4385 2098 4445 est,
2146 4378 2352 4448 inquit,
2410 4391 2560 4429 anno
2620 4374 2825 4428 Christi
2883 4389 3015 4427 uvu.
3084 4371 3240 4435 Quod
3308 4370 3673 4440 privilegium

1994 4482 2235 4537 magnus
2290 4464 2695 4534 Episcoporum
2726 4476 2999 4514 numerus
3055 4459 3112 4511 in
3170 4462 3384 4527 synodo
3441 4458 3675 4509 Franco-

1992 4556 2187 4609 nofurt
2234 4552 2427 4607 habita
2478 4549 2829 4604 unanimiter
2888 4547 3210 4607 laudarunt,
3241 4545 3435 4598 etsuis
3456 4543 3672 4598 suberi-

1992 4642 2281 4713 pliouibus
2312 4638 2774 4697 corroboraruut,
2827 4640 2889 4688 ut
2916 4635 2970 4687 in
2998 4636 3109 4688 fine
3143 4633 3359 4687 laudati
3411 4634 3671 4702 rescripti

1992 4727 2286 4799 apostolici
2338 4727 2525 4796 legere
2579 4729 2678 4779 est.
2712 4724 2896 4788 Quare
2942 4722 3154 4789 subdit,
3196 4720 3500 4774 concilium
3534 4720 3673 4773 illud

1990 4833 2106 4872 non
2145 4818 2249 4871 hoc
2296 4830 2467 4879 anno,
2516 4818 2581 4867 ut
2635 4812 2906 4865 Baronius
2954 4810 3194 4880 putavit,
3251 4809 3346 4863 sed
3409 4809 3671 4878 sequenti

1990 4908 2423 4973 congregatum,
2449 4921 2475 4951 »
2508 4905 2611 4953 etc.

2064 4994 2179 5046 111.
2248 4990 2369 5042 Non
2419 4987 2563 5041 male
2592 5003 2696 5056 pro
2727 4986 2917 5055 aliqua
2975 4990 3132 5055 parte
3184 4982 3491 5039 Baronium
3550 5000 3669 5036 cor-

1991 5079 2132 5133 rexit
2167 5077 2393 5148 Pagius.
2436 5077 2495 5129 in
2540 5076 2650 5128 alia
2705 5091 2821 5128 non
2876 5074 3064 5127 minus
3117 5074 3240 5141 ipse
3274 5072 3669 5141 corrigendus.

1990 5165 2269 5230 Quoniam
2330 5164 2498 5217 ambo
2568 5162 2636 5215 ad
2693 5162 2907 5223 omnia,
2968 5161 3262 5213 occasione
3314 5160 3671 5229 episcopatus

1990 5255 2150 5308 istius
2182 5252 2428 5322 longiori
2444 5256 2698 5320 tempore
2735 5255 2990 5313 tractata,
3024 5264 3137 5301 non
3187 5246 3320 5299 satis
3367 5247 3671 5300 attendisse

1990 5342 2279 5406 videntur;
2330 5343 2573 5408 sumpta,
2631 5336 2741 5390 nisi
2778 5336 3139 5389 vehementer
3185 5334 3371 5397 fallor,
3430 5349 3492 5385 ex
3548 5334 3672 5387 Dit-

1990 5446 2150 5485 maro
2230 5429 2416 5498 prima
2472 5424 2914 5496 perturbationis
2959 5437 3116 5484 ansa,
3176 5420 3273 5489 qui
3330 5421 3391 5473 in
3454 5436 3667 5474 annum

1989 5516 2412 5589 quodammodo
2458 5529 2636 5567 unum
2674 5512 3056 5579 eumdemque
3117 5507 3393 5574 confudit,
3445 5524 3572 5577 quae
3612 5509 3670 5561 iu

1991 5606 2133 5661 duos
2193 5602 2442 5657 diversos
2491 5598 2803 5655 certissime
2861 5593 3226 5649 distrahenda
3282 5600 3431 5648 sunt.
3491 5594 3667 5663 Syno-
