3944 6408
259 377 327 430 67
1568 374 1621 427 S.
1666 371 1955 427 IIENRICI
1997 369 2472 427 lllPERATORlS
3705 378 3770 427 08

266 501 404 557 dum
478 499 1016 555 Francofurtensem
1077 497 1327 568 aliquam
1397 511 1552 550 anno
1621 495 1755 550 1006
1815 496 2041 549 recteA
2078 494 2280 548 matris
2332 494 2594 548 Ecclesiaa
2652 498 3024 565 augmentum
3085 496 3384 550 aunullare
3429 512 3559 550 cum
3610 498 3773 567 nugi-

261 589 624 659 consignavit
686 588 951 642 laudatus
1011 585 1309 650 Baronius,
1374 590 1576 654 utpote
1631 599 1802 655 quam
1861 584 1961 637 illo

263 694 433 749 anno
463 678 601 732 satis
651 683 914 731 accurate
955 675 1242 729 describit.
1301 673 1607 740 Ditmarus,
1664 672 1962 727 admiran-

259 768 393 822 dam
423 768 581 822 illam
613 766 795 820 sancti
826 764 1052 819 Henrici
1083 779 1219 833 erga
1249 764 1444 817 Patres
1473 761 1695 816 concilii
1748 761 1959 815 demis-

262 857 483 910 sionem
515 854 722 909 merito
781 854 1081 921 extollens,
1111 859 1176 906 ut
1200 851 1297 922 qui
1323 867 1382 903 se
1438 851 1507 905 ad
1541 865 1737 904 eorum
1782 849 1959 921 pedm

265 944 660 1016 prostraverit,
718 943 946 1013 aliaque
1028 941 1148 1012 pari
1193 939 1515 994 humilitate
1598 939 1956 1009 praestiterit,

262 1049 393 1104 quae
420 1033 496 1086 ibi
531 1031 727 1087 lectori
758 1031 925 1084 obvia
971 1029 1213 1084 diximus
1246 1045 1260 1081 :
1295 1029 1353 1081 in
1406 1043 1474 1080 eo
1514 1027 1721 1081 defecit
1784 1029 1958 1081 Raro-

261 1121 394 1174 nins
423 1122 574 1191 quod
610 1121 846 1174 alteram
878 1117 1152 1189 synodum
1184 1114 1639 1186 praetermiserit,
1673 1115 1740 1169 ad
1782 1131 1957 1185 quam

260 1211 424 1281 prior
452 1211 615 1282 quasi
660 1209 1067 1281 praeparatoria
1109 1207 1220 1261 dici
1270 1211 1477 1276 potest.
1530 1206 1738 1276 Pagius
1794 1206 1957 1259 vicis-

261 1301 397 1367 sim,
429 1315 493 1353 ex
542 1300 786 1367 allegato
813 1296 1046 1352 Joannis
1104 1297 1206 1350 PP.
1238 1295 1580 1365 diplomate,
1641 1310 1754 1349 non
1807 1295 1956 1348 male

260 1387 538 1457 pugnavit
590 1402 692 1457 pro
751 1385 964 1456 synodo
1015 1384 1152 1438 anni
1213 1386 1373 1449 1007,
1458 1383 1556 1438 sed
1645 1384 1954 1437 Raronium

258 1489 556 1546 perperam
612 1474 842 1544 arguit;
904 1472 1066 1543 quasi
1109 1472 1306 1526 omnia
1352 1472 1559 1526 eodem
1599 1487 1751 1526 anno
1791 1487 1955 1524 com-

255 1564 437 1634 posita
474 1564 606 1628 sint,
671 1578 801 1633 quas
860 1563 926 1614 ad
980 1560 1234 1632 praedicti
1304 1561 1662 1631 episcopatus
1717 1561 1954 1614 erectio-

255 1668 387 1707 nem
444 1650 798 1722 explananda
848 1655 1239 1704 occurrerunt.
1300 1649 1493 1702 Valeat
1565 1649 1673 1711 hic,
1730 1650 1776 1702 si
1850 1665 1953 1701 us-

2070 584 2269 651 gerula
2322 584 2607 653 legatione
2655 584 3139 654 praesumpsit”...
3176 584 3233 637 Si
3288 585 3518 654 quando
3576 591 3765 640 autem

2070 670 2375 743 episcopus
2430 672 2626 725 venire
2683 677 2741 725 et
2794 672 3072 743 promissa
3128 672 3404 739 dignatur
3459 674 3766 744 suscipere,

2068 764 2332 830 paratum
2364 776 2455 814 me
2508 760 2575 814 ad
2626 776 2799 814 omne
2830 761 2986 832 quod
3030 762 3191 815 vobis
3245 763 3462 816 bonum
3522 762 3764 831 videtur,

2067 849 2266 918 procul
2299 848 2476 902 dubio
2516 849 2793 903 inveniet.
2820 869 2847 899 ι
2898 849 3173 921 Sequitur
3227 851 3566 920 protestatio
3630 853 3770 906 Hen-

2072 938 2171 991 rici
2202 938 2455 1008 episcopi
2493 938 2723 992 nomine
2783 939 2974 992 facta:
3034 962 3059 983 κ
3110 939 3311 992 Finitis
3355 940 3565 993 talibus
3621 943 3768 993 allo-

2067 1025 2240 1096 quiis,
2296 1027 2661 1096 Rcrnigerus,
2717 1027 2990 1081 antistitis
3023 1027 3251 1082 Renriei
3296 1027 3771 1093 Wireilmrgensis

2066 1116 2396 1185 capellanus
2434 1115 2678 1170 surrexit
2714 1132 2728 1170 :
2779 1122 3019 1186 propter
3054 1116 3323 1170 timorem
3386 1117 3536 1185 regis
3591 1119 3771 1170 senio-

2064 1219 2186 1257 rem
2220 1220 2387 1257 suum
2440 1204 2551 1258 huc
2603 1220 2721 1259 non
2754 1206 2996 1271 venisse,
3039 1211 3091 1257 et
3117 1206 3530 1260 detrimentum
3586 1208 3767 1260 eccle-

2066 1293 2164 1346 sia?
2192 1293 2353 1347 sibia
2407 1294 2526 1348 Deo
2578 1293 2925 1359 commissie,
2959 1294 3017 1348 in
3051 1295 3245 1365 aliquo
3295 1295 3419 1348 ﬁeri
3473 1311 3770 1366 nunquam

2063 1381 2324 1436 laudasse
2379 1385 2639 1449 testatur,
2696 1388 2754 1437 et
2840 1384 3100 1437 obsecrat
3157 1389 3395 1438 cunctos
3445 1390 3759 1453 prmsentes

2062 1485 2168 1539 per
2208 1469 2416 1524 Christi
2447 1486 2725 1535 amorem,
2751 1487 2821 1525 ne
2851 1472 2984 1525 talia
3017 1471 3160 1534 ﬁeri,
3197 1471 3431 1525 absente
3470 1489 3562 1541 eo,
3608 1473 3764 1526 futu-

2061 1563 2185 1612 tum
2228 1558 2336 1611 sibi
2375 1560 2671 1628 exmplum
2724 1565 3077 1631 paterentur.
3144 1560 3442 1624 Privilegia
3505 1560 3760 1629 ejusdem

2061 1648 2139 1700 ibi
2182 1647 2296 1699 alta
2353 1663 2486 1699 voce
2549 1648 2881 1702 recitantur.
2920 1668 2947 1698 ν
2989 1649 3099 1703 Sed
3151 1649 3270 1701 hinc
3320 1649 3461 1703 nihil
3511 1649 3762 1702 obfuisse

254 1756 450 1811 quam,
507 1738 816 1810 parmmia;
890 1739 1180 1809 distingue
1238 1743 1523 1809 tempora.
1590 1743 1649 1792 et
1718 1754 1953 1791 concor-
1990 1779 2028 1832 Β
2066 1736 2179 1805 jam
2212 1735 2482 1801 diximus,
2515 1751 2629 1807 quo
2661 1737 2850 1791 minus
2889 1753 2985 1791 rex
3041 1744 3264 1790 sanctos
3319 1738 3465 1790 votis
3512 1738 3631 1790 suis
3661 1753 3763 1807 po-

253 1828 415 1883 dabis
462 1829 792 1898 scripturas,
827 1843 967 1898 quas
1008 1826 1179 1880 citato
1240 1830 1401 1881 tomo
1449 1827 1514 1881 IX
1562 1826 1953 1880 Conciliorum

252 1916 416 1970 nobis
445 1915 677 1970 exhibet
719 1915 1021 1970 l.abbeus:
1083 1916 1207 1968 sola
1263 1931 1458 1969 rerum
1498 1920 1694 1969 exacta
1758 1914 1953 1969 distin-

251 2005 363 2058 ctio
409 2003 857 2059 controversiam
915 2009 1099 2058 totam
1151 2003 1464 2057 elucidabit
1512 2008 1568 2057 et
1645 2002 1792 2058 forte
1857 2005 1951 2058 di—

249 2093 447 2148 rimet.

323 2185 446 2236 H2.
477 2180 606 2236 Tria
656 2180 784 2235 istic
842 2178 1228 2233 instrumenta
1280 2178 1606 2233 referuntur
1635 2180 1739 2234 hoc
1789 2179 1946 2234 ordi-

247 2285 320 2324 ne
361 2285 376 2323 :
416 2287 444 2320 α
492 2268 684 2323 Primo
742 2269 869 2341 lpco
924 2268 1238 2322 Concilium
1299 2268 1798 2322 Francofordiense
1876 2270 1945 2322 de

249 2356 492 2411 ecclesia
568 2355 975 2426 Bambergensi
1046 2356 1107 2410 in
1164 2355 1493 2409 cathedram
1558 2355 1941 2425 episcopalem

252 2445 546 2517 erigenda,
593 2445 943 2499 celebratum
1004 2459 1157 2498 anno
1211 2444 1436 2499 Domini
1490 2445 1632 2498 MV].
1676 2450 1938 2515 tempore

250 2534 490 2589 Joannis
545 2535 650 2589 PP.
711 2535 869 2599 XVII,
903 2557 928 2580 ι·
979 2549 1094 2606 quo
1157 2536 1340 2587 totum
1395 2538 1689 2604 acceptum
1747 2538 1831 2587 est
1879 2550 1943 2587 ex

256 2623 534 2677 Ditmaro.
559 2623 809 2677 Alterum
847 2622 1291 2676 instrumentum
1332 2622 1457 2676 loco
1490 2637 1605 2675 non
1648 2638 1750 2675 suo
1780 2638 1942 2691 repo-

250 2710 430 2774 nitur,
463 2726 566 2764 nec
596 2725 790 2764 verum
828 2709 1057 2763 titulum
1113 2709 1346 2782 prtefert
1376 2726 1388 2763 :
1419 2731 1441 2757 ι
1493 2711 1628 2763 Acta
1686 2710 1938 2779 ejusdem

253 2796 765 2852 Francofordiensis
786 2797 1024 2853 Concilii
1057 2813 1124 2850 ex
1156 2796 1443 2851 tabulario
1469 2798 1719 2850 ecclesiae
1776 2799 1938 2852 Ram-

248 2886 556 2954 bergensis.
594 2906 621 2939 ll
680 2886 838 2952 Quod
910 2886 1334 2957 subsequitura
1392 2886 1646 2956 diploma
1707 2887 1941 2941 Joannis

251 2976 355 3029 PP.
387 2976 516 3039 XVI,
551 2993 577 3027 ι
619 2975 687 3029 ad
716 2975 934 3044 justum
965 2990 1159 3029 rerum
1194 2973 1400 3028 seriem
1430 2975 1660 3028 videtur
1691 2974 1938 3027 secundo

2065 1825 2318 1878 tiretur:
2403 1825 2553 1879 unde
2629 1826 3054 1897 postmodum«
3150 1826 3423 1880 llenricus
3501 1826 3759 1893 antistes,

2061 1912 2274 1967 auxilio
2304 1914 2605 1967 confratris
2636 1915 2719 1967 sul
2753 1914 3062 1981 Heriberti,
3112 1913 3233 1981 regi
3268 1914 3512 1983 gratiam
3542 1918 3598 1967 et
3650 1913 3760 1967 im-

2059 2002 2370 2072 pletioneni
2400 2002 2504 2056 sibi
2536 2002 2806 2072 placitam
2834 2002 3152 2072 acquisivit.
3187 2022 3213 2052 ι)

2134 2091 2252 2144 114.
2288 2090 2633 2145 Hmcomnia
2655 2092 2740 2144 vel
2797 2107 2949 2145 anno
3004 2094 3137 2145 1000
3192 2097 3454 2151 exeunte,
3509 2092 3594 2145 vel
3652 2092 3760 2146 sub

2054 2178 2408 2251 principium
2436 2179 2573 2233 anni
2608 2181 2741 2234 1007
2770 2184 3051 2233 transacta
3075 2196 3195 2232 esse
3228 2184 3477 2250 oportet,
3525 2181 3759 2251 quando

2058 2286 2087 2318 α
2126 2267 2576 2335 gloriosissimus
2654 2283 2748 2321 rex
2810 2269 3104 2333 Henricus,
3182 2268 3299 2321 voti
3377 2284 3610 2339 compos
3678 2269 3756 2323 ef-

2056 2357 2353 2419 fectus,....
2377 2356 2521 2409 duos
2555 2372 2585 2410 e
2617 2356 2927 2426 capellanis
2956 2356 3093 2417 suis.
3115 2356 3439 2411 Albericum
3493 2358 3757 2411 videlicet

2055 2449 2111 2498 et
2160 2445 2529 2505 Ludovicum,
2594 2445 2883 2515 adjunctis
2978 2445 3205 2499 Henrici
3276 2446 3752 2513 Wircihurgensis

2054 2533 2305 2604 episcopi
2363 2532 2590 2597 litteris,
2645 2535 2884 2589 Romam
2945 2550 3125 2604 usque
3192 2533 3419 2599 direxit,
3470 2542 3754 2604 quatenus

2054 2622 2146 2675 hic
2176 2623 2322 2675 bene
2370 2622 2614 2691 incepta,
2660 2622 2719 2675 in
2756 2623 2961 2676 melius
3026 2623 3371 2693 proﬁcerent
3411 2623 3751 2676 auctoritate

2054 2711 2329 2765 Romana.
2362 2732 2388 2755 »ι
2427 2711 2667 2763 Narrant
2697 2710 2818 2764 haec
2850 2714 3183 2780 Anon3mus
3214 2710 3272 2764 in
3310 2712 3431 2763 Vita
3465 2711 3746 2781 pluribus,

2051 2814 2179 2868 cap.
2268 2801 2351 2864 10,
2407 2804 2463 2851 et
2538 2799 2986 2853 instrumentum
3077 2800 3511 2869 Bambergense,
3593 2800 3747 2870 quod

2048 2887 2283 2957 preprie
2338 2888 2419 2941 rei
2468 2887 2795 2956 adimpletm
2851 2886 3053 2941 relatio
3110 2887 3217 2940 dici
3284 2892 3487 2957 potest,
3523 2886 3581 2940 in
3631 2903 3748 2957 qua

2047 2975 2241 3046 potius
2306 2992 2433 3028 vera
2493 2982 2750 3029 actorum
2809 2976 3129 3029 substantia
3192 2991 3367 3046 quam
3418 2981 3741 3045 temporum

248 3063 371 3116 loco
402 3063 793 3134 reponendum
845 3063 1019 3117 fuisse
1052 3079 1117 3117 ex
1166 3062 1377 3134 quibus
1415 3062 1507 3116 hic
1564 3068 1752 3116 rectus
1802 3062 1944 3116 ordo
1973 3065 2013 3120 C
2051 3064 2226 3116 series
2256 3064 2507 3133 exposita
2540 3070 2642 3127 est,
2704 3064 2884 3134 ipsam
2918 3063 2976 3117 in
3029 3064 3185 3118 hunc
3236 3065 3471 3118 modum
3523 3066 3743 3135 concipi

247 3150 642 3206 conﬁceretur.
698 3151 1040 3223 Speraverat
1093 3152 1150 3206 S.
1194 3151 1474 3207 Henricus
1524 3150 1936 3204 emolliendum

246 3256 277 3291 a
336 3254 394 3292 se
471 3231 777 3293 Henricum
859 3239 1385 3309 Wirciburgensem
1463 3238 1818 3309 episcopum,
1876 3244 1936 3292 ut

244 3328 690 3382 commutatione
740 3328 933 3399 aliqua
989 3329 1159 3396 facta,
1199 3344 1230 3381 a
1289 3328 1516 3381 dioecesi
1557 3344 1657 3381 sua
1715 3332 1936 3398 partem

246 3416 412 3469 avelli
443 3416 679 3485 sineret,
714 3431 845 3486 quae
879 3414 1285 3486 Bamhergensi
1312 3416 1658 3470 tribueretur
1688 3432 1703 3471 :
1738 3431 1935 3470 verum

244 3506 352 3558 iste
422 3503 566 3558 alias
623 3504 983 3558 conditiones
1044 3508 1390 3575 apposuerat
1437 3504 1637 3559 Sancto
1693 3503 1936 3559 minime

244 3596 462 3663 gratas,
488 3597 564 3661 et,
587 3608 662 3647 ne
693 3593 761 3646 ad
793 3593 1066 3647 indiciam
1125 3593 1403 3664 synodum
1461 3597 1656 3647 venire
1703 3607 1934 3663 cogere-

243 3684 359 3748 tur,
393 3680 530 3745 alio,
573 3680 866 3735 Coloniam
899 3682 1126 3751 opinor,
1158 3681 1227 3736 ad
1280 3681 1333 3736 S.
1378 3682 1740 3736 Heribertum
1801 3696 1937 3751 pro-

245 3767 490 3839 fugerat,
519 3769 597 3823 sic
640 3773 704 3823 ut
760 3785 828 3824 eo
881 3770 1115 3824 absente
1168 3775 1326 3839 gesta
1379 3770 1496 3825 sint
1554 3769 1752 3824 omnia
1808 3786 1938 3840 qum

248 3857 534 3912 Ditmarus
565 3857 644 3911 ibi
700 3863 1136 3925 commemorat,
1191 3864 1248 3911 et
1280 3874 1345 3910 ex
1380 3857 1591 3927 quibus
1636 3856 1938 3910 manifeste

243 3945 412 3999 datur
464 3945 728 4017 intelligi,
780 3946 839 3999 in
888 3963 956 3999 eo
1003 3945 1193 4017 primo
1242 3945 1482 3999 concilio
1534 3944 1592 3998 id
1649 3944 1938 4014 praecipue

244 4040 453 4101 actum,
498 4040 564 4089 ut
641 4035 785 4089 nihil
843 4035 1104 4089 obstante
1180 4034 1411 4088 lienrici
1466 4032 1939 4103 Wirciburgensis

243 4123 734 4193 tergiversatione,
816 4123 1050 4176 ecclesia
1111 4121 1549 4192 Bambergensis
1618 4122 1674 4175 in
1750 4121 1937 4175 cathe-

246 4213 463 4266 dralem
488 4211 827 4282 erigeretur,
859 4211 1022 4281 cujus
1050 4231 1073 4258 ι
1108 4224 1244 4264 cura
1283 4210 1583 4282 pastoralis
1651 4210 1934 4264 Eberardo

242 4306 381 4354 tunc
411 4299 762 4354 Cancellario
793 4316 825 4352 a
855 4299 1008 4368 Rege
1040 4298 1499 4352 committeretur
1551 4321 1576 4345 ιο
1610 4297 1666 4353 id
1702 4298 1855 4370 quod
1897 4314 1931 4351 a

242 4388 496 4442 Concilio
546 4386 816 4456 obtinuit,
844 4392 1140 4459 praeeunte
1195 4388 1499 4454 Tagmone,
1546 4407 1573 4438 α
1606 4392 1663 4439 et
1713 4387 1932 4441 cunctis

242 4475 621 4547 prassentibus
669 4477 792 4545 ejus
849 4491 1173 4530 sermonem
1229 4482 1365 4529 tunc
1415 4475 1831 4529 affirmantibus
1878 4481 1937 4528 et

244 4564 730 4618 subscrubtntibus
763 4580 778 4619 :
810 4583 839 4615 iv
872 4563 953 4617 sic
980 4569 1174 4618 tamen
1206 4568 1269 4616 ut
1299 4563 1563 4617 Eberardi
1622 4563 1931 4630 ordinatio,

244 4668 375 4723 qum
407 4652 486 4706 ibi
509 4669 541 4706 a
569 4652 823 4706 Ditmaro
839 4652 1230 4723 subjungitur,
1258 4652 1324 4705 ad
1348 4658 1681 4723 sequentem
1714 4666 1932 4705 annum

242 4739 562 4794 differentia
576 4739 669 4794 sit.

316 4831 436 4884 H3.
489 4828 770 4883 Audiatur
824 4828 1003 4881 sancti
1051 4828 1230 4898 ipsius
1280 4829 1650 4900 Imperatoris
1705 4828 1929 4882 oratio:

246 4916 384 4973 «Ob
443 4916 552 4971 hoc
625 4915 993 4971 serenissima
1063 4918 1353 4973 vestrimet
1421 4920 1679 4987 (Patrum
1758 4917 1934 4971 totius

243 5005 464 5076 synodi)
495 5005 798 5075 interpello
831 5004 1121 5076 pietatem,
1164 5021 1237 5060 ne
1285 5005 1543 5061 absentia
1589 5006 1714 5074 ejus
1760 5005 1932 5074 (Hen-

239 5093 339 5147 rici
396 5093 918 5164 Wirciburgensis),
972 5095 1071 5165 qui
1130 5111 1235 5166 per
1291 5110 1383 5149 me
1440 5094 1628 5148 voluit
1676 5093 1934 5147 obtinere

238 5181 391 5252 quod
424 5182 566 5236 mihi
624 5198 738 5236 non
779 5183 938 5237 licuit
993 5183 1127 5238 huic
1174 5183 1509 5248 concedere,
1566 5181 1929 5253 propositum

240 5272 544 5326 voluntatis
597 5287 739 5326 mea!
808 5279 984 5344 queat
1032 5272 1368 5342 impedire:
1428 5286 1561 5325 cum
1617 5271 1680 5325 in
1727 5269 1931 5325 baculo

242 5358 364 5428 ejus
416 5363 629 5414 mutum
693 5359 1151 5414 conﬁrmationis
1209 5359 1379 5429 signo
1431 5358 1726 5422 clarescat,
1780 5358 1933 5413 hunc

239 5459 348 5501 non
377 5452 616 5518 propter
655 5449 987 5507 Dominum.
1016 5447 1114 5501 sed
1147 5446 1223 5500 ob
1253 5446 1551 5516 dignitatis
1605 5446 1932 5502 nullatenus

238 5533 621 5606 adipiscendae
651 5537 910 5591 dolorem
941 5534 1178 5605 fugisse.
1211 5535 1434 5589 Moveat
1460 5534 1720 5590 omnium
1761 5535 1931 5589 corda

242 5624 632 5694 prtesentium,
697 5623 855 5696 quod
916 5637 1023 5694 per
1067 5622 1445 5677 ambitionem
1491 5638 1653 5678 suam
1722 5629 1929 5679 sancta?

2049 3157 2313 3220 oportere
2346 3151 2635 3207 existimo.
2674 3151 3016 3221 Compositis
3046 3151 3198 3205 inter
3229 3152 3283 3203 S.
3324 3152 3627 3205 llenrieum
3685 3158 3744 3205 et

2050 3239 2362 3293 antistitem
2399 3240 2917 3308 Wirciburgeusem
2945 3241 3374 3305 controversiis,
3432 3240 3601 3309 legati
3625 3241 3746 3310 jam

2048 3328 2183 3383 dicti
2215 3329 2454 3383 Romam
2480 3328 2636 3382 missi
2662 3335 2817 3395 sunt,
2846 3333 2909 3382 ut
2939 3334 3175 3382 testatur
3203 3330 3459 3383 Pontifex
3491 3345 3503 3383 :
3562 3348 3589 3379 α
3638 3330 3746 3383 Pro

2047 3433 2161 3488 qua
2182 3419 2405 3471 ratione
2447 3418 2796 3472 Henricus“
2858 3418 3296 3485 glorississimns
3357 3434 3450 3471 rex
3508 3418 3746 3471 nuntios

2049 3521 2178 3559 suos
2205 3505 2271 3559 ad
2296 3521 2401 3558 nos
2431 3504 2657 3568 direxit,
2702 3504 2800 3575 qui
2833 3504 2995 3556 nobis
3042 3504 3164 3557 llch
3220 3504 3413 3556 omnia
3464 3503 3741 3569 dicerent,

2048 3599 2103 3648 et
2129 3610 2232 3648 nos
2283 3610 2388 3663 pro
2437 3594 2543 3646 hac
2588 3593 2723 3646 sede
2777 3593 3167 3645 conﬁrmanda
3226 3593 3682 3661 interpellarent.
3718 3614 3739 3641 ι

2052 3683 2297 3752 Legatur
2344 3682 2517 3735 Bulla:
2568 3681 2882 3735 Pontiﬁcis:
2932 3681 3237 3751 reliquum.
3293 3697 3358 3733 ex
3427 3698 3541 3751 qua
3590 3687 3751 3751 patet

2048 3771 2294 3840 benigne
2322 3770 2549 3823 auditos
2583 3769 2778 3833 fuisse,
2802 3785 3041 3839 remque
3094 3785 3325 3823 omnem
3374 3770 3604 3823 Joannis
3636 3771 3741 3824 PP.

2045 3860 2383 3912 auctoritate
2415 3858 2877 3919 corroboratam;
2910 3856 3164 3927 diploma
3209 3874 3343 3910 vero
3402 3859 3739 3927 expeditum

2050 3964 2203 4018 «per
2233 3963 2437 4001 manus
2496 3946 2646 4001 Petri
2682 3947 2891 4000 notarii
2946 3952 3001 3999 et
3061 3946 3318 3999 serinarii
3376 3946 3429 4000 S.
3479 3946 3542 3999 Β.
3578 3948 3633 4000 Ε.
3687 3948 3743 3999 in

2049 4053 2246 4091 mense
2274 4037 2445 4091 Junio
2478 4036 2677 4089 Indict.
2712 4051 2766 4101 v,
2797 4058 2824 4084 »ι
2850 4040 3020 4106 atque
3044 4034 3186 4087 adeo
3222 4052 3373 4088 anno
3418 4038 3575 4102 1007,
3627 4052 3745 4106 quo

2047 4125 2281 4179 demum
2310 4124 2507 4178 haberi
2529 4123 2723 4177 debuit
2769 4126 3021 4193 synodus
3078 4124 3173 4176 illa
3235 4125 3741 4191 l-‘raneofurtensis,

2046 4215 2118 4271 de
2140 4230 2256 4284 qua
2280 4212 2732 4267 instrumentum
2768 4214 3188 4283 Bambergense
3218 4214 3549 4266 meminisse
3603 4214 3741 4267 dixi-

2045 4319 2173 4356 mus
2211 4317 2225 4355 2

2120 4392 2292 4443 115.‹‹
2345 4391 2513 4443 Anno
2565 4387 2878 4442 Dominicm
2944 4389 3359 4443 lncarnationis
3444 4406 3576 4449 ll‘ll.
3643 4389 3734 4444 ln-

2042 4477 2176 4530 dict.
2210 4493 2264 4545 v,
2293 4477 2415 4529 Kal.
2453 4476 2805 4541 Novembris,
2838 4482 3114 4541 regnante
3169 4477 3431 4547 piissimo
3480 4494 3543 4530 ac
3590 4495 3738 4531 sere-

2044 4565 2283 4619 nissimo
2335 4564 2580 4619 Henrico
2636 4566 2908 4631 secundo,
2945 4582 3099 4619 anno
3145 4567 3309 4635 regni
3357 4568 3444 4619 sui
3505 4583 3577 4626 vi,
3632 4584 3739 4637 pro

2043 4656 2193 4706 statu
2228 4657 2286 4707 et
2308 4656 2618 4723 augmento
2648 4659 2857 4707 sancta:
2901 4654 3100 4707 matris
3166 4654 3446 4714 Ecclesiae,
3488 4655 3545 4708 in
3613 4659 3737 4709 loco

2044 4740 2461 4795 Franconofurt
2486 4742 2655 4803 dicto,
2716 4758 2930 4811 magna
2996 4742 3249 4811 synodus
3306 4743 3501 4796 habita
3543 4748 3626 4796 est
3681 4748 3741 4796 et

2041 4828 2369 4883 celebrata:
2434 4850 2461 4879 ι
2505 4845 2623 4885 non
2673 4831 2818 4901 jam,
2854 4836 2924 4884 ut
2977 4832 3222 4884 innuero
3267 4831 3499 4884 videtur
3540 4831 3740 4901 scripti

2041 4924 2257 4987 auctor,
2297 4919 2367 4973 ad
2423 4918 2715 4985 agendum
2764 4918 2835 4972 de
2883 4919 3247 4989 episcopatus
3302 4918 3739 4989 [lambergensis

2042 5008 2349 5075 erectione,
2389 5008 2507 5073 sed,
2540 5008 2691 5077 quod
2752 5012 3101 5078 prmpostere
3156 5006 3479 5061 observavit
3518 5009 3744 5075 Anony-

2042 5110 2192 5160 mus,
2226 5112 2352 5165 cap.
2395 5098 2481 5161 t2,
2517 5100 2579 5147 ut
2614 5116 2635 5141 ι
2700 5095 2889 5148 debita
2919 5111 3047 5149 cum
3103 5096 3472 5149 veneratione
3508 5096 3735 5165 privile-

2041 5185 2202 5253 gium
2231 5184 2338 5237 hoc
2362 5183 2521 5238 Sedis
2547 5183 2889 5254 Apostolicae
2922 5185 3328 5255 susciperetur.
3366 5203 3391 5235 ι
3441 5184 3528 5237 Sir.
3572 5184 3745 5239 habet

2040 5272 2293 5327 clausula
2323 5271 2475 5343 apud
2517 5272 2803 5327 Labbeum
2841 5288 2914 5326 ει
2968 5273 3131 5337 Quod
3190 5272 3457 5325 videlicet
3510 5273 3739 5342 privile-

2040 5359 2201 5429 gium
2273 5359 2627 5414 venerabiles
2708 5361 2903 5414 Patres
2967 5362 3029 5415 in
3124 5360 3450 5431 supradicta
3523 5363 3741 5431 synodo

2042 5448 2459 5503 Franeonofurt
2485 5447 2700 5517 habita,
2732 5449 2985 5517 generali
3045 5449 3287 5503 concilio
3343 5449 3741 5518 consistentes,

2041 5551 2269 5590 summa
2296 5535 2667 5590 veneratione
2737 5537 2980 5607 legendo
3025 5537 3421 5608 suscipientes,
3475 5542 3533 5591 et
3584 5542 3742 5609 Apo-

2042 5624 2260 5693 stolicaa
2308 5622 2636 5680 auctoritati
2716 5624 3072 5694 obedientes,
3138 5625 3365 5681 devotis
3448 5627 3743 5682 mentibus

3935 288 3944 647 ἕ

3934 669 3944 719 1
