3944 6422
130 368 187 419 69
1769 370 1819 421 At

3183 441 3189 446 _
3542 373 3610 423 το

129 491 527 548 subscribendo
558 491 953 555 landaverunt,
1005 492 1502 562 communiterque
1534 490 1805 544 corrobo-
1839 494 1886 545 A
1927 490 2201 560 episcopi,
2255 496 2309 544 et
2344 492 2579 545 Ditmari
2617 492 2795 563 ipsius
2849 494 3256 547 successionem
3317 496 3490 549 refert
3538 496 3607 549 ad

129 585 401 634 raverunt.
438 602 466 626 ››
500 579 832 649 Sequuntur
861 579 1096 632 nomina
1128 579 1520 649 episcoporum
1556 578 1811 649 quinque

129 675 179 721 et
206 666 461 737 triginta,
529 684 671 738 quos
703 667 852 720 inter
898 667 1172 721 omissum
1223 666 1477 737 suspicor
1508 666 1811 720 Henricum

131 755 657 823 Wirciburgensem,
689 753 788 824 qui
838 753 1189 808 tricesimum
1246 760 1465 807 sextum
1509 770 1810 807 numerum

130 844 450 913 compleret,
508 848 649 913 quot
700 842 751 895 ei
805 842 1048 896 concilio
1118 842 1414 912 episcopos
1492 841 1813 894 interfuisse

132 930 453 1001 pronuntiat
482 930 766 999 Legenda,
800 930 969 982 citato
995 946 1117 999 cap.
1155 932 1238 983 12.
1288 934 1471 998 Atque
1498 945 1565 982 eo
1617 930 1814 982 ordine

134 1020 195 1072 ad
225 1020 401 1087 justos
432 1019 678 1070 calculos
718 1023 977 1069 revocata
1009 1018 1269 1070 existimo
1310 1034 1436 1087 quas
1494 1017 1562 1070 ad
1610 1017 1812 1069 funda-

134 1106 334 1159 tiouem
364 1111 423 1158 et
450 1104 949 1158 conlirmationem
983 1105 1131 1157 sedis
1196 1105 1630 1173 Bambergensis
1660 1109 1816 1173 gesta

136 1199 186 1245 et
211 1198 489 1245 transacta
537 1199 687 1255 sunt,
725 1208 990 1263 qumque,
1025 1193 1071 1245 si
1106 1210 1135 1245 a
1170 1192 1585 1261 Pagiojuniore
1616 1192 1815 1243 obser-

136 1286 253 1333 vata
278 1279 536 1347 fuissent,
579 1279 635 1333 in
689 1279 972 1332 Breviario
1019 1280 1355 1333 Pontiﬁcum
1404 1280 1814 1345 Romanorum,

137 1374 263 1421 tom.
298 1368 358 1435 ll,
390 1383 522 1437 pag.
551 1370 675 1432 285,
710 1367 834 1420 falsi
891 1367 1250 1436 arguendum
1310 1382 1424 1420 non
1479 1371 1600 1419 erat
1647 1366 1813 1419 Bam-

136 1457 401 1524 bergense
433 1456 903 1520 instrumentum,
958 1456 1025 1507 de
1057 1470 1167 1524 quo
1189 1455 1309 1523 jam
1344 1453 1478 1507 satis
1522 1452 1767 1506 diximus
1798 1469 1812 1518 ;

138 1550 187 1595 et
214 1559 274 1595 ex
303 1558 414 1612 quo
438 1542 727 1613 Anonymi
756 1548 924 1612 caput
976 1543 1038 1595 10
1092 1545 1381 1612 acceptum
1443 1540 1685 1606 videtur,
1719 1544 1817 1593 aut

138 1632 245 1683 vice
281 1647 454 1683 versa.

202 1721 314 1771 110.
350 1718 437 1770 Sic
485 1717 779 1770 conciliari
824 1732 988 1787 posse
1021 1716 1307 1781 existimo,
1360 1732 1484 1785 qua:
1512 1715 1650 1768 alias
1708 1714 1815 1768 im-

134 1804 449 1876 plexissima
494 1810 646 1873 sunt,
704 1809 1006 1873 Anonymo
1038 1805 1093 1857 in
1147 1803 1563 1871 chronologieis
1594 1819 1816 1872 semper

134 1894 421 1947 titubante.
482 1894 754 1962 Agnoscit
784 1893 877 1946 hic
933 1892 1165 1963 quidem
1215 1892 1473 1962 geminas
1533 1891 1813 1959 synodos;

135 1985 204 2045 at,
245 1980 377 2033 dum
410 1980 656 2049 primam
687 1980 806 2032 vult
835 1980 1062 2047 essegde
1123 1995 1236 2048 qua
1290 1978 1408 2048 agit
1469 1978 1815 2031 instrumen-

137 2075 249 2121 tum
292 2069 732 2136 Bambergense,
765 2082 995 2119 necesse
1032 2072 1115 2119 est
1148 2066 1426 2135 synodum
1461 2070 1815 2135 praeparato.

138 2156 291 2216 riam,
348 2156 406 2207 in
458 2170 572 2223 qua
646 2153 699 2207 S.
766 2155 1038 2207 Henricus
1109 2153 1263 2206 litem
1320 2168 1482 2206 suam
1548 2154 1818 2206 adversus

139 2243 457 2313 episcopum
495 2242 1010 2310 Wircibnrgensem
1070 2240 1252 2307 evicit,
1314 2240 1564 2293 habitam
1615 2240 1813 2293 eodem

138 2346 277 2382 anno
334 2330 489 2395 1007,
551 2328 699 2381 circa
762 2329 1045 2382 Kalendas
1096 2328 1447 2393 Novembris,
1536 2344 1646 2397 quo
1697 2329 1817 2396 jam

140 2418 473 2487 supponitur
511 2432 545 2468 a
604 2432 797 2468 mense
846 2416 1015 2469 Junio
1063 2415 1295 2468 obtenta
1353 2432 1385 2468 a
1446 2416 1663 2467 Joanne
1712 2416 1815 2466 PP.

140 2506 492 2575 episcopatus
521 2504 702 2573 ipsius
732 2504 1111 2568 conﬁrmatio,
1155 2519 1283 2574 quas
1316 2519 1429 2573 quo
1462 2510 1624 2572 pacto
1658 2518 1816 2555 eom-

141 2593 310 2646 binari
344 2598 821 2663 queantprorsus
880 2608 993 2645 non
1024 2592 1206 2645 video.
1263 2593 1403 2645 Fuse
1452 2593 1520 2644 de
1577 2592 1680 2643 hac
1737 2606 1825 2673 re,

138 2680 305 2734 ferme
336 2682 405 2734 ad
437 2696 703 2734 normam
735 2684 1011 2743 nostram,
1070 2680 1186 2749 agit
1234 2680 1584 2733 Hofmannus
1628 2695 1661 2730 a
1707 2680 1813 2733 col.

140 2768 219 2832 40,
276 2770 371 2822 sed
430 2769 644 2821 nodum
677 2768 1133 2821 huncintactum
1192 2768 1382 2821 nescio
1432 2784 1502 2820 an
1571 2767 1819 2820 studiose

140 2856 471 2924 prmterierit
521 2872 533 2908 :
591 2856 902 2908 annot007
953 2855 1372 2908 ordinationem
1417 2855 1683 2909 liberardi
1733 2871 1818 2905 re-

140 2948 216 2995 cte
244 2944 607 3013 consignans:
659 2942 938 3013 quidquid
976 2944 1259 2996 Ditmarus
1290 2959 1405 2996 uno
1446 2948 1627 2996 tractu
1685 2958 1819 2995 con-

140 3036 317 3084 nectat
366 3031 698 3101 inseratque
754 3031 949 3084 omnia
993 3031 1208 3100 synodo

141 3120 346 3172 ratione
394 3136 489 3173 res
546 3135 720 3187 supra
778 3120 848 3171 ab
904 3134 969 3172 eo
1017 3119 1280 3171 confusas
1333 3118 1627 3172 diximus:
1689 3134 1822 3171 nam

143 3205 460 3273 hujusmodi
518 3207 1005 3260 consecrationem
1091 3206 1360 3276 praeviam
1457 3208 1818 3276 episcopatus

142 3295 302 3363 ipsius
339 3311 371 3348 a
401 3293 678 3349 Pontiﬁce
731 3293 1222 3347 conﬁrmationem
1272 3294 1517 3363 exigere,
1575 3294 1633 3345 in
1694 3310 1823 3346 eon-

143 3381 271 3435 fesso
302 3397 419 3436 esse
446 3383 617 3452 plane
652 3380 899 3433 arbitror
932 3397 943 3434 :
978 3382 1139 3433 facile
1173 3382 1399 3435 interim
1442 3380 1646 3448 patiar,
1708 3380 1821 3433 dis-

142 3468 449 3523 tinctiorem
484 3469 556 3523 ab
587 3470 698 3521 alio
735 3468 1079 3521 solutionem
1110 3468 1329 3521 adduci.
1364 3469 1535 3520 Porro
1567 3484 1695 3537 quas
1752 3467 1821 3521 ad

144 3558 460 3624 epulentam
518 3556 873 3609 dotationem
932 3561 988 3607 et
1029 3557 1389 3624 splendorem
1451 3555 1614 3608 dicta?
1658 3554 1823 3607 toties

145 3644 562 3714 Bambergensis
610 3644 859 3697 ecclesiae
917 3658 948 3695 a
992 3643 1193 3697 Sancto
1243 3644 1443 3695 collata
1501 3648 1652 3710 sunt,
1706 3658 1821 3695 non

143 3732 408 3785 incuriose
437 3736 702 3786 recenset
755 3731 1130 3797 Hofmannus,
1189 3732 1294 3785 col.
1346 3732 1443 3795 43;
1496 3730 1655 3797 cujus
1689 3731 1822 3783 ﬁdei

140 3820 341 3890 reliqua
365 3819 691 3881 committo,
726 3835 854 3888 quas
898 3818 967 3872 de
996 3819 1249 3888 ejusdem
1284 3818 1620 3870 ofﬁcialibns
1651 3824 1821 3887 atque

141 3908 348 3976 imperii
395 3906 743 3961 electoribus
819 3922 1055 3976 operose
1127 3912 1281 3959 extra
1362 3922 1479 3958 rem
1568 3912 1819 3959 nostram

144 3997 430 4063 congessit.

144 4098 308 4167 §Xll.
378 4103 694 4156 Prosecutio
776 4117 809 4152 α
879 4100 1202 4153 constubilia
1260 4100 1481 4153 ecclesia
1550 4099 1820 4153 Bamber-

144 4174 279 4233 gensi
336 4173 412 4225 ad
487 4176 796 4237 susceptam
884 4173 1058 4224 Romw
1138 4174 1353 4238 imperii
1451 4186 1706 4223 coronam
1788 4186 1821 4222 α

147 4242 404 4296 Benedicto
437 4244 542 4296 PP.
597 4243 760 4294 VIII.

212 4350 318 4401 H7.
356 4349 517 4402 Hune
548 4347 978 4417 paragraplium
1011 4346 1205 4400 ordior
1234 4362 1265 4399 a
1293 4344 1571 4399 solutione
1595 4345 1823 4399 alterius

148 4432 538 4490 intricatissimi
572 4434 735 4497 nodi,
772 4450 835 4487 ex
901 4450 1015 4504 quo
1066 4449 1252 4503 nuper
1303 4433 1442 4499 dixi,
1488 4433 1822 4487 Ditmariani

149 4516 389 4574 Chronici
440 4521 800 4592 apographa,
861 4525 983 4573 tum
1039 4536 1169 4574 mss.
1228 4524 1349 4572 tum
1411 4520 1579 4585 edita,
1643 4520 1823 4589 aperti

148 4609 337 4660 erroris
385 4608 758 4673 revincenda,
798 4608 854 4660 in
907 4612 1115 4661 attacto
1159 4608 1281 4660 istic
1313 4608 1542 4677 capitali
1586 4614 1820 4677 puncto,

150 4696 281 4760 quod
310 4702 471 4765 gesta
512 4697 569 4749 S.
619 4695 846 4749 Henrici
895 4696 964 4748 ab
1004 4695 1337 4759 Adelboldo,
1373 4696 1821 4766 Chronograpbo

147 4778 356 4847 Saxone,
433 4784 762 4838 Annalibm
878 4783 1398 4836 Hildesemensibus
1460 4783 1822 4853 antiquisque

148 4866 254 4920 aliis
282 4887 429 4925 anno
489 4872 635 4925 1004
696 4869 1012 4923 rectissime
1045 4870 1333 4934 innexa,a
1393 4871 1644 4923 Ditmaro
1699 4871 1823 4923 istic

146 4956 232 5007 sub
262 4959 382 5013 libri
434 4960 580 5014 sexti
629 4959 983 5030 principium
1038 4959 1107 5012 ad
1173 4958 1547 5029 posteriorem
1606 4975 1819 5012 annum

150 5044 259 5094 1005
284 5046 530 5117 longiori
577 5048 817 5119 quidem
876 5046 1067 5116 phrasi
1125 5047 1219 5099 sed
1272 5046 1659 5099 disertissimis
1703 5052 1820 5099 ter-

147 5132 290 5186 minis
318 5142 713 5190 revocentur:
750 5134 806 5188 id
856 5150 969 5203 qna
1021 5134 1243 5187 ratione
1298 5150 1365 5186 ex
1412 5134 1659 5203 ipsomet
1693 5135 1817 5187 Dit-

147 5222 265 5273 mari
318 5223 603 5278 Chronico
664 5223 1118 5289 demonstretur,
1172 5222 1256 5274 vel
1318 5221 1554 5275 unicum
1613 5238 1815 5274 exem-

148 5307 306 5372 plum,
361 5318 421 5364 ut
474 5320 695 5365 ezetera
755 5310 847 5363 hic
906 5325 1018 5362 non
1101 5308 1440 5377 expendam,
1520 5308 1816 5379 perspicue

148 5394 353 5450 evincet.
399 5399 694 5454 Laudatus
747 5397 1231 5465 Cbronographus
1284 5395 1427 5449 Saxo
1481 5412 1607 5448 cum
1668 5395 1811 5449 anti-

149 5484 252 5550 quis
301 5488 421 5540 aliis
495 5493 555 5541 et
634 5484 1055 5540 recentioribus
1139 5482 1370 5553 passim,
1428 5482 1604 5542 nullo.
1661 5481 1812 5553 quod

150 5571 311 5639 sciam,
358 5576 713 5646 refragante,
772 5571 994 5626 obitum
1028 5570 1299 5651 Wigberti
1339 5569 1815 5640 Merseburgensis

1924 594 2140 632 annum
2176 580 2329 632 1009.
2366 579 2546 631 Verba
2607 584 2726 649 ejus
2782 586 2911 633 sunt
2945 597 2956 634 :
2994 600 3019 629 α
3084 581 3365 650 Wipertus
3395 582 3606 634 Merse-

1920 665 2219 735 burgensis
2274 667 2575 736 episcopus
2624 667 2785 731 obiit,
2840 668 2930 720 cui
2986 668 3342 721 Thietmarus
3389 685 3607 721 succes-

1924 753 2019 808 sit.
2060 775 2085 801 ››
2139 755 2423 807 Ditmarus
2454 770 2585 806 vero
2631 754 2749 823 ipse
2792 771 2921 823 pag.
2967 757 3066 807 3835
3100 755 3177 806 sic
3204 756 3374 807 habet
3405 770 3418 808 ε
3454 778 3479 803 ‹‹
3515 756 3609 807 Hic

1922 840 2006 892 vir
2040 841 2374 893 venerabilis
2422 842 2781 910 (Wigberlns,
2845 858 2941 893 seu
2974 841 3307 903 Wicbertus)
3352 841 3608 913 quinque

1924 944 2118 981 annos,
2149 927 2209 981 in
2263 928 2591 997 episcopatu
2667 932 2721 980 et
2770 945 2863 981 sex
2938 927 3321 981 hebdomadas
3374 933 3443 996 fet
3490 928 3610 981 dies

1922 1015 2177 1085 quinque
2230 1015 2375 1067 sedit
2412 1031 2424 1067 :
2462 1015 2730 1067 ﬂebiliter
2784 1031 2931 1085 saepe.
2965 1019 3191 1085 peracta
3229 1014 3597 1079 confessione,

1924 1103 2077 1156 etab
2110 1102 2387 1172 episcopis
2418 1103 2655 1171 Wigone
2685 1102 2734 1155 ei
2769 1103 3032 1169 Henrico,
3077 1102 3133 1155 in
3168 1103 3436 1155 extremis
3477 1119 3605 1155 eum

1923 1190 2304 1257 visitantibus,
2374 1196 2642 1260 percepta
2693 1191 3045 1254 remissione,
3104 1207 3153 1242 ix
3210 1191 3329 1243 Kal.
3376 1191 3608 1259 Aprilis,

1924 1278 2063 1332 feria
2096 1278 2280 1342 tertia,
2314 1278 2374 1331 in
2424 1278 2746 1347 Merseburg
2784 1278 2853 1331 de
2898 1279 3001 1331 hac
3033 1279 3154 1331 luce
3188 1278 3255 1331 ad
3298 1278 3608 1345 Christum,

1924 1372 1989 1420 nt
2022 1382 2207 1436 spero,
2234 1366 2364 1418 felix
2387 1365 2668 1433 migravit.
2704 1386 2729 1411 ι)

2000 1456 2118 1508 118.
2177 1455 2315 1507 Cum
2372 1454 2459 1506 his
2525 1453 2716 1506 confer
2770 1468 2898 1522 qum
2929 1468 2991 1505 ex
3049 1452 3170 1522 ipso
3238 1452 3601 1507 recitavimus

1926 1542 2285 1612 paragrapho
2357 1542 2442 1605 10,
2512 1556 2669 1594 num.
2749 1543 2867 1605 101,
2938 1540 3038 1593 ubi
3100 1556 3359 1611 expresse
3412 1541 3611 1595 asserit

1928 1634 2196 1699 «quartm
2249 1628 2413 1681 initio
2462 1628 2830 1681 hebdomadm
2875 1628 2933 1680 in
2990 1629 3292 1681 Februario
3341 1628 3605 1697 (811οη-

1926 1716 2127 1772 ricum)
2185 1716 2404 1768 dedisse
2452 1716 2839 1786 episcopatum
2889 1722 3095 1768 sanctae
3136 1716 3613 1783 Merseburgensis

1926 1803 2174 1855 ecclesim
2214 1803 2508 1871 capellano
2542 1803 2749 1856 suimet
2785 1803 3091 1871 Wigberto,
3122 1822 3148 1852 ι)
3193 1809 3247 1856 et
3290 1804 3441 1857 ultro
3487 1821 3614 1858 con-

1927 1891 2100 1949 ﬁcies.
2162 1906 2275 1942 non
2334 1890 2583 1959 potuisse
2642 1891 2990 1959 Wigbertum
3056 1892 3379 1944 cathedram
3448 1891 3603 1945 illam

1927 1978 2317 2031 conscendisse
2347 1993 2495 2030 anno
2556 1979 2706 2042 1005,
2741 1980 2787 2031 si
2825 1979 2953 2031 totis
2984 1979 3238 2048 quinque
3281 1978 3465 2045 annis,
3517 1996 3610 2033 sex

1927 2064 2399 2128 hebdomadibus,
2467 2068 2521 2117 et
2568 2064 2781 2133 [diebus
2846 2065 3098 2135 quinque
3156 2082 3280 2118 eam
3344 2068 3610 2131 tenuerit,

1927 2153 2184 2221 adeoque
2260 2151 2425 2204 initia
2472 2152 2594 2221 ejus
2664 2151 2897 2205 omnino
2959 2153 3297 2205 retrahenda
3347 2170 3467 2206 esse
3535 2155 3605 2207 ad

1927 2256 2179 2292 mensem
2254 2239 2624 2292 Februarium
2683 2239 2888 2308 prioris
2953 2240 3088 2293 anni
3140 2241 3291 2294 1004.
3350 2241 3428 2294 Ne
3483 2257 3614 2294 vero

1928 2328 2165 2381 dubium
2198 2327 2253 2379 in
2291 2328 2394 2380 hac
2433 2344 2492 2380 re
2541 2343 2835 2396 superesse
2877 2329 3071 2397 possit.
3105 2344 3226 2381 rem
3258 2330 3611 2398 apertissime

1927 2417 2114 2468 denuo
2142 2416 2347 2469 evincit
2379 2416 2662 2469 Ditmarus
2694 2416 2811 2485 ipse
2845 2432 2974 2485 pag.
3006 2417 3128 2482 422,
3172 2417 3276 2469 sub
3303 2417 3497 2482 tinem,
3530 2417 3617 2470 his

1927 2504 2114 2556 verbis
2171 2520 2183 2556 :
2247 2522 2273 2552 «
2330 2503 2433 2556 Iste
2482 2519 2663 2556 annus
2692 2520 2803 2573 quo
2855 2503 3007 2556 hunc
3062 2504 3342 2557 attitnlavi
3402 2505 3614 2559 librum

1928 2590 2254 2656 (attitulavit
2295 2596 2481 2643 autem
2530 2607 2680 2644 anno
2730 2591 2882 2659 1018)
2938 2591 3246 2644 nativitatis
3305 2608 3445 2644 mea!
3478 2608 3615 2662 qua-

1928 2679 2279 2745 dragesimus
2314 2680 2397 2732 vel
2429 2679 2600 2748 paulo
2635 2680 2905 2748 amplius;
2952 2679 3010 2731 in
3046 2695 3238 2733 mense
3272 2696 3404 2733 vero
3433 2680 3617 2750 Aprili

1930 2772 1984 2819 et
2028 2782 2058 2817 v
2102 2766 2222 2819 Kal.
2275 2766 2423 2830 Maii,
2458 2766 2711 2819 decimus
2754 2767 3131 2820 ordinationis
3182 2783 3321 2819 mea;
3359 2767 3618 2820 introivit

1932 2870 2113 2906 annus
2162 2853 2513 2924 ;nadeoque
2564 2856 2879 2923 completus
2933 2859 3053 2907 erat
3085 2870 3288 2914 nonus.
3338 2855 3458 2924 ipso
3518 2855 3615 2907 illo

1932 2957 2123 2994 mense
2173 2941 2353 3010 Aprili
2397 2942 2713 3006 inchoatus,
2769 2946 3087 3012 postquam,
3150 2958 3302 2995 nono
3338 2943 3618 2996 Kalendas

1298 3030 1435 3083 anni
1497 3031 1649 3095 1006,
1709 3047 1823 3100 qua
1861 3029 1900 3083 C
1930 3029 2141 3099 Aprilis
2168 3046 2263 3082 seu
2296 3045 2425 3082 xxm
2473 3028 2655 3082 Martii
2706 3044 2769 3081 ex
2819 3029 2923 3081 hac
2971 3030 3087 3081 vita
3149 3029 3427 3082 novennio
3486 3037 3615 3083 ante

1933 3116 2234 3186 migrasset
2278 3116 2580 3186 praedictus
2635 3115 2972 3183 “'igbertus,
3027 3130 3089 3167 ex
3137 3130 3271 3185 quo,
3326 3131 3428 3185 per
3465 3116 3615 3170 idem

1930 3212 2297 3266 successionis
2345 3212 2504 3265 ﬁlum
2555 3212 2934 3274 ascendendo,
2981 3212 3190 3265 iterum
3239 3217 3432 3281 aperte
3481 3228 3614 3265 con-

1929 3300 2206 3371 sequitur,
2304 3300 2655 3369 \\'igbertnm
2713 3299 2923 3353 obiisse.
2987 3316 3139 3352 anno
3232 3302 3389 3367 1009,
3455 3301 3609 3353 ordi-

1932 3393 2247 3457 natumque
2298 3388 2470 3441 fuisse
2529 3392 2647 3439 toto
2704 3392 2833 3440 ante
2867 3387 3280 3458 quinquennio,
3317 3404 3409 3441 an.
3450 3390 3611 3443 1004ε

1932 3478 2164 3545 etquod
2225 3476 2456 3529 demum
2504 3474 2637 3528 inde
2693 3476 3069 3540 concluditur,
3121 3476 3328 3529 librum
3386 3484 3605 3530 sextum

1933 3563 2195 3629 Ditmari,
2222 3564 2389 3628 male,
2416 3569 2476 3616 ut
2516 3563 2637 3632 ejus
2686 3562 2931 3616 termino
2991 3570 3137 3629 utar,
3195 3580 3347 3616 anno
3395 3565 3490 3617 illo
3521 3566 3617 3618 MV

1937 3673 1955 3697 ε
1995 3650 2344 3703 attitulatum
2373 3672 2398 3695 ››
2432 3666 2573 3702 esse.
2604 3650 2696 3703 His
2723 3650 2800 3703 ita
2838 3650 3061 3719 positis,
3093 3650 3385 3720 prazﬁxam
3442 3652 3604 3705 nobis

1930 3742 2255 3807 temporum
2287 3738 2491 3790 seriem
2526 3752 2960 3807 prosequamur.

2006 3829 2122 3878 119.
2162 3825 2242 3877 Ad
2296 3840 2509 3877 annum
2575 3827 2700 3877 1007
2759 3825 2843 3878 vel
2908 3826 3039 3878 1008
3093 3825 3299 3894 passim
3374 3826 3619 3881 refertur

1932 3932 1959 3960 α
1994 3912 2131 3965 visio
2172 3913 2225 3965 S.
2278 3912 2517 3966 Henrico
2565 3913 2886 3966 Ratisbonm
2937 3914 3007 3967 ad
3064 3915 3386 3984 sepulcrum
3442 3918 3615 3969 sancti

1934 4000 2253 4069 Wolfgangi
2294 4000 2500 4065 oblata,
2538 4021 2565 4048 ››
2590 4000 2658 4053 de
2686 4017 2797 4071 qua
2825 4001 3161 4069 Anonymus
3203 4018 3325 4071 cap.
3376 4006 3429 4065 2,
3476 4019 3615 4073 qua-

1929 4104 2039 4158 que
2072 4104 2208 4140 suus
2263 4088 2401 4141 olim
2435 4088 2495 4141 in
2540 4089 2795 4143 moribus
2842 4088 3133 4143 institutor
3177 4090 3397 4143 adstare
3460 4093 3614 4143 visus

1930 4180 2034 4242 est,
2096 4180 2150 4227 et
2206 4174 2533 4244 bujnsmodi
2591 4176 2771 4229 verbis
2826 4178 3171 4246 compellare
3241 4194 3319 4230 ;‹‹
3380 4178 3607 4232 Intuere

1853 4300 1896 4353 Β
1934 4263 2238 4332 diligenter
2267 4264 2485 4317 litteras
2544 4264 2604 4317 in
2636 4279 2819 4330 muro,
2867 4266 2966 4335 qui
2997 4271 3079 4318 est
3104 4267 3263 4335 juxta
3326 4270 3611 4322 tumulum

1936 4366 2149 4419 meum,
2203 4350 2459 4420 scriptas.
2548 4353 2677 4405 Erat
2726 4359 2914 4406 autem
2955 4353 3054 4418 ibi,
3094 4355 3236 4407 sicut
3292 4356 3610 4415 videbatur,

1935 4438 2205 4507 scriptum
2241 4438 2599 4492 solummodo
2631 4439 2800 4493 POST
2851 4440 2991 4493 SEX.
3048 4460 3074 4489 ι)
3111 4442 3231 4495 Non
3277 4442 3610 4502 difﬁtemur.

1935 4540 2001 4575 eo
2060 4541 2210 4579 anno
2289 4528 2444 4593 1007,
2502 4530 2643 4579 teste
2719 4526 3166 4595 Chronographo
3238 4529 3476 4596 Saxone,
3554 4538 3611 4584 et

1936 4612 2185 4665 Ditmaro
2207 4612 2348 4682 ipso,
2396 4613 2441 4666 si
2471 4618 2890 4683 consequenter
2916 4615 3202 4685 loquatur,
3263 4618 3611 4672 Dominicam

1934 4700 2407 4753 resurrectionem
2453 4700 2511 4753 in
2563 4716 2628 4753 ea
2656 4701 2879 4754 civitate
2933 4702 3244 4755 celebrasse
3275 4704 3331 4757 S.
3382 4705 3606 4759 Heinri-

1933 4802 2082 4848 cum,
2118 4803 2229 4856 quo
2261 4792 2515 4857 tempore
2542 4788 2761 4841 celebre
2795 4788 3124 4843 vaticinium
3160 4796 3410 4860 potuerit
3444 4794 3612 4845 intel-

1933 4874 2147 4939 ligere:
2180 4880 2235 4927 at
2265 4892 2362 4927 sua
2402 4892 2698 4947 perperam
2763 4877 2854 4930 hic
2907 4878 3184 4947 disposuit
3240 4880 3424 4934 bonus
3472 4885 3612 4935 Ano-

1932 4977 2155 5030 nymus,
2217 4962 2312 5031 qui
2374 4963 2576 5015 melius
2624 4963 2690 5016 ad
2758 4962 2946 5032 ipsum
3005 4981 3266 5032 regnum,
3324 4984 3494 5037 quam
3546 4969 3611 5022 ad

1929 5048 2157 5117 imperii
2189 5065 2455 5103 coronam
2524 5051 2884 5119 respexisset;
2938 5067 3067 5105 nam
3123 5053 3268 5105 hanc
3328 5056 3613 5125 suscipere

1930 5136 2166 5190 liberum
2201 5136 2439 5190 Henrico
2470 5137 2597 5190 fuit.
2646 5138 2782 5190 dum
2815 5138 3010 5191 voluit.
3049 5139 3347 5200 Caeterum.
3395 5146 3613 5195 utcum-

1930 5239 2038 5293 que
2070 5224 2396 5277 vaticinium
2451 5224 2707 5293 accipias,
2768 5225 2826 5278 in
2874 5225 2997 5294 ipsa
3044 5227 3165 5279 Vita
3227 5228 3357 5281 satis
3391 5230 3611 5296 exposi-

1928 5316 2048 5364 tum
2091 5318 2195 5371 est.
2223 5317 2279 5364 et
2321 5327 2422 5381 pro
2453 5312 2531 5365 rei
2564 5313 2849 5382 exigentia
2880 5313 3206 5382 probatum,
3254 5320 3317 5367 ut
3358 5315 3451 5368 hic
3480 5318 3608 5369 usui

1927 5400 2118 5451 venire
2165 5405 2413 5468 nequeat
2468 5406 2869 5467 argumentum
2912 5416 3068 5453 mere
3117 5401 3466 5469 negativum,
3496 5420 3608 5472 quo

1926 5484 2239 5539 Leibnitius
2290 5486 2498 5557 aliique
2572 5493 2909 5557 perpetuam
2988 5486 3286 5557 utriusque
3347 5490 3610 5559 conjugis

1925 5571 1978 5625 S.
2018 5570 2239 5627 Henrici
2300 5576 2356 5626 et
2403 5572 2768 5643 Cnnegundis
2821 5577 3093 5627 servatam
3146 5572 3204 5627 in
3245 5574 3611 5629 matrimonio
