3944 6438
318 400 378 451 τι
1637 396 1691 445 S.
1739 391 2018 447 llENRICI
2064 391 2534 448 IMPERATORIS

320 520 710 590 virginitatem
783 517 1130 587 impugnare
1185 515 1304 570 ausi
1347 521 1498 584 sunt,
1548 515 1696 587 quod
1739 515 2023 569 Ditmarus
2055 519 2095 570 Α
2141 530 2265 569 rum
2299 514 2403 569 sibi
2435 514 2760 569 coenobium
2814 515 3191 587 locupletasse
3222 517 3692 575 liberalissimum
3724 522 3825 576 im-

326 613 427 662 aut
456 607 553 662 alii
600 606 879 660 coartanei
903 622 1022 660 non
1056 606 1190 659 satis
1228 620 1491 675 expresse
1531 606 1651 675 ejus
1705 604 1785 658 rei
1818 604 2020 658 memi-

323 699 519 755 nerint
552 716 565 753 :
595 698 692 753 sed
728 714 851 752 eam
878 698 999 768 jam
1060 696 1193 750 satis
1220 695 1561 749 vindicatam
1610 695 2017 749 existimamus.

326 788 667 844 Praadictam
707 787 987 841 visionem
1026 785 1320 857 ignorasse
1355 784 1692 849 Ditmarum,
1725 783 1868 837 nihil
1902 782 2016 837 mi-

327 893 459 931 rum
508 881 614 942 est,
672 875 853 946 ipsam
882 875 1023 928 alias
1062 872 1301 928 minime
1360 872 1687 937 taciturum,
1724 871 1822 941 qui
1854 870 2016 925 simi-

328 965 442 1019 lem
467 964 602 1018 alibi
629 963 933 1033 coutigisse
961 966 1176 1027 narrat,
1219 976 1321 1015 nec
1350 960 1418 1013 ab
1470 960 1799 1030 hujusmodi
1857 975 2018 1013 reve-

328 1051 642 1107 lationibus
695 1052 977 1104 ullatenus
1005 1049 1289 1116 abhorret,
1329 1054 1391 1100 ut
1438 1064 1503 1101 ex
1552 1048 1672 1101 sola
1726 1063 1859 1119 pag.
1918 1050 2017 1101 387

327 1138 560 1193 abunde
589 1138 921 1209 perspicies.

404 1228 522 1282 120.
550 1227 633 1281 Ad
668 1240 878 1280 annum
939 1225 1072 1279 1008
1102 1227 1316 1293 spectat
1349 1222 1565 1276 bellum
1604 1222 1856 1276 Metensc
1917 1239 2021 1277 seu

326 1316 675 1378 Trevirense,
719 1314 789 1368 de
836 1329 950 1383 quo
984 1312 1061 1365 ita
1093 1311 1162 1365 ad
1194 1311 1344 1365 hunc
1393 1326 1613 1364 anuum
1663 1311 2019 1380 Chronogra-

325 1405 475 1476 phus
499 1404 639 1457 Saxo
669 1419 682 1469 ;
721 1424 749 1450 «ι
795 1400 1095 1456 Adalberto
1132 1400 1372 1454 clericus
1405 1400 1621 1470 reginae
1654 1400 1845 1465 frater,
1896 1400 2018 1467 regi

324 1493 505 1547 factus
551 1490 931 1559 adversarius,
985 1488 1437 1544 abominationes
1471 1490 1678 1543 multas
1721 1489 2018 1543 concitavit

324 1587 521 1635 contra
564 1596 735 1633 omne
787 1580 881 1650 jus
911 1583 965 1632 et
994 1578 1109 1643 fas;
1156 1578 1435 1632 Trevirim
1467 1577 1697 1631 sibimet
1725 1593 1853 1631 cum
1900 1578 2017 1629 suis

325 1668 663 1741 sequacibus
700 1667 1067 1738 mancipavit,
1101 1666 1294 1737 sicque
1330 1666 1606 1731 discessit,
1642 1666 1826 1734 Quod,
1886 1682 2016 1719 cum

2132 610 2480 675 peratorem,
2514 620 2642 675 qum
2690 605 2882 659 omnia
2939 606 3231 660 luculento
3264 607 3578 678 diplomate
3624 610 3827 664 contir-

2135 694 2311 747 mavit
2342 709 2433 746 an.
2496 695 2653 761 {M5,
2715 699 2777 747 ut
2822 694 2949 747 vide
3002 696 3152 766 apud
3195 697 3461 751 eumdem
3498 698 3826 755 Rruschium

2132 783 2304 836 citata
2335 782 2541 854 pagina
2571 799 2750 837 versa.

2210 873 2327 927 ηρ,
2390 893 2417 922 α
2486 889 2607 927 mg,
2670 873 2783 927 Rex
2848 872 3210 927 Nativitatem
3270 873 3475 928 Christi
3535 875 3826 947 Salzburg,

2134 960 2344 1014 Pascha
2397 977 2530 1014 vero
2575 960 2945 1031 Augustburg
2993 961 3232 1031 peregit,
3280 982 3300 1009 ι
3337 962 3508 1015 verba
3538 969 3672 1017 sunt
3714 968 3827 1019 Au-

2131 1049 2350 1103 nalium
2408 1049 2937 1103 Hildesemensium.
2981 1049 3464 1120 Chronographus
3509 1051 3652 1105 Saxo
3684 1056 3829 1106 totus

2133 1137 2301 1192 estin
2334 1137 2717 1191 describendis
2762 1137 2898 1190 anni
2938 1136 3097 1190 istius
3125 1138 3569 1204 calamitatibus;
3604 1138 3829 1193 insolita

2132 1242 2338 1297 nempe
2396 1242 2676 1297 aquarum
2736 1225 3045 1290 refusione,
3104 1224 3401 1291 sanguinis
3456 1228 3653 1295 guttis,
3690 1243 3818 1298 qum

2134 1314 2432 1369 Dominica
2490 1315 2815 1368 Palmarum
2874 1314 3227 1367 vestimentis
3257 1314 3558 1369 hominum
3591 1315 3826 1371 instilla-

2127 1402 2345 1468 verint;
2403 1402 2473 1455 de
2505 1402 2803 1455 obscurato
2828 1402 2965 1467 sole,
3007 1407 3063 1455 et
3092 1401 3369 1456 incendiis
3402 1402 3668 1469 insolitis,
3701 1421 3827 1475 qua-

2130 1491 2324 1545 omnia
2370 1490 2693 1561 pestilentia
2724 1495 2779 1544 et
2810 1490 3127 1544 mortalitas
3167 1506 3368 1557 graves
3425 1498 3633 1546 secutae
3691 1494 3823 1548 sint.

2131 1580 2209 1634 De
2241 1585 2446 1632 cmtero
2480 1579 2550 1633 iis
2608 1580 2913 1649 pra~tcritis
2973 1596 3101 1649 qum
3132 1579 3199 1631 ad
3235 1580 3288 1632 S.
3335 1580 3643 1636 lienricum
3698 1598 3823 1652 spe-

2132 1673 2307 1731 ctant,
2342 1667 2580 1721 Ditmari
2614 1668 2669 1719 in
2704 1668 3092 1737 episcopatum
3161 1669 3687 1735 Merseburgcnsem
3717 1688 3829 1724 suc-

324 1774 422 1811 rex
466 1755 854 1827 comperisset,
912 1770 1044 1808 suas
1068 1754 1221 1808 illico
1270 1754 1466 1824 copias
1518 1756 1793 1824 colligens
1840 1754 2017 1808 adve-
2054 1791 2092 1845 B
2132 1756 2468 1821 cessionem,
2519 1756 2589 1809 de
2640 1772 2756 1827 qua
2802 1756 3132 1826 nuperrime
3218 1756 3488 1821 diximus,
3569 1766 3827 1813 accurate

322 1846 426 1910 nit,
462 1844 835 1915 Lotharingos
866 1843 975 1897 sibi
1005 1843 1334 1898 resistentes
1384 1843 1599 1896 Palatio
1631 1843 1874 1905 obsedit,
1932 1859 2017 1895 se-

320 1933 500 1987 decim
543 1932 937 1988 hebdomadas
966 1932 1178 1985 ibidem
1232 1932 1465 1985 faciens.
1527 1953 1555 1979 »
1607 1931 1741 1986 Belli
1789 1948 2015 1984 causam

321 2026 599 2075 memorat
640 2020 959 2085 Ditmarus,
984 2034 1117 2090 pag.
1153 2020 1299 2073 384:
1345 2039 1372 2069 α
1406 2019 1519 2073 Rex
1569 2024 1760 2073 autem
1794 2024 1857 2073 ut
1912 2018 2016 2073 hoc

317 2109 559 2173 audivit,
589 2108 799 2180 prioris
838 2124 958 2162 non.
988 2107 1317 2173 immemor,
1350 2107 1407 2161 in
1442 2123 1715 2177 germano
1758 2108 2010 2177 ejusdem

314 2198 620 2252 Tbiedrico
672 2213 789 2251 non
850 2196 1261 2266 praemeditata!
1301 2197 1742 2259 constitutionis,
1777 2212 2009 2249 uxorem

316 2286 606 2351 dilectam,
639 2291 989 2356 caaterosque
1042 2284 1251 2339 suimet
1296 2285 1622 2351 familiares,
1687 2286 1754 2339 de
1786 2286 2005 2356 episco-

316 2379 452 2446 patu
487 2373 690 2428 eodem
738 2373 1105 2445 impetrando
1154 2372 1443 2441 sollicitos,
1476 2374 1706 2445 sprevit,
1738 2380 1793 2427 et
1826 2374 2007 2428 Mein-

315 2462 518 2534 gardo,
551 2462 814 2532 Willigisi
861 2452 1280 2533 ardhipreesulis
1308 2463 1685 2517 camerario...
1738 2462 2003 2517 eumdem

315 2550 490 2606 dedit.
516 2553 759 2622 Propter
784 2552 890 2605 hoc
912 2550 1163 2606 subdola:
1186 2552 1571 2622 generationis
1610 2553 1769 2606 furor
1798 2566 2007 2605 accen-

314 2638 517 2707 ditur;
553 2661 579 2685 ›ι
637 2638 730 2692 ubi
760 2637 853 2691 hic
884 2638 1168 2692 Dilmarus
1225 2643 1281 2692 et
1324 2638 1459 2691 alibi
1502 2637 1710 2708 smpius
1750 2638 2007 2690 insinuat

316 2728 675 2795 ingratorum
707 2727 763 2780 S.
797 2726 1166 2797 Cuneguudis
1220 2727 1461 2781 fratrum
1510 2727 1568 2780 in
1600 2726 1652 2781 S.
1693 2726 2003 2779 Henricum

314 2815 534 2885 odium,
568 2816 715 2887 quod
746 2817 806 2870 in
836 2815 1115 2881 ecclesias,
1146 2821 1201 2870 et
1232 2816 1476 2870 maxime
1520 2816 2005 2885 Damhergeusem

311 2905 579 2976 profusus
637 2905 956 2969 videretur;
1017 2920 1081 2958 ea
1137 2905 1307 2959 nimis
1338 2905 1606 2975 religiose
1638 2906 2004 2975 dispergens,

312 2993 521 3065 quibus
568 2993 673 3065 ipsi
720 2993 881 3047 avide
912 2992 1226 3060 inhiabant,
1256 2994 1398 3048 adeo
1444 2999 1510 3048 ut
1539 2994 1804 3059 Henrico,
1842 2993 2006 3047 fratri

2132 1850 2311 1909 notat,
2372 1844 2463 1897 cui
2492 1849 2548 1898 et
2580 1844 3101 1898 Paderborueusem
3159 1844 3208 1896 S.
3249 1845 3564 1900 Heiuwerci
3609 1846 3830 1902 institu-

2128 1933 2343 1985 tionem
2376 1933 2693 2003 adjungere
2750 1938 2993 2003 poterat,
3024 1949 3152 2002 qum
3196 1932 3252 1986 in
3320 1933 3484 1986 dictis
3514 1936 3827 1989 Annalibus

2127 2021 2652 2075 ilildesemensibus
2682 2026 2739 2074 et
2792 2021 2848 2074 in
2879 2022 3001 2088 ejus
3034 2022 3153 2074 Vita
3186 2021 3322 2073 satis
3367 2022 3731 2089 describitur,
3766 2025 3822 2077 in

2122 2126 2236 2181 qua
2264 2115 2320 2163 et
2352 2110 2450 2162 illa
2483 2125 2587 2179 pro
2618 2107 2724 2161 hoc
2765 2125 2915 2163 anno
2947 2108 3140 2170 habes,
3201 2125 3330 2179 qua!
3394 2126 3423 2162 a
3467 2111 3521 2164 ς.
3584 2110 3827 2165 Henrico

2133 2200 2409 2268 prmclare
2458 2202 2514 2250 et
2568 2197 2829 2267 largitate
2879 2198 3033 2267 regia
3089 2204 3247 2263 gesta
3300 2203 3452 2252 sunt.
3515 2200 3825 2261 Ditmarus,

2120 2304 2252 2360 pag.
2279 2290 2402 2349 388,
2439 2286 2613 2340 tradit
2660 2308 2687 2333 ‹‹
2730 2302 2922 2353 regem
2957 2286 3138 2339 varias
3189 2287 3629 2342 occidentalium
3662 2303 3824 2342 men—

2116 2384 2203 2431 tes
2266 2376 2563 2447 probasse.
2612 2381 2688 2441 et,
2722 2391 2795 2429 ne
2842 2376 3008 2429 solito
3054 2382 3573 2441 commoverentur,
3625 2378 3827 2431 sedare

2116 2470 2388 2529 tentasse,
2426 2484 2454 2514 ι
2508 2468 2572 2518 ut
2624 2469 2759 2535 pote
2799 2464 2961 2534 cujus
3017 2470 3356 2535 perpetuam
3394 2481 3590 2520 curam
3647 2466 3827 2520 fuisse

2118 2553 2390 2619 ostendit,
2451 2552 2692 2606 subditis
2739 2553 3010 2607 omnibus
3090 2554 3481 2625 cujuscunque
3537 2570 3704 2608 sexus
3769 2562 3825 2608 et

2118 2641 2339 2696 ordinis
2390 2641 2745 2705 benefacere,
2804 2646 2861 2693 et
2917 2663 2938 2688 σ
2994 2640 3063 2695 ad
3126 2641 3507 2696 iudeﬂcientis
3554 2659 3827 2698 coronam

2119 2730 2359 2784 honoris
2399 2729 2619 2783 sublato
2654 2730 2860 2783 timore
2888 2746 3220 2800 properare,
3287 2731 3354 2785 ad
3387 2747 3560 2802 quam
3591 2732 3830 2803 capien-

2118 2819 2251 2872 dam
2292 2819 2351 2873 in
2386 2818 2685 2872 itineribus
2732 2823 2787 2872 et
2824 2818 2953 2871 aliis
2988 2819 3418 2872 necessitatibus
3451 2820 3702 2874 maxime
3737 2821 3827 2874 la-

2117 2906 2345 2969 borans,
2386 2907 2598 2960 amicos
2630 2906 2760 2960 fecit
2794 2906 2901 2959 sibi
2932 2906 3217 2971 inimicos,
3242 2908 3398 2977 juste
3429 2908 3659 2962 eosdem
3686 2925 3828 2963 exo-

2118 3010 2215 3047 sus
2247 3010 2259 3047 :
2287 3014 2313 3044 ι)
2337 2996 2491 3065 quod
2526 2999 2612 3049 est
2642 2994 2851 3060 dicere,
2884 2995 3308 3066 persecutiones
3328 3011 3559 3066 passum
3583 3003 3827 3068 propter

312 3080 496 3145 alteri,
563 3080 798 3135 ducatus
856 3081 1121 3151 Bajoariaa
1164 3080 1531 3151 abrogandus
1588 3080 1786 3146 fuerit,
1831 3095 2004 3151 quem
2038 3077 2078 3132 C
2119 3082 2578 3137 administratam
2605 3084 2910 3153 justitiam.
2947 3084 3102 3139 Alias
3129 3083 3299 3153 hujus
3321 3083 3832 3140 annidonationes

311 3176 499 3224 tamen
534 3170 892 3241 postmodum
924 3187 1053 3225 cum
1098 3171 1277 3225 sancti
1314 3171 1467 3242 regis
1525 3170 1712 3241 gratia
1762 3169 2007 3239 recepit,

312 3257 547 3312 Adnecti
578 3259 668 3313 hic
713 3263 917 3330 potest,
977 3258 1130 3330 quod
1183 3258 1253 3313 ad
1307 3253 1753 3313 istum'annum
1785 3256 2010 3309 notavit

310 3346 625 3415 Albericus,
658 3366 685 3396 α
711 3347 975 3418 .lopiliam
1010 3347 1174 3417 juxta
1204 3347 1481 3402 Leodtum
1524 3366 1552 3397 ι)
1600 3346 1825 3400 dedisse
1858 3346 2007 3398 Hen-

310 3434 428 3488 rico
461 3434 798 3490 Virdunensi
833 3436 1095 3507 episcopo
1139 3441 1401 3490 sanctum
1460 3436 1896 3505 imperatorem,
1949 3433 2006 3487 in

310 3520 572 3575 ecclesias
592 3538 816 3593 semper
845 3527 899 3577 et
929 3522 1142 3594 ubique
1175 3522 1541 3576 muniﬁcum.

383 3611 499 3664 121.
542 3610 734 3682 Neque
784 3626 917 3665 vero
946 3610 1233 3683 praeteriri
1268 3610 1363 3664 hic
1425 3613 1617 3679 potest
1648 3607 1854 3663 Montis
1883 3624 2004 3663 mo-

309 3697 614 3753 nachorum
667 3715 844 3772 prope
898 3698 1281 3768 Bambergam
1332 3695 1776 3752 celeberrimum
1817 3712 2004 3751 caeno-

306 3786 481 3854 bium,
536 3787 605 3842 de
633 3804 747 3860 quo
798 3787 1061 3860 pluribus
1094 3786 1154 3840 in
1179 3786 1305 3839 Vita
1336 3786 1397 3841 S.
1439 3784 1664 3839 Ottonis
1695 3785 1867 3839 locuti
1909 3802 2003 3840 su-

304 3888 448 3940 mus,
481 3877 586 3931 hoc
616 3876 817 3930 eodem
840 3891 992 3930 anno
1024 3891 1058 3929 a
1088 3878 1287 3928 sancto
1315 3872 1686 3943 imperatore,
1714 3894 1740 3920 ‹‹
1769 3874 2004 3944 ejusque

302 3962 615 4017 conthorali
644 3963 703 4017 S.
733 3961 1116 4033 Chunigunde
1158 3957 1504 4015 Palatinissa
1533 3963 1591 4011 et
1618 3957 1999 4027 imperatrice.

300 4049 361 4103 in
390 4050 668 4106 honorem
702 4051 759 4107 S.
807 4050 1099 4106 Michaelis
1137 4045 1485 4117 Archangeli
1531 4045 1856 4113 fundatum,
1888 4062 2003 4100 una

299 4153 428 4192 cum
479 4138 604 4210 ipso
659 4139 777 4193 fere
834 4138 1172 4209 episcopatu
1221 4133 1673 4203 :Bamhergensi,
1728 4154 1757 4183 s
1815 4134 2003 4205 inquit

300 4225 604 4282 Bruschius
632 4228 702 4282 de
753 4225 1113 4282 Monasteriis
1159 4239 1290 4294 pag.
1333 4225 1435 4288 87;
1475 4221 1692 4276 addens
1733 4243 1760 4270 α
1790 4221 1999 4277 funda-

296 4315 468 4370 tiouis
492 4316 802 4379 rationem,
833 4335 863 4368 ιο
905 4314 1059 4387 quod
1109 4316 1328 4378 sancto,
1365 4332 1392 4358 ‹‹
1444 4310 1505 4365 in
1535 4310 1824 4365 secretiori
1851 4327 1994 4383 quo-

296 4403 426 4458 dam
457 4404 663 4459 sacello
718 4404 978 4458 devotius
1035 4398 1349 4471 aliquando
1397 4398 1607 4468 oranti,
1666 4400 1995 4471 apparuerit

295 4492 527 4547 Michael
559 4492 961 4561 archangelus,
1018 4488 1120 4559 qui
1151 4487 1340 4541 femur
1367 4485 1518 4557 regis
1555 4491 1793 4557 tangens
1822 4487 1994 4556 (unde

294 4581 529 4636 claudus
554 4580 738 4635 factus
785 4595 909 4633 esse
965 4576 1204 4648 legitur,
1258 4574 1357 4646 qui
1389 4580 1575 4628 rectus
1612 4575 1775 4645 prius
1825 4576 1997 4631 inccs-

294 4669 486 4740 serat),
520 4667 1014 4739 Evangeliumque
1067 4664 1321 4719 codicem
1348 4663 1718 4719 osculandum
1775 4666 1827 4719 ei
1860 4683 1991 4737 por-

294 4757 506 4829 rigens,
529 4757 590 4812 in
622 4757 748 4813 bmc
765 4756 942 4810 verba
960 4770 1093 4809 eum
1124 4753 1445 4808 consolatus
1475 4753 1582 4807 sit:
1621 4775 1646 4802 ‹‹
1677 4754 1988 4819 Netimeas,

291 4849 467 4901 electe
500 4848 622 4913 Dei,
674 4844 948 4898 velociter
976 4858 1168 4913 surge,
1201 4848 1369 4915 atque
1400 4843 1506 4898 hoc
1552 4842 1780 4914 signum
1836 4843 1993 4914 pacis

292 4936 567 4990 divinitus
595 4933 703 4988 tibi
759 4931 1160 4987 transmissum
1192 4932 1430 5003 suscipe,
1484 4932 1700 5003 Deique
1770 4933 1989 4985 cultum

292 5029 524 5078 strenue
566 5036 892 5093 propagare
937 5035 1135 5091 perge.
1177 5023 1373 5075 Postea
1398 5037 1462 5075 ex
1491 5021 1697 5093 Apulia
1743 5020 1803 5074 iu
1846 5020 1987 5073 Ger-

294 5111 547 5166 maniam
603 5109 869 5180 (feliciter
919 5109 1001 5164 ibi
1056 5110 1311 5165 confecto
1367 5109 1539 5181 bello)
1589 5108 1875 5175 redeunti,
1935 5114 1992 5163 et

297 5201 444 5270 apud
503 5198 842 5253 Cassinense
896 5200 1306 5255 monasterium
1366 5216 1433 5254 ex
1477 5199 1695 5253 calculo
1755 5196 1989 5251 decum-

297 5285 535 5351 benti,»
599 5291 703 5340 etc.
750 5286 986 5342 Sudabit
1039 5288 1253 5343 aﬂ'atim
1309 5288 1409 5359 qui
1468 5286 1823 5342 Bruschiana
1868 5285 1991 5339 haec

301 5375 455 5427 omni
512 5379 647 5447 apta
708 5381 1012 5447 componat
1066 5392 1193 5432 cum
1248 5376 1485 5449 signatis
1542 5374 1714 5429 modo
1764 5373 1990 5427 casnobi

304 5467 458 5522 istius
489 5470 754 5527 exordiis.
791 5473 867 5527 De
908 5473 1319 5529 claudicatione
1351 5474 1407 5529 S.
1454 5471 1703 5539 Henrici,
1750 5471 1990 5543 ejusque

306 5558 693 5615 verosimihori
750 5578 918 5617 causa
940 5564 1061 5633 jam
1104 5563 1241 5617 satis
1286 5562 1504 5617 dictum
1543 5565 1673 5615 est:
1729 5559 1788 5614 id
1854 5576 1989 5614 sane

307 5649 635 5705 controverti
662 5650 886 5723 nequit,
925 5650 1164 5723 prtediis
1196 5650 1395 5705 multis
1421 5666 1483 5703 ac
1527 5649 1842 5705 latifundiis
1889 5667 1986 5705 ca-

2121 3171 2246 3224 vide
2276 3171 2427 3242 apud
2458 3172 2803 3239 Gretserum,
2839 3189 2967 3243 pag.
3010 3177 3079 3226 69
3117 3178 3171 3226 et
3197 3177 3287 3239 71,
3320 3173 3530 3243 quibus
3560 3174 3701 3227 alias
3732 3175 3835 3229 ad-

2110 3259 2305 3330 jungit
2354 3260 2676 3314 Chronicou
2731 3261 3008 3329 anonymi
3068 3262 3368 3315 czenohita‘.
3457 3262 3834 3317 Schutterani

2119 3348 2190 3402 ab
2232 3347 2434 3402 abbate
2479 3349 2699 3402 Joanne
2748 3350 3359 3416 FrideriroSchannat,
3394 3352 3451 3406 in
3506 3352 3833 3407 Vindemia.-

2116 3453 2232 3491 suae
2288 3438 2581 3491 litterariae.
2639 3439 2978 3492 collectione
3053 3440 3261 3511 prima,
3296 3457 3492 3495 recens
3560 3443 3825 3512 vulgata.

2116 3525 2354 3598 quodin
2384 3543 2451 3580 eo
2484 3542 2679 3597 opere,
2714 3527 2916 3581 ordine
2956 3535 3226 3599 quartum
3282 3535 3629 3585 recensetur.

2191 3618 2309 3670 123.
2368 3618 2598 3670 Annum
2661 3618 2797 3670 1010
2853 3616 2931 3669 sic
3007 3617 3278 3671 describit
3325 3618 3823 3690 Cbronographus

2114 3702 2261 3758 Saxo
2315 3719 2328 3757 :
2390 3703 2687 3758 Heinricus
2744 3720 2864 3769 rex,
2905 3704 2963 3757 in
3017 3705 3446 3776 expeditionem
3491 3723 3623 3761 suas
3677 3724 3822 3763 con-

2113 3792 2347 3846 trahens
2370 3791 2582 3863 copias,
2616 3792 2963 3847 Bolizlavum
2998 3794 3249 3847 Polonim
3298 3795 3661 3866 qtuesiturus,
3714 3798 3822 3852 sed

2112 3898 2229 3953 quo
2254 3881 2397 3935 velle
2449 3881 2694 3935 ducebat
2752 3881 2992 3936 minime
3046 3888 3449 3953 perventurus,
3503 3885 3662 3955 gravi
3722 3886 3823 3940 in-

2112 3975 2356 4040 gruente
2389 3969 2751 4041 egritudine,
2813 3971 3001 4024 media
3068 3972 3373 4026 revertitur
3422 3974 3581 4027 via...
3634 3974 3828 4029 Theo-

2110 4059 2338 4115 doricus
2392 4059 2726 4113 Metensium
2783 4061 3105 4131 episcopus,
3161 4061 3352 4115 dotem
3412 4066 3467 4115 et
3531 4063 3827 4131 patrimo-

2110 4147 2271 4202 nium
2312 4148 2528 4218 reginae
2584 4148 2960 4217 Cunigundis,
3008 4165 3136 4220 quae
3168 4165 3333 4203 soror
3384 4156 3507 4204 erat
3538 4167 3660 4216 sua,
3701 4152 3825 4206 Da-

2107 4236 2485 4307 venbergensi
2521 4237 2779 4290 Ecclesim
2814 4238 3013 4291 dolens
3052 4237 3307 4307 delegari
3338 4255 3369 4292 a
3420 4254 3576 4307 rege,
3608 4247 3827 4295 contra

2111 4324 2304 4395 ipsum
2331 4324 2593 4379 rebellat.
2622 4345 2650 4372 »
2679 4325 2804 4378 Haec
2834 4324 2957 4393 ipsa
3006 4325 3178 4396 paulo
3237 4327 3637 4381 lamentabiliu
3656 4344 3682 4380 s
3710 4328 3827 4382 de-

2108 4413 2268 4469 ducit
2300 4414 2610 4480 Ditmarus,
2634 4429 2773 4484 pag.
2813 4416 2939 4480 388,
2966 4414 3246 4468 nonnulla
3262 4415 3509 4468 miscens
3536 4420 3591 4468 et
3623 4420 3829 4468 trans-

2106 4519 2349 4574 ponens,
2372 4518 2504 4572 quae
2532 4503 2734 4556 vellem
2767 4504 2937 4573 paulo
2992 4502 3309 4557 accuratius
3341 4502 3638 4567 distincta;
3671 4518 3827 4559 nam

2106 4590 2218 4645 nisi
2240 4591 2487 4644 multum
2518 4590 2701 4655 fallar,
2734 4590 2946 4644 bellum
2970 4590 3241 4644 adversus
3276 4591 3619 4660 Buleslaum,
3648 4596 3827 4663 quod

2105 4678 2367 4750 sequenti
2408 4694 2538 4750 pag.
2575 4681 2677 4733 389
2725 4677 3113 4750 prosequitur,
3146 4679 3313 4732 alteri
3342 4679 3662 4733 Mosellana!
3713 4697 3827 4734 ex-

2104 4767 2662 4839 peditioni,qumad
2720 4783 2935 4822 annum
2992 4782 3176 4838 usque
3235 4770 3359 4839 19H
3424 4767 3629 4835 tenuit,
3680 4768 3830 4823 istic

2104 4830 2576 4928 prmmittendum
2632 4860 2773 4923 erat,
2802 4856 2871 4910 de
2902 4871 3015 4927 qua
3054 4830 3124 4909 ad
3175 4830 3390 4910 dictum
3447 4830 3665 4910 annum
3711 4872 3827 4912 lxi

2105 4946 2185 5000 sic
2214 4946 2475 5018 loquitur
2504 4944 2990 5016 Chrouographus
3029 4944 3173 4999 Saxo
3206 4960 3220 4998 :
3270 4964 3294 4994 ι
3339 4944 3453 5000 Rex
3488 4944 3829 5002 Metensem
3856 4997 3871 5007 .

2102 5033 2306 5088 urbem
2353 5034 2810 5105 prmdictumque
2838 5032 3255 5087 Theodoricum
3308 5034 3641 5105 episcopum
3673 5037 3831 5088 tan—

2103 5121 2203 5176 diu
2226 5122 2471 5188 obsedit,
2504 5138 2802 5193 quousque
2855 5121 3145 5176 mediante
3195 5122 3436 5190 justitia,
3482 5137 3590 5192 pax
3652 5121 3835 5176 inter

2102 5227 2201 5264 eos
2228 5210 2511 5264 convenit.
2569 5231 2592 5259 ο
2649 5211 2843 5282 Neque
2883 5215 3077 5264 tamen
3107 5209 3385 5278 difliteor,
3434 5209 3648 5264 resumi
3694 5226 3829 5281 po-

2101 5298 2279 5353 tuisse
2307 5314 2423 5353 nou
2455 5298 2631 5354 semel
2655 5300 2839 5352 varias
2875 5298 3003 5352 illas
3025 5298 3421 5365 excursiones;
3449 5297 3662 5353 etenim
3696 5300 3834 5356 sub

2100 5387 2281 5442 totius
2301 5386 2646 5441 narrationis
2676 5387 2876 5453 tinem,
2907 5401 3040 5458 pag.
3075 5388 3199 5452 390,
3231 5388 3310 5440 sic
3373 5387 3546 5442 habet
3587 5386 3833 5443 Ditma-

2100 5491 2200 5529 rus
2241 5492 2254 5529 :
2286 5496 2314 5523 «
2348 5475 2465 5529 Rex
2498 5474 2706 5529 iterum
2758 5474 3137 5529 occidentales
3186 5475 3382 5529 invisit
3431 5474 3719 5545 regiones,
3750 5487 3833 5535 et

2099 5562 2437 5629 ﬂuctivagos
2468 5561 2858 5617 habitatorum
2901 5561 3123 5617 animos
3154 5561 3449 5633 sapientia:
3481 5562 3642 5616 freno
3668 5564 3835 5617 edo-

2102 5667 2285 5715 mans,
2320 5651 2508 5704 natale
2562 5649 2790 5704 Domini
2850 5650 3048 5705 festiva
3078 5649 3437 5721 jucunditate
3484 5648 3541 5704 in
3609 5649 3822 5707 Palthi
