3944 6438
72 360 132 418 73
1721 344 1916 411 ACTA.
3487 340 3549 403 7t

71 480 382 546 celebravit,
416 503 445 533 ››
473 497 602 554 quin
647 473 843 536 omnia
898 495 988 533 an.
1035 480 1170 533 1010
1211 475 1334 532 ﬁeri
1365 475 1600 531 omnino
1649 493 1762 530 non
1793 481 1837 531 A
1875 477 2164 541 Sanctum,
2233 491 2262 528 a

71 580 393 645 potuerunt,
429 573 527 625 sed
571 576 633 625 ut
665 570 969 624 minimum
988 567 1218 637 signant
1237 569 1410 620 ﬁnem
1433 567 1569 620 anni
1603 571 1756 633 1011,

71 679 232 732 quem
288 678 420 714 mox
462 658 828 728 subsequitur
877 655 1156 710 dedicatio
1197 653 1444 708 ecclesiae
1497 654 1761 707 Bamber-

72 751 270 821 gensis.
304 750 389 803 Ad
421 764 639 802 annum
699 749 834 800 1010
892 760 1092 798 revoca
1139 742 1610 797 instaurationem
1641 759 1766 795 mo-

72 839 295 892 nasterii
352 838 408 892 S.
451 836 640 890 Mariae
697 833 1038 899 Ratisbonae,
1082 832 1151 886 de
1201 848 1312 902 qua
1361 831 1478 900 agit
1517 831 1766 884 Mabillo.

72 929 195 981 nius
225 941 356 996 pag.
388 928 518 992 218τ
553 939 712 977 num.

143 1016 259 1068 124.
296 1015 476 1067 Porro
523 1008 955 1064 celeberrimam
1006 1023 1130 1060 eam
1180 1005 1601 1059 dedicationem
1653 1020 1770 1056 non

73 1121 159 1156 an.
195 1105 350 1168 1011,
391 1105 458 1154 ut
500 1115 631 1152 cum
694 1096 934 1151 Baronio
989 1096 1180 1164 plures
1233 1093 1478 1161 signant,
1543 1091 1639 1145 sed
1676 1108 1768 1146 an.

79 1194 206 1245 1012
237 1188 514 1243 accidisse
547 1185 790 1257 probant
844 1181 1325 1252 Chronographns
1371 1181 1533 1243 Saxo,
1575 1184 1768 1233 Anna-

73 1282 152 1332 les
193 1277 670 1340 Hildesemenses,
723 1277 779 1324 et
828 1277 1046 1323 veteres
1088 1268 1185 1320 alii
1237 1283 1366 1320 cum
1433 1268 1771 1328 llofmanno,

74 1364 348 1436 quidquid
397 1365 494 1419 hic
542 1365 824 1430 repugnet
869 1358 1038 1410 breve
1097 1355 1414 1410 Chronicon
1464 1355 1773 1407 Wirzibur-

75 1471 240 1522 gense
268 1451 422 1521 apud
455 1448 768 1504 Baluzium.
804 1445 1063 1499 Notanda
1091 1459 1224 1496 vero
1268 1441 1480 1495 Struvii
1515 1441 1576 1492 in
1606 1440 1773 1493 rebus

81 1541 281 1595 nostris
315 1537 631 1607 imperitia,
673 1534 792 1604 qui,
848 1537 1151 1602 postquam
1179 1545 1310 1599 pag.
1344 1528 1447 1581 384
1495 1525 1777 1595 episcopa-

80 1637 166 1681 tus
195 1625 638 1695 Bambergensis
689 1621 1085 1674 fundationem
1139 1631 1438 1687 perperam
1472 1614 1774 1666 ﬁrmatam.

82 1719 157 1770 ait
185 1735 218 1769 a
245 1717 464 1770 Joanne
517 1714 622 1766 PP.
681 1710 834 1774 XXII,
875 1708 1047 1778 paulo
1078 1710 1207 1775 post
1255 1703 1506 1772 ineptius
1537 1702 1731 1754 subdit
1764 1717 1775 1752 :

89 1830 106 1849 ι
141 1807 246 1858 Iste
300 1804 477 1856 etiam
527 1799 884 1870 episcopatus
959 1797 1239 1864 praesente
1298 1790 1596 1844 Benedicto
1665 1787 1780 1846 V111

85 1894 246 1962 Papa,
295 1894 531 1960 peracta
586 1883 787 1953 templi
839 1880 1074 1950 majoris
1121 1876 1566 1941 constructione,
1630 1890 1780 1927 anno

88 1996 194 2032 nxn
221 1980 457 2032 demum
513 1975 621 2028 fuit
665 1975 1045 2026 consecratus.
1112 1988 1130 2015 ι
1187 1965 1384 2020 Melius
1444 1962 1635 2017 doceri
1683 1979 1780 2031 po-

87 2073 242 2131 terat,
286 2065 334 2118 si
385 2064 461 2117 ad
512 2059 751 2116 Ditmari
807 2058 980 2111 verba
1042 2071 1170 2125 qua:
1215 2054 1432 2114 recitat,
1491 2049 1784 2104 tantillum

90 2153 430 2208 attendisset.
483 2151 570 2204 Ita
648 2145 902 2217 loquitur
1003 2143 1149 2197 dicta
1225 2143 1343 2210 jam
1397 2155 1529 2209 pag.
1617 2139 1781 2192 390:

95 2265 112 2288 ε
179 2244 411 2295 Peracta
466 2239 526 2292 in
585 2235 808 2290 civitate
855 2228 1308 2300 Bavenbergeusi
1377 2226 1611 2280 ecclesia
1662 2241 1784 2278 ma-

87 2331 224 2398 jore,
251 2345 384 2382 cum
442 2324 745 2380 natalitius
800 2321 970 2390 Regis
1029 2319 1150 2372 dies
1205 2319 1370 2378 esset,
1429 2317 1486 2368 et
1513 2314 1785 2382 xxxvjam

92 2416 383 2486 inciperet,
413 2431 451 2466 ιι
486 2414 676 2466 Nonas
708 2409 837 2464 Maii
873 2406 1060 2460 omnis
1111 2404 1391 2474 primatus
1446 2401 1515 2455 ad
1557 2399 1786 2453 dedica-

92 2505 294 2557 tionem
343 2501 516 2555 istius
575 2499 724 2552 aulae
773 2496 988 2550 ibidem
1035 2496 1435 2561 congregatur,
1493 2495 1548 2542 et
1580 2503 1788 2557 sponsa

97 2592 208 2645 haec
229 2589 441 2644 Christi
476 2604 581 2657 per
606 2601 809 2639 manus
863 2580 1098 2636 Joannis
1130 2576 1464 2648 patriarchae
1521 2575 1590 2627 de
1620 2572 1790 2642 Aqui-

95 2682 198 2733 leia
226 2686 283 2733 et
309 2678 563 2732 aliorum
620 2675 928 2744 plusquam
983 2684 1089 2721 xxx
1134 2665 1530 2736 episcoporum
1559 2661 1789 2715 dedica-

98 2774 198 2821 tur.
241 2788 268 2817 »
328 2765 509 2819 Addit
548 2757 1053 2828 Chronographus,
1090 2777 1112 2802 ι
1171 2769 1328 2806 xxxvr
1394 2751 1789 2820 episcoporum

101 2855 407 2908 ministerio
449 2853 862 2912 consecratam,
901 2868 920 2892 ι
947 2843 1154 2914 quibus
1187 2839 1552 2893 consentiunt
1608 2840 1793 2890 Anna-

101 2944 172 2995 les
192 2942 588 2995 Hildemenses
621 2954 634 2990 :
662 2937 723 2990 in
775 2933 866 2988 his
893 2949 1026 2985 vero
1086 2929 1352 2982 omnibus
1395 2943 1499 2979 nec
1555 2924 1792 2978 verbum

2364 465 2574 544 quibus
2657 479 2840 526 annus
2951 464 3265 538 inchoatur,
3349 489 3555 543 nempe

1875 590 1896 615 ι
1945 583 2036 618 an.
2090 581 2183 618 nx:
2239 564 2300 617 in
2377 562 2834 627 Frankenavord,
2889 568 2944 614 et
2990 585 3008 610 ε
3062 579 3168 615 uxu
3226 565 3284 615 in
3339 565 3556 616 Theru-

1869 654 2034 722 burg,
2073 673 2100 702 »
2134 670 2246 723 quo
2289 652 2562 721 prmdicta
2610 650 2886 704 dedicatio
2935 665 3062 703 vere
3119 650 3333 704 ibidem
3375 651 3557 703 consi-

1871 748 2099 813 gnatur.

1949 831 2066 882 126.
2118 829 2196 880 Ex
2253 826 2340 880 his
2386 827 2575 881 denuo
2623 830 2798 896 patet,
2831 825 2983 894 quod
3033 841 3204 892 supra
3242 839 3359 878 non
3391 827 3564 879 semel

1876 917 2012 981 dixi,
2081 916 2140 972 in
2195 913 2528 968 ordinandis
2587 913 2942 982 temporibus
3001 911 3239 965 Ditmari
3299 913 3564 965 chronieo

1878 1003 2205 1057 cautissime
2244 1001 2542 1055 utendum.
2589 1002 2664 1053 De
2709 1005 2896 1053 cetero
2946 999 3195 1070 reliquos
3244 1000 3420 1072 sancti
3453 999 3566 1053 im-

1877 1090 2159 1162 peratoris
2216 1091 2438 1143 labores
2487 1089 2547 1141 in
2616 1087 3028 1158 componendis
3097 1087 3265 1140 rebus
3316 1087 3566 1156 imperii,

1881 1181 2039 1250 cujus
2090 1181 2279 1248 partes
2344 1193 2542 1230 omnes
2598 1175 2901 1245 quotannis
2959 1177 3249 1229 lustranda
3306 1176 3568 1244 ignorare

1881 1285 1997 1322 non
2029 1271 2250 1336 poterat
2285 1284 2300 1331 ;
2333 1270 2388 1317 et
2416 1281 2550 1333 pace
2605 1280 2735 1316 cum
2792 1262 2992 1325 Slavis,
3043 1262 3282 1332 aliisque
3317 1262 3571 1315 hostibus

1882 1355 2234 1410 concilianda
2269 1352 2501 1405 sollicite
2549 1351 2858 1420 impensus,
2913 1349 3092 1403 fusius
3144 1357 3427 1403 memorat
3459 1351 3572 1402 lau-

1884 1445 2048 1498 datus
2099 1441 2265 1495 toties
2320 1440 2603 1493 Ditmarus
2640 1444 2756 1492 toto
2809 1437 3030 1508 reliquo
3083 1437 3232 1490 libro
3267 1442 3443 1502 sexto,
3477 1436 3574 1490 ubi

1886 1545 2016 1599 pag.
2075 1532 2174 1582 397
2250 1527 2570 1598 ingreditur
2643 1544 2734 1579 an.
2811 1528 2966 1592 1013,
3027 1542 3139 1595 quo
3196 1524 3573 1595 Epiphaniam

1888 1618 2087 1671 Alstidi
2136 1615 2441 1669 celebravit
2501 1615 2790 1679 Henricus,
2847 1612 3306 1666 Puriiicationem
3367 1621 3574 1664 sanctae

1893 1705 1992 1758 Dei
2023 1704 2319 1759 Genitricis
2350 1703 2408 1756 in
2441 1702 2805 1772 Magdeburg,
2837 1721 2863 1748 ‹‹
2899 1701 3163 1754 Paschale
3195 1716 3329 1754 vero
3369 1700 3572 1752 festum

1889 1809 2018 1845 cum
2040 1791 2389 1854 Meinweico,
2426 1790 2533 1842 sibi
2587 1789 2895 1842 admodum
2946 1787 3233 1853 familiari,
3266 1787 3327 1840 in
3375 1785 3576 1840 Pathe-

1889 1879 2037 1931 brun
2068 1877 2239 1946 digna
2287 1871 2649 1929 veneratione
2702 1874 2941 1943 peregit,
2987 1875 3352 1926 Pentecosten
3386 1878 3576 1926 autem

1892 1966 2257 2030 nobiscum,»
2273 1979 2479 2032 nempe
2511 1962 2569 2015 in
2591 1962 2914 2030 Merseburg
2939 1978 2950 2013 ε
2986 1961 3044 2012 in
3066 1961 3228 2030 cujus
3246 1959 3442 2030 vigilia
3475 1961 3578 2012 Bo-

1890 2053 2155 2116 lezlavus,
2187 2066 2316 2102 cum
2347 2048 2645 2102 securitate
2677 2048 2941 2101 obsidum
2970 2047 3120 2115 apud
3167 2064 3225 2100 se
3252 2047 3577 2100 relictorum

1892 2139 2045 2193 venit
2075 2137 2356 2208 etioptime
2370 2136 2676 2204 suscipitur
2699 2155 2713 2200 ;
2743 2135 2823 2187 sic
2845 2141 2906 2186 ut
2925 2140 3046 2187 tuta
3060 2151 3126 2186 ex
3142 2150 3204 2187 ea
3217 2138 3375 2202 parte
3388 2132 3581 2186 omnia

1892 2228 2128 2281 reddere
2161 2227 2402 2279 voluerit
2440 2223 2708 2276 Henricus
2745 2223 3076 2292 priusquam
3114 2222 3448 2275 meditatum
3474 2220 3583 2273 iter

1894 2316 2151 2369 Italicum
2205 2313 2625 2381 ingrederetur,
2656 2309 2724 2362 ad
2783 2309 2938 2380 quod
2985 2326 3086 2379 per
3134 2308 3190 2362 id
3238 2314 3465 2377 tempus
3494 2323 3584 2360 res

1895 2402 2358 2472 disponebantur.
2422 2401 2545 2452 Non
2622 2398 2729 2451 fuit
2778 2413 2962 2450 annus
3039 2396 3146 2449 istc
3214 2395 3585 2449 Fuldensibus

1895 2491 2139 2542 multum
2168 2485 2475 2556 propitius,
2503 2483 2716 2554 quippe
2747 2501 2860 2553 quo
2897 2504 2919 2531 ι
2975 2485 3240 2551 Bronnag
3289 2481 3462 2534 abbas
3483 2481 3584 2535 de—

1895 2577 2148 2646 ponitur,
2182 2580 2238 2628 et
2265 2581 2400 2627 tunc
2432 2574 2538 2626 hoc
2587 2571 3019 2630 monasterium.
3068 2569 3446 2623 confratribus
3475 2570 3588 2622 late

1896 2663 2331 2727 discedentibus,
2391 2678 2422 2714 a
2454 2659 2631 2730 priori
2676 2665 2821 2710 statu
2869 2662 3156 2711 mutatur:
3185 2679 3204 2703 ι
3261 2673 3388 2726 quae
3419 2657 3588 2726 paulo

1899 2753 2117 2819 durius,
2143 2751 2262 2820 jam
2315 2748 2465 2802 dicto
2497 2765 2588 2800 an.
2628 2749 2780 2810 1013,
2815 2763 2842 2799 a
2895 2744 3338 2813 Chronographo
3369 2744 3588 2797 Saxone

1899 2839 2316 2910 exprimuntur,
2347 2837 2438 2890 his
2473 2835 2698 2888 verbis:
2731 2854 2758 2884 ιι
2811 2835 2922 2887 Rex
2976 2834 3282 2885 stultorum
3314 2831 3588 2900 deprava-

1897 2931 1988 2979 tus
2043 2925 2297 2991 consilio,
2352 2922 2642 2978 Fuldensis
2692 2919 3024 2974 monasterii
3070 2919 3218 2971 bona
3251 2917 3591 2970 mirabiliter

99 3031 238 3083 unde
269 3029 397 3100 quis
429 3026 667 3093 colligat
711 3020 1080 3076 Benedictum
1127 3031 1336 3086 papam
1366 3013 1418 3068 ei
1449 3010 1792 3066 dedicatioui
1821 3019 1858 3073 ί]
1899 3013 2156 3084 diripuit,
2194 3035 2212 3060 ι
2251 3017 2355 3065 etc.
2399 3011 2506 3065 Sed
2551 3010 2673 3062 haec
2726 3007 2920 3061 mitius
2971 3006 3249 3075 explicata
3294 3005 3593 3058 videantur

101 3118 433 3183 interfuisse,
498 3113 600 3184 qui
682 3107 1062 3164 verosimilius
1119 3104 1362 3158 necdum
1421 3102 1630 3154 electus
1678 3101 1799 3151 erat

103 3207 229 3259 dum
290 3223 355 3258 ea
432 3199 779 3256 caeremonia
836 3198 1249 3267 perageretur:
1296 3197 1488 3243 utrum
1543 3203 1673 3240 vero
1739 3185 1798 3238 in

107 3293 462 3346 Germaniam
507 3290 616 3343 isto
643 3304 793 3342 anno
828 3282 1066 3348 venerit,
1101 3280 1250 3334 infra
1293 3278 1592 3347 explorare
1631 3290 1797 3328 cona-

111 3381 305 3435 bimur.

175 3472 286 3524 125.
346 3463 667 3536 Snbjungit
720 3460 1052 3515 Ditmarus:
1106 3478 1129 3504 ι
1185 3457 1317 3509 Post
1370 3453 1494 3506 haec
1552 3448 1804 3520 synodus

109 3555 188 3609 hic
210 3557 270 3609 tit
298 3571 532 3623 magna,
567 3552 626 3604 in
674 3566 784 3621 qua
837 3545 1198 3602 Gevehardus
1253 3537 1682 3595 Ratisbonensis
1711 3553 1799 3590 ec-

109 3644 280 3698 clesiis
330 3641 548 3714 praesul
590 3639 661 3692 ab
703 3633 1132 3704 archiepiscopo
1180 3629 1390 3683 suimet
1430 3626 1802 3696 arguitur,et

111 3731 355 3786 Metensis
376 3728 634 3785 ecclesias
677 3724 885 3795 praesul
916 3719 1247 3775 ’l‘hiedricns
1275 3734 1309 3770 a
1362 3732 1496 3786 rege
1547 3714 1800 3781 increpa-

111 3825 214 3886 tur,
244 3836 308 3873 eo
338 3816 498 3890 quod
532 3812 775 3884 epistola
827 3809 1038 3863 suimet
1075 3807 1228 3860 hunc
1272 3804 1482 3873 injuste
1515 3801 1665 3871 apud
1696 3801 1802 3853 Pa-

111 3923 232 3976 pam
263 3887 557 3960 accusaret
583 3919 596 3955 :
628 3900 724 3954 sed
757 3900 878 3952 haec
900 3895 1094 3949 omnia
1132 3899 1188 3947 et
1223 3893 1405 3946 multa
1432 3889 1542 3943 alia
1567 3887 1802 3942 consilio

116 3975 368 4064 prudenti
401 3999 540 4046 sunt
581 3989 812 4043 tinita...
855 3982 1166 4052 Completis
1199 3980 1466 4033 omnibus
1516 3977 1576 4030 in
1607 3975 1803 4029 orien-

116 4083 202 4135 tali
233 4081 466 4136 Fraucia
503 4076 873 4139 utilitatibus,
930 4073 1048 4126 Rex
1103 4067 1623 4136 Merscbnrgensem
1651 4062 1803 4116 revi-

116 4172 181 4224 sit
206 4172 487 4224 civitatem
546 4184 613 4220 ac
653 4165 733 4218 ibi
788 4167 1042 4216 sanctam
1081 4161 1438 4212 Pentecostes
1469 4152 1801 4206 solemnita-

115 4264 218 4312 tem
247 4259 516 4322 celebrat,
558 4261 617 4307 et
655 4253 716 4305 in
747 4249 935 4322 primo
963 4262 1129 4301 mane
1187 4242 1503 4298 Βοωὶηίοω
1521 4240 1655 4305 diei,
1690 4255 1802 4308 qua

120 4353 328 4399 sanctus
362 4342 674 4415 Apostolus
728 4337 969 4408 replevit
1028 4333 1291 4403 Spiritus,
1355 4331 1568 4400 Tagmo
1622 4326 1803 4379 archi—

119 4414 740 4504 episcopusiiniirmari
807 4423 996 4494 coepit,
1064 4420 1164 4490 qui
1209 4418 1379 4489 paulo
1425 4419 1553 4486 post
1598 4431 1630 4466 v
1681 4414 1810 4467 Idus

119 4500 400 4575 Juniinon
452 4517 623 4582 obiit,
672 4537 694 4564 .
749 4512 942 4581 inquit
992 4509 1144 4563 idem
1204 4506 1512 4567 Ditmarus,
1548 4525 1570 4550 ι
1606 4501 1700 4554 sed
1742 4500 1811 4552 ad

121 4609 407 4672 Christum,
471 4620 652 4676 quem
701 4615 930 4669 semper
967 4595 1197 4661 amavit,
1231 4595 1395 4646 laetus
1427 4589 1585 4644 abiit.
1623 4609 1649 4638 ν
1686 4589 1812 4641 Haec

123 4697 298 4750 omnia
326 4697 417 4750 hic
443 4695 555 4748 sub
602 4706 780 4744 unum
838 4691 1206 4755 conspectum
1248 4679 1502 4749 exposita
1541 4676 1715 4740 volui,
1751 4681 1815 4728 ut

127 4783 464 4837 manifestius
508 4783 706 4850 pateat
760 4772 1172 4828 dedicationem
1232 4765 1480 4821 ecclesia;
1540 4763 1814 4817 Bamber-

126 4873 296 4938 gensis
319 4875 540 4924 asserto
580 4882 612 4918 a
640 4862 808 4917 nobis
856 4876 946 4913 an.
1011 4859 1147 4911 1012
1177 4853 1503 4923 contigisse,
1553 4866 1667 4920 quo
1693 4865 1810 4902 cer-

128 4937 234 5011 tum
284 4964 368 5012 est
414 4959 778 5025 Tagmonem
823 4947 1052 5011 obiisse,
1106 4942 1346 4996 testibus
1403 4940 1610 4992 iterum
1640 4937 1813 4991 Chro-

130 5046 402 5116 nographo
449 5024 682 5098 Saxone
739 5041 797 5090 et
877 5032 1193 5088 Annalibus
1250 5024 1813 5088 Hildesemensibus;

130 5134 262 5201 quod
291 5110 552 5187 maxime
634 5122 1054 5179 observandum
1131 5122 1234 5183 est,
1295 5113 1624 5169 ostendatur
1673 5110 1818 5164 alius

136 5199 351 5275 Ditmari
401 5233 593 5281 error,
647 5212 749 5284 qui
809 5211 932 5281 jam
997 5206 1259 5278 proxime
1322 5202 1529 5269 aiebat,
1566 5221 1593 5247 «
1627 5199 1819 5252 Natale

138 5309 338 5362 Domini
368 5309 427 5361 in
477 5283 675 5361 Palthi
714 5322 736 5349 ι
794 5314 896 5352 seu
927 5293 1135 5350 Palithi
1168 5290 1480 5345 celebrasse
1525 5287 1580 5341 S.
1618 5283 1816 5338 Henri-

136 5411 248 5449 cum
291 5393 629 5450 immediate
679 5391 813 5441 ante
865 5379 1352 5438 consecrationem
1393 5372 1640 5428 ecclesiae
1666 5372 1820 5424 Bam-

140 5483 429 5553 bergensis,
462 5494 602 5535 cum
640 5472 962 5530 distinctius
1003 5471 1328 5523 memorent
1372 5461 1527 5517 citati
1554 5459 1822 5525 Annales,

142 5545 267 5626 duos
319 5545 460 5626 alios
520 5564 753 5622 Natales
802 5557 1029 5615 Domini
1076 5550 1446 5610 intermedios
1514 5545 1823 5600 celebrasse

427 5679 716 5744 PATROL.
772 5669 945 5734 CXL.

1907 3100 2229 3156 Mabillonio
2255 3114 2385 3169 pag.
2417 3100 2519 3150 252
2549 3113 2639 3150 an.
2667 3099 2752 3150 88.

1981 3192 2099 3242 127.
2152 3187 2346 3255 Pergit
2397 3185 2682 3239 Ditmarus
2715 3202 2730 3236 :
2767 3202 2793 3232 ι(
2852 3183 2965 3234 Rex
2997 3185 3187 3233 autem
3220 3179 3286 3232 ad
3334 3177 3592 3232 occiden-

1906 3277 2046 3331 tales
2094 3290 2338 3346 pergens
2384 3272 2670 3342 regiones,
2700 3270 2810 3324 iter
2854 3285 3019 3322 suum
3052 3269 3110 3320 in
3145 3267 3592 3337 Longobardiam

1909 3363 2208 3433 disposuit,
2268 3365 2324 3414 et
2397 3360 2605 3414 iterum
2657 3359 2724 3411 ad
2773 3374 2877 3410 nos
2954 3355 3289 3425 repedavit;
3351 3360 3407 3408 et
3463 3354 3594 3407 inde

1906 3469 1960 3506 xx
2022 3451 2144 3505 Kal.
2203 3449 2458 3504 Octobris
2516 3447 2826 3510 discedens,
2876 3461 2979 3514 per
3033 3443 3396 3497 Bavariorum
3454 3443 3596 3493 lines

1907 3543 2078 3607 atque
2109 3537 2444 3600 Suevorum,
2479 3549 2658 3603 usque
2710 3531 2780 3584 ad
2810 3531 2996 3583 locum
3027 3529 3128 3600 qui
3154 3529 3426 3582 dicitur...
3458 3543 3596 3596 pro-

1907 3623 2148 3695 peravit.
2208 3624 2324 3676 Huc
2381 3621 2657 3674 exercitus
2728 3618 2984 3688 undique
3035 3616 3289 3682 conﬂuit,
3361 3621 3416 3668 et
3468 3613 3597 3666 hinc

1907 3727 2089 3781 usque
2119 3711 2358 3764 Romam
2389 3709 2502 3761 Rex
2537 3706 2658 3759 sine
2689 3705 2846 3758 omni
2877 3704 3164 3774 scrupulo,
3189 3703 3384 3772 regina
3415 3700 3599 3754 comi—

1908 3805 2087 3863 tante,
2131 3797 2305 3850 venit.
2344 3817 2366 3843 ι
2441 3795 2770 3864 Sequuntur
2853 3808 2997 3844 nova
3071 3789 3308 3843 Boleslai
3363 3789 3596 3851 scelera,

1910 3893 1966 3941 et
2023 3885 2253 3938 occulta:
2306 3882 2573 3936 adversus
2635 3881 2691 3934 S.
2765 3879 3068 3933 Henricum
3127 3876 3597 3935 machinationes,

1911 3991 2039 4045 quae
2069 3978 2261 4026 tamen
2294 3969 2527 4024 minime
2570 3968 2917 4038 impedivere
2973 3983 3086 4036 quo
3143 3965 3333 4018 minus
3365 3962 3601 4016 rebelles

1912 4061 2022 4115 sibi
2072 4058 2470 4129 Longobardos
2522 4057 2582 4110 in
2613 4056 2873 4111 ordinem
2913 4056 3210 4108 reduceret
3260 4068 3324 4104 ac
3371 4052 3601 4104 demum

1911 4150 1970 4203 in
1995 4149 2137 4202 urbe
2169 4145 2454 4216 imperiali
2474 4160 2688 4199 corona
2735 4141 3126 4212 insigniretur.
3180 4141 3287 4194 Sed
3335 4139 3422 4192 his
3453 4154 3602 4206 prie-

1917 4235 2194 4290 mittenda
2216 4238 2367 4302 sunt,
2398 4233 2445 4286 si
2477 4247 2764 4303 quoquam
2797 4230 3107 4300 pertinent,
3141 4244 3263 4298 quae
3304 4227 3406 4280 sub
3430 4227 3605 4279 tinem

1918 4324 2048 4380 libri
2096 4323 2260 4391 sexti,
2313 4321 2480 4392 plane
2538 4320 2692 4374 aliud
2761 4335 2935 4388 agens
2979 4315 3270 4370 interserit
3324 4314 3608 4368 Ditmarus

1917 4430 2050 4482 pag.
2093 4412 2195 4465 399
2256 4410 2324 4463 de
2369 4409 2636 4473 adventu,
2687 4411 2750 4460 nt
2799 4404 2976 4475 aliqui
3035 4403 3380 4472 intelligunt,
3425 4402 3608 4454 Bene-

1921 4500 2056 4554 dicti
2096 4499 2212 4551 Vlll
2270 4497 2330 4550 in
2396 4496 2780 4557 Germaniam,
2831 4497 3065 4562 propter
3117 4488 3513 4550 intrusionem,
3548 4491 3612 4538 ut

1922 4591 2146 4658 putant,
2188 4583 2483 4652 cujusdam
2529 4581 2804 4649 Gregorii.
2839 4579 2987 4632 Audi
3036 4578 3261 4647 ipsum:
3301 4597 3322 4623 ι
3358 4575 3611 4642 Namque

1925 4673 2076 4740 Papa
2105 4669 2440 4722 Benedictus
2478 4666 2744 4734 Gregorio
2773 4663 2999 4716 cuidam
3052 4663 3111 4715 in
3163 4660 3436 4716 electione
3464 4676 3612 4728 pree-

1925 4757 2119 4812 valuit.
2149 4756 2232 4809 Ob
2283 4757 2390 4808 Loc
2423 4755 2527 4806 iste
2586 4755 2872 4822 (quaeritur
2922 4753 3045 4820 quis
3080 4755 3124 4820 ?)
3158 4751 3227 4803 ad
3255 4749 3612 4803 Nativitatcm

1927 4844 2274 4901 Dominicam
2322 4843 2382 4895 in
2434 4840 2640 4895 Palithi
2716 4839 2873 4893 venit
2937 4855 3066 4893 cum
3129 4837 3285 4891 omni
3337 4841 3615 4906 apparatu

1927 4931 2255 5002 apostolico,
2303 4928 2692 5000 expulsionem
2743 4942 2903 4980 suam
2957 4926 3222 4979 omnibus
3250 4921 3615 4977 lamentando

1929 5021 2307 5074 innotescens.
2350 5038 2378 5068 ιο
2440 5018 2513 5070 Ex
2545 5017 2632 5070 his
2675 5015 2906 5085 collegit
2968 5013 3240 5067 Baronius
3285 5011 3353 5065 ad
3401 5024 3618 5063 annum

1931 5110 2086 5173 1012,
2131 5105 2517 5169 Benedictum,
2549 5105 2727 5157 Roma
2758 5120 2791 5155 a
2846 5101 3122 5172 Gregorio
3175 5099 3496 5169 expulsum,
3527 5097 3620 5150 fu-

1928 5196 2076 5266 gisse
2133 5195 2192 5247 in
2260 5192 2619 5248 Germaniam
2660 5191 2731 5244 ad
2783 5191 2836 5244 S.
2891 5189 3220 5252 Henricum,
3279 5201 3447 5255 opem
3497 5183 3621 5252 ejus

1929 5282 2410 5351 imploraturum;
2471 5279 2531 5332 in
2598 5294 2711 5348 quo
2760 5276 2949 5345 ipsum
3004 5275 3345 5329 recentiores
3421 5285 3620 5322 omnes

1929 5373 2247 5438 sequuntur
2275 5383 2405 5420 cum
2437 5365 2732 5419 Francisco
2777 5363 2952 5431 Pagio
2997 5359 3383 5415 recentissimo
3426 5357 3486 5410 in
3517 5373 3620 5409 suo

1932 5454 2218 5510 Breviario
2293 5452 2627 5507 Pontiﬁcum
2684 5456 2842 5504 tomo
2913 5449 2981 5513 ll,
3043 5461 3175 5515 pag.
3207 5447 3334 5513 291,
3395 5443 3622 5497 tametsi

1932 5548 2082 5598 recte
2139 5542 2412 5605 advertat,
2470 5536 2760 5592 neminem
2791 5551 2965 5589 unum
2999 5539 3251 5587 veterum
3306 5532 3622 5585 Germano-

3141 5647 3177 5703 3
