3944 6436
371 341 437 393 75
1674 332 1730 385 S.
1776 327 2065 386 ﬂENRlCI

2266 330 2584 386 IBATORIS
3825 331 3891 379 τῆ

366 479 499 518 rum
551 461 896 533 scriptorum
953 457 1025 513 de
1077 473 1145 512 ea
1210 453 1501 511 Benedicti
1545 453 1902 525 expulsione,
1972 454 2143 507 autA
2180 458 2407 523 patrare
2444 455 2708 508 voluisse.
2745 454 2856 508 Nos
2898 452 3032 508 hinc
3087 454 3327 506 alteram
3375 452 3507 508 vita
3540 454 3898 525 periocham,

371 551 674 606 schismate
700 566 767 603 ea
795 564 966 603 causa
990 552 1116 602 orto
1156 546 1507 600 meminisse.

448 641 576 695 128.
610 640 803 709 Neque
833 636 887 690 id
921 636 1134 690 mirum
1189 650 1349 700 sane,
1406 649 1536 688 nam
1595 632 1707 688 nisi
1760 647 1866 702 ego
1894 630 2072 684 vehe-

377 726 730 783 mentissime
759 725 947 793 fallor,
996 723 1481 778 eminentissimus
1521 722 1803 776 annalista
1835 716 2075 774 Ditmari

376 833 607 873 sensum
639 814 791 869 haud
807 820 959 869 recte
990 817 1283 867 assecutus
1313 817 1397 865 est
1428 828 1442 877 ;
1473 816 1536 865 ut
1550 810 1669 881 jam
1701 816 1917 864 taceam
1951 823 2073 861 rem

379 922 613 961 omnem
640 904 710 959 de
751 902 1136 975 qualicunque
1192 906 1321 973 post
1363 899 1543 970 Sergii
1591 900 1698 953 PP.
1758 898 1827 952 IV
1854 897 2073 951 obitum

379 993 703 1057 schismate,
795 1004 1096 1060 perperam
1172 1003 1265 1041 an.
1357 987 1491 1039 1012
1575 985 1849 1039 innexam
1932 997 2073 1049 esse,

329 1095 337 1103 '
381 1097 513 1153 qua
565 1077 861 1133 referenda
912 1075 1137 1129 videtur
1185 1074 1253 1128 ad
1308 1076 1645 1145 sequentem
1709 1074 1865 1138 1013,
1915 1069 2078 1139 cujus

378 1171 612 1225 initium
644 1168 697 1238 (a
737 1164 920 1220 Natali
957 1162 1185 1217 Domini
1240 1161 1583 1226 inchoando)
1632 1160 1692 1214 in
1743 1159 1955 1214 Palithi
1985 1173 2078 1212 ce-

381 1257 620 1313 lebravit
666 1254 720 1309 S.
774 1252 1067 1307 Henricus.
1125 1250 1355 1305 Notabis
1422 1248 1602 1319 igitur
1648 1264 1717 1302 eo
1782 1248 1907 1302 loco
1968 1246 2080 1301 alia

378 1361 615 1418 prorsus
675 1342 868 1396 omnia
923 1357 958 1394 a
1016 1340 1271 1393 Ditmaro
1330 1336 1587 1405 tractari,
1646 1336 1719 1390 ad
1783 1336 2078 1391 ecclesiam

380 1449 543 1490 suam
616 1428 943 1503 spectantia,
998 1428 1193 1498 ibique
1251 1428 1422 1499 plane
1473 1427 1669 1482 obitur
1734 1441 1854 1482 rem
1912 1425 2077 1478 istam

377 1520 678 1584 insinuari,
709 1532 840 1590 qua
896 1516 1153 1586 profecto
1208 1516 1376 1571 aliter
1425 1516 1696 1586 explicari
1727 1514 2077 1581 merebatur,

379 1611 428 1665 si
474 1608 810 1664 Benedictus
860 1605 982 1676 ipse
1041 1606 1193 1676 Papa
1248 1604 1544 1674 legitimus
1595 1605 1655 1659 in
1713 1602 2076 1660 Germaniam

377 1702 666 1770 profectus
711 1695 945 1759 fuisset;
974 1693 1133 1764 quod
1189 1692 1340 1747 baud
1392 1693 1567 1748 dubie
1610 1709 1728 1748 non
1769 1692 2078 1747 tacuissent

378 1784 855 1856 Chronographus
906 1782 1074 1849 Saxo,
1108 1781 1350 1838 Ditmari
1399 1779 1461 1836 in
1514 1781 1709 1836 multis
1736 1786 2077 1845 contractor,

378 1881 435 1931 et
512 1876 757 1929 Annales
824 1871 1300 1935 Hildesemenses,
1358 1885 1465 1924 nec
1514 1868 1614 1923 alii
1678 1869 1930 1939 aquales
1985 1870 2084 1921 aut

374 1963 630 2034 proxime
659 1960 859 2016 secuti.
905 1960 974 2014 Ut
1002 1962 1257 2013 mentem
1288 1957 1619 2025 edisseram,
1660 1962 1817 2011 verte
1846 1955 2081 2010 Ditmari

372 2050 549 2105 verba
578 2048 855 2121 quamdiu
886 2051 944 2100 et
973 2062 1089 2117 quo
1121 2045 1290 2100 modo
1311 2045 1582 2110 volueris,
1637 2044 1831 2098 evolve
1880 2048 2083 2097 catera

377 2138 593 2205 omnia,
637 2138 754 2191 sive
796 2133 1183 2206 pracedentia
1241 2134 1359 2188 sive
1404 2132 1830 2204 subsequentia,
1890 2136 1951 2185 ut
1994 2132 2079 2185 vel

375 2227 618 2282 verbum
636 2224 939 2289 extundas,
970 2238 1086 2293 quo
1114 2222 1335 2288 innuat,
1384 2227 1645 2276 sanctum
1673 2220 2079 2291 imperatorem

379 2313 676 2371 Benedicti
704 2319 898 2382 partes
955 2310 1241 2380 suscipere
1270 2309 1554 2375 debuisse,
1600 2314 1698 2363 aut
1725 2308 1833 2379 ipsi
1860 2309 1973 2364 ulla
2020 2309 2078 2363 in

378 2420 442 2459 re
470 2399 821 2472 patrocinari
853 2398 939 2453 vel
969 2397 1243 2469 opitulari
1273 2414 1287 2465 ;
1322 2404 1421 2452 aut
1464 2403 1655 2468 postea
1686 2398 1928 2452 Romam
1959 2412 2082 2467 per-

377 2491 613 2555 rexisse,
645 2493 708 2542 ut
734 2488 923 2558 ipsum
954 2501 1318 2557 quocumque
1347 2486 1521 2540 modo
1567 2485 1627 2538 in
1681 2484 1878 2538 sedem
1912 2483 2081 2537 resti-

377 2578 749 2634 tueret.Utut
794 2574 1090 2629 obscurius
1144 2574 1398 2627 locutum
1455 2588 1687 2626 censeas
1737 2572 2078 2630 Ditmarum,

378 2672 481 2722 aut
535 2666 682 2721 nihil
747 2663 911 2729 dixit,
981 2667 1083 2715 aut
1136 2661 1273 2715 salis
1314 2660 1604 2727 iudicavit,
1663 2662 1910 2730 periste,
1962 2674 2078 2712 non

380 2755 776 2820 Benedictum,
802 2753 898 2805 sed
933 2749 1270 2819 Gregorium
1319 2748 1495 2803 fuisse
1552 2747 1857 2818 fugitivum
1890 2749 2075 2801 istum.

385 2863 408 2889 ι
440 2841 530 2895 cui
564 2839 894 2895 Benedictus
922 2837 1241 2907 pravaluit,
1276 2856 1299 2883 ι
1335 2840 1533 2906 utpote
1550 2835 1688 2905 quia
1722 2833 2078 2904 pracateris

377 2928 829 2985 antecessoribus
918 2926 1167 2980 maxime
1246 2923 1673 2979 dominabatur.
1740 2944 1761 2971 ι
1817 2922 1883 2976 Et
1944 2938 2077 2977 vero

2181 541 2302 596 imo
2332 542 2561 613 imperii
2588 542 2709 612 ejus
2743 541 3020 612 epocbam
3050 539 3472 595 inchoabimus.

2184 649 2213 715 §
2270 648 2411 703 XIII.
2469 649 2523 704 S.
2590 649 2814 702 Henrici
2872 649 3046 702 Roma
3110 649 3411 713 coronatio,
3468 651 3520 699 et
3597 661 3719 715 qua
3779 662 3900 699 eam

2252 725 2436 773 secuta
2463 724 2609 782 sunt,
2641 735 2811 788 usque
2848 719 2922 771 ad
2963 718 3259 772 adventum
3317 718 3594 773 Benedicti
3621 720 3729 773 PP.
3772 719 3900 772 VIII

2254 792 2316 843 in
2346 788 2717 843 Germaniam.

2262 898 2383 950 l30.
2459 896 2690 951 Librum
2784 911 2951 949 suum
3042 894 3354 963 septimum
3454 894 3534 948 sic
3598 893 3899 948 exorditur

2186 984 2519 1037 Ditmarus:
2567 1006 2586 1030 ι
2618 984 2877 1037 Decursis
2906 1000 2938 1036 a
2985 984 3277 1036 Dominica
3330 983 3723 1037 incarnatione
3766 988 3903 1052 post

2186 1071 2493 1125 millenarii
2533 1072 2950 1142 plenitudinem
3007 1071 3236 1125 numeri
3295 1072 3462 1125 annis
3509 1070 3813 1137 tredecim,
3840 1076 3901 1124 et

2186 1162 2245 1214 in
2273 1160 2672 1231 subsequentis
2693 1161 2857 1213 annis
2884 1160 3135 1213 secundo
3172 1175 3369 1214 mense
3422 1176 3487 1214 ac
3527 1160 3900 1215 hebdomade

2187 1249 2377 1313 tertia,
2405 1265 2556 1303 anno
2593 1254 2782 1302 autem
2836 1250 2997 1317 regni
3032 1248 3155 1318 ejus
3212 1249 3383 1302 tertio
3434 1248 3677 1313 decimo,
3715 1256 3774 1301 et
3804 1249 3901 1301 die

2189 1337 2506 1402 Dominica,
2537 1353 2601 1391 ac
2632 1354 2681 1390 vi
2711 1337 2831 1391 Kal.
2862 1337 3000 1403 (lege
3047 1352 3133 1390 xvi
3185 1337 3306 1390 Kal.
3342 1338 3445 1390 sub
3485 1337 3594 1391 litt.
3633 1338 3800 1391 Dom.
3836 1336 3899 1403 Ο)

2191 1427 2394 1493 ﬂartii,
2419 1427 2691 1480 Henricus
2730 1426 2830 1479 Dei
2863 1425 3046 1495 gratia
3085 1440 3181 1478 rex
3227 1424 3493 1495 inclytus,
3524 1440 3558 1479 a
3607 1425 3903 1479 senatori-

2186 1515 2295 1569 bus
2324 1514 2626 1569 duodecim
2657 1514 2918 1577 vallatus,
2969 1529 3219 1584 quorum
3251 1529 3346 1567 sex
3402 1513 3517 1567 rasi
3546 1512 3745 1579 barba,
3797 1512 3903 1566 alii

2188 1603 2410 1674 prolixa
2440 1602 2676 1673 mystice
2697 1601 3039 1655 incedebant
3065 1616 3195 1654 cum
3228 1600 3467 1670 baculis,
3516 1618 3645 1655 cum
3687 1602 3903 1655 dilecta

2192 1691 2401 1746 suimet
2457 1691 2700 1761 conjuge
2784 1690 3139 1759 Cunegunda
3218 1690 3288 1742 ad
3358 1689 3650 1743 ecclesiam
3714 1690 3903 1742 sancti

2192 1779 2364 1841 Petri.
2401 1781 2551 1851 Papa
2580 1785 2959 1849 exspectante,
2991 1778 3168 1845 venit,
3207 1784 3263 1831 et
3290 1784 3600 1849 antequam
3630 1778 3902 1832 introdu-

2190 1872 2437 1933 ceretur,
2470 1869 2541 1922 ab
2592 1868 2790 1920 eodem
2846 1867 3255 1936 interrogatus,
3298 1867 3345 1919 si
3377 1867 3561 1920 ﬁdelis
3590 1868 3761 1921 vellet
3786 1867 3903 1920 Ro-

2189 1972 2376 2010 mana
2409 1962 2682 2027 patronus
2738 1972 2860 2009 esse
2899 1961 2955 2007 et
3010 1954 3279 2009 defensor
3335 1954 3618 2017 Ecclesia,
3650 1955 3760 2009 sibi
3791 1970 3898 2008 au-

2187 2049 2306 2099 tem
2333 2045 2564 2116 suisque
2589 2044 3007 2098 successoribus
3037 2060 3139 2113 per
3196 2042 3393 2097 omnia
3421 2043 3629 2110 ﬁdelis,
3683 2043 3899 2098 devota

2188 2133 2541 2205 professione
2572 2132 2863 2202 respondit
2898 2151 2914 2198 ;
2970 2138 3025 2184 et
3060 2137 3196 2185 tunc
3243 2131 3314 2185 ab
3364 2132 3565 2186 eodem
3605 2131 3901 2186 inunctio-

2189 2238 2323 2276 nem
2354 2227 2409 2274 et
2436 2237 2706 2274 coronam
2751 2236 2883 2273 cum
2940 2220 3239 2273 contectali
3283 2236 3386 2272 sua
3434 2220 3698 2291 suscepit.
3729 2221 3899 2274 Prio-

2187 2325 2310 2363 rem
2340 2315 2531 2362 autem
2559 2324 2830 2363 coronam
2852 2325 3025 2378 super
3053 2310 3229 2361 altare
3275 2309 3555 2379 Principis
3589 2310 3898 2375 Apostolo—

2190 2415 2316 2452 rum
2346 2400 2615 2469 suspendi
2646 2399 2937 2467 praeepit.
2972 2399 3188 2451 Eodem
3218 2397 3309 2450 die
3356 2398 3509 2468 Papa
3559 2399 3640 2451 eis
3670 2413 3898 2451 canam

2188 2488 2255 2541 ad
2294 2487 2632 2541 Lateranum
2690 2486 2823 2539 fecit
2869 2489 3183 2555 copiosam.
3215 2508 3236 2533 ι
3290 2485 3427 2549 Qua
3486 2502 3654 2556 porro
3712 2490 3900 2539 turha

2186 2580 2381 2629 octavo
2419 2576 2628 2628 abhinc
2659 2573 2752 2627 die
2803 2574 2996 2628 Roma
3026 2580 3083 2627 et
3121 2591 3153 2627 a
3211 2574 3422 2644 quibus
3468 2576 3747 2635 excitata,
3779 2592 3899 2629 non

2187 2669 2266 2716 est
2330 2663 2501 2732 hujus
2568 2662 2676 2715 loci
2746 2662 3069 2715 describere
3121 2677 3134 2714 :
3193 2662 3538 2731 compendio
3612 2680 3713 2716 sua
3764 2666 3900 2718 inde

2184 2753 2401 2823 accepit
2447 2751 2930 2820 Chronographus
2985 2750 3147 2813 Saxo,
3204 2751 3609 2820 Imperatorem
3661 2752 3900 2823 Papiam

2187 2841 2466 2895 reducens
2515 2840 2585 2893 ad
2624 2838 3101 2893 resurrectionem
3128 2839 3374 2905 Domini,
3425 2840 3514 2892 cui
3567 2840 3901 2895 Chronicon

2188 2930 2490 2985 Casiuense
2524 2928 2620 2981 lib.
2646 2944 2704 2994 ιι,
2750 2942 2793 2980 c.
2830 2930 2919 2992 3t,
2970 2927 3150 2997 ipsam
3202 2926 3520 2981 Romanam
3571 2929 3899 2982 coronatio-

375 3019 825 3074 Tusculanorum
882 3013 1158 3068 comitum
1223 3013 1524 3067 notissima
1591 3027 1696 3083 per
1746 3011 1807 3066 id
1853 3015 2083 3081 tempus
2114 3012 2157 3067 C
2193 3033 2325 3072 nem
2358 3017 2560 3087 afﬁgit,
2603 3017 2753 3087 quod
2806 3015 2926 3085 jam
2972 3015 3106 3068 alibi
3149 3030 3183 3068 a
3233 3016 3398 3068 nobis
3446 3017 3754 3071 refutatum
3785 3024 3894 3071 est.

374 3105 635 3177 potentia
685 3103 957 3158 facillime
1020 3102 1194 3156 etiam
1256 3101 1431 3155 armis
1501 3100 1817 3171 pravalere
1871 3099 2081 3169 potuit,

376 3195 646 3250 adversus
699 3190 936 3246 minoris
981 3197 1133 3245 nota
1206 3189 1505 3244 hominem
1562 3188 1925 3259 Gregorium,
1986 3188 2086 3259 qui

379 3289 613 3337 externa
677 3279 887 3335 auxilia
963 3278 1273 3350 implorare
1358 3277 1711 3350 compulsus,
1797 3292 1996 3332 verum
2052 3293 2086 3332 a

378 3371 583 3426 Sancto
610 3367 908 3423 exauditus
936 3383 1054 3422 non
1102 3366 1193 3421 sit.

456 3460 578 3513 129.
625 3457 808 3511 Verbo
845 3456 1049 3522 dicam,
1078 3471 1200 3510 non
1230 3454 1301 3509 de
1350 3454 1631 3509 electione
1668 3453 1957 3524 pontiﬁcis
1985 3461 2085 3509 aut

381 3547 455 3602 de
484 3545 785 3601 schismate
813 3560 880 3599 ea
899 3560 1068 3598 causa
1114 3549 1313 3597 exorto
1340 3542 1421 3596 ibi
1472 3542 1594 3612 agit
1650 3541 1956 3609 Ditmarus,
1986 3542 2084 3596 sed

382 3651 452 3690 ea
480 3629 752 3705 expendit
799 3632 1166 3704 potissimum
1215 3646 1346 3701 qua
1398 3630 1642 3685 Romani
1693 3631 1998 3685 Pontiﬁces
2029 3636 2085 3685 et

378 3723 435 3779 S.
478 3723 755 3778 Henricus
781 3720 842 3774 in
903 3718 1165 3774 Ecclesia
1204 3722 1579 3789 augmentum
1630 3722 1687 3772 et
1715 3718 2082 3787 splendorem

377 3809 639 3865 certatim
704 3810 1139 3874 contulerunt;
1207 3821 1279 3859 en
1348 3806 1546 3860 ultima
1635 3806 1809 3859 verba
1873 3805 2083 3876 quibus

377 3899 589 3953 librum
646 3903 868 3952 sextum
915 3894 1244 3951 concludit:
1294 3914 1316 3942 ο
1384 3894 1657 3947 Henricus
1713 3893 1928 3946 etenim
1986 3909 2081 3947 rex

378 3986 674 4041 ecclesiam
733 3984 965 4039 adauxit
1023 3987 1279 4036 nostram
1333 3982 1533 4035 multis
1587 3980 1947 4047 utilitatibus,
1996 3981 2081 4035 in-

377 4076 583 4146 primis
610 4074 804 4129 divino
835 4075 1140 4143 apparatu,
1199 4074 1254 4124 et
1283 4069 1351 4124 de
1383 4068 1655 4123 omnibus
1706 4068 1882 4122 curtis
1909 4085 2078 4139 quam

375 4164 436 4218 in
468 4162 739 4232 Turingia
771 4167 830 4215 et
887 4158 1134 4215 Saxonia
1183 4157 1404 4225 habuit,
1462 4157 1607 4211 duas
1656 4156 1821 4209 nobis
1850 4158 2081 4211 tradidit

2194 3107 2384 3176 Papia
2415 3106 2592 3175 igitur
2637 3105 2988 3158 conﬁrmatis
3036 3111 3329 3175 utcunque
3391 3104 3896 3175 Longobardorum

2194 3196 2419 3260 animis,
2463 3194 2522 3247 in
2570 3193 2871 3247 Saxoniam
2917 3193 3238 3245 remeavit:
3292 3199 3415 3246 tum
3477 3195 3546 3247 de
3598 3196 3899 3248 monachis

2192 3283 2629 3338 Corbeiensibus
2651 3298 2715 3334 ea
2736 3281 3105 3351 adjiciuntur,
3136 3297 3286 3351 qua,
3320 3287 3385 3334 ut
3409 3286 3466 3336 et
3525 3283 3897 3337 Fuldensium

2190 3388 2320 3425 cum
2352 3371 2557 3425 Sancto
2603 3369 3039 3434 controversias,
3099 3370 3249 3423 malo
3306 3370 3456 3439 apud
3504 3371 3898 3425 Mabillonium

2192 3462 2252 3515 in
2284 3460 2603 3514 Annalibus
2644 3457 3142 3512 Benedictinorum
3188 3458 3323 3528 legi,
3383 3476 3556 3529 quam
3579 3459 3671 3514 hic
3708 3476 3744 3515 a
3796 3479 3892 3517 me

2192 3549 2493 3619 operosius
2523 3547 2769 3601 recitari.

2266 3641 2384 3693 131.
2418 3638 2534 3692 Huc
2568 3636 2801 3707 propius
2848 3639 3064 3706 spectat
3120 3634 3272 3705 quod
3303 3640 3498 3688 narrat
3548 3637 3753 3691 Glaber
3783 3640 3898 3694 Bo-

2192 3724 2464 3794 dulphus,
2525 3724 2788 3777 Historia
2836 3739 2954 3776 sua
3000 3724 3098 3776 lib.
3141 3740 3180 3789 i,
3216 3725 3419 3792 (τεμεῖ,
3471 3725 3542 3778 de
3591 3742 3763 3796 pomo
3793 3745 3893 3781 seu

2190 3813 2364 3883 globo
2395 3828 2590 3879 aureo,
2650 3812 2918 3882 pretiosis
2962 3813 3203 3880 gemmis
3231 3813 3603 3880 circumdato,
3636 3820 3693 3867 et
3729 3832 3897 3870 cruce

2189 3918 2364 3955 aurea
2417 3900 2884 3971 supereminente
2931 3906 3158 3967 ornato,
3210 3901 3362 3971 quod
3417 3906 3690 3973 tanquam
3726 3920 3897 3958 mun-

2190 3991 2337 4044 data
2385 3989 2661 4060 potentia
2708 3988 3034 4059 symbolum
3084 3989 3138 4041 S.
3198 3990 3441 4044 Henrico
3470 3992 3745 4045 obtulerit
3782 3994 3893 4047 Be-

2189 4077 2446 4131 nedictus
2475 4078 2606 4142 PP.,
2638 4076 2759 4147 ipse
2789 4092 2924 4131 vero
2954 4100 2973 4123 α
3010 4080 3273 4147 protinus
3326 4080 3548 4133 miserit
3569 4080 3635 4135 ad
3668 4080 3895 4136 Clunia-

2187 4181 2356 4219 cense
2438 4166 2847 4219 monasterium
2908 4167 3243 4231 Galliarum,
3301 4168 3452 4238 quod
3520 4169 3693 4222 etiam
3754 4175 3892 4224 tunc

376 4251 645 4306 familias.
673 4249 1041 4319 Evangelium
1071 4262 1211 4300 auro
1249 4250 1304 4300 et
1360 4244 1555 4299 tabula
1603 4250 1866 4299 ornatum
1908 4246 2074 4300 ebur-
2104 4290 2145 4343 Β
2188 4253 2465 4324 temporis
2494 4252 2810 4307 habebatur
2858 4254 3353 4323 religiosissimum
3409 4263 3768 4321 caterorum,
3801 4260 3894 4311 cui

374 4356 505 4407 nea,
524 4344 581 4394 et
607 4339 840 4394 calicem
868 4351 1108 4390 aureum
1141 4341 1313 4406 atque
1343 4338 1700 4405 gemmatum
1724 4350 1849 4387 cum
1878 4336 2071 4405 patina

374 4433 433 4483 et
461 4428 687 4493 ﬁstula;
728 4426 866 4480 item
923 4439 1119 4478 cruces
1165 4424 1308 4478 duas
1355 4428 1411 4477 et
1439 4422 1670 4493 capulas
1727 4438 1794 4476 ex
1841 4433 2079 4494 argento

372 4517 574 4584 factas,
608 4522 665 4569 et
694 4519 972 4583 magnum
1013 4511 1247 4566 calicem
1293 4528 1358 4565 ex
1390 4511 1591 4566 eodem
1639 4512 1892 4578 metallo,
1947 4529 2079 4567 cum

372 4605 575 4676 patina
598 4603 766 4658 simul
811 4606 869 4655 et
904 4600 1094 4655 ﬁstula
1121 4600 1296 4655 dedit.
1339 4598 1625 4669 Quidquid
1658 4599 1715 4653 in
1751 4601 1978 4671 pradiis
2010 4603 2080 4656 ab

369 4690 875 4748 intercessorsibus
905 4690 1045 4743 meis
1095 4689 1419 4759 neglectum
1452 4694 1591 4751 erat,
1651 4696 1939 4760 pracepto
1984 4707 2079 4744 re-

374 4784 709 4845 novarat;»
767 4783 831 4832 ut
883 4778 960 4832 ita
983 4782 1039 4831 et
1096 4777 1266 4845 hujus
1320 4776 1568 4831 ecclesia
1622 4792 1737 4830 non
1769 4778 1955 4831 solum
1988 4794 2079 4831 re-

374 4873 681 4929 staurator,
761 4866 859 4921 sed
935 4870 992 4919 et
1072 4865 1341 4920 fundator
1421 4864 1699 4936 appellari
1768 4872 2078 4929 mereatur,

373 4956 862 5029 quemadmodum
923 4960 980 5008 et
1034 4954 1538 5017 Padarhornensis,
1580 4969 1754 5023 quam
1813 4954 1923 5007 hoc
1978 4970 2079 5007 eo-

371 5044 507 5098 dem
540 5058 630 5096 an.
668 5042 802 5096 1013
833 5040 1106 5112 opulento
1150 5039 1367 5111 pradio
1391 5046 1602 5109 prater
1630 5040 1741 5093 alia
1782 5040 2078 5105 donatam,

374 5130 513 5185 dum
571 5130 772 5184 Werlis
826 5128 1212 5195 decumberet,
1276 5129 1539 5199 pluribus
1595 5128 1722 5180 aliis
1785 5126 2077 5181 beneﬁciis

373 5218 739 5285 cumulavit;
781 5224 836 5271 et
871 5217 925 5272 S.
986 5218 1321 5272 Bernwardo
1391 5214 1733 5271 Hildesiensi
1808 5215 2076 5285 episcopo

374 5306 708 5361 comitatum
759 5305 1045 5377 integrum
1102 5306 1272 5359 solita
1318 5305 1428 5358 sibi
1494 5304 1761 5373 largitate
1811 5304 2074 5372 contulit,

376 5410 617 5464 quarum
665 5394 1037 5449 donationum
1106 5395 1489 5447 instrumenta
1531 5391 1710 5444 refert
1762 5391 2076 5447 Schatenus

376 5487 567 5536 noster
593 5500 625 5536 a
653 5498 783 5554 pag.
815 5484 937 5537 402.
972 5484 1198 5537 Diceres
1244 5486 1504 5533 sanctum
1556 5478 1963 5549 imperatorem
1994 5485 2076 5535 tot

377 5569 482 5641 piis
511 5571 906 5641 largitionibus
927 5583 1270 5643 prosperum
1316 5569 1427 5623 iter
1450 5566 1707 5630 Italicum
1734 5582 1767 5622 a
1819 5568 1930 5623 Deo
1963 5568 2072 5626 im-

2182 4348 2241 4399 et
2288 4343 2399 4396 alia
2443 4342 2594 4395 dona
2654 4342 2903 4411 plurima
2960 4343 3280 4395 contulerat
3332 4351 3832 4407 ornamentorum,
3868 4368 3893 4395 »

2188 4429 2378 4501 inquit
2401 4429 2616 4483 ibidem
2670 4429 2933 4483 laudatus
2979 4430 3204 4483 Glaber.
3237 4435 3310 4485 At
3365 4432 3412 4484 si
3445 4448 3574 4485 vera
3605 4439 3740 4486 sunt
3763 4450 3893 4504 qua

2192 4518 2456 4588 Legenda
2490 4518 2669 4571 tradit
2698 4534 2822 4588 cap.
2881 4520 2973 4577 26,
3008 4535 3123 4573 ηοη
3160 4536 3306 4590 opus
3364 4520 3473 4574 fuit
3500 4537 3566 4574 ea
3599 4522 3893 4583 missione,

2189 4621 2343 4671 cum,
2399 4612 2465 4659 ut
2510 4605 2572 4659 in
2627 4606 2748 4658 Vita
2806 4606 3115 4673 videbitur,
3186 4607 3517 4662 Cluniacum
3576 4613 3897 4679 perrexerit

2188 4698 2417 4747 sanctus
2445 4693 2565 4763 ipse
2595 4692 2931 4763 imperator,
2987 4700 3044 4747 et
3093 4710 3212 4748 non
3261 4697 3445 4749 solum
3508 4696 3761 4765 globum,
3794 4701 3892 4752 sed

2186 4795 2457 4835 coronam
2510 4797 2744 4835 auream
2797 4783 3117 4849 obtulerit;
3167 4784 3284 4837 imo
3322 4789 3379 4838 et
3438 4785 3551 4839 alia
3603 4787 3766 4857 plura
3822 4787 3893 4840 de

2186 4866 2395 4937 quibus
2426 4866 2743 4921 meminere
2781 4869 2965 4922 amba
2988 4869 3042 4923 S.
3087 4870 3346 4925 0dilonis
3398 4871 3538 4924 Vita
3571 4887 3600 4924 a
3658 4873 3892 4941 majori-

2184 4955 2291 5010 bus
2345 4957 2555 5010 nostris
2603 4957 2770 5011 edita
2820 4960 2840 5011 l
2901 4958 3215 5014 Januarii:
3273 4962 3330 5012 et
3413 4960 3602 5029 prima
3659 4960 3890 5029 quidem

2183 5058 2318 5115 pag.
2355 5046 2419 5099 18
2450 5049 2508 5098 et
2544 5046 2635 5111 26,
2696 5046 2982 5114 posterior
3036 5062 3171 5101 vero
3223 5062 3383 5102 num.
3419 5050 3452 5101 6
3494 5064 3557 5101 ac
3594 5050 3682 5102 21.
3719 5048 3795 5102 De
3824 5065 3891 5103 ea

2181 5132 2648 5203 peregrinatione
2706 5133 2849 5187 nihil
2909 5140 3233 5189 memorant
3276 5135 3583 5202 Ditmarus,
3635 5137 3891 5191 Chrono-

2182 5222 2438 5290 graphus
2486 5220 2630 5275 Saxo
2695 5227 2796 5276 aut
2870 5224 3119 5294 aquales
3194 5224 3314 5290 alii,
3376 5241 3572 5280 verum
3643 5240 3708 5279 ex
3769 5226 3889 5280 Vita

2181 5308 2239 5363 S.
2273 5308 2585 5363 Ieinwerci
2616 5308 2673 5364 id
2706 5325 2823 5365 non
2855 5310 3170 5382 incongrue
3223 5313 3452 5383 collegit
3505 5312 3886 5375 Mabillonius,

2179 5395 2490 5449 Annalium
2521 5396 2622 5450 lib.
2649 5411 2738 5464 Lv,
2796 5414 2909 5468 pag
2958 5399 3083 5467 2H,
3143 5398 3242 5453 ubi
3295 5415 3411 5454 non
3477 5400 3644 5454 video
3693 5403 3884 5456 curad

2182 5499 2399 5537 annum
2436 5486 2568 5538 l0l5
2626 5490 2854 5540 revocet
2911 5502 3042 5559 qua
3094 5488 3547 5556 verosim‘llime,
3605 5489 3653 5542 si
3686 5504 3787 5560 per
3828 5491 3886 5545 id

2183 5577 2411 5642 tempus
2435 5572 2579 5627 facta
2631 5579 2785 5642 sunt,
2845 5573 2918 5630 ad
2973 5591 3190 5633 annum
3228 5577 3363 5633 1011
3409 5578 3719 5649 pertinent,
3746 5578 3881 5635 dum
