3976 6414
1716 365 1885 419 ACTA
1896 403 1909 417 .
3498 369 3566 421 78

29 504 235 559 nempe
261 505 373 560 per
407 487 805 559 Burgundiam
841 488 901 541 in
950 487 1249 552 Alsatiam,
1283 491 1339 540 et
1392 487 1525 541 inde
1575 506 1602 537 ι(
1639 503 1744 557 per
1781 490 1827 542 Α
1857 503 2016 541 mum
2048 486 2244 541 Natale
2277 486 2509 539 Domini
2538 485 2725 557 Papia:
2764 486 3100 552 celebrasse,
3136 510 3162 534 ››
3206 488 3336 542 inde
3376 488 3565 559 ipsum

28 578 312 632 Leodium
348 584 408 632 et
436 578 718 631 Trevirim
757 598 778 626 ι
830 576 1139 631 transitum
1192 575 1391 631 fecerit
1447 581 1509 630 ut
1570 576 1748 631 habet

29 668 201 719 citato
235 666 433 735 capite
468 668 832 735 Anonymus.

106 757 231 809 132.
267 754 498 809 Referri
531 758 826 808 merentur
855 769 984 825 qua:
1016 752 1096 807 ibi
1130 752 1304 806 tradit
1333 751 1696 807 Mabillonius
1732 770 1744 806 :

33 868 52 889 ι
86 846 438 914 Anonymus
468 848 688 908 auctor,
742 842 841 913 qui
898 842 1112 895 librum
1174 840 1400 912 scripsit
1449 842 1519 895 de
1575 842 1746 895 rebus

28 933 209 1001 gestis
237 931 403 986 beati
436 932 753 985 Meinwerci
782 930 1285 993 Paderbornensis,
1319 930 1471 984 haud
1506 930 1747 984 obscure

26 1021 331 1091 signiﬁcat
378 1021 688 1075 Henricum
728 1020 1138 1091 imperatorem
1170 1018 1231 1072 in
1278 1018 1461 1072 reditu
1491 1034 1555 1071 ex
1607 1016 1748 1071 urbe

33 1111 221 1164 Roma
254 1114 391 1180 post
422 1126 582 1163 suam
615 1108 1070 1173 coronationem,
1112 1123 1241 1161 cum
1301 1107 1513 1160 domno
1572 1105 1748 1160 Mein-

28 1214 217 1251 werco
278 1197 555 1269 episcopo
584 1196 896 1267 paucisque
952 1194 1335 1249 familiaribus
1392 1194 1460 1247 ad
1518 1193 1748 1249 Clunia-

22 1303 201 1341 cense
248 1286 697 1354 monasterium,
749 1301 854 1356 pro
912 1301 1032 1339 sua:
1090 1282 1385 1353 religionis
1418 1282 1640 1337 fervore
1694 1287 1750 1336 et

26 1377 140 1429 situ
170 1377 288 1430 loci
324 1375 571 1429 maxime
614 1375 1001 1439 nominatum,
1036 1372 1363 1437 divertisse,
1429 1371 1748 1426 deducente

24 1466 222 1519 forsan
269 1465 514 1519 Odilone
545 1463 769 1529 abbate,
801 1461 899 1533 qui
932 1461 1123 1531 ipsum
1153 1460 1212 1514 in
1254 1459 1353 1513 illo
1386 1458 1595 1513 itinere
1653 1475 1745 1512 co-

28 1554 276 1606 mitatus
308 1552 527 1617 fuerat;
560 1551 830 1621 visusque
882 1565 948 1603 ea
978 1548 1382 1619 comprobasse
1413 1564 1561 1618 quae,
1596 1547 1748 1601 fama

29 1642 351 1709 referente,
382 1641 451 1694 de
484 1656 644 1693 sacro
676 1639 773 1693 illo
803 1638 1062 1693 ccenobio
1114 1641 1413 1707 acceperat
1441 1652 1452 1689 :
1508 1641 1746 1706 tumque

27 1745 313 1782 coronam
348 1744 585 1782 auream
639 1726 1137 1797 pretiosissimam,
1191 1726 1261 1779 ad
1313 1726 1559 1789 Missam,
1614 1740 1743 1795 quae
1776 1764 1817 1817 Β

28 1819 96 1869 de
129 1817 431 1871 Catbedra
452 1816 507 1870 S.
544 1816 698 1869 Petri
727 1816 1074 1886 appellatur,
1108 1814 1406 1881 obtulisse,
1434 1820 1510 1879 et,
1544 1814 1742 1867 frater-

4 1906 212 1959 'nitate
278 1905 697 1958 monachorum
768 1903 1068 1957 humiliter
1138 1902 1315 1973 petita
1374 1907 1431 1955 et
1487 1905 1738 1972 accepta,

29 1994 306 2048 omnium
338 1993 576 2047 fratrum
637 1990 904 2062 precibus
950 2007 1007 2045 se
1038 1990 1495 2045 commendasse.
1531 2009 1559 2042 ››
1616 1991 1745 2043 Ηωο

26 2088 80 2135 et
111 2084 316 2151 plura,
350 2082 421 2135 de
453 2081 580 2134 aliis
611 2079 902 2134 beneﬁciis
931 2080 1119 2133 eidem
1165 2079 1427 2133 ccenobio
1459 2095 1492 2132 a
1539 2079 1744 2133 Sancto

31 2172 283 2236 collatis,
341 2169 717 2240 abductisque
766 2168 900 2222 inde
934 2167 1232 2222 monachis
1286 2184 1390 2238 pro
1444 2167 1745 2221 condendo

30 2258 397 2312 monasterio
458 2255 935 2326 Abdinghoffensi
979 2256 1104 2309 vide
1174 2256 1239 2309 ad
1298 2255 1453 2308 diem
1510 2271 1541 2307 v
1591 2254 1750 2308 Junii

29 2363 157 2417 cap.
194 2347 249 2400 4.
290 2348 458 2409 η.26,
502 2360 635 2415 pag.
676 2347 810 2409 521;
845 2345 967 2397 haec
996 2360 1102 2397 nos
1133 2344 1306 2413 paulo
1356 2342 1590 2413 longius
1644 2342 1746 2395 ab-

27 2436 255 2490 duxere
278 2435 352 2488 ab
382 2433 454 2488 iis
495 2449 626 2504 quin
657 2438 789 2502 post
820 2432 1255 2486 coronationem
1311 2433 1588 2485 Romanae
1637 2430 1749 2500 ipsi

32 2525 306 2577 Ecclesiae
338 2522 584 2576 indulsit
604 2536 800 2575 recens
821 2522 1200 2591 inauguratus
1240 2524 1550 2587 Augustus,
1587 2535 1749 2589 quaa-

31 2630 151 2683 que
176 2613 236 2665 in
273 2612 434 2681 Pagii
469 2610 754 2666 Breviario
794 2610 1074 2679 explicata
1124 2608 1301 2661 habes
1348 2624 1381 2660 a
1412 2622 1543 2677 pag.
1600 2610 1703 2661 293
1734 2623 1746 2659 :

35 2702 256 2772 quibus
281 2700 427 2754 adde
450 2699 563 2753 alia
612 2697 997 2752 liberalissimi
1042 2696 1280 2753 Caesaris
1330 2695 1539 2765 placita
1596 2695 1751 2765 apud

34 2790 340 2843 laudatum
409 2786 803 2842 Mabillonium
835 2802 965 2857 pag.
1012 2787 1114 2839 237
1165 2790 1223 2838 et
1275 2787 1413 2851 239;
1466 2788 1639 2854 atque
1687 2799 1754 2836 ea

38 2880 282 2933 demum
313 2893 445 2947 quae
476 2892 578 2946 pro
626 2875 830 2929 dilecta
860 2873 1098 2928 ecclesia
1157 2872 1565 2942 Bambergensi
1606 2888 1753 2926 enu-

42 2972 231 3021 merat
265 2966 627 3020 IIofniaunus
656 2964 761 3017 col.
794 2965 883 3017 49.

1856 576 1914 629 in
1942 576 2211 646 Apuliam
2264 574 2526 640 deducit;
2584 574 2675 628 cui
2716 574 2967 629 subactas
3017 576 3318 629 Ismaelem
3355 576 3564 646 praefe-

1857 669 2051 716 cerat:
2133 667 2259 716 tum
2317 661 2384 716 ad
2446 662 2696 715 Montem
2756 661 3057 730 Casinum,
3116 663 3215 716 ubi
3266 679 3297 716 a
3346 663 3565 716 calculo

1856 751 2129 805 liberatus
2176 750 2376 818 fuerit;
2435 767 2498 804 ac
2548 751 2803 813 demum,
2851 766 3013 804 num.
3063 754 3154 820 23,
3240 773 3265 801 ;‹
3322 752 3563 806 Romam

1854 855 1985 893 cum
2020 840 2255 894 domina
2283 839 2691 910 Chunigunda,
2728 855 2857 893 cum
2891 838 3191 909 triumpho
3224 856 3436 911 magno
3465 839 3561 893 in-

1854 933 2033 982 trasse
2063 928 2163 997 ait,
2197 928 2293 983 ubi
2324 944 2358 981 a
2401 928 2567 982 beato
2636 926 2944 981 Benedicto
3004 930 3157 997 Papa
3204 928 3453 999 benigne
3506 931 3564 982 et

1852 1014 2169 1069 honorifice
2192 1019 2603 1085 susceptus...”
2657 1015 2901 1069 solemni
2948 1013 3376 1080 benedictione,
3426 1030 3557 1068 cum

1856 1104 2106 1157 universi
2136 1103 2338 1174 populi
2394 1102 2783 1157 inaestimabili
2828 1104 3203 1157 exsultatione
3255 1103 3315 1156 in
3373 1104 3558 1157 Cassa-

1854 1207 1974 1245 rem
2038 1196 2095 1245 et
2150 1192 2561 1262 imperatorem
2639 1194 3000 1245 consecratus
3056 1191 3147 1244 sit.
3186 1214 3211 1236 »
3275 1191 3558 1245 Nimirum

1855 1280 2106 1334 confusae
2139 1279 2231 1333 hic
2263 1283 2396 1332 sunt
2422 1279 2571 1333 binae
2621 1279 3009 1349 expeditiones
3064 1277 3273 1333 Italicae
3302 1278 3359 1333 S.
3408 1280 3559 1333 Hen-

1856 1367 1979 1433 rici,
2012 1383 2223 1437 nempe
2272 1368 2393 1420 haec
2419 1382 2533 1437 qua
2563 1368 2685 1420 sola
2741 1368 3035 1420 coronatio
3083 1366 3243 1420 brevi
3301 1371 3561 1437 tempore

1854 1464 2087 1528 paracta
2118 1461 2223 1523 est,
2258 1472 2388 1510 cum
2422 1456 2535 1510 alia
2563 1457 2697 1527 palo
2742 1456 2928 1510 fusius
2974 1455 3124 1510 infra
3178 1455 3511 1526 explicanda
3543 1473 3555 1507 :

1856 1545 2011 1616 quod
2041 1544 2206 1599 facile
2238 1544 2572 1600 advertisset
2596 1544 2859 1615 scriptor,
2893 1542 2941 1597 si
2971 1543 3355 1597 coronationis
3382 1543 3557 1603 diem,

1857 1649 2063 1704 nempe
2093 1650 2182 1687 xiv
2212 1633 2524 1701 Februarii,
2546 1633 2869 1703 expressius
2904 1632 3216 1703 signasset;
3242 1631 3372 1702 quis
3402 1630 3556 1685 enim

1856 1722 2019 1776 facile
2075 1723 2364 1792 concipiat
2390 1722 2442 1777 S.
2481 1722 2787 1775 Henricum
2824 1721 3019 1774 Natale
3076 1720 3305 1775 Domini
3368 1719 3557 1789 Papia

1858 1810 2190 1873 celebrasse,
2228 1811 2364 1864 inde
2388 1811 2725 1880 subjugasse
2751 1809 3044 1879 Apuliam,
3074 1814 3245 1879 atque
3277 1808 3337 1862 in
3369 1808 3558 1862 Monte

1858 1898 2061 1953 Casino
2115 1914 2334 1969 azgrum
2395 1898 2754 1964 decubuisse,
2815 1898 3055 1952 Romam
3116 1897 3351 1952 interim
3425 1896 3558 1950 satis

1856 1988 2194 2058 tempestive
2227 1987 2480 2058 attigisse
2513 1992 2578 2041 ut
2619 1987 2769 2040 dicto
2829 1986 2919 2040 die
2948 2002 3039 2039 xiv
3096 1985 3388 2040 Februarii
3442 1986 3555 2039 im-

1858 2075 2202 2146 peratoriam
2268 2074 2771 2145 inaugurationem
2829 2075 3160 2143 susciperet.
3236 2075 3360 2127 Non
3423 2073 3557 2127 satis

1859 2169 1988 2234 apta
2010 2164 2371 2230 temporibus
2402 2164 2519 2217 suis
2542 2163 2736 2217 isthaac
2766 2162 2949 2216 divisa
2989 2166 3142 2227 sunt,
3204 2178 3332 2232 quae
3385 2162 3559 2216 etiam

1861 2252 2055 2306 omnia
2086 2252 2197 2305 huc
2229 2253 2370 2305 falso
2418 2251 2701 2304 revocavit
2734 2250 3076 2304 Hofmanrus
3106 2250 3214 2303 col.
3286 2253 3353 2304 50
3399 2251 3561 2319 cujus

1861 2356 1927 2393 ea
1956 2340 2179 2393 facilius
2231 2339 2539 2405 admisero,
2592 2355 2723 2409 quae
2771 2338 2983 2393 ibidem
3030 2339 3205 2393 refert
3234 2354 3395 2393 num.
3451 2343 3560 2405 79;

1860 2433 1982 2481 tum
2016 2445 2149 2482 vero
2176 2428 2437 2498 sequenti
2470 2428 2540 2482 de
2593 2426 2923 2497 compositis
2982 2442 3087 2497 per
3128 2427 3253 2480 hinc
3306 2432 3566 2497 tempora

1861 2533 1991 2571 cum
2024 2517 2358 2571 Gundecaro
2392 2516 2731 2586 Eystettensi
2783 2515 2852 2569 de
2885 2515 3096 2569 finibus
3126 2514 3565 2585 Bamhergeusis

1862 2605 2114 2660 ecclesiae
2147 2604 2577 2659 controversiis.

1938 2698 2056 2749 135.
2092 2697 2223 2748 Post
2253 2694 2425 2748 citata
2471 2694 2733 2765 proxime
2768 2694 3007 2748 Ditmari
3058 2694 3252 2763 verba,
3310 2694 3423 2748 alia
3483 2694 3567 2749 in-

1863 2788 2245 2848 terseruntur,
2299 2798 2428 2853 qua:
2476 2788 2806 2852 temporum
2857 2782 3065 2836 seriem
3129 2781 3395 2836 nonnihil
3444 2785 3566 2835 tur-

1864 2871 2001 2925 bare
2082 2875 2335 2941 possent,
2388 2870 2498 2923 nisi
2548 2886 2613 2924 ex
2680 2870 2948 2924 distincto
3005 2871 3329 2924 charactere
3380 2869 3566 2940 posito

1865 2975 1996 3030 pag.
2067 2960 2171 3013 402
2237 2962 2529 3012 constaret
2561 2964 2823 3011 sanctum
2889 2957 3298 3027 imperatorem
3356 2958 3570 3011 Pascha

116 3058 245 3108 133.
309 3055 508 3124 Neque
561 3068 690 3104 vero
746 3049 1152 3121 prmtereunda
1207 3052 1342 3102 sunt
1397 3065 1527 3120 quae
1581 3047 1756 3101 habet
1790 3041 1829 3094 C
1867 3048 2184 3102 celebrasse
2225 3047 2283 3100 in
2339 3046 2671 3116 Merseburg
2699 3062 2791 3100 an.
2851 3049 3009 3106 1015,
3042 3061 3157 3115 quo
3200 3044 3397 3116 vigilia
3452 3046 3566 3099 Re-

44 3144 367 3204 Ditmarus,
398 3139 467 3192 ad
525 3154 693 3208 quem
730 3139 941 3191 iterum
978 3138 1172 3203 redeo,
1225 3137 1294 3190 de
1354 3137 1617 3190 instituto
1654 3152 1757 3204 per

146 3228 462 3283 Henricum
489 3228 821 3296 episcopatu
868 3226 1138 3281 Robiensi
1187 3226 1528 3296 priusquam
1590 3224 1755 3278 Italia

41 3318 369 3371 excederet.
410 3336 436 3364 ¢
476 3318 537 3369 In
562 3315 649 3368 his
688 3316 969 3386 partibus,
1021 3314 1232 3385 inquit,
1289 3314 1478 3368 Caesar
1536 3313 1754 3383 episco-

42 3413 270 3476 patum,
302 3404 459 3475 quod
485 3409 608 3457 erat
629 3404 859 3457 tertium
889 3403 1079 3457 devoti
1110 3401 1300 3471 operis
1331 3401 1419 3455 sui
1450 3417 1760 3455 ornamen-

40 3502 191 3557 tum,
250 3494 311 3546 in
362 3492 539 3546 Bobia
594 3492 844 3559 civitate,
904 3491 1001 3544 ubi
1059 3490 1413 3545 Christicolas
1479 3489 1659 3543 sancti
1707 3494 1763 3543 et

39 3580 390 3637 confessoris
414 3580 614 3650 inclyti
646 3579 1036 3634 Columbanus
1060 3583 1119 3632 et
1165 3578 1357 3632 Attala
1387 3578 1763 3648 corporaliter

41 3672 446 3742 requiescunt,
491 3668 791 3723 communi
838 3668 1078 3722 consilio
1112 3671 1169 3721 et
1216 3666 1448 3721 licentia
1493 3681 1764 3734 compro-

44 3760 386 3814 vincialium
465 3757 871 3828 episcoporum
931 3755 1279 3821 construxit;
1337 3755 1473 3825 quia
1539 3769 1766 3807 summa

44 3848 380 3911 necessitas,
418 3850 494 3911 et,
529 3860 659 3915 quin
692 3861 817 3898 eam
842 3844 1139 3914 praecellit,
1176 3842 1386 3897 Christi
1419 3841 1667 3896 charitas
1694 3841 1765 3894 ad

46 3938 158 3991 hoc
180 3934 503 4005 instigavit.
538 3934 639 3987 Hic
667 3948 797 3986 cum
826 3932 1072 3985 maxima
1106 3931 1489 4001 prosperitate
1514 3935 1571 3983 et
1631 3928 1766 3998 glo-

48 4027 138 4079 ria
164 4024 412 4094 Alpinas
444 4026 681 4091 superat
710 4020 1097 4083 difficultates,
1141 4037 1205 4072 ac
1240 4023 1451 4072 nostras
1511 4016 1768 4089 regionis

50 4114 193 4168 adiit
224 4111 592 4178 serenitates,
627 4109 762 4181 quia
793 4109 942 4163 aeris
973 4114 1029 4162 et
1078 4107 1473 4162 habitatorum
1523 4106 1769 4177 qualita-

54 4209 142 4254 tes
168 4200 397 4255 nostris
420 4214 534 4253 non
566 4196 916 4251 concordant
949 4196 1230 4265 partibus.
1260 4216 1283 4243 υ
1318 4195 1477 4249 Mitto
1518 4210 1649 4264 qum
1680 4193 1772 4246 hic

1868 3134 2236 3189 surrectionis
2258 3133 2458 3187 incidit
2479 3134 2537 3187 in
2563 3150 2592 3185 v
2615 3134 2749 3187 Idus
2772 3133 3005 3202 Aprilis,
3042 3133 3114 3186 ab
3132 3132 3254 3203 ipso
3304 3149 3569 3203 expresse

1868 3224 2159 3293 signatum
2187 3239 2200 3289 ;
2234 3222 2502 3277 Paschate
2534 3221 2826 3276 incidente
2862 3221 2921 3274 in
2957 3237 3010 3274 iv
3034 3221 3168 3275 Idus
3190 3236 3292 3275 seu
3324 3221 3476 3276 diem
3533 3238 3565 3277 x

1869 3313 2128 3382 ejusdem
2161 3310 2419 3365 mensis:
2460 3330 2481 3359 ι
2535 3309 2597 3364 in
2654 3310 2827 3366 Cwna
2878 3313 3073 3363 autem
3130 3309 3385 3377 Domini,
3418 3328 3446 3362 ιο
3497 3310 3575 3364 ait

1872 3402 2183 3465 Ditmarus,
2214 3416 2272 3453 se
2310 3420 2333 3447 ι
2368 3399 2617 3452 chrisma
2656 3398 2716 3452 in
2747 3398 2869 3468 ejus
2900 3397 3208 3467 praesentia
3264 3398 3573 3469 indignum

1872 3488 2250 3543 benedixisse.
2289 3509 2310 3535 ι
2346 3486 2437 3542 Sic
2468 3502 2572 3557 pro
2602 3502 2669 3541 eo
2703 3502 2853 3539 anno
2885 3486 3375 3556 Chronographus
3392 3485 3569 3540 Saxo:

1878 3598 1898 3623 ι
1938 3576 2214 3631 Henricus
2245 3576 2563 3646 imperator
2598 3575 2659 3627 in
2716 3573 2977 3627 Walbike
3032 3573 3187 3627 diem
3246 3575 3575 3628 Palmarum

1872 3682 2072 3735 agens,
2127 3665 2361 3717 nuntios
2414 3664 2483 3717 de
2544 3664 2702 3716 Italia
2753 3662 2861 3714 sibi
2920 3662 2978 3714 in
3036 3666 3389 3715 sacramenta
3439 3679 3572 3716 con-

1877 3752 2124 3819 strinxit,
2156 3757 2212 3805 et
2268 3752 2400 3805 inde
2431 3751 2738 3819 digressus,
2776 3750 3108 3819 Merseburg
3156 3750 3427 3803 Paschale
3494 3750 3575 3803 fe-

1879 3846 2029 3893 stum
2063 3839 2305 3909 peregit,
2342 3838 2439 3892 ubi
2475 3837 2757 3891 Bolizlavo
2797 3836 2992 3889 omnia
3021 3851 3286 3903 munera,
3317 3852 3445 3906 qua:
3492 3837 3576 3889 illi

1882 3927 2477 3992 miserat,simulcum
2505 3925 2690 3995 gratia
2742 3924 2950 3994 perdit,
3007 3925 3143 3977 dum
3194 3923 3360 3977 illum
3422 3924 3574 3993 lega-

1881 4014 2036 4067 tione
2097 4012 2345 4083 superba
2373 4011 2645 4065 infestum
2675 4010 3001 4063 reddidit.»
3055 4010 3184 4062 Haec
3229 4010 3379 4063 viam
3428 4016 3578 4063 ster-

1884 4107 2031 4155 nunt
2057 4102 2124 4154 ad
2160 4101 2430 4171 repetitas
2460 4099 2829 4153 excursiones
2860 4103 2918 4151 et
2959 4097 3110 4151 bella
3160 4098 3348 4151 rarius
3408 4099 3583 4151 inter-

1884 4197 2049 4262 rupta
2086 4207 2211 4244 cum
2285 4189 2536 4243 Boleslao
2588 4194 2725 4241 tunc
2783 4186 2988 4240 acriter
3040 4193 3219 4255 gesta,
3262 4186 3321 4239 in
3372 4188 3583 4256 quibus

57 4290 322 4344 odiosius
360 4288 420 4341 in
458 4286 863 4357 Langobardos
895 4286 1151 4355 aliosque
1182 4288 1416 4354 torquet
1450 4283 1768 4348 Ditmarus;
1801 4320 1845 4374 Β
1884 4280 2042 4333 vario
2076 4284 2255 4332 marte
2286 4283 2608 4348 pugnatum
2637 4281 2741 4340 est,
2791 4274 3027 4374 ut‘istic
3067 4280 3123 4327 et
3164 4274 3315 4344 apud
3368 4276 3582 4329 Ditma-

56 4380 194 4432 satis
234 4379 313 4432 sit
348 4378 504 4431 hunc
538 4390 755 4428 annum
806 4375 941 4427 1014
994 4390 1125 4426 cum
1186 4372 1311 4442 ipso
1363 4371 1655 4425 absolvere
1716 4375 1775 4423 et

54 4470 301 4521 alterum
348 4465 649 4527 inchoare,
700 4462 789 4516 his
822 4462 1051 4515 verbis:
1120 4481 1145 4511 α
1201 4462 1523 4530 Imperator
1579 4464 1771 4512 autem

56 4554 414 4610 transcensis
453 4552 713 4622 Alpibus,
772 4550 1089 4620 ceterisque
1121 4548 1517 4617 adjacentibus
1548 4547 1776 4617 provin-

54 4648 153 4698 ciis
215 4642 482 4713 regendo
536 4640 806 4703 decursis,
870 4640 1062 4693 Natale
1098 4637 1323 4691 Domini
1354 4636 1666 4690 celebravit
1715 4635 1774 4688 in

59 4734 286 4798 Palithi,
326 4736 383 4784 et
412 4734 543 4799 post
573 4730 694 4781 haec
725 4727 792 4780 ad
826 4726 1159 4796 Merseburg
1189 4726 1442 4789 veniens,
1500 4723 1774 4777 Boleslavi

62 4824 233 4875 fidem
260 4825 323 4875 et
352 4817 637 4872 auxilium
658 4816 776 4869 suis
804 4815 1056 4867 innotuit
1080 4814 1368 4878 fidelibus,
1395 4818 1453 4865 et
1479 4819 1541 4865 ut
1579 4811 1648 4864 ab
1694 4812 1776 4863 eis

62 4913 127 4964 ad
156 4908 620 4968 excusationem,
654 4908 755 4957 aut
802 4902 1032 4955 indictas
1062 4902 1144 4955 rei
1198 4901 1685 4964 emendationem,
1730 4899 1777 4951 is

61 5004 385 5057 vocaretur,
446 4992 751 5047 unanimes
797 4991 996 5061 poscit.
1030 5011 1051 5037 ι
1094 4994 1280 5060 Atque
1322 4990 1443 5042 haec
1490 5003 1559 5041 eo
1612 4992 1778 5057 pacto

62 5097 209 5141 recte
242 5084 531 5155 disposita
563 5086 701 5134 sunt
736 5084 793 5132 et
823 5078 990 5133 annis
1018 5079 1135 5130 suis
1176 5083 1305 5147 apte
1355 5077 1587 5140 innexa,
1649 5091 1778 5145 quae

62 5178 128 5229 ab
158 5174 455 5245 aliquibus
480 5185 599 5223 non
657 5183 864 5238 parum
913 5167 1243 5233 turbantur,
1276 5172 1399 5220 tum
1450 5163 1579 5218 aliis
1639 5179 1781 5216 con-

66 5266 181 5317 fusa
215 5270 273 5317 et
304 5260 646 5315 commixta.

135 5354 251 5406 134.
293 5352 354 5404 1η
387 5362 599 5402 eorum
636 5359 880 5398 numero
911 5342 1275 5397 collocandus
1303 5346 1389 5395 est
1436 5341 1527 5394 liic
1585 5344 1783 5393 auctor

72 5442 200 5494 Vita:
226 5441 281 5495 8.
320 5433 679 5497 Meiuwerci,
709 5432 809 5502 qui
840 5448 963 5503 cap.
1015 5432 1070 5499 4,
1103 5447 1266 5485 num.
1300 5433 1391 5492 22.
1452 5444 1783 5483 memorans

69 5547 91 5575 ε
119 5528 169 5581 S.
228 5527 573 5585 Henricum,
632 5517 906 5586 subjectis
936 5517 1206 5571 omnibus
1247 5522 1306 5571 et
1335 5517 1394 5569 in
1429 5514 1782 5570 deditionem

70 5616 309 5671 reductis
336 5627 477 5684 quae
528 5605 820 5663 rebellare
862 5609 1222 5661 tentaverant
1280 5603 1543 5673 urbibus,
1601 5601 1787 5672 proxi-

1886 4384 2012 4421 rum
2048 4368 2230 4420 fusius
2262 4365 2372 4436 legi
2417 4369 2631 4436 potest;
2662 4380 2791 4416 cum
2825 4362 2891 4416 ad
2945 4368 3209 4416 nostrum
3257 4362 3584 4417 institutum

1885 4472 1999 4509 non
2035 4455 2216 4524 magis
2260 4454 2588 4524 pertineant
2615 4468 2791 4523 quam
2848 4455 3209 4504 recurrentes
3239 4450 3426 4502 denuo
3487 4450 3585 4503 de-

1888 4544 2180 4615 plorandae
2216 4557 2345 4595 cum
2379 4540 2819 4595 Corheiensibus
2850 4536 3148 4591 monachis
3191 4536 3588 4590 contentiones

1886 4632 2038 4702 apud
2070 4633 2387 4685 Ditmarum
2432 4645 2560 4698 pag.
2593 4629 2721 4694 403,
2754 4626 2825 4679 ad
2852 4640 2994 4695 quas
3048 4623 3376 4677 excitandas
3432 4640 3585 4679 non-

1885 4721 2105 4774 nullam
2133 4723 2355 4788 partem
2390 4716 2657 4769 habuisse
2711 4714 2765 4767 8.
2801 4712 3218 4775 Meinwercum,
3270 4711 3587 4767 Paderbor-

1886 4823 2121 4862 nensem
2155 4806 2509 4875 episcopum,
2543 4802 2715 4872 paulo
2739 4799 3061 4854 distinctius
3102 4799 3420 4869 exploravit
3477 4802 3589 4855 Ma-

1888 4895 2161 4951 billonius
2230 4892 2415 4946 citatis
2460 4889 2779 4945 Annalibus
2850 4888 2920 4941 ad
2974 4888 3127 4941 hunc
3182 4902 3401 4943 annum
3456 4904 3587 4960 pag.

1888 4985 2013 5049 242,
2044 4998 2159 5053 quo
2194 4981 2435 5033 lectores
2472 4977 2842 5031 remittimus.

1966 5074 2085 5125 136.
2119 5070 2465 5140 Sequentem
2515 5081 2730 5120 annum
2764 5066 2899 5119 1016
2953 5062 3184 5117 inchoat
3241 5063 3596 5135 Chronogra-

1890 5161 2085 5231 phus:
2132 5159 2512 5228 «Imperator
2559 5154 2814 5208 Natalem
2874 5151 3099 5207 Domini
3155 5151 3216 5205 in
3258 5152 3596 5207 Patelbrun-

1892 5264 2025 5302 nem
2077 5246 2293 5300 festivis
2351 5243 2574 5315 peregit
2634 5240 2906 5312 gaudiis:
2960 5238 3212 5309 posthaec
3260 5241 3596 5309 Popponem

1898 5335 2189 5405 Luitpoldi
2222 5333 2559 5389 Marchionis
2591 5331 2797 5396 filium,
2857 5333 2914 5382 et
2978 5327 3457 5395 Bavenbergensis
3504 5343 3600 5381 ec-

1896 5425 2081 5478 clesia:
2128 5421 2532 5494 praepositum,
2564 5416 2889 5473 Trevirensi
2944 5414 3277 5485 praefecerat
3324 5413 3474 5468 urbi.
3539 5416 3603 5470 Et

1896 5527 2027 5565 cum
2071 5511 2118 5564 is
2149 5510 2220 5565 ab
2272 5506 2664 5562 Erchenbaldo
2734 5499 3115 5573 Mogontiensi
3170 5500 3603 5573 archiepiscopo

1891 5601 2055 5671 jussu
2090 5597 2329 5654 Caesaris
2373 5600 2431 5649 et
2461 5593 2689 5648 licentia
2739 5587 3114 5645 Virdunensis
3166 5589 3421 5660 episcopi
3478 5590 3606 5661 (qui
