3976 6396
445 420 511 475 79
1746 416 1801 473 S.
1847 407 2142 473 llENItICI
2186 414 2260 471 IM
2274 408 2662 471 I’EBA'I‘ORIS
3891 424 3949 474 bu

442 542 664 614 primus
693 540 900 596 borum
925 537 983 595 iu
1019 536 1221 594 ordine
1245 537 1619 610 confratrum)
1670 540 1987 595 consecrari
2045 539 2138 595 de-
2167 545 2209 593 A
2250 538 2379 594 dem
2410 539 2533 610 ejus
2565 555 2744 594 unum
2777 538 3059 595 facturum
3108 538 3545 596 monasterium.
3574 562 3599 589 η
3637 542 3777 609 Pag.
3805 542 3905 598 414
3939 558 3949 596 :

443 630 692 696 buisset;
724 646 757 683 a
781 629 1114 684 'I‘hiederico
1157 628 1386 683 Metensi
1427 629 1707 698 antistite,
1732 647 1799 683 eo
1832 629 1987 700 quod
2021 649 2051 683 a
2082 646 2140 682 se

435 719 647 789 justius
678 720 799 773 haec
825 718 1113 771 ordinatio
1143 717 1269 771 ﬁeri
1300 717 1551 786 deberet,
1594 719 1819 772 assidua
1869 720 2140 772 deelama-

442 808 620 873 tione,
652 806 972 877 humilique
995 806 1272 876 petitione
1293 806 1350 860 id
1371 806 1656 860 incassum
1682 807 2095 877 prohibebatur
2121 821 2136 860 :

442 911 579 949 nam
635 895 951 965 imperator
1018 896 1189 960 hunc,
1240 895 1451 965 scripta
1516 895 2030 960 demonstrantem,
2084 899 2140 948 et

442 981 632 1036 hanno
648 981 706 1036 id
728 983 1185 1047 interdicentem,
1219 999 1336 1036 non
1367 983 1674 1047 exaudivit,
1709 989 1766 1037 et
1804 984 2136 1037 unctionem

440 1070 887 1138 fecitcompleri.
925 1090 952 1120 π
986 1071 1145 1124 Adde
1189 1069 1278 1123 bis
1331 1071 1516 1123 varias
1572 1070 1900 1141 principum
1951 1072 2136 1141 parti-

439 1157 719 1211 cularium
749 1157 1059 1211 discordias
1090 1163 1190 1211 aut
1235 1158 1410 1211 armis
1464 1164 1564 1212 aut
1616 1159 1796 1212 amica
1851 1156 2135 1228 composi-

438 1246 594 1299 tione
634 1245 866 1315 sopitas,
916 1252 973 1299 et
1002 1250 1310 1316 perpetuas
1348 1246 1566 1300 inimici
1612 1262 1839 1316 semper
1894 1245 2136 1300 Boleslai

437 1332 816 1402 incursiones,
849 1334 920 1387 de
951 1334 1162 1404 quibus
1195 1328 1484 1387 Ditmarus
1515 1351 1695 1404 usque
1729 1334 1801 1387 ad
1832 1350 1964 1403 pag.
2008 1335 2130 1387 406.

438 1420 630 1475 Eidem
674 1428 950 1491 praeterea
1007 1438 1159 1475 anno
1217 1422 1502 1491 afﬁgenda
1547 1426 1679 1475 sunt
1734 1437 1863 1492 quas
1917 1420 2134 1475 ibidem

439 1507 739 1578 subjungit
764 1509 833 1562 de
861 1531 889 1559 ‹‹
920 1510 1184 1579 proxima
1214 1510 1543 1563 Palmarum
1578 1508 1940 1579 jucunditate
1973 1529 2000 1557 ››
2061 1510 2132 1563 ab

434 1596 781 1666 imperatore
850 1617 877 1647 α
937 1613 1066 1651 cum
1124 1597 1390 1663 Henrico,
1450 1596 1766 1651 venerabili
1816 1597 2128 1652 Wircibur-

436 1684 600 1754 gensi
631 1684 896 1755 episcopo
924 1685 1228 1755 completa,
1285 1702 1351 1738 ac
1397 1702 1558 1739 cinna
1610 1685 1838 1738 Domini
1894 1693 1954 1739 et
2000 1702 2131 1755 pas-

437 1772 615 1833 sione.
650 1777 771 1826 tum
806 1772 1061 1827 I‘aschali
1090 1772 1343 1843 tripudio
1370 1771 1784 1826 honorabiliter
1812 1772 1874 1826 in
1914 1774 2127 1827 Baveu-

436 1859 578 1929 berg
601 1859 865 1930 peractis,
901 1880 929 1907 ››
972 1867 1084 1913 etc.
1129 1861 1276 1928 Lege
1298 1875 1429 1928 qua:
1463 1859 1675 1913 ibidem
1697 1865 2028 1914 attexuntur
2058 1863 2128 1915 de

435 1947 743 2017 Rudolpho
778 1947 1125 2017 Burgundiaa
1154 1963 1287 2016 rege
1318 1946 1509 2001 Sancti
1546 1948 1847 2015 avunculo,
1890 1964 2134 2018 regnum

436 2050 606 2088 suum
656 2050 761 2103 per
822 2033 1191 2088 donationem
1250 2034 1303 2086 ei
1357 2034 1637 2100 tradente,
1694 2036 1843 2105 quod
1898 2035 2134 2090 biennio

434 2128 582 2193 post,
628 2120 929 2175 accedente
963 2136 1267 2191 procerum
1320 2138 1623 2185 consensu,
1672 2123 1781 2176 fuit
1840 2125 2136 2177 conﬁrma-

435 2216 594 2276 tum;
621 2209 760 2263 item
788 2215 1024 2262 eventus
1051 2209 1191 2270 alios
1221 2209 1394 2262 etiam
1425 2209 1792 2279 Anglicanus,
1826 2228 1970 2282 quos
1992 2229 2131 2265 enu-

434 2312 659 2351 merare
692 2313 805 2350 non
830 2301 1010 2350 vacat.
1044 2297 1127 2350 Ad
1160 2298 1217 2352 8.
1273 2297 1581 2351 Ilenricum
1637 2298 1785 2352 redit
1841 2300 2133 2353 Ditmarus

434 2401 569 2455 pag.
601 2388 725 2451 412,
758 2384 841 2439 ita
866 2385 1155 2439 scribens:

511 2475 667 2527 t37.«
716 2478 876 2528 Anno
930 2473 1241 2527 Dominica:
1302 2474 1718 2529 lncarnatiouis
1772 2475 1946 2547 [uxvn
2004 2477 2128 2530 Kal.

432 2560 717 2633 Junuarii]
752 2561 1066 2630 imperator
1102 2578 1134 2614 a
1185 2561 1415 2629 Palitlii,
1448 2561 1546 2615 ubi
1576 2564 1883 2618 celebravit
1936 2564 2133 2618 Natale

438 2649 686 2716 Domini,
730 2649 946 2717 exiens,
979 2650 1036 2703 in
1068 2650 1276 2703 Alstidi
1317 2650 1694 2720 Epiphaniam
1758 2652 1987 2705 Domini
2037 2669 2131 2705 so-

434 2737 707 2791 Iernniter
735 2738 977 2807 peregit.
1012 2759 1041 2786 ››
1069 2738 1246 2791 Paulo
1277 2736 1516 2791 inferius
1543 2754 1557 2791 :
1593 2761 1621 2787 α
1645 2738 1841 2792 Nuntii
1880 2740 1950 2794 de
1972 2740 2130 2793 Italia

432 2824 545 2879 huc
566 2825 860 2879 venientes
883 2826 1308 2893 gradulabundi
1340 2826 1410 2879 ad
1457 2844 1558 2880 sua
1590 2827 1866 2894 redeunt;
1906 2847 1933 2878 ι)
1962 2827 2003 2881 ii
2026 2830 2132 2883 for-

431 2919 579 2968 tasse
635 2913 801 2985 quia
854 2914 1157 2968 Benedicto
1204 2916 1313 2969 PP.
1376 2915 1498 2968 VIII
1546 2914 1846 2970 attulerint
1887 2937 1915 2965 «
1974 2918 2131 2971 aurei

432 3003 690 3073 capitalis
743 3002 1085 3069 ornamenti,
1142 3002 1386 3056 invicem
1469 3003 1765 3072 gemmati,
1826 3024 1846 3051 ι
1911 3005 2128 3075 regina:

2255 652 2283 678 ι(
2316 631 2638 700 Imperator
2664 636 2856 683 autem
2882 629 3141 693 audiens,
3173 630 3547 684 contectalem
3578 645 3745 683 suam
3780 630 3954 680 levius

2250 718 2483 786 habere,
2541 724 2597 771 et
2661 724 2854 771 votum
2903 717 3103 772 fecisse
3152 719 3427 787 Domino,
3490 724 3681 785 grates
3734 716 3953 770 Christo

2250 806 2521 877 persolvit
2549 823 2616 860 ex
2647 807 2861 860 animo.
2893 828 2921 855 ››
2952 807 3130 861 Paulo
3152 806 3301 861 infra
3343 823 3356 861 :
3393 828 3422 857 ‹‹
3454 807 3644 861 Ctesar
3694 823 3834 859 vero
3890 805 3949 858 ad

2250 896 2533 949 orientem
2558 895 2815 957 tendens,
2848 895 3276 964 imperatricem
3311 895 3379 950 ad
3428 913 3488 949 se
3527 895 3590 949 in
3640 895 3792 961 loco,
3856 894 3952 963 qui

2248 984 2750 1039 Patherbruuuum
2807 982 3034 1048 dicitur,
3082 983 3276 1037 venire
3330 984 3517 1054 jubet.
3577 982 3717 1037 Inde
3783 984 3950 1035 ambo

2247 1070 2431 1141 usque
2452 1071 2521 1125 ad
2561 1071 2912 1139 Magdeburg
2942 1071 3199 1139 profecti.
3237 1090 3264 1122 ιο
3295 1072 3382 1125 Ad
3420 1072 3532 1125 alia
3564 1071 3781 1125 deinde
3836 1070 3952 1123 loca

2246 1158 2417 1212 simul
2442 1159 2684 1229 profecti
2710 1164 2859 1222 sunt,
2918 1147 3118 1220 donec,
3154 1182 3181 1208 ι(
3237 1175 3494 1227 regressa
3554 1159 3949 1230 imperatriee,

2244 1246 2582 1316 ueterisque
2603 1246 3019 1317 compluribus,
3050 1246 3193 1317 ipse,
3216 1270 3243 1296 ››
3289 1249 3622 1317 imperator,
3660 1270 3689 1296 (ι
3739 1253 3956 1300 turma—

2245 1332 2348 1385 tim
2396 1332 2706 1402 processit;
2742 1354 2769 1379 ››
2824 1348 3034 1402 nempe
3077 1348 3209 1386 cum
3253 1332 3479 1403 ingenti
3518 1332 3779 1386 exercitu
3843 1334 3949 1386 Bo-

2244 1420 2419 1474 leslao
2450 1419 2783 1482 imminens,
2816 1436 2989 1491 quem
3022 1426 3145 1475 toto
3175 1420 3294 1474 fere
3316 1422 3538 1491 reliquo
3585 1438 3741 1475 anno
3800 1421 3948 1475 inse-

2241 1514 2406 1562 cutus
2429 1513 2530 1562 est.
2571 1509 2699 1562 llaec
2726 1510 2900 1579 paulo
2931 1508 3164 1562 uberius
3221 1509 3463 1563 deducta
3509 1508 3600 1563 hic
3652 1510 3842 1563 voluit
3894 1515 3951 1562 ut

2241 1595 2602 1650 manifestius
2630 1602 2839 1666 pateat,
2866 1612 3040 1667 quam
3064 1613 3176 1650 non
3198 1597 3334 1650 satis
3376 1613 3629 1667 congrue
3659 1598 3733 1651 ad
3799 1597 3947 1651 hunc

2240 1701 2456 1738 annum
2493 1688 2625 1739 tOl7
2657 1686 3016 1738 referendam
3072 1685 3360 1738 censuerit
3411 1685 3772 1739 Holmanuus
3804 1686 3944 1738 cele-

2239 1772 2550 1826 herrimam
2610 1772 2771 1826 illam
2827 1774 2877 1826 8.
2930 1773 3300 1841 Cuuegundis
3348 1788 3451 1841 per
3497 1789 3761 1826 vomeres
3822 1790 3945 1826 cau-

2247 1859 2446 1914 dentes
2500 1860 2922 1929 probationem,
2973 1876 3102 1931 qua:
3158 1860 3321 1914 alteri
3371 1861 3578 1915 melius
3633 1862 3946 1915 convenire

2245 1948 2497 2019 potuisse
2566 1948 2805 2002 videtur.
2881 1949 3098 2002 Caetera
3171 1948 3297 2002 vide
3387 1950 3653 2020 superius
3738 1956 3799 2003 et
3876 1952 3943 2004 ad

2246 2052 2306 2090 ιιι
2338 2035 2544 2090 Martii.

2319 2127 2438 2178 139.
2502 2124 2569 2177 Ut
2624 2124 2849 2177 nullum
2897 2140 3115 2178 annum
3170 2123 3304 2178 vitae
3374 2141 3493 2178 suae
3538 2124 3947 2195 largitionibus

2245 2212 2463 2265 Caesare
2495 2211 2686 2281 dignis
2711 2228 2952 2265 vacuum
3000 2228 3122 2265 esse
3161 2213 3343 2266 voluit
3392 2213 3448 2267 S.
3512 2214 3820 2281 Henricus,
3873 2215 3943 2267 sic

2244 2306 2301 2353 et
2329 2298 2482 2353 hunc
2509 2300 2568 2353 in
2616 2316 2730 2370 quo
2782 2315 3078 2353 versamur
3125 2300 3410 2354 illustrem
3466 2300 3742 2369 reddidit,
3805 2305 3944 2354 teste

2245 2389 2500 2442 Ditmaro
2530 2403 2661 2458 pag.
2704 2390 2826 2441 3l6.
2890 2387 3069 2441 Verba
3114 2388 3238 2457 ejus
3273 2388 3449 2441 recito
3484 2404 3496 2441 :
3534 2409 3563 2436 ‹‹
3612 2387 3943 2458 Insequenti

2243 2475 2540 2530 Dominica
2605 2476 2717 2537 die,
2776 2474 2832 2529 id
2864 2481 2947 2529 est
3003 2492 3062 2529 ιιι
3113 2476 3302 2529 Nonas
3356 2475 3700 2530 Novembris
3760 2477 3956 2531 Cassar

2242 2564 2533 2635 quoddam
2562 2564 2861 2633 praedium,
2914 2563 3163 2633 Bogalici
3197 2570 3481 2632 vocatum,
3508 2564 3665 2634 quod
3710 2569 3841 2617 tum
3879 2552 3969 2617 ab‘

2243 2651 2519 2705 Hatholdo
2553 2652 2734 2705 milite
2794 2651 2901 2705 sibi
2960 2651 3169 2721 placito
3224 2651 3525 2721 acquisivit
3580 2652 3942 2716 concambio,

2241 2739 2625 2793 confratribus
2651 2740 2858 2792 nostris
2895 2738 2956 2792 in
3008 2739 3338 2809 Merseburg
3379 2738 3604 2792 Christo
3656 2740 3943 2793 famulan-

2240 2827 2395 2880 tibus
2426 2827 2602 2889 dedit,
2638 2833 2696 2880 et
2736 2828 2926 2880 locum
2956 2828 3266 2897 quemdam
3293 2827 3363 2880 ab
3408 2828 3653 2896 Hagero,
3684 2826 3942 2897 prmdicti

2240 2915 2482 2968 senioris
2513 2932 2809 2984 germano,
2841 2915 3039 2968 decem
3076 2916 3302 2968 talentis
3359 2916 3576 2985 argenti
3635 2932 3941 2986 compara-

2237 3008 2384 3071 tum,
2436 3004 2767 3057 eoruuidem
2846 3003 3186 3057 utilitatibus
3240 3003 3718 3064 accommodavit,
3796 3020 3942 3074 prae-

432 3092 867 3159 Saraceuorum,
905 3090 1101 3145 Romae
1132 3091 1317 3161 capite
1368 3091 1570 3160 plexw,
1612 3113 1634 3139 ι
1690 3098 1936 3162 partem,
1997 3110 2126 3163 quae
2159 3087 2199 3141 C
2237 3091 2533 3161 ceptisque
2583 3090 2795 3144 suimet
2872 3091 3092 3144 ﬁrmari
3143 3091 3439 3160 praecepit.
3497 3091 3634 3144 Tres
3711 3088 3969 3162 quoque‘

431 3178 589 3233 mille
618 3178 780 3232 libris
800 3180 1310 3248 computabuntur,
1343 3197 1369 3228 η
1402 3183 1463 3231 ut
1484 3180 1829 3247 praecedenti
1857 3196 1991 3250 pag.
2025 3182 2121 3236 411

430 3265 586 3319 idem
630 3267 916 3319 Ditmarus
945 3271 1386 3319 memoraverat.
1423 3286 1450 3315 α
1494 3267 1908 3323 Gratulabundi
1944 3291 1971 3318 n
2026 3286 2128 3324 au-

431 3359 547 3407 tem
578 3374 606 3403 α
663 3353 955 3407 redierent
999 3354 1270 3418 nuntii,»
1326 3354 1479 3423 quod
1533 3356 1817 3423 postulata
1859 3357 2129 3411 adversus

432 3442 743 3496 Saracenos
766 3446 823 3494 et
867 3441 1093 3496 Grazcos
1126 3441 1338 3494 auxilia
1394 3442 1708 3496 addixisset
1740 3444 1949 3510 Caesar,
1998 3460 2127 3515 qua:

431 3535 627 3583 tamen
656 3527 858 3599 quinto
888 3528 1121 3583 demum
1150 3533 1281 3598 post
1304 3545 1456 3582 anno
1486 3529 1841 3599 suppeditari
1869 3536 2125 3600 potuere.

433 3638 463 3666 ιι
486 3618 599 3671 lter
625 3617 992 3687 imperatoris
1023 3618 1093 3671 ad
1125 3616 1480 3671 occidentem
1509 3618 1872 3689 dispositum,
1902 3620 1977 3673 ob
2021 3620 2127 3674 via:

430 3704 799 3776 asperitatem
861 3710 947 3759 est
996 3705 1259 3760 dilatum.
1328 3706 1646 3775 Imperator
1694 3706 1803 3760 hoc
1844 3707 2001 3777 quod
2059 3725 2124 3761 ex

429 3800 592 3864 parte
621 3793 883 3848 Bolislavi
912 3800 1162 3864 rogatus,
1198 3794 1420 3861 laudat;
1490 3795 1823 3848 convenisse
1861 3795 1932 3848 ad
1993 3812 2126 3849 eum

430 3881 720 3951 principes
747 3898 901 3949 suos,
934 3887 990 3935 et
1017 3882 1065 3935 si
1095 3882 1232 3953 quid
1257 3881 1393 3935 boui
1442 3884 1611 3937 vellet
1667 3883 1777 3936 sibi
1829 3882 2123 3950 exhibere,

376 4031 382 4037 _
431 3986 560 4023 cum
592 3986 794 4023 eorum
852 3969 1095 4024 concilio
1151 3970 1399 4023 libenter
1435 3970 1763 4039 acciperet:
1814 3971 2127 4026 mittuntur

429 4057 673 4110 invicem
733 4056 957 4123 nuntii,
1017 4063 1075 4110 et
1133 4056 1378 4111 inducite
1430 4065 1745 4127 ponuntur.
1806 4079 1834 4107 ››
1890 4059 2124 4114 Interim

431 4167 460 4193 ι(
491 4146 807 4215 Imperator
833 4145 1299 4200 Pui‘iﬁcationem
1327 4153 1537 4199 sanctas
1571 4146 1670 4200 Dei
1701 4147 1997 4202 Genitricis
2028 4166 2127 4203 no-

427 4232 649 4286 hiscum
704 4233 971 4286 celebrat.
1018 4233 1275 4286 Posthaec
1324 4232 1575 4304 episcopi
1634 4239 1689 4288 et
1747 4235 1986 4290 comites
2049 4239 2122 4291 ob

2238 3179 2502 3233 ecclesias
2531 3179 2591 3232 in
2626 3179 2779 3249 Lipzi
2810 3185 2864 3231 et
2894 3179 2953 3232 in
2988 3179 3249 3247 Oiscinzi,
3280 3196 3345 3233 ac
3398 3179 3459 3232 in
3506 3180 3698 3233 Gusna
3728 3181 3944 3251 positas

2238 3266 2383 3321 mihi
2409 3267 2703 3320 concessit.
2728 3267 2795 3321 In
2822 3267 2930 3321 hoc
2967 3268 3191 3321 vernali
3216 3273 3476 3337 tempore
3509 3266 3664 3320 idem
3695 3284 3943 3322 aureum

2239 3356 2415 3409 altare
2446 3354 2518 3408 ad
2577 3355 2751 3409 decus
2800 3354 3049 3408 ecclesiae
3100 3354 3367 3408 fabricari
3407 3355 3662 3424 jusserat
3710 3362 3939 3418 nostrw.

2238 3444 2306 3496 ad
2335 3443 2485 3513 quod
2517 3460 2623 3512 ego
2651 3460 2714 3496 ex
2756 3443 2982 3513 antiqui
3029 3443 3225 3497 altaris
3282 3442 3464 3496 nostri
3520 3449 3760 3513 sumptu
3818 3444 3940 3497 auri

2235 3548 2333 3585 sex
2362 3531 2538 3585 libras
2570 3530 2720 3585 dedi.
2755 3553 2782 3579 υ
2817 3531 2976 3585 Circa
3033 3531 3295 3585 medium
3363 3531 3741 3586 Decembrem
3776 3532 3939 3586 Bam-

2233 3620 2470 3689 bergam
2513 3618 2767 3689 primum
2819 3620 3082 3689 pervenit
3133 3620 3477 3689 Imperator,
3535 3620 3634 3673 ubi
3693 3641 3724 3668 «
3790 3622 3938 3676 Ilen-

2234 3710 2438 3774 ricum,
2489 3708 2781 3778 quondam
2838 3707 3205 3761 Bavariorum
3245 3707 3473 3773 ducem,
3515 3713 3575 3761 et
3626 3711 3770 3763 tunc
3814 3716 3938 3763 octo

2234 3810 2419 3848 annos
2468 3799 2524 3848 et
2578 3811 2725 3864 pene
2780 3800 2866 3848 tot
2917 3810 3164 3860 menses,
3198 3810 3301 3847 sua
3351 3793 3680 3864 depositum
3744 3797 3967 3868 cplpa,

2235 3883 2490 3952 pristinis
2535 3882 2786 3937 restituit
2836 3881 3151 3936 honoribus
3224 3881 3317 3936 die
3372 3882 3697 3949 Dominica;
3746 3862 3803 3934 κ’
3831 3879 3958 3957 quo

2234 3976 2496 4041 tempore
2526 3987 2694 4024 nemo
2732 3970 2962 4037 dixerit,
3014 3970 3241 4024 Denrici
3296 3970 3460 4023 istius
3510 3986 3774 4026 sororem
3829 3972 3936 4027 Cu-

2232 4058 2549 4128 nigundem
2570 4058 2641 4113 ad
2672 4058 3072 4128 probationem
3117 4058 3307 4112 vocari
3352 4058 3626 4129 potuisse.
3674 4060 3749 4114 Ut
3807 4077 3934 4115 cum

2232 4146 2491 4201 Ditmaro
2520 4169 2548 4195 ι(
2573 4148 2996 4200 conclusionem
3024 4145 3163 4200 anni
3215 4146 3450 4213 faciam;
3477 4166 3504 4198 υ
3561 4147 3739 4201 verbo
3799 4149 3936 4219 adji-

2232 4235 2380 4288 ciam
2411 4236 2969 4289 conﬁrmationema
3027 4235 3233 4288 Sancto
3285 4234 3621 4288 monasterii
3680 4236 3934 4290 Kemua-

427 4326 825 4389 contemptum
867 4320 1153 4386 Bolislavi,
1188 4336 1245 4373 se
1285 4320 1551 4389 fallentis,
1610 4321 1800 4375 tristes
1858 4323 2119 4377 advenie—
2154 4332 2195 4385 ι)
2234 4323 2447 4387 densis,
2483 4322 2700 4393 praedia
2727 4321 2977 4377 ecclesia
3017 4321 3504 4376 Parderbornensi
3529 4322 3768 4390 donata,
3803 4326 3934 4380 alia-

426 4407 585 4473 bant,
636 4415 693 4462 et
744 4408 1107 4477 imperatoris
1152 4414 1409 4462 mentem
1465 4409 1678 4479 apertis
1735 4411 2121 4481 legationibus

422 4496 757 4550 incendunt.
793 4496 875 4550 lbi
902 4500 1037 4550 tunc
1057 4496 1126 4550 de
1156 4498 1349 4550 futura
1379 4497 1740 4567 expeditione
1761 4506 2055 4554 tractatur.
2091 4523 2118 4549 ››

425 4585 737 4639 Videautur
760 4585 996 4639 totailla
1029 4601 1160 4655 pag.
1190 4585 1295 4639 413
1325 4587 1490 4656 plura
1522 4585 1575 4639 8.
1632 4585 1858 4640 Henrici
1902 4586 1964 4640 in
2016 4604 2115 4641 va-

423 4672 538 4724 rias
572 4671 838 4725 ecclesias
890 4672 1190 4737 beneﬁcia,
1246 4687 1280 4725 a
1330 4672 1539 4742 quibus
1583 4673 1857 4727 nimirum
1896 4690 2116 4728 cessare

423 4776 539 4813 non
568 4766 819 4813 noverat.

493 4849 651 4901 138.‹‹
684 4847 907 4901 Palmas
938 4848 1054 4901 Rex
1078 4846 1330 4901 celebrat
1358 4848 1418 4901 in
1453 4848 1762 4917 Magontia,
1815 4854 1873 4903 et
1915 4849 1977 4903 in
2017 4851 2117 4904 ln-

419 4934 668 5004 gelheim
699 4935 933 4999 Pascha,
967 4939 1023 4987 et
1054 4935 1114 4988 in
1171 4934 1261 4988 his
1287 4936 1552 5005 partibus
1585 4936 1771 5007 magis
1796 4936 2114 4992 honoriﬁce

419 5039 485 5077 ac
513 5024 852 5093 potestative
910 5039 1209 5093 nunquam
1261 5024 1387 5078 fuit.
1449 5025 1515 5078 Et
1560 5026 1696 5095 quia
1753 5025 1827 5079 ob
1892 5032 2116 5081 tantam

417 5111 843 5165 solemnitatem
896 5112 1143 5165 maxima
1186 5111 1401 5166 ibidem
1456 5111 1611 5165 ﬁniri
1658 5128 1775 5166 non
1821 5118 2112 5184 poterant,

416 5198 489 5253 ad
513 5198 862 5269 Aquisgrani
892 5199 1130 5268 ponitur
1156 5204 1489 5263 conventus,
1523 5203 1579 5252 et
1613 5203 1752 5252 tunc
1801 5200 1920 5254 illic
1980 5218 2112 5255 cum

414 5286 654 5342 consilio
684 5287 968 5342 Heriberti
1001 5287 1442 5358 aschipresulis,
1480 5287 1874 5342 Tbiedericum
1899 5289 2112 5343 Meten-

413 5391 537 5430 sem
555 5376 891 5447 episcopum
911 5376 1289 5430 etBenricum
1315 5376 1550 5430 fratrem
1579 5376 1839 5445 placavit.
1891 5377 2112 5446 Regina

412 5468 605 5518 autem
645 5463 1037 5534 Cuneguudis,
1069 5480 1103 5517 a
1154 5463 1529 5518 Francoforde
1565 5481 1599 5519 a
1658 5465 1876 5520 Caesare
1923 5466 2110 5520 disce-

412 5551 575 5618 dens,
601 5568 731 5606 cum
758 5551 833 5606 ad
860 5552 1072 5617 locum,
1107 5552 1205 5622 qui
1246 5552 1566 5623 Capunguu
1616 5552 1847 5620 dicitur,
1897 5555 2106 5617 venire,

409 5638 761 5707 inﬁrmatur,
792 5645 851 5694 et
894 5639 978 5696 ibi
1001 5645 1137 5695 tunc
1167 5640 1411 5696 Domino
1453 5641 1723 5711 promisit
1770 5658 1830 5697 se
1869 5641 1939 5697 ad
1983 5644 2106 5697 lau-

2232 4426 2344 4480 que
2373 4410 2696 4465 istiusmodi
2755 4426 3005 4481 quorum
3055 4410 3439 4464 instrumenta
3466 4411 3696 4466 exhibet
3770 4414 3957 4469 Seba--

2233 4507 2400 4553 tenus
2437 4516 2469 4554 a
2498 4515 2630 4569 pag.
2663 4501 2788 4553 422.

2306 4588 2425 4641 140.
2496 4588 2581 4641 Ad
2666 4604 2885 4641 annum
2945 4590 3080 4641 t0l8
3136 4587 3460 4656 ingressum
3522 4588 3744 4658 praebet
3825 4591 3932 4644 Dit-

2229 4692 2423 4730 marus
2474 4676 2613 4729 dum
2669 4692 2802 4745 pag.
2862 4676 2967 4727 418
3020 4675 3099 4727 ait
3155 4675 3587 4744 Imperatorem,
3632 4684 3769 4745 post
3805 4678 3931 4732 bre-

2231 4764 2515 4817 vissimam
2575 4779 2821 4830 moram,
2863 4780 2890 4812 α
2937 4762 3007 4815 ab
3055 4763 3383 4833 Baveuberg
3414 4763 3830 4834 discedentem,
3863 4766 3929 4819 ad

2233 4851 2550 4921 Wirciburg
2580 4851 2788 4922 primo,
2839 4850 3089 4920 denique
3137 4850 3211 4903 ad
3263 4850 3627 4905 Francofordi
3679 4855 3928 4920 venisse,

2224 4939 2557 5011 ibidemque
2638 4938 2999 4992 nativitatem
3065 4937 3427 4992 Dominicam
3514 4939 3731 4992 festivis
3802 4958 3927 5012 per-

2225 5028 2409 5098 egisse
2430 5028 2676 5097 gaudiis.
2715 5049 2737 5074 ι
2793 5026 2929 5080 Inde
2970 5027 3042 5080 ad
3097 5026 3314 5080 librum
3361 5031 3625 5080 octavum
3684 5034 3743 5081 et
3801 5030 3961 5082 vitae.

2224 5131 2389 5185 eaque
2419 5132 2485 5168 ac
2523 5114 2786 5168 Chronici
2817 5114 2906 5167 sui
2932 5113 3206 5167 ultimum
3231 5114 3540 5175 transiens,
3572 5114 3805 5169 orditur
3872 5117 3928 5170 in

2224 5203 2377 5256 hunc
2407 5202 2643 5256 modum
2678 5217 2691 5255 :
2723 5220 2751 5251 α
2782 5204 2947 5255 Anno
2984 5201 3298 5255 Dominica!
3330 5201 3754 5255 Incarnationis
3788 5205 3926 5258 mil-

2220 5290 2424 5344 lesimo
2452 5307 2586 5356 χχιι,
2621 5289 2797 5343 Indic.
2843 5293 2929 5356 tt,
2956 5305 3107 5342 anno
3164 5295 3362 5343 autem
3410 5289 3643 5343 Domini
3693 5290 3925 5346 Henrici

2223 5380 2368 5449 Imp.
2401 5380 2548 5449 Aug.
2582 5395 2694 5445 xvi,
2738 5377 2971 5448 imperii
3007 5382 3202 5431 autem
3258 5393 3336 5443 vi,
3388 5377 3761 5432 Circumcisio
3814 5382 3923 5435 Do-

2221 5466 2436 5521 minica
2491 5472 2548 5520 et
2625 5465 2998 5535 Theophania
3073 5464 3135 5518 in
3204 5465 3480 5536 praedicta
3555 5465 3789 5521 civitate
3855 5469 3922 5522 ab

2221 5555 2423 5610 eodem
2452 5553 2860 5608 venerabiliter
2893 5553 3205 5622 colebatur,
3239 5559 3552 5624 posteaque
3601 5555 3772 5624 jussu
3819 5575 3921 5611 suo

2220 5647 2277 5697 et
2296 5640 2524 5696 assidua
2555 5641 2819 5696 Bolislavi
2857 5640 3019 5696 ducis
3074 5640 3515 5712 supplicatione,
3575 5640 3637 5696 in
3668 5644 3918 5714 quadam
3960 5636 3964 5649 ’
