3944 6468
71 398 124 450 8|
1717 399 1912 454 ACTA.

3490 403 3558 453 8‘2

73 515 228 581 urbe,
264 515 536 571 Budissin
569 517 742 587 dicta,
773 533 805 571 a
843 519 1061 574 Gerone
1096 523 1150 574 et
1201 520 1496 591 Arnulpho
1541 519 1755 590 episco-
1787 525 1832 574 A
1869 521 2073 577 Sancto
2123 522 2418 593 subjungit
2467 539 2479 576 :
2529 546 2547 570 ε
2607 523 2683 576 De
2748 525 3091 594 lmperatore
3149 528 3340 578 nostro
3415 525 3558 579 mihi

71 605 268 675 pis.....
331 621 449 675 pax
508 606 883 661 sacramentis
937 608 1160 662 ﬁrmata
1214 611 1298 662 est
1337 625 1395 662 ιιι
1481 609 1602 662 Kal.
1665 609 1760 662 l-‘e-

69 692 300 758 bruarii,
358 710 477 748 non
538 700 603 748 ut
663 694 875 764 decuit,
941 695 1037 749 sed
1083 700 1145 749 ut
1195 700 1330 748 tunc
1377 695 1501 748 ﬁeri
1554 697 1762 764 potuit,

68 779 370 851 electisque
459 781 756 835 obsidibus
844 781 1108 852 acceptis,
1183 781 1442 852 prtedicti
1515 782 1764 835 seniores

68 870 272 922 reversi
299 875 455 924 sunt.
522 891 548 920 ι)
587 869 923 940 Hujusmodi
972 869 1189 924 iteratae.
1236 870 1443 940 sazpius
1486 886 1615 923 cum
1655 871 1761 923 Bo-

70 958 234 1010 leslao
264 959 686 1012 transactiones
729 962 1080 1012 constantem
1121 974 1319 1028 pacem
1352 958 1593 1027 imperio
1648 974 1762 1010 non

69 1045 387 1110 reddidere,
450 1050 513 1100 ut
578 1047 929 1100 demonstrat
981 1045 1248 1116 deinceps
1289 1046 1570 1115 pluribus,
1633 1062 1760 1115 qua:

66 1134 172 1186 huc
205 1150 318 1186 non
362 1135 682 1204 pertinent,
743 1134 823 1186 uti
851 1150 951 1186 nec
1005 1134 1310 1202 gentilium
1359 1133 1760 1186 abominandae

64 1221 524 1290 superstitiones,
560 1223 631 1275 ad
665 1238 802 1292 quas
836 1240 863 1272 α
893 1221 1078 1276 Caesar
1102 1220 1350 1291 graviter
1383 1221 1694 1289 suspirasse
1727 1240 1754 1272 ι)

65 1309 269 1361 dicitur
313 1326 450 1379 pag.
505 1311 629 1376 420,
683 1325 795 1378 qua
866 1309 1096 1362 demum
1166 1328 1231 1361 ea
1287 1307 1579 1377 subjungit
1631 1325 1758 1378 qua:

69 1412 247 1466 nuper
277 1396 611 1466 attigimus.
653 1416 678 1446 α
709 1397 854 1462 Jam,
916 1395 1104 1467 inquit
1135 1396 1419 1450 Ditmarus
1475 1396 1756 1450 declinam

68 1483 131 1535 ab
162 1482 266 1548 bis,
311 1486 369 1535 et
420 1483 628 1552 loquar
673 1482 1036 1552 Imperatoris
1087 1482 1264 1534 nostri
1319 1482 1756 1552 prosperitatem

70 1587 246 1638 nuper
275 1569 384 1623 sibi
417 1574 698 1624 exortam.
733 1570 1057 1623 Avunculus
1103 1586 1350 1640 namque
1403 1585 1557 1634 suus,
1618 1572 1756 1624 Bur-

67 1658 422 1726 gundionum
476 1675 576 1712 rex
679 1658 1032 1727 Rudolphus,
1094 1674 1360 1711 coronam
1439 1661 1493 1710 et
1549 1658 1756 1711 suimet

69 1750 348 1814 sceptrum
381 1762 516 1799 cum
553 1762 724 1799 uxore
748 1762 849 1798 sua
876 1751 933 1798 et
965 1745 1241 1814 privignis
1269 1761 1332 1797 ac
1382 1744 1753 1814 optimatibus

69 1833 337 1885 universis
399 1833 512 1886 sibi
571 1833 863 1898 concessit,
939 1834 1354 1902 reiteraturque
1413 1831 1752 1884 sacramenti
1787 1853 1825 1905 Β

48 1908 442 1986 continuatio,
500 1927 804 1992 actumque
863 1925 946 1973 est
1000 1920 1141 1972 illud
1210 1919 1620 1990 Mogontiae.....
1701 1923 1755 1972 et

69 2024 167 2060 xvn
195 2008 308 2060 kal.
345 2008 562 2077 Aprilis
595 2024 801 2076 magna
831 2008 895 2061 ﬁt
944 2007 1004 2060 in
1057 2007 1375 2078 Nuimagen
1422 2006 1688 2076 synodus.
1725 2028 1751 2054 »

69 2097 254 2149 Cetera
285 2095 345 2148 in
379 2096 540 2149 fonte
567 2095 810 2165 legenda
839 2079 991 2148 sunt.

139 2186 245 2237 lit.
293 2183 376 2238 Ad
437 2183 615 2236 ﬁnem
648 2183 835 2252 operis
893 2198 1130 2252 vergens
1186 2182 1491 2247 Ditmarus,
1547 2181 1751 2251 gratis-

71 2271 263 2322 simum
311 2286 454 2340 erga
523 2271 804 2324 Caesarem
861 2269 1118 2323 animum
1151 2269 1344 2322 testari
1377 2286 1491 2322 non
1522 2268 1749 2333 desinit,

71 2374 183 2425 pag.
214 2358 315 2410 4'22
346 2357 604 2427 insignia
633 2357 744 2410 alia
777 2357 838 2410 in
869 2355 1163 2410 ecclesiam
1218 2372 1380 2409 suam
1423 2355 1629 2408 collata
1682 2355 1750 2407 ab

71 2461 128 2496 eo
182 2445 462 2499 beneﬁcia
547 2461 904 2498 enumerans.
995 2467 1015 2492 ‹
1068 2444 1305 2513 Oportet
1351 2449 1541 2496 autem
1593 2448 1750 2496 tuam

73 2534 199 2585 scire
241 2535 521 2604 pietatem
577 2533 728 2602 regis
787 2532 962 2585 nostri
999 2538 1054 2585 et
1108 2531 1472 2600 Imperatoris
1526 2530 1751 2584 Ilenrici

75 2622 474 2675 multiformem
561 2620 1017 2674 benevolentiam
1108 2620 1356 2672 ecclesia:
1441 2619 1749 2672 exhibitam

76 2718 283 2776 nostrae,
339 2711 409 2764 de
470 2723 584 2780 qua
637 2715 857 2779 partem
928 2709 1237 2778 quamdam
1285 2707 1543 2777 superius
1596 2723 1748 2759 com-

76 2798 358 2865 prehendi,
413 2799 692 2866 majorem
743 2813 876 2850 Vet‘o
933 2795 1067 2867 quia
1111 2795 1480 2848 indiscussam
1522 2793 1746 2862 reliqui,

78 2886 477 2940 nuncscribere
533 2884 969 2954 tibi‘optimnm
1025 2883 1173 2937 duxi.
1233 2883 1364 2936 Vide
1418 2887 1477 2935 ut
1525 2882 1750 2935 assidua

78 2974 454 3027 recordatione
515 2973 597 3026 tui
633 2972 707 3026 sit
753 2977 1069 3036 renovatur,
1118 2976 1173 3024 et
1221 2970 1552 3024 indeﬁciens
1599 2970 1748 3022 auxi-

79 3062 224 3114 liator
254 3060 461 3126 nostri,
493 3065 556 3114 ut
619 3059 971 3129 temporibus
1017 3059 1147 3118 illis,
1205 3059 1262 3112 in
1323 3058 1530 3127 quibus
1592 3058 1750 3110 deest

77 3165 184 3214 spes
255 3148 504 3212 miseris,
593 3151 649 3201 et
706 3147 956 3201 ecclesite
1031 3144 1594 3214 Merseburgensi.....

78 3236 193 3304 quia
248 3243 477 3306 tempus
541 3251 653 3288 non
711 3239 795 3287 est
878 3234 1244 3304 singulariter
1305 3248 1570 3286 enarrare
1619 3248 1748 3300 quae

83 3324 353 3394 przeceptis
384 3323 648 3394 ejusdem
693 3323 1027 3376 conﬁrmata
1091 3322 1300 3390 poteris
1358 3321 1568 3388 videre,
1631 3320 1750 3372 hinc

81 3412 180 3463 sola
207 3413 434 3482 assigno
472 3427 625 3480 quae,
689 3410 1017 3463 auctoritate
1049 3409 1320 3472 carentia,
1377 3409 1747 3477 iinposterum

81 3499 291 3554 forsitan
341 3501 604 3570 peritura
652 3500 827 3552 timeo
919 3500 1198 3567 :,Sancta3
1275 3497 1749 3550 victoriosissimae

83 3587 242 3640 crucis
306 3593 534 3658 partem
602 3604 729 3640 cum
799 3586 1002 3640 ceteris
1074 3585 1404 3639 Sanctorum
1470 3585 1746 3653 reliquiis,

84 3678 306 3728 etaltare
357 3692 627 3736 aureum,
674 3673 916 3744 gemmis
959 3673 1272 3727 honoriﬁce
1320 3672 1665 3730 distinctum,
1696 3678 1751 3725 et

86 3761 306 3825 pixidem
360 3779 601 3816 auream
653 3761 938 3830 lapidibus
980 3761 1242 3830 pretiosis
1296 3765 1577 3821 ornatam,
1637 3760 1747 3811 col-

84 3850 468 3921 lectariumque
497 3866 630 3902 cum
685 3849 960 3919 impensis
1007 3849 1271 3918 propriis,
1332 3853 1387 3900 et
1416 3847 1587 3899 etiam
1640 3864 1749 3899 no-

84 3938 191 3990 stris
218 3939 550 3992 decoratum
583 3953 712 3990 cum
747 3938 970 3991 duobus
999 3936 1306 3990 thuribulis
1365 3952 1427 3988 ac
1479 3939 1748 4005 argenteo

85 4023 301 4089 bicareo,
336 4028 499 4096 larga
548 4042 722 4079 manu
747 4027 933 4079 Caesar
970 4032 1180 4078 nostra:
1205 4023 1362 4077 dedit
1408 4022 1742 4075 ecclesiam...

86 4111 170 4164 Sed
207 4114 334 4182 quia
366 4115 435 4167 de
491 4113 770 4167 melliﬁua
803 4113 1060 4182 ejusdem
1118 4111 1326 4181 pietate
1384 4109 1516 4161 satis
1564 4108 1748 4162 dicere

88 4215 422 4270 nequaquam
507 4199 752 4263 sufficio,
807 4201 876 4253 de
920 4216 1024 4252 sua
1102 4196 1548 4263 conversatione,
1607 4196 1751 4248 sicut

90 4289 348 4355 proposui,
384 4288 702 4342 ordinatim
757 4287 1038 4356 explicare
1094 4285 1401 4339 studiosius
1457 4283 1684 4337 anhelo.
1723 4304 1743 4329 ι

87 4374 200 4435 Quae
257 4377 476 4430 utinam
558 4377 629 4429 ab
696 4375 819 4444 ipso
895 4373 1163 4444 explicari
1245 4371 1578 4441 potuissent,
1650 4371 1818 4448 quin

90 4463 236 4516 linem
278 4465 404 4518 vine.
458 4482 528 4518 eo
585 4480 734 4516 anno
815 4463 948 4516 fecit
1007 4479 1019 4515 :
1080 4461 1184 4515 sub
1241 4459 1475 4524 exitum,
1526 4459 1748 4529 Opinor,

94 4565 201 4602 nam
247 4554 392 4605 ultra
485 4551 883 4621 Septembrem
961 4548 1287 4604 Chronicon
1360 4563 1529 4600 suum
1619 4562 1748 4617 per-

91 4637 238 4691 duxit.

153 4727 254 4780 142.
291 4727 357 4782 Ut
404 4727 652 4797 reliqua,
686 4725 752 4779 ad
806 4725 956 4778 hunc
992 4739 1204 4778 annum
1264 4722 1579 4793 spectantia
1618 4739 1752 4793 pau-

95 4808 157 4861 cis
177 4812 485 4875 decurram,
545 4828 681 4883 pag.
738 4813 840 4866 423
902 4811 1002 4880 ait,
1053 4831 1081 4861 α
1134 4811 1562 4880 Imperatorem,
1626 4814 1754 4879 post

97 4895 291 4968 longam
336 4899 820 4954 inhabitationem
876 4897 936 4952 in
997 4899 1350 4967 Neumagen,
1385 4916 1411 4946 (ι
1458 4895 1553 4950 ubi
1609 4912 1752 4948 nou-

98 4985 226 5038 nulla
251 4990 518 5056 praeclare
573 4991 786 5040 statuta
809 4991 960 5052 sunt,
996 5005 1022 5036 ιι
1056 4984 1509 5050 descendentem,
1561 4984 1754 5037 solen-

98 5086 177 5124 ues
217 5075 594 5146 Rogationum
660 5075 780 5128 dies
825 5074 886 5128 in
938 5073 1283 5144 Aquisgrani
1326 5072 1573 5125 studiose
1616 5073 1754 5124 cele-

101 5157 368 5218 brasse.....
430 5167 812 5218 Pentecosten
863 5162 919 5215 in
979 5162 1314 5230 Ingelheim,
1374 5179 1399 5209 »
1432 5160 1585 5212 unde
1634 5180 1660 5205 ‹‹
1695 5157 1754 5210 in

103 5244 451 5318 Burgundiam
481 5251 842 5322 properavit;
880 5269 904 5299 ι
940 5249 1276 5318 lmperatrix
1309 5263 1462 5314 vero,
1493 5246 1755 5299 ordinata

105 5333 146 5385 in
185 5338 435 5409 Capunga
482 5339 604 5392 vita
656 5337 991 5404 monastica,
1045 5338 1280 5390 fratrem
1329 5350 1492 5387 suum
1551 5333 1755 5386 ducem

108 5420 387 5492 llenricum,
417 5427 488 5481 de
544 5442 665 5496 quo
738 5441 908 5494 supra
955 5441 1069 5478 non
1113 5424 1308 5486 semel,
1339 5442 1365 5472 ››
1433 5420 1754 5491 Ratispome

109 5506 484 5569 inthronizavit.
535 5536 564 5562 ››
622 5512 888 5568 Pluribus
967 5511 1102 5566 hinc
1166 5509 1528 5575 intermixtis,
1583 5508 1753 5561 etiam

110 5594 161 5647 iis
185 5614 295 5668 qua:
338 5619 370 5656 a
428 5603 695 5657 Boleslao
752 5603 972 5670 patrata
1020 5602 1173 5665 sunt,
1230 5599 1352 5652 haec
1401 5598 1630 5650 demum
1687 5595 1756 5649 de

1687 3129 1817 3197 EtC

1875 627 2027 664 nunc
2081 627 2265 664 sermo
2322 610 2560 677 oriatur,
2609 611 2709 680 qui
2803 611 2872 665 de
2933 611 3116 665 invisa
3196 612 3553 681 expeditione

1876 699 2098 768 (opinor
2149 700 2524 769 Burgundica)
2559 715 2834 764 reversus,
2867 699 2944 752 nil
2969 699 3037 752 de
3088 699 3380 770 promissis
3430 715 3552 769 per-

1873 789 2038 856 cepit.
2077 788 2169 840 sed
2223 805 2424 856 parum
2466 787 2574 840 sibi
2631 787 3004 841 renitentibus
3050 787 3264 840 nocuit.
3325 810 3351 835 ››
3401 789 3551 842 Habe

1873 875 2042 929 verba
2077 875 2275 927 ultima
2309 891 2320 927 :
2361 896 2380 922 ο
2421 876 2738 944 Imperator
2768 881 2959 927 noster
3018 891 3147 927 cum
3203 877 3271 928 de
3315 875 3402 929 his
3434 891 3553 929 om-

1874 963 2060 1025 nibus,
2095 979 2210 1016 non
2269 963 2514 1015 multum
2584 961 2923 1028 faventibus,
2969 964 3289 1016 efﬁceretur
3343 968 3548 1026 certus,

1871 1066 2048 1103 unum
2105 1051 2163 1103 in
2222 1051 2426 1104 Suevia
2465 1050 2695 1118 regione
2736 1051 3084 1121 colloquium
3141 1051 3209 1104 de
3258 1051 3551 1120 republica

1870 1137 2089 1202 habuit,
2141 1143 2198 1190 et
2248 1153 2376 1191 mox
2427 1154 2528 1206 per
2569 1138 2834 1190 Rhenum
2893 1138 3164 1191 sollicitus
3243 1138 3546 1192 descendit.

1871 1226 2126 1295 Namque
2157 1230 2551 1294 cooperatores
2575 1226 2698 1295 ejus
2746 1230 2798 1278 et
2837 1225 2998 1293 regni
3025 1227 3234 1279 suimet
3274 1227 3553 1278 columnae

1868 1313 2117 1366 maxima
2145 1317 2324 1382 parte,
2374 1313 2518 1382 proh
2574 1312 2758 1377 dolor,
2800 1314 3070 1377 cecidere,
3132 1314 3352 1383 sibique
3384 1330 3551 1383 grave

1867 1401 2090 1470 pondus
2142 1401 2446 1465 occultum,
2528 1399 2660 1453 ﬁdei
2725 1400 3081 1454 simulatores
3167 1401 3400 1454 occultis
3455 1417 3552 1454 re—

1865 1487 2063 1540 sistere
2116 1486 2334 1540 insidiis
2394 1501 2496 1555 per
2574 1490 2867 1538 extraneos
2947 1487 3228 1552 nituntur,
3304 1494 3368 1540 ut
3435 1504 3550 1540 non

1847 1574 2030 1628 'liceat
2084 1574 2134 1626 ei
2189 1573 2450 1627 libertate
2493 1573 2828 1643 congruenti
2876 1573 3182 1644 imperare,
3237 1591 3550 1644 eorumque

1864 1662 2134 1729 injustam
2165 1663 2543 1715 temeritatem
2576 1661 2632 1713 in
2665 1661 2858 1731 aliquo
2884 1661 3190 1715 minorare.
3240 1682 3259 1708 ο
3290 1665 3472 1731 Atque
3503 1662 3546 1714 is

1865 1749 2127 1802 Chronici
2159 1749 2287 1802 linis
2318 1755 2418 1814 est,
2475 1765 2588 1818 quo
2647 1755 2704 1801 et
2749 1749 2892 1801 hanc
2917 1749 3056 1802 Vitae
3091 1749 3145 1804 S.
3202 1748 3426 1804 Ilenriei
3457 1765 3549 1818 pe-

1866 1837 2087 1890 riodum
2142 1837 2557 1899 concludimus,
2626 1836 2760 1889 alibi
2801 1837 3096 1906 quresituri
3127 1853 3255 1907 quae
3284 1837 3354 1890 ad
3407 1837 3544 1890 reli-

1863 1942 2007 1995 quos
2037 1925 2163 1978 vitae
2195 1941 2377 1976 annos
2403 1924 2748 1977 ordinandos
2797 1925 3116 1978 conducent
3171 1941 3184 1976 ε
3243 1925 3301 1977 in
3352 1941 3464 1994 quo
3491 1923 3547 1976 id

1864 2013 2166 2066 molestum
2200 2012 2443 2065 maxime
2495 2013 2644 2082 quod
2691 2013 3169 2082 Chronographus
3207 2013 3350 2066 Saxo
3405 2011 3547 2066 duos

1860 2101 1952 2154 hic
1984 2117 2162 2153 annos
2187 2101 2245 2152 in
2274 2116 2451 2152 unum
2491 2100 2764 2153 conti-asse
2797 2099 3086 2165 videatur;
3117 2100 3266 2154 unde
3298 2098 3546 2153 turbatio

1863 2189 1934 2243 de
1993 2205 2104 2258 qua
2155 2187 2408 2258 proxime
2453 2187 2738 2256 agendum
2791 2187 2915 2241 erit.
2991 2187 3074 2240 Ad
3123 2185 3544 2240 indeticientem

1859 2277 2046 2329 Sancti
2074 2276 2476 2330 liberalitatem
2514 2275 2804 2344 pertinent
2850 2274 3061 2328 tabulae
3117 2274 3268 2344 apud
3315 2274 3543 2328 Schate-

1862 2379 1999 2415 num
2034 2379 2063 2414 a
2097 2379 2222 2431 pag.
2259 2362 2379 2414 438.

1857 2469 2048 2538 §XIV.
2101 2468 2388 2534 Reliquum
2435 2470 2556 2519 vita:
2613 2467 2668 2519 S.
2728 2467 2949 2538 ῌςιινξξρέ
2986 2480 3154 2532 usque
3209 2464 3283 2518 ad
3332 2465 3543 2529 felicem

2453 2538 2657 2588 exitum
2695 2537 2876 2590 ΜΧΧΙ
2887 2537 2945 2589 V.

1933 2626 2046 2678 H3.
2072 2623 2375 2678 Deﬁciente
2404 2623 2495 2676 hic
2509 2638 2740 2692 prorsus
2766 2622 3036 2684 Ditmaro,
3071 2620 3346 2674 steriliora
3377 2626 3549 2675 erunt

1857 2729 1984 2781 quze
2013 2711 2082 2764 de
2137 2711 2338 2764 ultima
2397 2711 2524 2762 vitae
2558 2711 2610 2764 S.
2678 2709 2900 2762 Henrici
2971 2710 3234 2778 periocha
3291 2709 3544 2762 ordinari

1857 2803 2165 2868 poterunt;
2214 2799 2386 2867 idque
2430 2797 2740 2851 dolendum
2796 2797 3100 2867 imprimis,
3183 2798 3542 2867 Chronogra-

1858 2887 2036 2954 phum
2080 2885 2358 2938 Saxouem
2391 2885 2494 2936 sub
2529 2884 2717 2953 ipsum
2777 2884 3124 2953 principium
3165 2889 3282 2936 toto
3317 2900 3466 2936 anno
3510 2900 3542 2936 a

1857 2989 1987 3025 vera
2017 2971 2384 3041 ehronologia
2417 2972 2736 3034 deﬂectere,
2768 2972 2904 3024 dum
2954 2987 3019 3023 ea
3075 2986 3204 3039 qua:
3258 2971 3544 3023 Ditmarus

1858 3064 2005 3112 recte
2039 3065 2094 3112 et
2144 3065 2296 3112 eerto
2347 3074 2496 3110 anno
2561 3059 2693 3110 1018
2753 3056 3130 3126 consignavit,
3169 3056 3288 3125 ipse
3336 3057 3405 3108 ad
3462 3073 3543 3109 se-

1860 3152 2129 3216 quentem
2159 3150 2287 3199 1019
2327 3161 2626 3215 perperam
2683 3145 2928 3211 reduxit,
2975 3151 3035 3196 ut
3111 3161 3174 3197 ex
3225 3145 3422 3213 primis
3480 3149 3534 3196 et

1863 3233 2078 3287 ultimis
2131 3234 2254 3300 ejus
2308 3231 2488 3286 verbis
2541 3233 2661 3302 jam
2712 3233 2840 3285 faxo
2898 3232 3205 3299 intelligas.
3256 3253 3281 3280 α
3331 3233 3534 3293 Caesar,

1857 3322 2127 3392 iuquit,a
2163 3321 2488 3390 Bavenberg
2541 3332 2804 3390 pergens,
2858 3335 2961 3389 per
3019 3320 3333 3388 Wirciburg
3388 3320 3540 3374 venit

1861 3409 2352 3474 Franckenvorde,
2411 3408 2508 3461 ubi
2568 3409 2823 3460 Natalem
2894 3406 3119 3460 Domini
3167 3408 3322 3476 regio
3377 3424 3533 3460 more

1857 3498 2094 3567 peregit.
2161 3517 2186 3546 ι)
2239 3497 2316 3549 Ita
2367 3496 2462 3548 ille
2507 3511 2790 3558 exerrans,
2861 3511 2992 3548 nam
3041 3495 3537 3549 Circumcisionem

1857 3587 2025 3636 etiam
2062 3583 2282 3636 Domini
2323 3588 2378 3636 et
2401 3583 2810 3652 Teophaniam,
2868 3599 2981 3635 non
3045 3599 3195 3635 anno
3250 3587 3380 3637 lOl9
3443 3583 3539 3636 sed

1867 3677 1990 3726 1017
2037 3670 2387 3726 Francofurti
2436 3672 2748 3723 celebrasse
2781 3675 3035 3722 sanctum
3106 3671 3536 3737 Imperatorem,

1857 3777 1921 3812 ex
1981 3761 2178 3812 ordine
2240 3764 2294 3811 et
2350 3759 2502 3810 fluxu
2564 3773 2754 3810 rerum
2843 3761 3013 3825 atque
3097 3757 3540 3825 expressissimis

1861 3845 2098 3899 Ditmari
2149 3844 2409 3898 terminis
2457 3843 2815 3912 paragrapho
2880 3841 3220 3911 praecedenti
3283 3843 3535 3895 ostendi-

1859 3950 2012 3998 mus;
2045 3940 2099 3986 et
2152 3949 2368 3999 rursus,
2429 3948 2580 4000 sirpe
2631 3931 2924 3983 laudatum
2982 3930 3300 3983 Ditmarum
3357 3935 3414 3984 et
3462 3931 3538 3984 vi-

1856 4021 2024 4075 vendi
2050 4029 2103 4075 et
2132 4019 2413 4073 scribendi
2444 4019 2617 4072 ﬁnem
2648 4017 2862 4083 fecisse,
2923 4023 2985 4070 ut
3015 4017 3163 4088 apud
3238 4019 3539 4088 scriptores

1859 4109 2070 4178 passim
2113 4124 2308 4162 omnes
2340 4107 2397 4160 in
2452 4107 2707 4160 confesso
2757 4111 2862 4168 est,
2919 4106 3115 4158 eontra
3159 4121 3330 4174 quam
3389 4106 3538 4159 idem

1857 4197 2333 4266 Chronographus
2360 4195 2522 4259 Saxo,
2582 4194 2652 4247 ad
2711 4193 2924 4247 dictum
2965 4193 3074 4263 ipsi
3128 4209 3341 4246 annum
3406 4196 3538 4248 1019

1857 4286 1917 4338 in
1955 4285 2068 4338 ﬁne
2098 4283 2302 4337 subdat
2339 4301 2366 4333 α
2427 4283 2540 4335 Ριω
2591 4281 2883 4334 memoriae
2915 4281 3275 4334 Thietmarus
3330 4281 3541 4352 episco-

1860 4389 1966 4444 pus
1988 4370 2463 4440 Merseburgensis
2491 4369 2757 4439 migravit
2779 4369 2847 4422 ad
2873 4368 3181 4423 Christum.
3221 4388 3247 4419 ι)
3271 4371 3342 4422 At
3385 4369 3539 4422 enim

1859 4477 1950 4514 res
2005 4463 2123 4513 tota
2169 4460 2322 4512 salva
2375 4457 2646 4528 persistit,
2706 4456 2754 4508 si
2803 4456 2924 4509 sola
2980 4457 3076 4509 ﬁat
3141 4457 3538 4510 transmutatio

1861 4563 2163 4613 annorum,
2229 4547 2373 4600 forte
2423 4543 2862 4597 amanuensinm
2917 4543 3172 4597 socordia
3231 4559 3531 4613 perperam

1860 4635 2234 4704 signatorum,
2258 4632 2410 4702 quod
2459 4648 2522 4685 ex
2552 4632 2785 4684 confuso
2815 4631 3158 4698 praecedenti
3191 4646 3426 4696 canone,
3471 4633 3541 4686 de

1860 4739 1974 4793 quo
2014 4721 2269 4791 proxime
2298 4719 2684 4781 meminimus,
2724 4717 3059 4786 proﬂuxisse
3099 4718 3538 4774 existimandum

1860 4813 1961 4864 est.

1937 4898 2052 4950 144.
2084 4897 2185 4950 Ast
2217 4894 2297 4948 ibi
2348 4909 2508 4946 error
2555 4909 2670 4946 non
2718 4892 2883 4960 sistit,
2930 4893 3129 4947 eodem
3184 4894 3340 4949 enim
3371 4912 3541 4966 passu

1860 4983 2240 5054 procedendo,
2275 4998 2402 5053 quae
2435 4982 2506 5036 ad
2552 4997 2745 5034 verum
2803 4996 3017 5034 annum
3071 4983 3206 5037 1019
3261 4989 3542 5053 spectant,

1861 5073 1966 5126 sub
2022 5071 2312 5142 sequentis
2368 5069 2502 5123 anni
2556 5071 2688 5122 l020
2721 5069 2885 5122 titulo
2933 5069 3203 5123 collocata
3240 5076 3389 5137 sunt,
3423 5071 3541 5140 ipse

1866 5160 2138 5213 nimirum
2192 5157 2478 5212 Benedicti
2529 5157 2637 5210 PP.
2690 5157 2804 5210 VIII
2863 5157 3232 5226 Bambergam
3260 5159 3328 5210 ad
3363 5158 3540 5211 Caesa-

1861 5264 1983 5302 rem
2035 5247 2330 5312 adventus,
2365 5261 2535 5315 quem
2587 5244 2898 5297 certissime
2928 5249 3146 5298 constat
3200 5261 3349 5298 anno
3409 5248 3540 5299 1019

1862 5335 2188 5404 contigisse,
2221 5337 2284 5386 ut
2328 5333 2541 5386 habent
2591 5331 2840 5385 Annales
2873 5331 3342 5399 Hildesemenses,
3374 5332 3542 5385 breve

1863 5420 2182 5476 Chronicon
2258 5419 2728 5487 Wircibnrgense,
2789 5420 3142 5472 Hermannus
3209 5417 3542 5470 Contractus

1867 5507 2195 5562 Lambertus
2275 5505 2837 5574 Schafnaburgensis.
2953 5503 3234 5558 Marianus
3323 5503 3540 5568 Scotus,

1868 5594 1988 5648 'v'ita
2017 5595 2071 5648 S.
2108 5591 2502 5647 Meinwerciin
2532 5593 2684 5645 Actis
2734 5608 2762 5642 v
2805 5589 2958 5645 Junii
3009 5605 3141 5659 pag.
3198 5592 3323 5657 538,
3382 5607 3539 5644 num.
