3976 6440
415 420 480 471 83
1721 417 1776 472 S.
1827 417 2110 473 HENIIICI
2153 416 2622 472 IMPERATORIS
3874 417 3928 470 8i

415 544 505 608 82,
557 545 612 596 et
657 546 878 619 veteres
925 540 1137 612 passim
1190 556 1320 595 cum
1376 542 1718 608 Hofmanno,
1773 559 1916 612 quos
1955 546 2108 596 recte
2139 545 2183 596 A
2222 541 2485 596 meminit
2549 547 2746 595 auctor
2827 540 2967 595 Vitae
3052 540 3240 612 primo
3315 540 3438 595 loco
3517 540 3716 595 datus.

411 634 643 696 secutus
670 635 754 684 est
817 630 1118 695 Baronius,
1180 634 1378 684 contra
1422 630 1802 700 Sigebertum,
1892 630 2114 684 Alberi-

416 733 547 770 cum
574 723 632 771 et
671 716 971 787 pauciores
1023 716 1184 778 alios,
1234 718 1571 788 sequacibus
1625 723 1819 772 tamen
1851 718 1968 772 suis
2001 735 2114 771 non

413 813 690 860 carentes.
748 805 986 859 Interim
1041 821 1170 876 quin
1235 811 1367 859 ante
1419 806 1894 877 augustissimum
1986 824 2116 860 con-

417 910 676 963 gressum
738 910 772 948 a
829 895 1048 949 Caesare
1118 910 1186 948 eo
1237 910 1388 948 anno
1438 900 1596 965 gesta
1656 901 1789 949 sunt
1851 896 2119 949 adversus

421 983 778 1037 Bel-nardum
870 982 1128 1037 Saxoniae
1227 983 1432 1037 ducem
1513 983 1750 1052 exponit
1832 983 2116 1038 Shatonus

421 1077 610 1125 noster
659 1087 724 1124 ex
783 1071 909 1125 Vita
959 1071 1012 1125 S.
1073 1070 1406 1136 Meinwerci,
1471 1087 1592 1141 cap.
1658 1075 1740 1137 11,
1802 1088 1960 1126 num.
2026 1077 2115 1138 8t,

421 1159 523 1213 ubi
543 1159 732 1214 denuo
764 1159 880 1213 imo
911 1175 1014 1230 per
1043 1164 1220 1213 tutam
1277 1176 1406 1214 eam
1470 1161 1794 1230 Legendam
1829 1161 2119 1214 observari

420 1251 606 1318 potest
676 1247 1125 1317 propensissima
1208 1247 1593 1318 Imperatricis
1672 1247 1736 1301 in
1819 1249 2118 1302 ecclesiam

422 1336 950 1390 Paderbornensem
1015 1335 1411 1399 beneﬁcentia,
1469 1355 1502 1389 a
1576 1336 1806 1390 laudato
1844 1338 2121 1390 Schateno

423 1439 488 1477 ex
549 1422 957 1492 diplomatibus
1000 1429 1468 1478 commonstrata.
1499 1423 1762 1477 Ceterum
1812 1430 1970 1478 extra
1997 1441 2125 1478 cou-

423 1511 762 1565 troversiam
797 1511 1088 1580 ponimus,
1121 1513 1333 1582 Papam
1392 1511 1762 1565 Benedictum
1796 1513 2126 1583 Rambergaz

427 1616 459 1653 a
493 1599 554 1653 S.
622 1599 862 1653 Henrico
896 1604 1192 1670 exceptum
1233 1616 1386 1653 anno
1443 1617 1594 1670 saepe
1627 1600 1778 1654 dicto
1815 1603 1973 1667 1019,
2025 1618 2124 1655 cu-

423 1688 518 1757 jus
546 1687 871 1758 ingressum
904 1692 958 1740 et
1015 1687 1327 1742 solenniter
1358 1694 1482 1742 acta
1546 1687 1814 1741 describit
1866 1687 2129 1757 Legenda

428 1793 554 1846 cap.
609 1779 699 1842 23,
741 1776 1144 1847 cbronologice
1173 1776 1384 1831 iterum
1433 1775 1651 1841 infelix,
1680 1777 1830 1846 quod
1867 1776 2126 1828 ultimam

429 1863 621 1920 Sancti
676 1865 735 1918 in
803 1865 1024 1919 Italiam
1077 1865 1473 1918 excursionem
1517 1864 1788 1917 adventui
1840 1863 2128 1916 Benedicti

434 1954 538 2008 PP.
594 1951 654 2005 in
715 1951 1081 2006 Germaniam
1131 1951 1469 2022 praemittat,
1545 1967 1676 2004 cum
1744 1955 1861 2004 toto
1951 1951 2133 2004 ferme

431 2040 681 2094 triennio
733 2040 1108 2109 praecesserit,
1156 2045 1218 2093 ut
1265 2056 1331 2093 ex
1401 2039 1774 2109 sequentibus
1837 2038 2134 2092 manifeste

432 2128 670 2198 patebit.
721 2127 860 2192 Quae
925 2133 1120 2182 autem
1177 2127 1238 2181 in
1308 2144 1376 2182 ea
1430 2128 1555 2181 Vita
1610 2130 2001 2181 memorantur
2046 2127 2135 2180 hic

435 2215 652 2270 anubis
673 2215 1044 2270 describenda
1096 2232 1212 2269 non
1265 2219 1428 2281 sunt;
1492 2217 1772 2270 nonnulla
1836 2215 1969 2269 hinc
2005 2214 2135 2268 inde

436 2303 586 2373 apud
624 2303 1010 2358 Hofmannum
1044 2304 1147 2356 col.
1169 2304 1236 2356 54
1267 2303 1546 2373 explicata
1573 2303 1848 2357 invenies.

511 2392 627 2446 145.
671 2392 761 2447 Sic
806 2390 1001 2462 paucis
1032 2391 1514 2461 Chronographus
1545 2393 1687 2446 Saxo
1723 2408 1735 2445 :
1778 2413 1797 2440 ι
1857 2389 2134 2444 Dominus

439 2482 590 2550 Papa
649 2479 988 2534 Benedictus
1030 2496 1161 2533 cum
1227 2479 1468 2534 Henrico
1517 2481 1870 2550 lmperatore
1913 2494 2133 2533 casnam

441 2566 820 2633 Dominicam,
862 2567 1167 2638 ipsumque
1226 2568 1496 2622 Paschale
1549 2568 1758 2622 festum
1813 2567 1874 2620 in
1927 2568 2135 2620 Baven-

438 2655 580 2726 berg
651 2656 877 2710 decenti
926 2656 1105 2709 fertur
1167 2656 1475 2710 excoluisse
1536 2656 1874 2722 ministerio,
1939 2655 2135 2725 ibique

443 2744 810 2814 Imperatoris
859 2761 924 2798 ac
953 2744 1278 2814 principum
1311 2744 1503 2798 debito
1551 2743 1958 2814 obsequiorum
1991 2743 2130 2808 ritu,

440 2829 756 2884 honoriﬁce
810 2847 875 2884 ac
933 2830 1238 2900 multiplici
1272 2846 1444 2900 opum
1502 2829 1668 2900 copia
1716 2830 1979 2892 donatus,
2039 2830 2134 2882 do-

440 2919 657 2973 minam
705 2919 904 2972 mundi
953 2919 1194 2973 Romam
1247 2919 1500 2988 locuples
1540 2935 1604 2971 ac
1635 2935 1826 2988 sospes
1855 2918 2070 2970 revisit.
2107 2938 2132 2963 ››

442 3008 728 3071 Quamdiu
766 3007 1098 3077 Bambergae
1145 3009 1530 3060 commoratus
1586 3006 1677 3069 sit,
1720 3013 1819 3060 aut
1840 3023 1955 3076 quo
1997 3022 2137 3076 pra:-

3797 541 3928 594 Rem

2225 629 2496 699 adoptare
2565 629 2791 684 videtur
2866 629 3227 684 Mabillonius
3307 645 3441 700 pag.
3532 632 3658 694 301,
3721 629 3825 682 ubi
3870 646 3928 682 ex

2226 718 2396 772 citata
2426 717 2676 788 epitome
2730 718 3024 772 inducitur
3062 719 3124 773 S.
3173 718 3472 784 IIenricus,
3503 722 3789 789 tanquam
3839 718 3928 788 qui

2228 806 2643 860 monasterium
2675 807 2966 875 ingressus
2995 807 3148 860 hunc
3207 807 3521 861 Psalmista:
3581 806 3928 860 versiculum

2229 895 2532 966 protulerit
2566 912 2577 948 :
2636 915 2662 946 (ι
2721 897 2844 948 Ητιιο
2903 894 3131 966 requies
3165 911 3292 949 mea
3323 895 3378 948 in
3408 895 3682 948 saeculum
3717 895 3928 958 saeculi,

2227 983 2318 1037 hic
2348 983 2618 1037 habitabo
2648 1025 2661 1049 ,
2697 985 2968 1054 quoniam
3021 983 3169 1053 elegi
3218 999 3366 1037 eam.
3433 1004 3456 1032 ι
3508 988 3579 1038 At
3636 984 3921 1054 professio

2229 1087 2361 1125 nem
2389 1071 2645 1124 emisisse
2709 1070 2836 1125 istic
2875 1087 2992 1124 non
3055 1070 3295 1135 dicitur;
3329 1071 3424 1124 sed
3453 1072 3641 1124 solum
3699 1071 3928 1124 deside-

2229 1159 2380 1213 rium
2411 1158 2726 1214 ostendisse
2785 1158 3167 1213 monasticum
3223 1159 3481 1212 habitum
3553 1159 3928 1228 suscipiendi,

2229 1247 2321 1301 cui
2378 1246 2696 1318 reposuerit
2777 1254 3004 1302 sanctus
3062 1250 3250 1301 Abbas
3297 1264 3309 1300 :
3360 1249 3621 1301 volumus
3679 1265 3825 1318 ergo
3887 1254 3928 1301 el

2232 1336 2621 1407 praecipimus,
2676 1340 2738 1389 ut
2785 1336 2854 1389 ad
2899 1335 3340 1405 gubernandum
3375 1335 3535 1389 tibia
3594 1337 3711 1390 Deo
3771 1352 3928 1388 com-

2237 1423 2473 1478 missum
2521 1423 2829 1494 imperium
2868 1425 3087 1478 redeas.
3131 1424 3288 1488 Quod
3326 1441 3392 1477 ex
3419 1425 3745 1478 obedientia
3787 1440 3928 1494 pra:-

2237 1513 2384 1567 stitit
2425 1514 2765 1582 Imperator,
2809 1513 3076 1582 deinceps
3110 1513 3168 1564 in
3207 1512 3258 1566 S.
3295 1512 3663 1565 Benedictum
3693 1513 3928 1582 ejusque

2236 1600 2508 1657 Ordinem
2559 1601 2808 1671 amplius
2837 1600 3003 1654 solito
3035 1600 3287 1654 atfectus.
3321 1602 3460 1654 Rem
3492 1616 3606 1653 non
3629 1599 3928 1670 impuguo,

2240 1689 2347 1743 etsi
2379 1705 2504 1742 eam
2525 1690 2595 1742 ab
2627 1689 2751 1742 aliis
2773 1691 3041 1759 rejectam
3093 1688 3351 1742 noverim
3386 1703 3398 1741 :
3430 1687 3498 1741 id
3565 1687 3677 1741 dici
3731 1694 3928 1758 potest,

2242 1793 2457 1830 annum
2489 1781 2587 1831 aut
2619 1783 2846 1846 tempus
2902 1793 3016 1848 quo
3049 1793 3115 1830 ea
3153 1775 3459 1846 contigerit
3511 1775 3792 1830 hactenus
3859 1776 3928 1830 in-

2241 1869 2464 1918 certum
2495 1881 2638 1917 esse.

2321 1953 2435 2006 l'i7.
2483 1955 2648 2005 Anno
2707 1951 2967 2022 sequenti
3028 1954 3162 2005 1020
3234 1956 3386 2005 recte
3436 1951 3757 2020 aftiguntur
3809 1967 3928 2022 qum

2242 2043 2440 2092 narrat
2459 2044 2656 2091 auctor
2688 2039 2824 2092 Vitae
2856 2039 2911 2092 S.
2946 2038 3259 2092 Moinwerci
3291 2055 3413 2109 cap.
3453 2043 3535 2105 12,
3595 2055 3728 2109 pag.
3787 2042 3892 2092 539
3921 2054 3928 2090 :

2247 2147 2269 2175 α
2329 2126 2604 2196 Sequenti
2662 2142 2812 2179 anno
2870 2131 2998 2196 post
3042 2127 3237 2179 Natale
3296 2126 3544 2189 Domini,
3601 2127 3928 2195 Imperator.

2241 2220 2530 2269 commoto
2587 2215 2858 2279 exercitu,
2939 2213 3206 2268 comitem
3286 2213 3595 2284 quemdam
3675 2213 3928 2266 Ottonem

2242 2304 2436 2356 saeculi
2479 2303 2756 2372 dignitate
2810 2319 2929 2356 non
2995 2301 3300 2355 minimum
3376 2301 3844 2372 prmpollentem,
3888 2299 3928 2352 in

2242 2397 2424 2445 castro
2457 2391 2609 2462 quod
2645 2391 2851 2444 dicitur
2881 2390 3260 2456 Hamerstein,
3304 2389 3477 2443 situm
3547 2405 3721 2458 supra
3756 2388 3928 2442 Rheni

2245 2481 2420 2543 littus,
2497 2480 2740 2543 obsedit,
2807 2501 2826 2525 ι
2882 2486 3116 2548 propter
3185 2478 3308 2546 ejus
3371 2477 3526 2530 varia
3571 2477 3836 2531 facinora
3886 2477 3928 2528 in

2245 2568 2580 2638 episcopum
2615 2566 3015 2637 Moguntinum
3073 2571 3130 2619 et
3181 2566 3328 2618 alios
3360 2570 3709 2635 perpetrata,
3748 2570 3814 2617 ut
3866 2563 3928 2617 ibi

2243 2656 2426 2708 fusius
2483 2654 2789 2708 deductum
2863 2653 3139 2707 invenies.
3191 2653 3272 2706 Ad
3330 2652 3386 2706 id
3437 2653 3654 2706 bellum
3712 2658 3928 2705 vocatus

2243 2744 2299 2798 S.
2363 2742 2694 2796 Heribertus
2739 2741 3117 2809 Coloniensis,
3173 2757 3304 2794 cum
3374 2756 3432 2793 se
3493 2741 3565 2793 ob
3643 2741 3928 2794 molestam

2245 2831 2449 2885 febrim
2481 2846 2614 2883 cum
2653 2846 2765 2900 qua
2795 2829 3228 2883 conﬂictabatur
3257 2836 3602 2892 excusasset,
3653 2833 3709 2881 et
3749 2828 3928 2882 omnia

2247 2919 2478 2972 suborta
2512 2922 2663 2985 sunt,
2698 2934 2826 2988 qua:
2867 2917 3050 2970 videri
3108 2922 3346 2987 possunt
3419 2921 3474 2969 et
3501 2917 3624 2968 loco
3657 2915 3854 2972 citato,
3884 2919 3928 2967 et

2245 3005 2304 3059 in
2336 3006 2460 3077 ipsa
2539 3007 2592 3060 S.
2659 3005 2939 3059 Heriberti
2969 3005 3092 3057 Vita
3121 3003 3190 3057 ad
3219 3020 3304 3057 xw
3341 3003 3523 3056 Martii
3556 3019 3725 3073 pagg.
3753 3005 3858 3057 472
3886 3007 3927 3054 et

441 3099 552 3150 cise
577 3103 837 3166 tempore
863 3095 933 3148 ad
967 3094 1198 3164 propria
1245 3094 1584 3147 remeaverit
1636 3094 1893 3147 Pontifex
1937 3093 2129 3163 explo-
2173 3101 2214 3155 C
2247 3097 2369 3159 485,
2425 3098 2489 3147 ut
2527 3093 2597 3146 de
2650 3092 2740 3145 his
2787 3093 2924 3145 nihil
2973 3093 3062 3146 hic
3117 3092 3422 3152 dicendum
3472 3091 3736 3161 supersit.
3778 3090 3928 3145 Addit

443 3190 633 3238 ratum
669 3199 785 3237 non
842 3184 1057 3250 habeo;
1152 3181 1420 3234 reducem
1489 3181 1662 3233 fuisse
1729 3186 1955 3250 oportet
2005 3187 2135 3234 ante

443 3286 700 3324 mensem
759 3269 1156 3332 Novembrem,
1213 3283 1343 3319 cum
1405 3266 1677 3319 Baronius
1727 3267 1984 3335 diploma
2068 3283 2135 3319 eo

445 3374 641 3412 mense
671 3356 996 3427 expeditum
1025 3355 1308 3408 exhibeat.
1359 3353 1503 3418 Quid
1557 3370 1728 3423 porro
1759 3355 1942 3422 egerit
1993 3356 2137 3408 Hen-

445 3446 597 3500 ricus
653 3449 773 3498 toto
833 3442 1058 3512 reliquo
1117 3441 1226 3494 isto
1277 3457 1445 3505 anno,
1492 3440 1811 3494 innumeris
1867 3441 2139 3495 monstris

445 3533 596 3604 apud
627 3530 1142 3600 Chronographum
1182 3529 1502 3594 nobilitate,
1558 3529 1762 3598 collige
1808 3545 1876 3583 ex
1921 3529 2142 3599 adjecta

445 3619 726 3690 Sigeberti
771 3617 1046 3675 Chronico
1102 3615 1173 3670 ad
1196 3632 1329 3670 eum
1405 3632 1621 3669 annum
1671 3639 1690 3663 ι
1745 3617 1994 3670 secunda
2046 3617 2140 3669 in-

445 3709 707 3764 cursione
756 3707 948 3761 hostili
991 3706 1272 3760 exercitus
1316 3706 1468 3773 regis
1524 3705 1749 3758 Henrici
1811 3705 1872 3758 in
1918 3706 2140 3760 Gauda-

443 3815 575 3852 vum
610 3797 783 3852 Nonis
813 3794 1139 3866 Augusti,»
1188 3810 1318 3865 quae
1365 3799 1500 3847 sunt
1553 3793 1840 3863 ipsissima
1896 3792 2141 3846 Alberici

441 3887 634 3950 verba,
668 3901 797 3939 cum
829 3884 1088 3954 pluribus
1119 3883 1188 3936 de
1247 3873 1548 3952 Rudolpho
1608 3882 1953 3951 Burgundiaa
2006 3897 2141 3950 rege

446 3989 512 4026 ex
545 3970 845 4042 'Sigeberto
876 3970 1198 4040 descriptis,
1246 3987 1377 4040 qua:
1438 3975 1631 4023 tamen
1683 3970 1751 4022 ab
1809 3967 1934 4022 aliis
1989 3970 2140 4021 refu—

443 4066 660 4117 tantur.
710 4058 797 4113 Ad
855 4057 1242 4111 incursionem
1287 4055 1644 4108 Gandensem
1704 4056 1852 4126 quod
1917 4057 2139 4121 attinet,

445 4163 570 4200 eam
599 4147 678 4200 ita
705 4145 946 4215 explicat
995 4145 1249 4214 Meyerus
1281 4143 1340 4195 in
1394 4143 1710 4196 Annalibus
1747 4160 1769 4216 :_
1793 4167 1814 4191 ι
1868 4144 2144 4199 Henricus

446 4238 632 4290 Caesar
661 4233 868 4287 iterum
903 4232 1234 4285 Gaudavum
1272 4247 1455 4298 usque
1494 4231 1760 4285 hostilem
1787 4231 1846 4286 in
1873 4233 2144 4287 Flandros

443 4323 576 4378 fecit
613 4321 1008 4376 excursionem
1067 4336 1262 4374 mense
1312 4321 1588 4389 Augusto,
1612 4319 1672 4373 in
1701 4336 1814 4390 qua
1846 4321 2140 4392 Epponem

444 4419 502 4466 et
531 4414 816 4468 Canonem
851 4414 1090 4480 nepotes
1124 4407 1489 4479 Imperatoris
1529 4408 1861 4463 occubuisse
1910 4411 2057 4479 lego.
2109 4432 2135 4458 ››

445 4505 532 4555 An
552 4502 672 4555 haec
697 4499 766 4553 de
804 4498 860 4553 S.
894 4496 1121 4552 Henrici
1153 4496 1457 4567 nepotibus
1496 4496 1631 4549 satis
1688 4503 1839 4551 certa
1895 4497 2009 4551 sint
2059 4499 2135 4551 fa-

443 4594 570 4644 teor
601 4604 694 4642 me
746 4587 1058 4658 plurimum
1091 4585 1374 4653 dubitare,
1435 4599 1624 4656 neque
1655 4585 1752 4639 ubi
1781 4586 1905 4639 haac
1932 4586 2139 4657 legerit

445 4679 700 4748 Meyerus
731 4677 1020 4746 integrum
1051 4680 1135 4730 est
1161 4677 1477 4744 explorare.

519 4767 638 4820 146.
702 4766 1062 4819 Postremum
1117 4763 1290 4833 hujus
1348 4762 1485 4816 anni
1508 4761 1819 4816 articulum
1876 4763 2136 4832 impleat,

445 4853 597 4924 quod
649 4852 942 4907 Albericus
972 4851 1180 4915 eidem,
1209 4850 1402 4904 nescio
1449 4866 1564 4921 quo
1617 4850 2137 4918 fundamentofjn-

443 4939 623 4996 nectit
654 4956 667 4994 :
700 4959 728 4990 ιι
787 4940 863 4993 Dc
894 4939 1132 4994 Henrico
1193 4939 1541 5007 Imperatore
1574 4945 1865 5006 narratur,
1921 4945 1978 4993 et
2005 4939 2138 4992 scri-

445 5035 606 5102 ptum
655 5027 957 5098 reperitur,
991 5025 1149 5097 quod
1205 5025 1398 5079 abbati
1449 5025 1732 5080 Richardo
1795 5027 2139 5080 Virdunensi

442 5116 853 5189 professionem
890 5113 1103 5177 fecerit,
1140 5120 1198 5166 et
1229 5114 1353 5183 ejus
1383 5113 1622 5166 consilio
1667 5131 1725 5166 se
1764 5119 1944 5168 totum
1977 5131 2136 5168 com-

444 5205 690 5269 miserit,
747 5203 940 5256 volens
983 5201 1136 5272 apud
1182 5201 1238 5255 S.
1305 5200 1568 5252 Vitonem
1619 5201 1936 5254 monachus
1994 5203 2138 5268 ﬁeri,

444 5293 538 5347 sed
569 5297 796 5346 sanctus
852 5289 1028 5342 abbas
1082 5287 1396 5342 Richardus
1446 5287 1651 5341 virtute
1699 5288 2040 5343 obedientiaa
2089 5291 2142 5343 ei

445 5380 716 5453 injunxit,
772 5395 844 5433 ne
904 5376 1214 5448 imperium
1271 5376 1861 5447 dimitteretquandiu
1909 5377 2137 5443 viveret,

445 5477 504 5524 et
556 5469 636 5522 ita
712 5485 845 5521 eum
901 5467 972 5520 ad
1009 5466 1318 5536 imperium
1391 5463 1626 5518 remisit.
1672 5488 1699 5512 ››
1759 5465 1956 5520 Simile
1999 5467 2137 5537 quid

447 5558 655 5626 legitur
675 5558 734 5609 in
780 5556 1031 5628 epitome
1083 5554 1222 5607 Vitae
1253 5569 1316 5607 ex
1352 5553 1617 5608 Menardo
1651 5558 1704 5607 et
1738 5555 2137 5626 Wasseburgio

448 5645 515 5697 ad
560 5660 608 5695 vx
659 5645 835 5709 Junii,
877 5659 1003 5714 pag.
1040 5644 1194 5707 l003,
1227 5658 1387 5695 num.
1424 5644 1476 5708 6,
1517 5641 1585 5694 de
1628 5660 1740 5712 quo
1791 5647 1981 5698 tamen
2015 5662 2128 5699 non

2252 3181 2604 3234 Hofmannus
2668 3179 2774 3232 hoc
2843 3195 2992 3233 anno
3046 3180 3314 3248 (Annales
3376 3178 3802 3234 Hildesemense
3859 3193 3928 3230 se-

2250 3274 2519 3339 quentem
2561 3271 2778 3333 notant)
2832 3267 3154 3320 vehementi
3197 3272 3364 3320 terra:
3398 3271 3556 3320 motu
3613 3280 3928 3320 concussam

2252 3356 2564 3419 Bavariam,
2601 3361 2656 3408 et
2688 3355 2972 3426 praecipua
3002 3355 3158 3409 clade
3207 3354 3498 3408 ecclesiam
3560 3354 3928 3407 Basileensem

2251 3444 2564 3498 admodum
2620 3444 3064 3497 labefactatam:
3129 3443 3278 3514 quod
3336 3462 3362 3492 ιι
3421 3442 3835 3496 detrimentum
3864 3457 3928 3493 re-

2251 3532 2460 3585 sarcire
2511 3531 2746 3600 cupiens
2839 3531 3133 3592 Henricus,
3193 3530 3456 3601 sequenti
3543 3546 3695 3584 anno
3783 3529 3925 3583 ΜΧΧΙ

2254 3619 2532 3673 Basileam
2592 3619 2771 3684 venit,
2832 3625 2890 3673 et
2943 3619 3117 3672 totius
3164 3618 3401 3672 ecclesia
3465 3618 3674 3671 malam
3735 3618 3806 3670 ad
3845 3631 3919 3670 xiv

2250 3724 2500 3778 passusa
2551 3707 2736 3762 Rheni
2786 3707 2912 3777 ripa
2962 3707 3275 3773 transtulit,
3328 3712 3385 3759 et
3423 3706 3733 3760 fortissimo
3777 3721 3921 3759 muro

2253 3797 2442 3850 ruenti
2471 3796 2668 3867 aggeri
2723 3797 3006 3866 opposito,
3057 3813 3181 3849 eam
3236 3795 3298 3848 in
3346 3797 3586 3848 formam
3631 3795 3815 3849 multo
3857 3809 3928 3843 ve-

2252 3885 2566 3939 nustiorem
2599 3889 2653 3937 et
2701 3885 3015 3937 firmiorem
3049 3883 3317 3949 restituit,
3351 3887 3406 3934 et
3429 3883 3614 3946 nonis,
3658 3883 3926 3936 Munstero

2252 3979 2417 4030 teste.
2470 3972 2805 4036 ditionibus,
2867 3972 3091 4042 populis
3143 3976 3198 4023 et
3258 3970 3454 4023 castris
3498 3969 3925 4023 cumulatissime

2252 4060 2540 4115 instruxit.
2584 4079 2611 4112 »
2671 4061 2876 4114 Eadem
2908 4059 3300 4114 muniﬁcentia
3339 4057 3748 4127 Bambergensi
3779 4058 3925 4111 eccle-

2254 4149 2350 4203 siae
2379 4153 2516 4202 tunc
2555 4147 2729 4202 etiam
2779 4147 3136 4218 prospexisse
3193 4146 3407 4201 ibidem
3467 4150 3748 4199 memorat
3795 4145 3924 4199 idem

2255 4236 2644 4300 Hofmannus;
2679 4235 3172 4306 quemadmodum
3229 4239 3286 4287 et
3313 4233 3626 4288 Schateuus
3657 4230 3925 4302 productis

2255 4324 2652 4378 instrumentis
2712 4324 3049 4394 comprobat
3105 4339 3234 4394 quae
3282 4323 3342 4376 in
3374 4321 3498 4376 Vita
3535 4321 3589 4376 S.
3634 4316 3926 4376 Meinwerci

2257 4413 2344 4466 vix
2377 4411 2672 4467 credibilia
2700 4411 3050 4466 viderentur.

2323 4507 2441 4560 148.
2480 4505 2647 4560 Redit
2674 4505 2746 4560 ad
2779 4505 2964 4575 justos
2991 4505 3238 4559 calculos
3284 4504 3765 4575 Chronographus
3803 4505 3923 4557 Saxo

2249 4593 2540 4646 nonnullis
2569 4592 2662 4646 hic
2698 4592 2839 4646 locis
2874 4592 3130 4651 mutilus,
3161 4593 3322 4662 cujus
3355 4595 3430 4645 rei
3476 4593 3731 4662 primum
3763 4590 3923 4662 speci—

2248 4696 2381 4734 men
2427 4685 2532 4747 est,
2574 4680 2731 4750 quod
2783 4695 3023 4747 annum,
3057 4696 3232 4750 quem
3277 4680 3398 4750 jam
3431 4679 3676 4750 ingressi
3723 4694 3918 4734 sumus.

2256 4771 2378 4822 1021
2413 4768 2491 4821 sic
2521 4767 2807 4837 inceptet:
2841 4788 2869 4818 ε(
2903 4769 3221 4838 Imperator
3273 4785 3377 4839 pro
3408 4784 3676 4821 concessa
3707 4768 3811 4822 sibi
3851 4764 3922 4818 di-

2248 4855 2459 4909 vinitus
2485 4855 2740 4915 victoria,
2792 4856 2968 4909 Deum
3002 4856 3241 4909 deorum
3279 4855 3587 4909 Dominum
3621 4855 3921 4909 collaudans

2249 4942 2552 4998 Saxoniam
2601 4946 2890 5013 properat,
2950 4943 3370 4997 solemnitatem
3428 4944 3755 4998 Palmarum
3803 4939 3914 4992 Wil-

2247 5031 2393 5085 beke
2420 5038 2775 5102 peracturus,
2807 5032 3132 5103 gaudiaque
3162 5032 3454 5087 I’aschalia
3495 5033 3819 5102 Merseburg
3846 5029 3918 5081 de-

2248 5119 2368 5174 bita
2413 5120 2801 5174 celebraturus
2857 5120 3182 5174 devotione.
3240 5122 3355 5174 Hoc
3397 5119 3602 5174 itinere
3649 5115 3916 5173 venerabi-

2253 5208 2360 5260 lem
2388 5208 2748 5262 Heribertum
2780 5208 3272 5278 archiepiscopum
3306 5209 3578 5277 migrasse
3609 5208 3754 5262 felici
3776 5216 3917 5259 cursu

2250 5296 2539 5363 cognovit,
2571 5295 2740 5348 celeri
2782 5296 3083 5350 intimante
3132 5297 3443 5368 legato.....
3511 5297 3752 5350 Emensa
3803 5306 3914 5344 vero

2250 5383 2568 5452 Imperator
2649 5387 2938 5453 Augustus
2994 5385 3254 5438 inchoata
3310 5384 3421 5452 via,
3477 5383 3714 5449 cunctis,
3757 5387 3812 5436 ut
3847 5379 3911 5431 ita

2249 5470 2452 5536 dicam,
2479 5472 2721 5540 Europae.
2752 5472 2951 5540 primis
2984 5473 3053 5525 ad
3086 5489 3217 5526 eum
3256 5472 3697 5537 conﬂuentibus,
3747 5471 3910 5525 diver-

2247 5576 2556 5632 sarumque
2587 5561 2846 5628 gentium
2881 5561 3182 5617 missaticis
3214 5562 3285 5617 ad
3317 5563 3616 5633 imperiale
3674 5564 3790 5634 ejus
3817 5559 3905 5612 obs

2249 5648 2511 5717 sequium
2550 5648 2799 5717 undique
2854 5651 3308 5719 properantibus,
3369 5657 3784 5704 sacrosauctum
3819 5647 3904 5699 Πυ-
