3944 6478
90 460 150 510 8L3
1739 466 1779 519 Α

3509 468 3576 519 86

87 574 308 629 mihiea!
339 575 782 631 resurrectionis
808 575 1103 648 gaudium,
1153 580 1275 632 toto
1307 578 1425 647 jam
1456 579 1783 633 conridente
1814 584 1855 635 Α
1894 578 2018 631 bus.
2056 597 2083 628 »
2115 578 2237 631 Non
2260 581 2447 647 potest
2470 576 2561 630 hic
2586 576 2825 631 indicari
2864 578 3164 632 concilium
3192 579 3343 633 aliud
3375 584 3577 648 praeter

87 664 322 731 mundo,
365 664 586 718 eximia
612 665 920 719 celebravit
949 665 1158 734 gloria.
1196 666 1291 719 His
1320 666 1497 735 igitur
1519 667 1782 720 omnibus

84 752 496 806 convenienter
512 752 774 822 expletis,
802 753 1140 822 Imperator,
1158 754 1616 824 Parthenopolim
1650 771 1781 823 pro-

82 841 278 906 fectus,
330 855 529 893 sacros
585 840 707 894 dies
760 841 1120 894 Pentecostes
1159 841 1309 910 apud
1342 842 1782 896 famosissimum

87 926 341 995 ejusdem
422 928 674 982 civitatis
748 927 1234 999 archiepiscopum
1302 930 1601 995 Gerouem,
1667 945 1781 983 non

86 1013 342 1068 inferiori
403 1015 754 1084 gaudiorum
808 1014 1117 1085 dignasque
1175 1016 1555 1069 venerationis
1595 1017 1781 1070 studio

86 1102 503 1171 gloriosissime
561 1103 799 1172 peregit.
854 1104 992 1156 Inde
1035 1108 1253 1156 curtem
1295 1104 1534 1172 regiam,
1582 1105 1779 1158 Alstidi

85 1189 311 1250 dictam.
359 1196 659 1259 repetens,
692 1190 1001 1259 habitoque
1032 1190 1176 1244 inibi
1222 1191 1507 1261 colloquio
1537 1208 1665 1245 cum
1696 1198 1781 1245 to-

85 1278 197 1330 tius
244 1284 484 1331 senatus
544 1278 845 1348 plebisque
874 1294 1173 1343 concursu,
1221 1278 1346 1348 pios
1375 1278 1604 1332 leuitate
1653 1296 1780 1349 per-

88 1364 390 1418 mulcendo
421 1364 720 1436 prmdulci,
754 1381 952 1420 severa
966 1365 1313 1419 districtione
1346 1381 1468 1418 reos
1492 1366 1776 1421 terrendo.

89 1458 320 1523 totaque
379 1452 669 1507 industria
718 1452 961 1522 patriam
1018 1453 1352 1516 muniendo,
1410 1453 1560 1506 intra
1612 1454 1782 1522 hujus

90 1540 390 1608 provinciae
422 1540 683 1593 civitates
710 1544 894 1593 totum
938 1540 1100 1593 illum
1136 1556 1352 1593 annum
1382 1540 1620 1594 feliciter
1647 1556 1779 1610 pcr-

89 1628 257 1680 duxit.
297 1648 323 1676 n
362 1630 463 1681 Hic
494 1628 733 1692 sistitur,
794 1628 949 1680 nullo
997 1628 1193 1680 addito
1244 1627 1410 1680 verbo
1440 1628 1509 1681 de
1567 1644 1782 1697 praepa-

89 1717 304 1769 ratione
334 1715 621 1769 exercitus
654 1716 723 1769 ad
762 1716 1188 1769 celeberrimam
1222 1715 1642 1785 expeditionem
1672 1716 1781 1768 Ita-

87 1804 245 1856 licam
275 1804 554 1857 adversus
603 1804 845 1866 Graecos,
881 1818 1127 1873 quorum
1188 1802 1246 1856 in
1298 1802 1483 1856 medio
1512 1803 1779 1857 Sanctum

86 1890 377 1944 constituit
407 1906 565 1944 anno
594 1890 877 1961 sequenti,
908 1895 975 1943 ut
1005 1906 1134 1943 mox
1166 1890 1437 1944 dicemus.

156 1981 272 2033 149.
313 2002 333 2026 ι
394 1977 691 2049 Sequitur,
745 1977 934 2047 inquit
973 1978 1265 2041 Baronius,
1311 1994 1494 2032 annus
1533 1979 1777 2032 Redem-

91 2066 255 2136 ptoris
291 2067 488 2121 ΜΧΧΙΙ
522 2065 722 2120 Indict.
783 2081 835 2130 v,
883 2082 997 2135 quo
1024 2065 1295 2119 Henricus
1335 2066 1668 2136 Imperator,
1705 2068 1779 2120 le-

91 2153 427 2222 gationibus,
489 2156 555 2206 ut
602 2152 851 2206 vidimus
885 2152 1428 2219 Northmannorum,
1478 2158 1652 2222 atque
1709 2154 1778 2207 ab

90 2242 201 2310 ipso
222 2241 486 2295 Romano
518 2240 792 2295 Pontiﬁce
826 2240 1177 2305 cohortatus,
1208 2240 1269 2293 in
1301 2240 1520 2294 Italiam
1551 2256 1609 2294 se
1639 2256 1779 2294 con-

91 2328 209 2382 tulit
270 2328 552 2382 adversus
600 2328 843 2392 Grascos,
892 2343 996 2380 sua
1034 2327 1156 2397 jam
1210 2327 1468 2397 potentia
1521 2328 1778 2382 Ecclesia:

94 2418 354 2470 Romanas
388 2415 702 2485 pavendos,
740 2415 1066 2468 tremendus
1124 2415 1243 2485 ipse
1276 2416 1532 2470 hostibus
1561 2416 1779 2485 potenti

91 2503 349 2569 exercitu,
385 2518 566 2574 quem
596 2502 860 2567 ducebat,
896 2522 918 2551 ι
951 2507 1011 2555 ut
1042 2502 1167 2556 vide
1213 2502 1339 2556 istic
1375 2503 1554 2557 fusius
1585 2520 1777 2557 narra-

91 2597 222 2656 tum,
266 2590 628 2656 intermixta,
677 2606 806 2643 cum
840 2591 896 2645 S.
931 2590 1251 2645 Rumoaldo
1301 2591 1582 2662 colloquio
1623 2591 1779 2644 aliis-

94 2695 193 2750 que
230 2684 353 2733 tum
385 2679 457 2732 ad
494 2678 734 2746 bellum,
768 2682 889 2731 tum
923 2677 992 2731 ad
1048 2676 1409 2732 Casinensem
1441 2678 1493 2733 S.
1554 2679 1777 2733 Henrici

93 2764 691 2820 commemorationem
745 2763 1153 2835 spectantibus,
1212 2779 1281 2817 ex
1334 2763 1537 2819 Glabro
1570 2764 1779 2819 Rudol-

94 2852 197 2922 pho
216 2857 272 2906 et
302 2853 497 2907 Leone
542 2852 888 2907 Marsicano:
913 2851 1139 2905 brevius
1170 2867 1270 2904 nos
1298 2867 1366 2905 ex
1414 2852 1775 2921 Chronogra-

96 2941 219 3008 pho,
248 2941 350 3010 qui
399 2939 473 2993 ad
526 2939 795 2993 eumdem
826 2954 1041 2992 annum
1088 2939 1274 2992 denuo
1323 2940 1559 2994 mutilus
1608 2938 1681 2992 sis
1710 2940 1777 2993 de

96 3028 296 3084 (lassare
350 3029 513 3099 loqui
567 3027 791 3097 incipit:
829 3048 855 3075 ις
891 3028 1206 3097 Imperator
1242 3028 1311 3080 de
1342 3027 1463 3080 loco
1499 3027 1559 3079 in
1589 3028 1777 3080 locum

96 3116 520 3184 proﬁciscendo,
574 3115 826 3185 primum
863 3114 990 3168 urbi
1039 3113 1454 3180 munitissimae,
1484 3115 1663 3182 Trojaa
1697 3114 1776 3167 vi-
1810 3116 1849 3166 (Ζ

98 3203 286 3257 delicet
314 3225 341 3251 ››
376 3204 762 3271 (obsidionem
794 3203 1111 3256 accuratius
1150 3201 1418 3255 describit
1447 3202 1649 3256 Glaber
1680 3202 1774 3254 lib.

100 3309 170 3357 Ill,
200 3309 319 3362 cap.
360 3294 415 3361 1)
450 3314 473 3340 ι
501 3292 661 3360 cujus
686 3290 970 3345 moenibus
997 3290 1315 3360 indigenas.
1345 3289 1779 3360 provincialium

99 3379 384 3449 legatione,
420 3380 634 3434 ditioni
664 3379 838 3447 regias
868 3382 1213 3448 cognoverat
1259 3378 1518 3444 rebelles,
1550 3376 1779 3430 bellico-

101 3484 203 3520 sam
230 3468 445 3522 invexit
466 3466 672 3521 aciem.
701 3469 881 3531 Quam
916 3466 1048 3519 licet
1076 3465 1374 3518 obsidione
1427 3466 1598 3533 longa
1651 3480 1779 3517 suo-

100 3570 323 3626 rumque
345 3556 651 3609 sudore....
696 3554 1018 3619 devincens,
1066 3553 1395 3622 incolasque
1426 3552 1658 3622 hujusce
1685 3558 1783 3605 aut

104 3644 211 3696 neci
260 3644 492 3697 tradens
545 3648 646 3695 aut
697 3646 890 3711 captos
937 3640 1195 3710 colligari
1253 3640 1608 3711 praecipiens,
1640 3656 1782 3710 quos

104 3736 249 3783 antea
298 3729 630 3783 contumaci
678 3727 869 3782 animo
917 3727 1027 3781 sibi
1056 3727 1418 3797 ingemuerat
1448 3725 1778 3793 renitentes,

105 3833 192 3869 suo
236 3817 611 3888 postmodum
642 3815 917 3883 dominio,
952 3816 1064 3869 Deo
1095 3820 1457 3883 cooperante,
1501 3813 1784 3883 gaudebat

105 3905 438 3974 subjugatos.
472 3924 500 3954 n
522 3904 604 3957 Ad
620 3902 1095 3972 componendam,
1122 3902 1275 3972 quod
1300 3901 1390 3955 hic
1410 3901 1779 3955 intendimus.

107 3995 410 4060 temporum
440 3992 675 4055 seriem,
710 3991 763 4044 id
796 4006 909 4043 non
945 3989 1253 4043 oscitanter
1282 3988 1568 4042 observari
1591 3988 1780 4052 velim,

109 4081 416 4148 praedictam
446 4080 635 4135 Troiae
668 4077 1050 4142 obsidionem,
1084 4077 1218 4130 totis
1239 4077 1421 4130 tribus
1450 4081 1506 4129 et
1539 4075 1783 4145 amplius

112 4166 398 4232 mensibus,
429 4171 578 4219 teste
610 4164 836 4231 Glabro,
868 4164 1154 4227 tenuisse;
1190 4168 1251 4215 ut
1283 4179 1395 4217 non
1427 4163 1561 4216 satis
1579 4178 1782 4233 .prom-

111 4258 251 4321 ptum
304 4253 377 4309 sit
432 4252 637 4307 omnia
684 4251 1013 4305 combinare
1065 4266 1190 4321 quae
1232 4266 1384 4303 anno
1434 4255 1594 4319 gesta
1646 4248 1779 4302 scri-

112 4343 278 4407 ptores
317 4342 798 4395 commemorant.
855 4339 1064 4392 Demus
1118 4338 1339 4407 reliqua
1407 4353 1473 4391 ex
1530 4337 1783 4390 Chrono-

113 4428 326 4496 grapho.

179 4517 284 4569 t50.
321 4538 341 4564 ι
377 4516 487 4571 Sed
544 4514 638 4569 his
689 4513 1161 4584 prosperitatibus
1190 4529 1304 4566 non
1346 4514 1545 4579 elatus,
1588 4528 1784 4565 verum

118 4601 199 4654 Dei
227 4603 620 4657 misericordia
645 4601 940 4671 prmditus,
972 4601 1301 4670 hujusmodi
1327 4600 1639 4659 victoriam.
1672 4617 1784 4653 non

119 4692 217 4746 suis
232 4693 324 4747 sed
359 4691 597 4747 Domini
620 4690 926 4745 virtutibus
946 4689 1290 4753 adscribens,
1326 4690 1597 4743 Romanas
1626 4689 1786 4743 Sedis

119 4781 309 4847 apicem
341 4779 710 4835 acceleravit:
753 4778 851 4831 ubi
908 4778 1261 4847 aliquamdiu
1306 4783 1576 4841 moratus,
1630 4777 1787 4845 regni

122 4865 249 4919 illius
278 4868 658 4939 optimatibus
680 4882 816 4935 pace
838 4868 1137 4936 gratiaque
1158 4865 1246 4918 sui
1270 4864 1568 4929 redimitis,
1594 4864 1786 4917 nivosa

120 4953 319 5022 Alpium
373 4952 682 5008 cacumina
718 4952 894 5005 veloci
928 4950 1343 5022 transgreditur
1398 4966 1586 5015 cursu,
1636 4954 1789 5001 tanta

123 5042 433 5096 mortalitate
466 5042 798 5107 subsecuta,
830 5056 957 5109 qua:
985 5038 1076 5092 vix
1112 5043 1208 5091 aut
1236 5038 1559 5091 nullatenus
1590 5053 1788 5090 vocum

126 5130 345 5196 nutibus,
410 5131 500 5186 vel
560 5129 740 5185 etiam
793 5128 996 5182 ofﬁciis
1051 5126 1182 5197 styli
1247 5127 1430 5179 valeat
1480 5126 1784 5179 enucleari.

125 5214 279 5276 Quam
331 5218 597 5272 videlicet
644 5215 862 5270 cladem
892 5216 1205 5284 Imperator
1233 5216 1521 5282 Augustus
1551 5213 1793 5264 evadens

127 5304 314 5358 caelitus
341 5306 748 5369 obumbratus,
772 5303 869 5357 sed
900 5318 1030 5355 raro
1056 5300 1235 5354 milite
1283 5300 1603 5364 comitatus,
1637 5316 1794 5352 exce-

130 5390 218 5455 ptis
244 5392 325 5446 his
353 5410 496 5464 quos
543 5392 657 5448 sibi
687 5396 873 5445 mater
902 5392 1128 5459 Europa
1170 5388 1520 5443 occurrendo
1548 5387 1792 5440 admise-

133 5483 217 5543 rat,
263 5481 625 5536 Germanicas
662 5478 928 5551 pervenit
956 5478 1025 5531 ad
1070 5493 1217 5541 oras,
1252 5492 1637 5546 magnumque
1670 5491 1792 5544 syn-

132 5565 265 5621 odale
290 5570 666 5642 colloquium,
698 5566 1119 5622 confluentibus
1165 5565 1415 5635 undique
1442 5564 1791 5617 diversarum

139 5654 397 5723 rPgionum
450 5655 737 5730 episcopis
800 5655 855 5707 in
911 5655 1165 5725 partibus
1197 5652 1395 5708 habuit
1432 5651 1794 5705 ocuideutali-

1889 665 2036 719 istud
2070 664 2225 735 quod
2242 664 2457 717 notavit
2482 665 2776 732 Barouius,
2805 681 3010 734 nempe
3035 666 3571 736 Seligenstadiense,

1887 752 1977 805 cui
2006 751 2053 805 si
2088 750 2347 804 interfuit
2372 751 2425 804 S.
2464 751 2754 818 Henricus,
2794 768 3017 805 necesse
3073 758 3159 805 est
3188 769 3320 806 eum
3351 752 3411 805 in
3438 754 3573 807 Ger-

1894 839 2139 892 maniam
2174 839 2405 892 rediisse
2437 844 2569 893 ante
2603 855 2857 893 mensem
2888 844 3229 909 Augustuin,
3280 841 3383 895 sub
3413 842 3575 909 cujus

1892 926 2235 997 principium
2288 926 2545 979 habitum
2585 931 2689 992 est,
2723 933 2784 980 ut
2816 927 2940 980 vide
2972 929 3027 981 in
3078 928 3407 981 collectione
3443 930 3576 982 Lab-

1892 1014 2087 1075 beana,
2113 1015 2219 1067 col.
2254 1015 2376 1068 84’s.
2407 1014 2549 1077 Quid
2579 1015 2673 1068 SS.
2733 1019 2919 1068 Aureo
2969 1022 3023 1068 et
3063 1017 3295 1073 Justinaa
3326 1032 3391 1069 eo
3426 1033 3574 1069 anno

1891 1101 2195 1155 contulerit
2248 1102 2504 1169 Sanctus,
2564 1102 2687 1154 vide
2718 1108 2871 1155 tumo
2903 1104 2973 1156 III
3006 1104 3181 1170 Junii,
3222 1120 3351 1174 pag.
3386 1107 3471 1157 78.
3509 1106 3575 1158 Ut

1892 1189 2162 1257 praedicta
2192 1189 2390 1242 omnia
2418 1190 2486 1241 ad
2538 1189 2721 1258 justos
2753 1190 2995 1243 calculos
3052 1192 3305 1254 reducas,
3347 1207 3572 1243 necesse

1892 1282 1977 1330 est
2007 1278 2212 1340 dicere,
2248 1276 2591 1330 Caesariauas
2622 1279 2811 1344 copias
2842 1277 2944 1331 sub
2971 1280 3143 1331 tinem
3192 1278 3326 1331 anni
3358 1294 3570 1348 prazce-

1893 1364 2080 1417 dentis
2108 1364 2166 1417 in
2217 1364 2435 1417 Italiam
2470 1364 2808 1433 praemissas,
2845 1364 3080 1418 ducibus
3120 1368 3382 1435 Pappone
3432 1368 3570 1419 Tre-

1894 1451 2102 1504 virensi
2152 1456 2207 1504 et
2254 1451 2540 1521 Peligrino
2587 1434 2912 1505 Coloniensi
2945 1453 3244 1521 episcopis.
3281 1469 3422 1522 quos
3449 1469 3572 1506 sau—

1891 1545 2013 1592 ctus
2044 1540 2377 1608 Imperator,
2410 1539 2586 1592 natali
2618 1539 2843 1592 Domini
2873 1540 2930 1593 in
2978 1540 3380 1594 Thorneburch
3416 1541 3568 1594 cele-

1893 1627 2075 1690 brato,
2136 1630 2199 1680 ut
2249 1631 2445 1680 notant
2488 1627 2735 1680 Annales
2792 1628 3257 1695 Ilildesemenses,
3292 1628 3396 1681 sub
3434 1629 3571 1681 anni

1892 1716 2061 1782 hujus
2090 1714 2439 1784 principium
2474 1715 2803 1768 subsecutus
2837 1716 2926 1769 sit.

1966 1806 2083 1855 151.
2120 1801 2257 1855 Falli
2286 1802 2376 1855 hic
2405 1801 2581 1870 igitur
2627 1802 2884 1856 existimo
2914 1803 3258 1858 Schatenum
3312 1808 3569 1857 nostrum

1889 1889 2024 1941 dum
2072 1890 2129 1942 in
2166 1889 2482 1942 Annalibus
2530 1891 2646 1942 suis
2681 1890 3238 1945 Paderbornensibus
3290 1891 3358 1944 ad
3419 1892 3569 1945 hunc

1890 1989 2105 2027 annum
2126 1968 2223 2027 ita
2250 1974 2475 2027 scribit:
2512 1998 2532 2023 α
2568 1976 2941 2028 Memorabilis
2971 1977 3076 2029 hoc
3106 1994 3254 2030 anno
3287 1978 3570 2045 expeditio

1892 2061 2102 2127 Italica,
2165 2067 2406 2131 urgente
2484 2062 2784 2116 Benedicto
2840 2064 3106 2117 Pontiﬁce
3180 2080 3284 2134 per
3331 2065 3565 2134 legatos.

1890 2150 2069 2214 Quam
2114 2150 2173 2203 in
2203 2165 2324 2202 rem
2357 2149 2636 2219 synodum
2668 2150 3185 2220 Aquisgranensem
3219 2153 3287 2205 ab
3314 2153 3569 2221 Impera-

1889 2243 2007 2291 tore
2036 2241 2397 2291 convocatam
2451 2238 2684 2291 tradunt
2730 2255 2797 2292 ex
2830 2239 3145 2308 Sigeberto,
3180 2239 3569 2293 convenienti-

1886 2325 1991 2379 bus
2041 2341 2104 2379 ex
2163 2330 2277 2379 tota
2308 2325 2609 2379 Germania
2663 2326 2963 2396 episcopis.
2997 2328 3103 2382 Sed
3161 2343 3227 2380 ea
3288 2328 3570 2396 expeditio

1889 2428 2002 2466 non
2033 2412 2141 2466 nisi
2173 2414 2277 2466 sub
2309 2413 2522 2467 exitum
2553 2414 2688 2467 anni
2718 2419 2996 2483 suscepta,
3044 2431 3250 2485 magno
3279 2432 3568 2469 armorum

1887 2504 2183 2570 apparatu.
2222 2522 2241 2547 υ
2280 2501 2358 2554 De
2406 2516 2472 2553 ea
2519 2500 2735 2569 synodo
2776 2501 2911 2571 quid
2942 2503 3304 2555 statuendum
3349 2502 3421 2554 sit
3449 2518 3573 2555 nec-

1888 2588 2025 2642 dum
2058 2587 2236 2641 audeo
2277 2587 2547 2653 detinire;
2610 2588 2749 2641 mihi
2779 2594 2998 2642 certum
3046 2589 3270 2643 videtur
3325 2606 3441 2643 non
3469 2606 3572 2659 po-

1890 2675 2064 2728 tuisse
2091 2676 2365 2729 Cassarem
2398 2675 2741 2746 Aquisgrani
2795 2677 3013 2729 haerere
3041 2676 3146 2729 hoc
3178 2694 3349 2743 anno,
3401 2694 3571 2747 quem

1888 2762 2172 2831 expeditio
2222 2762 2412 2816 Italica
2440 2767 2526 2816 tot
2574 2764 2862 2818 mensibus
2911 2764 3232 2833 occupavit;
3288 2780 3573 2835 quemque

1893 2850 2215 2913 Beneventi,
2266 2867 2333 2903 ex
2382 2850 2691 2919 diplomate
2755 2852 2834 2904 ibi
2894 2852 3023 2905 dato
3077 2852 3245 2905 fuisse
3303 2852 3570 2905 scimusx

1890 2937 2073 2991 Martii
2128 2939 2277 2990 lO'Z‘Z.
2320 2938 2494 3008 Magis
2538 2938 2597 2991 id
2642 2945 2861 3009 pugnat
2891 2940 3158 2993 adversus
3204 2940 3566 3005 Schatenum,

1890 3026 1990 3096 qui
2018 3041 2168 3079 anno
2196 3028 2348 3089 10’23,
2380 3026 2439 3078 in
2468 3042 2638 3096 quem
2670 3027 3087 3095 expeditionem
3137 3026 3368 3080 dilatam
3392 3026 3568 3095 cupit,

1890 3115 2165 3167 Caesarem
2198 3113 2362 3165 nobis
2418 3113 2647 3166 exhibet
2675 3119 2980 3182 quaternas
3008 3114 3381 3167 donationum
3412 3115 3570 3167 tabu-

1889 3204 1969 3254 las
2028 3200 2406 3254 Paderbornas
2452 3201 2901 3254 subscribeulem
2960 3202 3249 3255 mensibus
3301 3202 3569 3256 Januario

1888 3293 1944 3342 et
1998 3287 2322 3353 Februario,
2384 3293 2444 3341 ut
2494 3289 2635 3345 adeo
2670 3290 2887 3342 Italiam
2938 3290 3234 3358 pervenire
3277 3289 3570 3343 commode

1888 3392 2001 3429 non
2029 3376 2294 3446 potuerit,
2330 3377 2529 3429 saltem
2554 3376 2609 3429 in
2641 3378 2926 3446 Apuliam,
2960 3378 3068 3430 nisi
3099 3378 3202 3431 sub
3235 3377 3409 3430 tinem
3438 3378 3571 3431 Mar-

1888 3466 1951 3518 tii
1980 3472 2078 3518 aut
2116 3464 2463 3534 principium
2496 3466 2740 3534 Aprilis;
2789 3465 2887 3535 qui
2916 3466 2961 3518 si
3010 3466 3191 3518 tribus
3220 3473 3275 3518 et
3328 3464 3571 3534 amplius

1890 3550 2179 3605 mensibus
2211 3551 2267 3604 in
2310 3553 2429 3604 sola
2472 3552 2652 3621 Trojas
2704 3553 2997 3605 obsidione
3028 3558 3330 3622 occupatus
3378 3552 3569 3617 fuerit,

1890 3654 2060 3708 porro
2110 3638 2169 3691 in
2218 3639 2400 3692 Monte
2449 3638 2647 3692 Casino
2718 3625 3066 3706 decubuerit,
3118 3642 3314 3694 Romae
3367 3640 3571 3693 deinde

1894 3751 1913 3774 α
1949 3726 2280 3797 aliquandiu
2315 3732 2590 3792 moratus,
2628 3748 2654 3776 »
2682 3727 2904 3797 concipi
2951 3728 3187 3781 omnino
3215 3744 3329 3780 non
3363 3733 3567 3797 potest,

1887 3819 1971 3867 tot
1994 3829 2085 3866 res
2122 3813 2361 3883 gessisse
2414 3815 2708 3876 Caesarem,
2742 3820 2799 3867 et
2836 3830 3030 3867 mense
3057 3815 3205 3868 Julio
3257 3814 3313 3866 iu
3341 3816 3567 3869 Germa-

1889 3902 2041 3954 niam
2088 3902 2354 3954 reducem
2398 3901 2589 3968 fuisse,
2623 3901 2730 3955 nisi
2758 3902 3030 3955 miracula
3068 3901 3193 3972 quis
3222 3902 3415 3971 tingat,
3444 3918 3571 3971 quin

1890 3990 1999 4042 huc
2050 4004 2357 4051 accersere,
2393 4004 2616 4042 necesse
2646 4006 2762 4042 non
2795 3989 3072 4042 existimo.
3130 3990 3305 4043 Aliter
3330 3990 3573 4042 sentien-

1889 4077 2025 4130 dum
2056 4076 2280 4129 videtur
2331 4076 2399 4130 de
2449 4077 2744 4129 sanatione
2774 4077 2973 4130 calculi
3006 4077 3210 4130 ibidem
3234 4094 3339 4147 ope
3370 4080 3404 4132 S
3468 4079 3573 4131 Be—

1892 4163 2101 4216 nedicti
2139 4162 2459 4231 impetrata,
2494 4180 2665 4233 quam
2715 4164 2817 4217 etsi
2845 4164 3181 4235 impugnare
3210 4180 3440 4232 prorsus
3473 4179 3572 4214 no-

1892 4251 2013 4314 lim,
2037 4251 2239 4304 vellem
2268 4258 2415 4304 certe
2447 4268 2481 4303 a
2520 4252 2891 4321 scriptoribus
2930 4252 3189 4305 unanimi
3222 4253 3403 4320 magis
3434 4267 3573 4303 con-

1892 4353 2090 4393 sensus
2126 4338 2344 4393 referri.

1940 4427 2088 4487 .t5'2.
2122 4424 2406 4495 Anonymi
2434 4441 2555 4495 cap.
2592 4429 2680 4491 2'2,
2732 4427 2879 4496 apud
2930 4443 3033 4479 nos
3073 4443 3229 4479 num.
3262 4428 3350 4488 26,
3382 4426 3434 4479 S.
3474 4427 3576 4478 Be-

1897 4511 2152 4565 nedictus
2182 4511 2502 4565 medicinali
2535 4513 2702 4579 ferro,
2736 4515 2885 4583 quod
2938 4530 3110 4567 manu
3170 4516 3419 4579 tenebat,
3456 4529 3579 4581 par-

1898 4605 2015 4653 tem
2045 4600 2202 4653 illam
2238 4599 2511 4670 corporis,
2547 4601 2641 4653 ubi
2671 4602 2918 4653 calculus
2955 4601 3193 4669 jacebat,
3227 4599 3470 4669 aperuit,
3501 4604 3574 4663 et,

1900 4688 2090 4741 evulso
2141 4687 2385 4740 molliter
2414 4688 2649 4750 calculo,
2685 4688 2904 4740 hiatum
2937 4688 3184 4740 vulneris
3214 4686 3399 4740 subita
3436 4687 3581 4739 sani-

1901 4778 2013 4828 tate
2054 4774 2477 4842 redintegravit.
2530 4774 2634 4828 Sed
2663 4774 2770 4827 alia
2822 4776 2988 4845 plane
3019 4779 3103 4827 est
3159 4773 3356 4827 Leonis
3390 4772 3580 4827 Marsi-

1901 4861 2025 4914 cani
2084 4862 2360 4926 narratio;
2411 4861 2490 4914 sic
2523 4867 2715 4915 tamen
2764 4868 2828 4915 ut
2878 4868 3119 4932 utraque.
3166 4861 3479 4921 conveniat,
3523 4860 3580 4912 in

1905 4949 2239 5002 vindicanda
2268 4948 2376 5001 hoc
2422 4949 2546 5018 ipso
2595 4950 2867 5003 miraculo
2916 4950 3165 5020 corporis
3212 4950 3265 5003 S.
3306 4947 3582 5002 Benedicti

1903 5039 1963 5091 in
1994 5054 2061 5091 eo
2113 5038 2523 5092 archicoanobio
2554 5039 2873 5108 praesentia.
2909 5040 3204 5093 Potissima
3237 5038 3413 5107 igitur
3450 5051 3582 5089 eon-

1904 5126 2175 5180 troversia
2201 5127 2445 5179 Leonem
2476 5126 2628 5180 inter
2648 5128 2744 5181 lib.
2776 5143 2846 5192 ll,
2874 5144 2997 5196 cap.
3025 5129 3092 5181 43
3132 5144 3195 5179 ac
3238 5127 3326 5190 44,
3372 5130 3428 5176 et
3454 5124 3585 5176 Gal-

1905 5215 1990 5267 los
2017 5214 2275 5284 aIiosque
2327 5215 2646 5283 scriptores,
2707 5232 2816 5267 non
2879 5220 2995 5267 tam
3039 5216 3187 5267 circa
3230 5212 3585 5265 sanationem

1904 5301 2085 5370 ipsam
2119 5303 2279 5371 cujus
2310 5307 2645 5372 perpetuum
2686 5307 3119 5354 monummntum
3154 5297 3588 5354 adventantibus

1906 5388 2227 5459 quibusque
2272 5388 2525 5443 exhiberi
2574 5391 2824 5453 solitum,
2860 5389 3037 5443 oculis
3076 5388 3185 5456 ipsi
3216 5385 3423 5439 nostris
3452 5384 3588 5437 olim

1906 5478 2312 5545 spectavimus;
2346 5493 2517 5547 quam
2570 5477 2716 5530 circa
2767 5477 3034 5547 adjuncta
3091 5473 3348 5535 vertitur,
3402 5487 3588 5541 quasa

1906 5563 2078 5617 variis
2117 5564 2268 5617 varie
2312 5570 2597 5628 exornata,
2631 5580 2699 5617 eo
2757 5569 2921 5633 pacto
2954 5560 3243 5615 nonnullis
3275 5559 3590 5613 redduntur

1905 5650 2092 5704 dubia.
2146 5655 2243 5703 Ast
2269 5666 2374 5721 ego
2416 5651 2507 5704 hic
2551 5651 2823 5704 arbitrum
2882 5665 2993 5701 non
3046 5664 3186 5716 ago;
3219 5647 3424 5715 quibus
3471 5646 3590 5698 hac
