3976 6424
386 436 451 488 87
1696 434 1751 488 S.
1798 431 2087 488 llENlthl
2132 429 2606 487 IMPERA'I'ORIS
3846 427 3913 480 88

388 569 625 610 noscere
652 552 878 608 animus
905 557 992 608 est
1038 551 1267 608 videant
1315 551 1703 608 Mabillonium
1742 553 1800 607 in
1844 552 2080 608 Annali-
2110 556 2157 608 A
2196 557 2515 608 morantur.

390 646 498 698 bus
526 658 660 713 pag.
701 645 826 708 288,
869 658 1030 697 num.
1090 644 1175 709 l5,
1206 646 1259 697 et
1288 644 1425 697 Acta
1476 642 1813 697 Sanctorum
1862 641 2088 696 Ordinis

394 736 550 785 tomo
586 732 671 796 VI,
702 736 861 801 parte
898 747 919 784 1
939 749 970 785 a
996 746 1129 801 pag.
1164 732 1302 798 452;
1331 730 1472 785 mihi
1494 729 1631 784 satis
1652 736 1738 783 est
1763 731 1884 783 haec
1916 746 2087 783 vero—

392 818 683 872 simillime
734 818 1041 889 contigisse
1094 835 1244 873 anno
1270 819 1391 889 jam
1423 819 1568 873 dicto
1614 819 1766 873 1022.
1814 820 1889 872 De
1922 817 2090 872 donis

399 907 822 978 pretiosissimis
868 908 1109 978 aliisque
1166 907 1485 978 insignibus
1514 906 1801 960 beneﬁciis
1830 923 1862 959 a
1891 912 2087 960 sancto

395 997 746 1066 Imperatore
803 996 1062 1050 emnobio
1111 994 1404 1050 Casinensi
1456 1012 1523 1048 ea
1595 994 1889 1048 occasione
1933 995 2092 1063 larga

399 1098 601 1137 manus
632 1083 871 1149 collatis,
929 1083 1055 1137 vide
1113 1084 1405 1136 laudatum
1432 1082 1676 1135 Leonem
1714 1082 2091 1135 Marsicanum

396 1170 537 1225 locis
565 1172 823 1243 proxime
870 1171 1080 1225 citatis:
1118 1186 1231 1241 quo
1279 1170 1451 1223 etiam
1508 1175 1725 1239 spectat
1767 1169 2091 1224 coenobium

399 1261 879 1326 Beneventanum,
951 1276 1201 1329 unquam
1263 1277 1297 1312 a
1349 1260 1403 1313 S.
1487 1258 1725 1312 llenrico
1789 1258 2093 1312 fundatum

398 1351 496 1400 aut
522 1348 780 1401 dotatum
812 1348 938 1409 fuit,
964 1350 1025 1400 ut
1052 1345 1233 1416 aliqui
1262 1346 1481 1411 volunt,
1514 1361 1648 1398 nam
1681 1362 1744 1398 ex
1777 1345 2093 1415 diplomate

398 1436 548 1506 apud
572 1436 894 1506 Ughellum,
916 1439 1055 1489 tom.
1079 1435 1338 1501 Vlll,col.
1365 1438 1481 1500 H5,
1505 1436 1688 1487 solum
1706 1440 1929 1488 constat
1955 1450 2093 1488 con-

399 1526 653 1578 lirmasse
691 1524 959 1578 Sanctum
993 1523 1200 1577 fundos
1231 1529 1288 1577 et
1315 1523 1466 1576 bona
1514 1524 1710 1576 omnia
1764 1522 1817 1577 S.
1867 1522 2094 1593 Sophia:

400 1612 747 1666 monasterio
778 1617 945 1665 antea
972 1627 1238 1665 concessa
1269 1627 1283 1664 :
1317 1616 1488 1682 atque
1517 1610 1627 1665 hoc
1673 1615 1777 1677 est,
1810 1611 1964 1682 quod
1989 1614 2095 1665 da-

399 1707 520 1754 tum
542 1700 789 1754 diximus
822 1717 873 1754 \‘I
902 1700 1032 1754 Idus
1060 1699 1243 1755 Martii
1267 1716 1449 1754 xxxii.
1484 1700 1631 1765 Quid
1662 1699 1810 1753 initu
1842 1701 1927 1754 vel
1964 1700 2094 1753 red-

399 1788 484 1842 itu
529 1805 658 1843 cum
708 1788 763 1842 S.
799 1788 1115 1843 Romualdo
1168 1787 1511 1856 transegerit
1539 1788 1594 1841 S.
1652 1786 1947 1854 Henricus,
1977 1791 2091 1839 tra-

400 1877 543 1931 dunt
602 1878 846 1931 Joannes
904 1876 1213 1930 Damianus
1264 1881 1322 1930 et
1370 1874 1754 1946 Hieronymus
1800 1873 2098 1944 Prageusis

400 1966 565 2018 relati
604 1965 675 2018 ad
698 1981 769 2018 vn
805 1963 1118 2018 Februarii.

477 2056 595 2108 153.
667 2053 809 2108 Ilinc
858 2052 929 2106 ad
989 2050 1504 2121 Chronographum
1556 2049 1912 2117 revertimur,
1968 2066 2098 2104 cum

402 2157 515 2211 quo
563 2138 869 2209 incipimus
911 2154 1128 2192 annum
1186 2138 1347 2192 1023:
1386 2156 1413 2188 α
1465 2138 1741 2191 Henricus
1782 2139 2102 2206 Imperator

403 2228 573 2281 Albas
625 2228 882 2297 festaque
937 2226 1248 2290 Paschalia,
1284 2225 1635 2295 principibus
1664 2227 1959 2281 turmatim
1997 2242 2100 2279 un-

404 2315 578 2385 dique
603 2314 1096 2378 concurrentibus,
1124 2314 1451 2383 Mersebnrg
1473 2313 1580 2366 rite
1617 2329 1918 2384 peragens,
1945 2314 2100 2385 quod

404 2421 620 2471 rarum,
676 2405 761 2458 vel
805 2405 1032 2475 penitus
1062 2403 1385 2458 inauditum
1442 2404 1684 2470 videtur,
1740 2410 1902 2458 terna
1932 2404 2101 2457 unius

406 2491 781 2560 ejusdemque
812 2489 1015 2561 templi
1046 2489 1407 2544 dedicatione
1438 2490 1810 2560 gratiﬁcatur.
1851 2512 1870 2538 ι
1896 2491 1959 2545 Id
1989 2507 2102 2560 qua

405 2578 630 2632 ratione
687 2578 1083 2648 accipiendum
1140 2578 1232 2644 sit,
1296 2594 1482 2649 neque
1540 2578 1783 2648 explicat
1837 2578 2099 2649 scriptor,

406 2682 592 2737 neque
641 2684 746 2738 ego
791 2666 1052 2736 pluribus
1080 2666 1459 2737 quaerendum
1486 2682 1713 2720 censeo.
1760 2666 2102 2720 Memorabi-

407 2755 518 2808 lem
570 2754 709 2808 anni
757 2754 919 2808 istius
949 2770 1247 2807 occursum
1306 2755 1560 2823 suggerit
1592 2754 1914 2808 Chronicou
1946 2755 2103 2825 Sige-

404 2843 579 2897 berti:
614 2863 641 2891 κ
702 2843 977 2897 Henricus
1008 2843 1325 2912 Imperator
1354 2848 1409 2896 et
1436 2842 1738 2896 Botbertus
1783 2858 1880 2896 rex
1927 2844 2102 2897 Fran-

403 2948 598 2985 corum
629 2947 803 3001 super
852 2932 1101 2985 Charum
1135 2930 1369 2985 llvivium
1404 2932 1555 3002 apud
1607 2931 1868 2984 Evosinm
1900 2947 2100 2985 conve-

404 3020 591 3082 niunt,
624 3020 693 3073 de
722 3025 870 3073 statu
910 3020 1193 3085 Ecclesiae,
1229 3019 1391 3089 regni
1432 3030 1486 3072 et
1516 3019 1746 3088 imperii
1773 3020 2097 3073 tractaturi:

405 3115 461 3161 et
489 3108 751 3162 condicto
779 3113 841 3161 ut
893 3125 1065 3178 super
1096 3108 1183 3161 his
1230 3107 1637 3161 conﬁrmandis
1681 3106 1855 3161 etiam
1888 3108 2100 3176 Papam
2137 3109 2176 3163 C

408 3196 726 3250 Romanum
747 3195 916 3248 simul
948 3196 1116 3249 ambo
1137 3195 1328 3265 Papiae
1361 3200 1685 3264 opportune
1713 3210 1844 3247 com
1859 3194 2104 3249 euirent.

409 3285 724 3353 Imperator
764 3283 977 3350 Regem
1031 3288 1088 3336 et
1117 3298 1271 3348 suos,
1307 3283 1513 3335 multos
1544 3283 1714 3335 etiam
1747 3280 1845 3352 qui
1884 3288 2107 3336 tantum

408 3371 476 3425 ad
512 3371 903 3424 demirandam
961 3368 1394 3439 imperatoriam
1425 3370 1785 3439 majestatem
1822 3385 2107 3424 convene-

408 3463 559 3527 rant,
615 3463 773 3512 tanta
829 3458 1172 3512 liberalitate
1222 3457 1473 3523 donavit,
1534 3462 1595 3510 ut
1644 3458 1851 3527 opibus
1904 3473 2106 3527 regum

410 3548 712 3601 Persarum
759 3549 815 3599 et
846 3548 1094 3600 Arabum
1154 3552 1345 3617 posset
1395 3546 1712 3616 comparari
1741 3547 2108 3616 Imperatoris

408 3634 819 3689 muniﬁcentia.
879 3656 898 3683 ι
951 3634 1088 3698 Quae
1150 3634 1345 3691 omnia
1384 3636 1557 3705 paulo
1606 3633 1786 3687 fusius
1842 3634 2110 3689 describit

408 3724 613 3780 Glaber
642 3723 976 3795 Rudolphus
1008 3723 1106 3777 lib.
1140 3740 1221 3790 Ill,
1275 3740 1400 3794 cap.
1441 3726 1495 3790 2,
1541 3739 1603 3776 ex
1630 3722 1840 3794 quibus
1874 3738 1975 3777 sua
2006 3724 2106 3777 de-

408 3811 655 3883 sumpsit
706 3810 1001 3877 Bironius,
1051 3828 1222 3883 quem
1282 3812 1455 3866 etiam
1508 3811 1637 3865 vide
1682 3826 1810 3880 qua
1867 3811 1929 3865 in
1977 3827 2109 3865 con-

409 3901 538 3955 cilio
598 3900 777 3967 (tomo
826 3901 913 3967 IX,
966 3901 1185 3954 collect.
1254 3900 1444 3964 Labb.,
1500 3900 1607 3954 col.
1643 3902 1773 3967 854)
1814 3909 1939 3953 aeta
1984 3917 2105 3953 me-

2604 553 2679 607 De
2731 552 3017 608 constanti
3073 556 3130 606 et
3200 556 3480 625 perpetua
3551 550 3743 606 sancti
3799 552 3914 606 Im-

2197 642 2476 714 peratoris
2531 642 2592 696 in
2650 641 2859 697 Christi
2905 641 3152 695 famulos
3197 640 3597 707 beneﬁcentia,
3647 656 3723 695 ex
3771 656 3916 711 qua-

2199 731 2377 784 ternis
2422 731 2527 785 hoc
2556 746 2708 785 anno
2761 730 3039 800 expeditis
3066 730 3443 784 donationum
3476 728 3712 794 tabulis,
3770 744 3918 799 quas

2199 819 2372 873 refert
2425 819 2756 881 Schatenus,
2824 819 2946 888 jam
3001 833 3176 889 supra
3234 817 3639 871 meminimus:
3698 820 3919 887 praeter

2200 923 2342 977 quas
2390 906 2560 960 aliam
2610 906 2748 960 mihi
2785 907 3068 973 suggessit
3096 906 3359 959 laudatus
3391 921 3565 976 supra
3607 905 3917 960 Schanna-

2198 1000 2311 1061 tus,
2342 995 2653 1066 diplomate
2680 995 2812 1048 dato
2849 994 3230 1064 Bibenbergas
3278 994 3410 1048 Kal.
3449 997 3596 1064 Aug.
3622 1009 3717 1046 an.
3754 996 3918 1055 1023,

2201 1099 2316 1154 quo
2357 1081 2418 1137 in
2475 1083 2718 1153 gratiam
2749 1101 2777 1132 α
2822 1082 3160 1136 confessoris
3199 1108 3219 1129 -
3269 1082 3355 1134 sui
3385 1102 3405 1130 ι
3459 1080 3781 1136 'I‘heobaldi
3813 1081 3919 1134 ab-

2201 1171 2345 1225 batis
2371 1171 2465 1226 SS.
2494 1170 2817 1225 Udalriciet
2845 1171 3013 1237 Afra’,
3055 1193 3076 1218 ο
3107 1171 3160 1224 ei
3208 1169 3469 1224 coenobio
3533 1169 3698 1236 favit,
3735 1184 3918 1240 quam

2204 1260 2727 1313 miriﬁcentissime.
2765 1260 2843 1314 Ad
2902 1265 3240 1329 postrenum
3276 1259 3411 1311 Vitae
3460 1257 3653 1312 Sancti
3686 1273 3919 1310 annum

2203 1348 2563 1401 chronotaxis
2585 1352 2779 1401 nostra
2807 1346 3157 1419 perducitur.

2278 1438 2396 1490 154.
2453 1436 2590 1501 Quae
2640 1452 2790 1491 anno
2854 1438 2986 1490 1024
3039 1440 3197 1506 gesta
3248 1438 3383 1488 sunt
3421 1433 3501 1488 sic
3528 1435 3731 1505 paucis
3762 1450 3922 1488 com-

2204 1526 2405 1597 plexus
2481 1529 2567 1579 est
2630 1524 3135 1595 Chronographus:
3194 1542 3221 1574 α
3264 1523 3599 1593 [Imperator
3656 1524 3920 1577 natalem

2207 1611 2433 1665 Domini
2467 1610 2796 1681 Bavenberg
2820 1610 3059 1682 peregit.
3111 1609 3194 1663 Ibi
3224 1608 3391 1663 turba
3434 1613 3791 1664 convenerat
3826 1626 3921 1679 pa-

2208 1700 2454 1754 storibus
2510 1699 2804 1764 destituta,
2861 1698 2997 1770 quia
3044 1714 3245 1752 omnes
3275 1696 3538 1767 suspensi
3569 1698 3917 1762 manebant,

2207 1788 2368 1858 cujus
2414 1787 2790 1858 providentiae
2831 1803 2967 1841 cura
3006 1786 3291 1857 imperiali
3335 1790 3613 1856 potestate
3670 1787 3921 1840 commi-

2208 1881 2555 1930 terentur....
2603 1876 2790 1930 Caesar
2845 1874 3081 1930 diversis
3110 1874 3401 1928 doloribus
3428 1879 3662 1927 vexatus
3709 1875 3943 1928 eodem*

2208 1964 2333 2018 loco
2390 1963 2588 2017 crebra
2627 1962 2962 2017 inﬁrmitate
3009 1962 3311 2015 diuturnas
3359 1961 3637 2032 protraxit
3696 1978 3915 2025 moras,

2208 2052 2632 2122 resumptisque
2681 2051 2916 2106 demum
2969 2050 3205 2116 viribus,
3259 2050 3431 2103 citato
3473 2065 3645 2103 cursu
3678 2052 3919 2105 Parthe—

2208 2140 2464 2211 nopolim
2495 2139 2579 2193 ire
2619 2138 2934 2208 proposuit.
2967 2138 3220 2192 Tandem
3254 2142 3382 2209 post
3426 2138 3660 2207 longam
3693 2138 3919 2192 delibe-

2208 2230 2494 2283 rationem
2526 2226 2796 2281 laboriosi
2830 2226 3072 2295 itineris,
3108 2227 3263 2280 diem
3294 2226 3626 2280 Palmarnm
3671 2225 3737 2280 in
3769 2228 3914 2293 loco,

2210 2316 2309 2387 qui
2353 2317 2563 2371 dicitur
2589 2315 2838 2380 Alstede,
2895 2314 3092 2368 festive
3136 2314 3463 2369 celebravit.
3518 2313 3617 2369 Die
3650 2331 3792 2368 vero
3836 2332 3917 2368 re-

2208 2404 2643 2468 conciliationis,
2705 2404 2969 2473 exigente
3025 2402 3377 2457 inﬁrmitatis
3435 2403 3776 2474 gravedine,
3840 2420 3920 2457 re-

2210 2501 2366 2548 mota
2402 2510 2434 2546 a
2459 2508 2517 2547 se
2548 2508 2675 2562 quae
2707 2495 3045 2545 convenerat
3070 2491 3467 2555 multitudine,
3501 2491 3697 2563 paucis
3729 2492 3920 2545 comi-

2210 2582 2479 2645 tantibus,
2539 2580 2836 2649 Nieuburg
2875 2594 3096 2632 caenam
3154 2578 3510 2633 Dominicam
3563 2578 3829 2649 peregit;
3862 2578 3916 2632 in

2211 2674 2403 2724 sancto
2459 2684 2589 2723 vero
2637 2668 2901 2731 Sabbato,
2955 2672 3243 2721 contracto
3286 2667 3463 2721 totius
3520 2672 3756 2721 senatus
3787 2683 3918 2721 con-

2211 2765 2398 2819 ventu,
2452 2756 2751 2811 contectali
2800 2772 2902 2810 sua
2932 2754 3273 2826 Cunignnda
3314 2755 3642 2820 comitante,
3681 2755 3915 2810 Parthe-

2212 2846 2471 2917 nopolim
2503 2845 2680 2913 venit,
2709 2844 2805 2899 ubi
2835 2860 2965 2898 cum
2994 2843 3200 2913 grandi
3227 2844 3444 2897 honore
3475 2849 3777 2913 susceptus
3805 2848 3915 2906 est;

2215 2934 2524 2990 Dominicaa
2581 2949 2809 3004 quoque
2865 2932 3294 2986 resurrectionis
3332 2932 3539 3002 gaudia
3579 2931 3797 2985 celebri
3830 2931 3919 2985 ho-

2212 3038 2353 3075 nore
2383 3020 2690 3091 transegit;
2723 3020 2931 3074 deinde
2961 3019 3032 3073 ab
3068 3019 3321 3073 antistite
3363 3019 3620 3089 ejusdem
3652 3018 3763 3071 loci
3796 3017 3917 3072 auri

2216 3110 2645 3180 sericorumque
2687 3108 2958 3162 varietate
3009 3107 3326 3178 plurimum
3358 3107 3626 3171 donatus,
3686 3106 3917 3160 Halver-

2217 3200 2374 3252 stade
2420 3198 2576 3252 adiit.
2632 3198 2765 3251 Inde
2822 3196 3199 3250 nihilominus
3252 3194 3566 3251 Goslariam
3626 3193 3918 3264 profectus

2217 3292 2320 3353 est,
2358 3286 2454 3339 ubi
2479 3286 2681 3339 diebus
2739 3285 2935 3338 decem
2974 3284 3239 3355 peractis,
3285 3285 3354 3337 ad
3386 3284 3573 3337 locum
3604 3284 3915 3354 quemdam

2216 3375 2401 3427 Grona
2432 3374 2667 3436 dictum,
2708 3378 2996 3443 properat,
3039 3372 3234 3442 ibique
3263 3372 3397 3425 forti
3426 3371 3778 3441 aegritudine
3826 3373 3917 3426 de-

2216 3478 2465 3533 pressus,
2504 3468 2560 3515 et
2589 3477 2799 3515 amara:
2834 3461 3034 3514 mortis
3081 3461 3289 3531 poculo
3319 3460 3630 3525 debriatus,
3684 3460 3914 3514 vitalem

2215 3552 2403 3604 emisit
2430 3550 2715 3619 spiritum.
2749 3569 2776 3600 io
2833 3549 2971 3613 Quae
3022 3548 3236 3602 ibidem
3284 3553 3605 3618 sequuntur
3636 3548 3707 3602 de
3758 3548 3916 3602 moli-

2213 3638 2468 3692 tiouihus
2501 3637 2781 3690 Brunonis
2834 3635 3087 3706 episcopi
3133 3635 3450 3706 Augustani
3493 3636 3666 3689 habes
3698 3651 3762 3689 in
3805 3637 3915 3690 Vita

2213 3743 2336 3796 cap.
2368 3728 2455 3792 3‘2,
2489 3726 2579 3778 hic
2610 3726 2798 3795 primo
2835 3725 2958 3778 loco
2989 3723 3143 3778 inter
3184 3725 3480 3789 miracula,
3512 3724 3662 3778 infra
3714 3740 3783 3779 ex
3810 3730 3913 3779 An-

2213 3828 2423 3884 onymo
2478 3812 2879 3878 describenda;
2912 3828 3013 3865 nos
3054 3811 3391 3869 chronotaxi
3437 3811 3801 3867 Henricianas
3836 3828 3915 3866 co-

2215 3900 2471 3954 ronidem
2506 3899 2878 3969 imponimus.

1207 4218 1723 4283 ADELBOLDI
1801 4171 2220 4285 EPISCOPI
2307 4186 3117 4285 UbTRAJECTENSIS

1785 4467 2534 4541 FRAGMENTUM

418 4649 612 4749 DE
702 4649 1206 4753 REBUS
1295 4647 1818 4753 GESTIS
1916 4648 2021 4751 S.
2111 4650 2760 4752 HENRICI
2849 4648 3910 4754 IMPERATORIS

1556 4840 1638 4882 EX
1692 4839 2041 4883 EDITIONE
2096 4840 2348 4884 JACUBI
2403 4839 2782 4884 GRETSEBI.

2016 4974 2133 4981 ——..-

487 5093 870 5168 Fragmentum
898 5094 1216 5168 appelamus
1269 5096 1414 5164 quod
1458 5098 1556 5168 via:
1587 5096 1738 5150 binos
1788 5099 2023 5163 integros
2066 5100 2347 5164 regnantis
2388 5114 2482 5152 seu
2526 5100 2845 5166 imperantis
2889 5099 2946 5154 S.
3017 5101 3237 5153 Henrici
3284 5114 3454 5154 annos
3501 5101 3907 5168 complectatur.

417 5167 468 5240 et
499 5163 605 5216 tale
635 5162 817 5240 istud,
861 5179 928 5240 ea:
958 5180 1062 5231 quo
1091 5162 1374 5240 scriptoris
1425 5166 1603 5231 ﬁdem,
1635 5170 1730 5240 rei
1772 5162 2039 5240 historica:
2070 5162 2350 5223 versanda
2385 5162 2665 5239 peritiam,
2709 5174 2760 5223 et
2817 5176 3130 5223 accuratam
3178 5171 3524 5237 diligentiam
3584 5162 3666 5224 ita
3708 5171 3909 5240 perspif

418 5235 559 5308 eius,
604 5239 663 5286 ut
714 5234 915 5308 reliqui
957 5236 1158 5308 operis
1178 5236 1457 5308 jactur-am
1504 5240 1639 5290 satis
1694 5237 1975 5305 deplorare
2012 5254 2117 5291 non
2168 5234 2767 5305 possisfFrustronea
2821 5243 2934 5306 fuit
2988 5243 3162 5294 omnis
3232 5234 3420 5294 nostra
3472 5234 3911 5308 investigatio-ad

415 5304 1059 5379 pretiosum‘thesaurum
1105 5306 1355 5379 alicunde
1400 5304 1796 5374 refodiendun'i,
1853 5313 1914 5361 ut
1942 5304 2191 5375 superius
2221 5312 2248 5376 §
2281 5313 2310 5363 6
2357 5312 2493 5364 satis
2536 5310 2742 5364 dictum
2799 5304 2899 5373 est,
2951 5312 3046 5363 ubi
3087 5310 3153 5364 de
3204 5319 3419 5366 auctore
3447 5313 3614 5379 plura
3656 5304 3908 5367 invenies—

419 5375 768 5449 Hic_paucis_
793 5374 1093 5449 indicatum
1122 5378 1287 5440 volui,
1339 5392 1449 5444 quo
1499 5380 1840 5449 potissimum
1868 5374 2079 5432 ratione
2125 5374 2447 5446 praedictum
2492 5384 2863 5447 fragmentum
2907 5383 3108 5449 partiti
3150 5384 3348 5447 simus;
3397 5374 3681 5436 mimirum
3725 5400 3832 5438 non
3862 5384 3909 5432 in

421 5446 626 5520 capita,
674 5445 780 5520 sed,
817 5449 999 5514 potius
1025 5448 1083 5520 in
1112 5463 1303 5520 annos,
1329 5445 1621 5502 secundum
1647 5464 1778 5516 quos
1809 5464 1941 5517 opus
1987 5445 2145 5503 suurn
2187 5450 2508 5505 distinxisse
2555 5445 2772 5505 videtur
2819 5445 3008 5505 auctor
3058 5454 3193 5518 ipse,
3243 5458 3303 5506 ut
3337 5445 3427 5506 iege
3477 5457 3768 5520 superstite
3803 5467 3907 5507 con-

421 5519 573 5592 temtu
601 5519 887 5592 mani/este
927 5517 1157 5592 patebit.
1210 5519 1361 5571 Hanc
1417 5534 1532 5592 vere
1585 5524 1798 5592 partem
1847 5520 2123 5592 Anonymi
2151 5523 2524 5592 compilationi
2568 5524 2861 5590 praemitto,
2913 5529 3025 5576 tum
3055 5517 3201 5592 quod
3238 5539 3360 5577 vere
3397 5517 3659 5578 historica
3694 5527 3791 5581 sit.
3813 5530 3907 5577 tum

421 5585 590 5661 quod_
621 5601 757 5661 cum_
780 5588 1170 5661 commentario
1190 5593 1373 5661 nostra
1430 5585 1793 5657 longe’aptius
1852 5590 2160 5659 concordet;
2192 5585 2325 5644 adeo
2376 5597 2436 5645 ut
2481 5585 2653 5658 fornae
2707 5585 3081 5647 dubitaverim'
3125 5598 3312 5647 utrum
3370 5610 3475 5647 non
3538 5594 3825 5661 expediret
3850 5595 3906 5645 ab

421 5669 484 5706 ea
540 5655 967 5723 chronologicam
1000 5660 1139 5715 Vitae
1184 5659 1240 5713 S.
1294 5655 1740 5715 Henriciseriem
1798 5661 2088 5716 inchoare:
2140 5655 2371 5716 ceterum
2417 5678 2453 5715 a
2482 5655 2786 5730 'Majorum
2838 5665 3106 5718 institutis
3155 5676 3205 5717 et
3246 5666 3466 5733 placitis
3520 5655 3699 5719 satius
3754 5668 3907 5720 visum
