3944 6462
151 446 212 497 89
1803 451 1997 508 ACTA.
3571 459 3638 508 91)

133 565 389 641 fuitnon
437 567 697 641 recedere.
730 568 882 641 Hinc
929 583 1092 637 porro
1147 570 1480 638 principium
1509 573 1687 637 facere
1741 573 1910 626 cuivis
1941 569 2150 636 licebat,
2192 573 2289 640 qui
2335 576 2603 640 gestorum
2645 571 2828 626 ordini
2880 573 3062 638 potius
3110 588 3276 641 quam
3309 573 3640 640 Legendista:

147 639 454 701 confusioni
486 639 878 692 adharendum
934 643 1218 694 censuerit.
1251 642 1339 694 Ea.-
1388 643 1496 695 solo
1559 643 1834 696 tddboldi
1861 644 2101 711 proloyo,
2159 639 2224 696 de
2264 639 2378 711 ejus
2409 642 2679 696 scribendi
2727 644 2935 711 peritia
2975 648 3024 696 et
3075 639 3645 700 eruditione’statuere

146 711 192 759 et
217 722 450 776 pronum
471 713 523 762 et
552 715 865 777 proruptum
896 714 994 762 est.

643 796 984 851 AUCTORIS
1033 797 1453 853 PROOEMIUM.

220 885 263 936 l.
338 883 397 936 [n
465 883 640 952 gestis
691 883 1002 937 scribendis
1046 884 1159 938 duo
1228 892 1358 939 sunt
1431 886 1720 940 videnda:
1784 891 1843 941 ut

148 974 200 1022 et
267 968 517 1039 scriptor
599 971 894 1024 veritatem
971 971 1029 1024 in
1096 972 1410 1041 prolatione
1479 979 1731 1028 teneat:
1789 978 1845 1029 et

150 1057 322 1109 lector
373 1056 624 1109 fructum
701 1057 761 1110 in
823 1058 1062 1112 lectione
1127 1060 1330 1128 capiat.
1416 1061 1520 1114 Sed
1607 1061 1846 1132 scriptor

150 1143 443 1196 veritatem
518 1150 715 1198 tenere
773 1145 995 1216 nequit,
1057 1145 1166 1200 nisi
1247 1148 1368 1200 haec
1433 1155 1682 1218 quatuor
1748 1155 1845 1204 aut

151 1236 416 1299 potenter
469 1231 824 1296 devitaverit,
885 1236 982 1286 aut
1039 1233 1398 1303 aliquatenus
1440 1251 1472 1287 a
1511 1239 1698 1289 mente
1747 1235 1844 1289 de-

151 1318 439 1384 posuerit:
473 1319 691 1383 odium,
721 1327 776 1372 et
809 1321 1093 1374 carnalem
1125 1320 1510 1387 dilectionem,
1545 1322 1843 1392 invidiam,

148 1411 200 1456 et
225 1405 569 1459 infernalem
600 1406 1010 1460 adulationem.
1042 1407 1245 1461 Odium
1271 1409 1443 1476 enim,
1493 1415 1547 1462 et
1575 1410 1844 1465 invidiam

153 1497 288 1545 iicne
319 1500 481 1562 gesta
502 1500 599 1546 aut
623 1493 856 1547 omnino
881 1501 1087 1560 tacent,
1124 1501 1220 1549 aut
1264 1495 1499 1550 dicendo
1559 1504 1844 1550 transcur-

151 1585 298 1645 runt,
350 1586 452 1634 aut
512 1581 866 1634 calumniose
922 1587 1322 1637 transuiutant.
1373 1585 1412 1636 E
1453 1590 1647 1637 contra
1699 1587 1845 1639 male

148 1675 301 1738 gesta
355 1667 576 1733 dicunt,
617 1670 856 1722 dilatant
917 1676 973 1722 et
1027 1671 1394 1740 ampliticant.
1445 1673 1698 1728 Carnatis
1746 1691 1843 1727 au-

148 1762 259 1810 tem
290 1755 522 1809 dilectio
562 1763 619 1810 et
648 1757 942 1810 infernalis
993 1759 1265 1825 adulatio,
1327 1776 1455 1829 quas
1513 1761 1658 1814 male
1690 1767 1848 1830 gesta

146 1849 294 1909 sunt,
323 1843 568 1898 scientes
599 1843 886 1914 ignorant,
939 1850 994 1898 et
1047 1845 1434 1916 ignorantiam
1490 1847 1842 1913 simulantes,

147 1931 444 1985 veritatem
472 1933 760 1985 occultant
792 1949 805 1997 ;
840 1933 982 1986 bene
1011 1939 1168 2004 gesta
1200 1939 1387 1987 autem
1439 1936 1660 2004 placere
1697 1951 1846 2005 quaa-

147 2023 350 2084 rentes,
387 2020 634 2088 spatiose
688 2022 902 2085 dicunt,
955 2025 1009 2074 et
1063 2021 1188 2091 plus
1240 2023 1396 2092 justo
1458 2023 1842 2092 inagniticant.
1879 2051 1916 2102 Β

147 2107 228 2161 Sic
274 2124 378 2177 per
436 2107 560 2160 Ιιωο
609 2113 877 2178 quatuor,
937 2113 1036 2162 aut
1086 2109 1145 2160 in
1203 2107 1348 2162 bene
1402 2110 1594 2179 gestis,
1653 2115 1749 2163 aut
1789 2109 1847 2162 in

149 2196 290 2248 male
345 2195 525 2262 gestis
579 2199 781 2248 veritas
855 2197 1156 2262 evanescit,
1231 2197 1441 2250 falsitas
1503 2197 1846 2266 superducto

147 2283 331 2336 colore
374 2282 621 2335 nitescit.
682 2283 1004 2352 Spiritnalis
1052 2290 1242 2337 autem
1305 2284 1529 2337 dilectio
1599 2284 1847 2338 veritatis

147 2371 343 2437 amica,
369 2389 478 2424 nec
519 2373 667 2424 male
710 2377 869 2442 gesta
922 2372 1087 2437 celat,
1139 2389 1242 2425 nec
1295 2373 1439 2426 bene
1472 2378 1631 2443 gesta
1679 2388 1846 2443 pom-

149 2477 278 2529 pose
308 2458 545 2525 dilatat;
579 2458 762 2512 sciens
817 2461 952 2530 quia
999 2466 1056 2513 et
1103 2465 1261 2529 gesta
1310 2477 1460 2530 saepe
1511 2465 1751 2531 prosunt
1777 2460 1848 2513 ad

146 2548 559 2602 correctionem
592 2567 606 2612 ;
635 2554 690 2600 et
718 2548 863 2601 bene
891 2554 1050 2619 gesta
1083 2548 1408 2618 frequenter
1442 2548 1672 2613 obsunt,
1712 2548 1848 2602 dum

150 2637 433 2688 ducuntur
465 2634 528 2687 in
555 2635 882 2688 elationem.
936 2635 1131 2688 Melius
1181 2640 1264 2687 est
1313 2634 1465 2687 enim
1510 2634 1847 2688 adxerritate

149 2729 394 2777 mentem
427 2722 756 2786 refraenare,
791 2739 963 2792 quam
1021 2722 1397 2793 prosperitate
1437 2722 1849 2776 contumaciter

148 2810 350 2864 inﬂari.
414 2811 616 2864 Lector
662 2816 855 2863 autem
903 2812 1152 2864 fructum
1206 2827 1405 2879 capere
1460 2827 1572 2863 non
1618 2810 1846 2878 poterit,

150 2899 251 2952 nisi
275 2903 373 2952 aut
404 2898 716 2968 diligenter
747 2899 1076 2964 attenderit,
1133 2903 1229 2951 aut
1274 2898 1499 2968 penitus
1551 2898 1847 2950 intellexe-

149 2987 234 3050 rit,
274 3002 376 3040 cur
403 2987 557 3040 bona
589 2986 773 3053 bonis,
832 2988 979 3040 mala
1022 2986 1186 3040 malis
1221 3003 1233 3053 ;
1267 2987 1418 3039 bona
1458 2987 1642 3051 malis,
1701 2986 1850 3039 mala

150 3074 304 3128 bonis
335 3074 632 3128 eveniant.
1111 3120 1113 3123 .

212 3165 260 3215 2.
291 3164 408 3216 Cur
466 3163 618 3215 bona
672 3161 835 3214 bonis
885 3161 1287 3226 concedantur,
1331 3161 1636 3233 dupliciter
1683 3160 1851 3216 intel-

151 3249 242 3320 ligi
275 3255 462 3320 potest
500 3265 512 3312 ;
545 3253 645 3301 aut
674 3247 824 3300 enim
852 3249 928 3300 sic
974 3247 1110 3300 boni
1141 3253 1294 3312 sunt,
1332 3254 1390 3301 ut
1444 3265 1546 3318 per
1575 3248 1850 3302 tentatio-

1873 785 1918 836 Α
1957 797 2134 869 tiqua.
2168 798 2350 863 Quare
2376 799 2646 869 praecedit
2695 799 2933 865 novitas,
2967 804 3030 853 ut
3084 808 3357 870 sequatur
3393 801 3642 873 antiqui-

1952 890 2060 939 tas.
2099 886 2345 940 Stultum
2389 892 2474 940 est
2521 903 2656 957 ergo
2687 887 2839 958 quod
2895 888 3184 958 praecedit,
3238 905 3506 959 spernere
3541 907 3553 956 ;
3588 895 3644 943 et

1953 973 2106 1043 quod
2153 975 2426 1044 sequitur.
2488 975 2758 1044 quodque
2793 991 2823 1028 a
2878 975 3221 1043 praecedenti
3262 975 3435 1030 habet
3467 981 3526 1031 ut
3547 977 3638 1040 sit,

1954 1079 2068 1115 non
2117 1062 2383 1132 recipere.
2436 1063 2581 1116 Raro
2612 1062 2762 1116 enim
2799 1081 2830 1116 a
2873 1063 3098 1117 sitiente
3135 1062 3308 1132 [rivus
3343 1065 3638 1134 quaeritur,

1953 1149 2086 1202 dum
2111 1149 2237 1201 fons
2281 1149 2540 1203 habetur.
2581 1150 2829 1203 Dicimus
2884 1151 3025 1216 haec,
3081 1167 3195 1204 non
3250 1157 3312 1204 ut
3341 1151 3644 1222 adjiciatur

1952 1235 2283 1306 antiquitas,
2317 1239 2412 1290 sed
2473 1244 2534 1291 ut
2584 1237 2890 1308 recipiatur
2956 1239 3198 1292 novitas.
3263 1239 3323 1292 In
3379 1240 3642 1292 omnibus

1953 1324 2166 1394 quippe
2207 1325 2520 1394 scripturis,
2581 1325 2625 1378 si
2679 1331 2763 1379 est
2820 1325 3040 1390 veritas,
3101 1331 3162 1379 et
3210 1328 3439 1393 utilitas,
3480 1343 3644 1397 teque

1955 1413 2099 1464 valet
2133 1412 2353 1466 novitas
2383 1419 2439 1466 et
2487 1413 2811 1484 antiquitas.
2869 1413 3137 1467 Fortassis
3179 1420 3262 1466 est
3314 1414 3410 1484 qui
3446 1415 3596 1468 dicat
3631 1430 3644 1466 :

1952 1498 2087 1562 Quae
2141 1500 2351 1554 utilitas
2402 1500 2461 1553 in
2519 1502 2690 1570 gestis
2743 1500 2999 1572 legendis
3043 1517 3158 1553 esse
3218 1501 3454 1555 valeat?
3508 1502 3644 1555 Huic

1953 1588 2381 1656 respondemus,
2419 1588 2551 1658 quia
2613 1588 2870 1658 quisquis
2901 1590 3132 1642 alterius
3180 1595 3340 1659 gesta
3397 1587 3556 1658 legit,
3598 1589 3643 1642 si

1952 1674 2100 1726 bona
2157 1681 2309 1739 sunt,
2359 1675 2573 1728 invenit
2621 1677 2772 1746 quod
2829 1681 3116 1746 sequatur,
3152 1677 3198 1729 si
3259 1677 3425 1742 mala,
3475 1677 3645 1731 habet

1956 1762 2101 1814 unde
2148 1768 2516 1817 exterreatur.
2568 1765 2730 1816 Gesta
2782 1780 3027 1835 namque
3086 1764 3316 1818 alterius
3347 1766 3558 1834 legere,
3585 1765 3644 1818 in

1953 1850 2242 1919 speculum
2264 1852 2340 1917 (3)
2372 1855 2455 1904 est
2472 1852 2766 1921 respicere.
2803 1852 2860 1906 Si
2893 1851 3032 1922 quid
3060 1852 3117 1906 in
3149 1870 3215 1905 eo
3267 1851 3441 1914 vides,
3491 1852 3640 1922 quod

1953 1936 2057 1990 tibi
2086 1937 2401 2007 displiceat,
2429 1937 2486 1991 in
2522 1944 2576 1992 te
2609 1939 2828 2008 corrige
2864 1955 2876 1993 :
2921 1940 2966 1992 si
2997 1939 3155 2010 quid,
3216 1941 3368 2010 quod
3401 1940 3639 2010 placeat,

1954 2023 2204 2078 imitare.
2269 2028 2461 2080 Cesset
2545 2027 2908 2096 praelocutio;
2992 2027 3419 2096 praelocutionis
3476 2043 3646 2082 causa

1957 2117 2252 2182 sequatur.

1955 2247 2188 2301 ANNUS
2222 2245 2491 2300 CHRISTI
2541 2246 2662 2304 Ml],
2713 2246 2766 2301 S.
2822 2247 3101 2300 HENRICI
3153 2246 3571 2301 IMPERANTIS
3603 2249 3644 2302 Ι.

2028 2371 2084 2424 4.
2123 2369 2418 2424 Millesimo
2448 2369 2695 2423 secundo
2715 2386 2863 2422 anno
2890 2369 2959 2422 ab
2990 2368 3381 2422 Incarnatione
3400 2368 3645 2422 Domini.

1962 2457 2270 2511 lndictione
2325 2457 2657 2511 duodecima
2711 2457 2802 2525 (4),
2866 2457 2994 2510 Otto
3077 2457 3277 2510 tertius
3340 2457 3650 2526 imperator

1957 2549 2265 2615 Augustus,
2300 2547 2575 2610 Paternaa,
2634 2545 2788 2614 quod
2843 2549 2926 2598 est
2979 2545 3270 2598 castellum
3331 2544 3646 2608 Romaniae,

1959 2635 2218 2688 moritur.
2275 2634 2368 2686 Vir
2408 2633 2541 2686 dum
2582 2633 2742 2703 juxta
2797 2632 3046 2703 corporis
3085 2633 3438 2702 speciositate
3487 2634 3650 2685 ﬂori-

1959 2723 2083 2789 dus,
2127 2738 2350 2775 morum
2385 2721 2663 2791 probitate
2717 2722 3024 2786 modestus,
3062 2727 3225 2774 aetate
3291 2720 3522 2790 quidem
3549 2720 3650 2789 ju-

1958 2810 2133 2875 venis,
2189 2810 2284 2863 sed
2328 2809 2579 2879 ingenua
2634 2809 2941 2878 capacitate
3013 2809 3226 2872 senilis,
3299 2808 3648 2879 benignitate

1958 2897 2254 2952 mirabilis.
2311 2899 2373 2950 lu
2451 2899 2610 2966 cujus
2658 2897 2832 2966 gestis
2903 2896 3218 2950 scribendis
3268 2895 3402 2949 satis
3452 2895 3649 2948 avidus

1959 3003 2162 3054 essem,
2197 2987 2243 3038 si
2291 2989 2386 3039 aut
2451 2985 2782 3039 memoriter
2840 2990 3115 3052 tenerem,
3175 2989 3271 3036 aut
3347 2985 3645 3036 relatoreni

1959 3080 2175 3125 certum
2203 3073 2490 3126 haberem.
2554 3074 2663 3126 lloc
2721 3077 2940 3125 tantum
2990 3073 3123 3137 scio,
3176 3071 3331 3142 quia,
3388 3071 3649 3140 quamvis

1961 3159 2019 3213 in
2076 3160 2346 3230 primaeva
2387 3165 2552 3213 astate
2629 3161 2874 3229 plurima
2947 3159 3249 3230 pueriliter
3303 3159 3530 3230 egisset,
3590 3158 3649 3211 in

1960 3248 2240 3317 supremis
2291 3247 2871 3317 irreprehensibiliter
2903 3246 3140 3300 vivebat.
3176 3247 3356 3300 Deum
3401 3247 3647 3310 amabat,

152 3353 242 3390 nes
295 3337 469 3404 hujus
526 3335 721 3388 smculi
773 3351 877 3388 nec
929 3335 1267 3404 probatione
1329 3352 1432 3389 nec
1509 3335 1847 3405 purgatione
1880 3327 1919 3381 C
1957 3337 2197 3390 amando
2229 3336 2484 3402 timebat,
2543 3335 2808 3389 omnibus
2865 3335 3142 3405 placebat,
3181 3333 3398 3387 nemini
3447 3334 3646 3402 displi-

154 3425 480 3495 indigeant:
525 3429 626 3476 aut
659 3441 726 3476 eo
761 3423 928 3476 modo
959 3423 1115 3487 boui,
1152 3434 1233 3490 ut,
1269 3423 1315 3476 si
1373 3440 1473 3494 per
1513 3424 1851 3477 tentatioues

155 3515 534 3581 pulsarentur,
576 3512 832 3565 fortassis
887 3526 992 3581 pro
1054 3513 1287 3564 modulo
1327 3511 1704 3580 simplicitatis
1735 3527 1851 3564 suae

156 3601 657 3656 deteriorarentur.
705 3600 914 3654 Taliter
967 3605 1036 3668 (Ι)
1086 3617 1222 3671 ergo
1265 3617 1367 3653 nec
1416 3601 1472 3653 in
1521 3602 1640 3653 luto
1679 3600 1849 3669 hujus

157 3691 343 3743 mundi
374 3688 818 3742 conversatione
876 3687 1180 3754 fmdantur,
1216 3694 1276 3740 ut
1330 3705 1432 3756 per
1461 3704 1547 3752 ea,
1594 3703 1720 3756 quze
1753 3703 1846 3755 pa-

156 3776 384 3843 tiuntur,
419 3783 524 3830 ant
568 3776 639 3829 ad
671 3775 1082 3829 correctionem
1144 3774 1495 3841 imitentur;
1544 3781 1659 3840 aut,
1693 3775 1739 3827 si
1768 3792 1851 3826 re-

156 3864 412 3933 sipiscere
466 3863 698 3927 nolunt,
780 3861 1151 3932 intelligant;
1210 3862 1344 3932 quia
1401 3868 1457 3914 et
1513 3862 1624 3925 hic,
1685 3867 1738 3914 et
1791 3861 1849 3914 in

156 3953 401 4007 futurum
463 3953 620 4006 mala
679 3950 1012 4004 sustinendo
1065 3951 1323 4004 damnari
1385 3951 1647 4004 debeant.
1712 3951 1851 4004 Mala

157 4045 334 4094 autem
365 4040 540 4093 bonis
568 4038 880 4107 aliquando
919 4041 997 4104 (2)
1033 4054 1146 4090 non
1189 4044 1246 4090 ut
1295 4044 1641 4104 mereantur,
1669 4038 1767 4091 sed
1795 4043 1854 4090 ut

159 4142 248 4194 per
274 4133 637 4180 tormentum
671 4131 951 4194 augeatur
998 4125 1079 4178 eis
1112 4125 1400 4189 meritum,
1438 4143 1539 4196 per
1584 4125 1851 4179 meritum

156 4216 530 4284 ampliticetur
591 4214 919 4283 praemium.
979 4213 1299 4283 Aliquando
1358 4230 1489 4267 vero
1521 4213 1658 4266 levis
1687 4215 1851 4285 culpa

157 4303 354 4369 subest,
384 4319 491 4373 pro
527 4318 645 4372 qua
678 4301 769 4354 hic
804 4301 1000 4355 leviter
1047 4301 1415 4371 castigantur,
1466 4318 1536 4355 ne
1567 4301 1623 4355 in
1656 4303 1849 4356 futuro

159 4390 392 4444 deterius
433 4390 790 4444 crucientur.
839 4391 992 4442 Bona
1049 4406 1182 4442 vero
1243 4390 1403 4442 malis
1443 4390 1848 4455 Conceduntur,

158 4483 213 4531 ut
235 4484 326 4531 aut
351 4479 428 4533 sic
458 4479 747 4549 pietatem
808 4477 904 4530 Dei
933 4484 1363 4547 recognoscant,
1399 4483 1455 4530 et
1494 4495 1526 4530 a
1565 4480 1851 4547 perversi-

160 4570 257 4619 tate
277 4584 377 4620 sua
409 4565 763 4636 recipiscant
797 4580 809 4628 ;
843 4569 939 4616 aut
981 4569 1299 4617 reservetur
1325 4564 1405 4617 eis
1465 4563 1523 4617 in
1559 4564 1846 4635 imprope-
1883 4597 1922 4649 υ

161 4653 313 4714 rium,
342 4655 498 4725 quod
555 4668 968 4722 recognoscere
1026 4653 1337 4706 noluerunt
1389 4653 1719 4722 largitorem
1748 4653 1846 4706 bo-

162 4755 365 4796 norum.

222 4831 266 4880 3.
322 4829 468 4895 Hzec,
533 4843 670 4898 quae
717 4824 1192 4896 praeseripsimus,
1252 4825 1312 4879 in
1359 4825 1625 4879 omnibus
1681 4826 1852 4896 gestis

162 4919 210 4967 et
259 4915 520 4988 scriptori
575 4921 637 4968 et
689 4913 890 4967 lectori
948 4929 1064 4966 non
1119 4913 1344 4966 inutilia
1391 4930 1510 4966 esse
1563 4917 1848 4984 putamus.

161 5001 358 5057 Scimus
405 5005 678 5074 insuper,
734 5006 792 5055 et
849 5001 1162 5071 saepissime
1236 5002 1516 5060 audimus,
1605 5001 1738 5071 quia
1793 5000 1853 5054 in

162 5093 408 5146 omnibus
474 5090 710 5162 scriptis
789 5089 1101 5160 antiquitas
1177 5089 1432 5143 delitiose
1505 5093 1850 5154 veneratur;

161 5180 356 5234 novitas
384 5179 692 5235 fastidiose
763 5177 1111 5248 repudiatur.
1162 5177 1269 5231 Sed
1324 5193 1452 5246 qua:
1496 5176 1854 5245 recipiuntur

165 5271 214 5320 ut
230 5270 477 5341 antiqua,
506 5267 624 5324 nisi
661 5265 884 5337 primus
915 5270 1103 5319 essent
1159 5281 1321 5326 nova,
1373 5281 1489 5318 non
1547 5268 1735 5318 essent
1759 5280 1855 5317 an-

223 5374 286 5441 (l)
347 5374 688 5443 Legendnm
744 5372 897 5426 haud
939 5371 1110 5426 dubie
1173 5372 1325 5435 tales,
1373 5386 1504 5424 cum
1561 5369 1633 5422 sit
1670 5373 1854 5423 rectus

167 5445 301 5498 verbi
327 5447 634 5510 radantur.

222 5515 290 5580 (‘2)
321 5517 486 5571 Deest
515 5515 764 5569 verbum
797 5513 1084 5565 obveniant
1117 5510 1202 5563 vel
1236 5510 1507 5564 accidunt.

173 5586 306 5714 y@j3
324 5586 536 5642 Alludit
569 5586 646 5639 ad
678 5583 928 5637 Terentii
970 5580 1255 5651 Adelphos
1294 5585 1397 5639 act.
1435 5581 1528 5646 Ill,
1579 5595 1745 5632 scena
1777 5597 1854 5644 ιν,

211 5693 221 5707 ο
249 5676 274 5704 ὅ)
315 5698 325 5710 ,

211 5693 221 5707 ο
249 5676 325 5710 ἢὸ.

1959 3424 2136 3488 cebat,
2171 3423 2280 3476 nisi
2311 3425 2455 3476 forte
2484 3423 2809 3476 inﬁdelibus
2842 3439 2854 3476 :
2880 3423 3014 3492 quia
3035 3422 3295 3476 innatum
3324 3427 3408 3475 est
3465 3422 3647 3486 bonis,

1960 3512 2123 3564 malis
2175 3511 2492 3581 displicere,
2547 3517 2602 3563 et
2654 3511 2815 3564 bonis
2865 3514 3105 3580 placere.
3166 3511 3414 3564 Tandem
3469 3509 3652 3579 qualis

1961 3602 2082 3669 ejus
2104 3605 2358 3652 anteacta
2413 3599 2528 3652 vita
2585 3599 2804 3666 fuisset,
2862 3599 2918 3650 in
2955 3603 3134 3663 morte
3191 3598 3388 3667 ipsius,
3441 3596 3537 3667 qui
3569 3596 3651 3650 af-

1960 3689 2210 3748 fuerunt,
2275 3686 2466 3739 videre
2515 3690 2844 3755 potuerunt.
2905 3686 3238 3756 Quicunque
3296 3684 3650 3738 eniminter-

1961 3775 2085 3842 fuit,
2119 3774 2176 3827 in
2208 3773 2504 3828 devotione
2537 3775 2658 3841 ejus
2693 3772 3014 3842 intelligere
3074 3773 3280 3842 potuit,
3340 3773 3476 3842 quia
3531 3789 3649 3826 non

1961 3863 2120 3926 obiit,
2158 3863 2249 3916 sed
2283 3863 2352 3916 ad
2410 3861 2755 3915 desiderium
2813 3877 2978 3913 suum
3036 3861 3322 3931 singulare
3365 3859 3644 3928 migravit.

1960 3953 2041 4005 Ad
2088 3957 2398 4004 creatorem
2449 3956 2707 4004 creatura
2777 3950 2960 4003 ﬁdelis
2992 3965 3056 4002 ex
3112 3954 3238 4002 voto
3295 3949 3478 4001 redire
3525 3965 3650 4018 pro-

1960 4041 2197 4108 peravit.
2233 4039 2404 4107 Cujus
2453 4055 2563 4090 non
2615 4038 2820 4104 obitus,
2882 4037 2979 4090 sed
3039 4037 3308 4089 transitus
3365 4035 3644 4096 omnium,

1961 4127 2059 4197 qui
2112 4143 2263 4180 sana:
2317 4126 2523 4178 mentis
2582 4132 2762 4190 erant,
2823 4126 3007 4178 luctus
3065 4124 3358 4192 mirabilis,
3419 4124 3646 4194 plantus

1962 4221 2077 4269 erat
2118 4215 2486 4268 incredibilis.

2031 4306 2081 4357 5.
2144 4303 2314 4356 Dolor
2364 4308 2511 4355 esset
2560 4301 2730 4355 etiam
2780 4300 3134 4367 insanabilis,
3195 4299 3304 4354 nisi
3367 4304 3653 4369 superstes

1962 4391 2014 4445 ei
2043 4390 2342 4444 exstitisset
2397 4390 2691 4444 Heinricus
2739 4391 2850 4444 dux
2881 4389 3183 4456 gloriosus,
3228 4391 3283 4440 et
3331 4386 3415 4440 vir
3443 4386 3514 4439 ad
3570 4402 3650 4438 re-

1961 4495 2138 4548 gnum
2167 4478 2588 4548 suscipiendum
2635 4481 2916 4530 strenuus.
2963 4477 3014 4529 Is
3071 4480 3205 4528 tunc
3238 4474 3512 4542 temporis
3543 4475 3648 4527 du-

1962 4571 2149 4620 catum
2177 4565 2233 4618 in
2280 4565 2602 4618 Bavariensi
2644 4580 2818 4633 regno
2883 4564 3125 4627 tenebat,
3181 4563 3459 4632 populum
3505 4561 3654 4631 paci'

1965 4656 2065 4708 tice
2094 4655 2347 4723 regebat,
2374 4669 2569 4722 pacein
2627 4651 3025 4721 ampliticaliat,
3074 4649 3438 4704 ecclesiarum
3470 4649 3652 4702 facul-

1963 4747 2105 4795 tates
2131 4741 2392 4810 augebat,
2425 4741 2576 4808 leges
2606 4743 2662 4792 et
2694 4739 2997 4806 religiones
3049 4737 3472 4808 magniﬁcabat.
3503 4737 3653 4790 Tan-

1963 4829 2091 4882 dem
2125 4827 2292 4881 sicin
2348 4827 2554 4881 ducatu
2581 4826 2735 4894 vixit,
2796 4827 2950 4896 quod
3007 4825 3272 4879 omnibus
3323 4824 3553 4895 placuit,
3591 4828 3656 4877 ut

1963 4915 2030 4968 de
2087 4915 2294 4968 ducatu
2347 4915 2807 4968 transduceretur
2863 4914 2932 4968 ad
2997 4929 3261 4985 regnum,
3321 4912 3390 4966 de
3452 4911 3654 4966 vexillo

1962 5004 2326 5056 extollerctur
2373 5002 2432 5056 in
2481 5003 2687 5056 solium
2745 5002 3174 5056 hereditarium.
3238 4999 3655 5055 Hereditarium

1963 5089 2203 5143 dicimus
2254 5105 2267 5154 ;
2320 5091 2470 5160 quia,
2544 5096 2607 5144 ut
2669 5090 2738 5144 ab
2803 5090 2909 5157 liis,
2979 5089 3344 5160 genealogias
3410 5103 3655 5158 compu-

1963 5183 2084 5231 tare
2117 5185 2409 5244 noverant,
2439 5179 2778 5253 audivimus,
2816 5195 2849 5232 a
2902 5179 3105 5231 Karolo
3135 5193 3345 5247 magno
3395 5191 3462 5228 ex
3496 5180 3655 5245 parte

1963 5267 2140 5336 patris
2181 5266 2462 5321 decimam
2507 5267 2853 5336 septimam;
2897 5283 2968 5328 ex
3023 5270 3183 5335 parte
3250 5262 3464 5327 matris,
3499 5261 3655 5315 deci-

2033 5369 2106 5439 (4)
2162 5371 2349 5425 Voluit
2404 5372 2590 5425 dicere
2640 5371 2856 5426 decima
2905 5371 3152 5441 quinta;
3210 5369 3444 5441 fortasse
3493 5383 3652 5420 ama-

1965 5441 2194 5518 nuensis
2223 5442 2562 5518 aliquisper
2588 5458 2656 5495 xv
2710 5439 3072 5518 descripserit
3097 5439 3250 5509 quod
3299 5439 3655 5518 alter;mlitaf

1963 5511 2179 5581 veritin
2200 5528 2296 5572 xu.
2320 5507 2383 5564 ut
2411 5507 2616 5565 clarius
2668 5507 2986 5581 pateblt'in
3033 5507 3184 5562 anno
3236 5507 3494 5579 sequenti
3553 5507 3652 5577 qui

1965 5579 2221 5652 signatur
2249 5581 2560 5635 lndictione
2595 5598 2630 5635 ι.
2669 5579 2683 5581 ⁷
3497 5583 3501 5586 ’
