3976 6402
317 437 375 489 9l
1629 437 1684 491 S.
1729 433 2012 491 HENRICI
2053 432 2528 489 IMPERATORIS
3771 440 3833 490 9'2

316 568 470 607 mam
500 556 718 607 sextam
752 552 959 606 lineam
998 552 1433 624 propagationis
1481 554 1726 609 tenebat.
1778 556 2019 625 Insuper
2057 555 2102 608 A
2136 554 2330 619 licum,
2355 553 2602 624 majores
2648 558 2812 608 erant
2857 553 2916 610 in
2951 571 3152 626 regno,
3187 557 3380 612 Benno
3421 559 3541 612 Dux
3582 559 3641 612 in
3665 561 3834 615 Saxo-

317 641 519 695 tertius
540 642 669 696 Otto
696 642 770 710 (5)
798 646 927 712 post
957 641 1179 696 obitum
1220 644 1280 696 in
1314 643 1526 714 Regem
1571 643 1906 714 eligebatur,
1965 648 2022 696 et

314 729 426 801 ipsi
481 729 714 784 tertium
791 729 859 783 ad
907 729 1146 784 invicem
1198 731 1708 801 consanguinitatis
1779 731 2018 800 gradum

315 817 609 873 tenebant.
672 818 846 872 Mater
903 823 1095 872 autem
1154 834 1256 872 sua
1307 819 1550 873 Conradi
1588 819 1740 890 regis
1789 819 1863 889 (6)
1913 819 2022 872 fuit

317 907 455 961 ﬁlia.

390 998 437 1049 6.
499 995 596 1050 His
649 995 1100 1049 antecessoribus
1170 999 1394 1048 exortus
1441 1010 1731 1048 successor
1774 995 2020 1064 ingenus

318 1082 571 1152 eligitur,
613 1088 670 1137 et
698 1089 758 1136 ut
790 1084 903 1138 Rex
938 1084 1056 1144 ﬁat,
1090 1083 1160 1136 ab
1191 1082 1457 1137 omnibus
1501 1082 1877 1136 desideratur.
1910 1082 2019 1136 Sed

317 1171 567 1240 qualiter
599 1172 668 1224 ad
714 1187 951 1240 regnum
1006 1171 1077 1224 ab
1117 1171 1224 1237 his,
1261 1170 1360 1241 qui
1389 1187 1541 1224 sanae
1600 1170 1809 1224 mentis
1834 1176 2017 1237 erant,

315 1259 588 1313 invitatus
619 1259 789 1313 fuerit
825 1275 837 1324 ;
877 1259 1124 1328 qualiter
1160 1258 1333 1312 etiam
1376 1258 1594 1312 invidia
1623 1259 1876 1312 virorum
1914 1258 2018 1312 bo-

315 1363 525 1401 norum
583 1347 901 1400 comitatrix
934 1363 1036 1416 per
1076 1363 1207 1400 suos
1257 1348 1528 1400 satellites
1590 1347 1692 1418 [id]
1737 1347 2017 1418 impedire

317 1432 638 1499 tentaverit,
706 1449 810 1487 nec
875 1432 1018 1486 mihi
1085 1433 1444 1486 fastidiosum
1497 1437 1586 1486 est
1636 1433 1845 1498 dicere,
1913 1449 2018 1487 nec

313 1521 514 1575 ceteris
543 1523 900 1591 superlluum
931 1520 1150 1575 audire.
1205 1521 1479 1575 Invidiam
1513 1521 1794 1574 bonorum
1838 1520 2015 1574 comi-

314 1609 572 1664 tatricem
605 1626 696 1662 me
723 1609 929 1663 dixisse
959 1626 1029 1664 ne
1085 1608 1306 1662 mireris
1338 1626 1350 1663 :
1393 1611 1530 1681 quia
1589 1609 1684 1662 ubi
1719 1609 2018 1663 abundant

315 1704 544 1752 strenue
599 1702 776 1768 gesta,
858 1697 1114 1752 abundat
1169 1702 1225 1750 et
1276 1697 1508 1752 invidia.
1573 1699 1730 1752 Unde
1781 1697 2014 1768 quidam

315 1785 694 1856 Philosophus
750 1785 1135 1856 interrogatus
1187 1803 1219 1839 a
1261 1785 1540 1856 discipulo
1598 1803 1700 1841 suo
1769 1786 2018 1856 qualiter

313 1874 500 1928 vivere
552 1879 764 1945 posset,
816 1879 883 1928 ut
939 1874 1286 1929 invidiorum
1343 1875 1698 1928 corrosiones
1769 1873 2022 1928 devitare

312 1962 547 2029 valeret,
580 1962 924 2033 respondit:
985 1963 1072 2016 Nil
1103 1962 1270 2028 bene,
1304 1963 1384 2015 nil
1440 1968 1690 2028 strenue,
1751 1962 1830 2015 nil
1881 1978 2021 2032 pru-

312 2050 516 2105 denter
546 2055 780 2121 agas,et
802 2050 883 2104 ita
933 2055 988 2103 te
1031 2066 1199 2119 posse
1258 2050 1637 2104 detractiones
1693 2050 2020 2104 invidorum

315 2138 604 2192 declinare
633 2138 796 2192 scias.
829 2141 942 2191 Aut
986 2137 1166 2208 igitur
1195 2140 1401 2193 stultus
1453 2144 1594 2205 esto,
1659 2143 1717 2192 et
1743 2138 2020 2192 invidiam

316 2226 646 2292 declinato;
709 2230 810 2280 aut
859 2227 1174 2296 prudenter
1227 2227 1384 2298 agito
1443 2233 1498 2282 et
1545 2227 1822 2280 invidiam
1850 2226 2021 2281 susti-

315 2321 472 2370 neto.

388 2408 440 2456 7.
474 2402 681 2458 Ottone
712 2418 848 2473 ergo
879 2403 1296 2472 gloriosissimo
1349 2403 1700 2472 Imperatore
1732 2403 2018 2471 defuncto,

317 2490 610 2561 Cisalpini,
658 2490 758 2561 qui
815 2507 945 2545 cum
1005 2509 1073 2546 eo
1131 2496 1313 2557 erant,
1353 2491 1816 2562 archiepiscopus
1867 2492 2024 2546 Colo-

315 2579 554 2645 niensis,
603 2579 854 2649 episcopi
917 2579 1294 2645 Leodicensis,
1345 2579 1724 2650 Augustensis
1775 2584 1832 2634 et
1874 2581 2020 2634 Con-

315 2668 667 2732 stantiensis,
702 2669 830 2722 Otto
869 2668 1022 2722 ﬁlius
1062 2668 1266 2737 Caroli,
1297 2669 1572 2722 Henricus
1627 2673 1684 2722 et
1712 2669 2022 2723 Juncman-

316 2772 424 2810 nus
479 2755 748 2824 Comites,
791 2761 849 2810 et
875 2757 1049 2811 ceteri
1079 2758 1450 2828 quamplures
1479 2757 1728 2810 ﬁdeliter
1766 2761 2017 2828 agentes,

314 2861 447 2899 cum
475 2845 725 2898 maxima
783 2844 1118 2900 difﬁcultate
1171 2850 1227 2899 et
1281 2845 1551 2915 periculis
1613 2845 1876 2916 pluribus
1919 2863 2022 2916 per

314 2935 615 2993 Veronam.
676 2949 779 3004 per
845 2935 1157 2998 Bavariam,
1219 2935 1458 2988 cadaver
1511 2933 1690 3005 ipsius
1743 2933 2018 3006 [reporta-

315 3021 472 3076 bant.
501 3021 719 3086 Quibus
781 3023 900 3075 Dux
952 3021 1342 3076 nobilissimus
1388 3038 1520 3077 cum
1579 3023 1861 3077 Bavaricis
1892 3023 2020 3094 Epi-

315 3108 498 3179 scopis
521 3115 578 3163 et
607 3109 926 3164 Comitibus
957 3110 1186 3164 obviam
1220 3111 1396 3176 venit,
1425 3127 1634 3180 corpus
1675 3111 1915 3164 senioris
1946 3110 2017 3181 (Τ)
2048 3113 2088 3168 C

316 3201 373 3250 et
402 3196 812 3266 consanguinei
858 3197 968 3260 sui,
1009 3214 1123 3267 qua
1177 3197 1388 3263 decuit,
1445 3199 1810 3252 veneratione
1840 3215 2022 3252 susce-

316 3283 420 3354 pit,
457 3289 640 3338 totum
691 3283 1028 3351 exercitum,
1070 3301 1183 3355 qua
1228 3285 1426 3349 debuit
1480 3286 1820 3341 liberalitate
1867 3303 2020 3341 rece-

316 3372 402 3442 pit
424 3374 495 3440 (8)
523 3392 538 3439 ;
572 3387 674 3442 per
704 3377 916 3426 terram
947 3389 1128 3439 suam,
1164 3390 1278 3444 qua
1308 3374 1562 3444 oportuit
1617 3375 2022 3429 commoditate

317 3460 610 3515 conduxit.
643 3461 894 3514 Tandem
954 3461 1266 3534 Muneborg
1322 3463 1682 3533 perveniens,
1735 3464 1856 3534 ipse
1906 3464 2023 3518 suis

317 3549 574 3604 humeris
599 3565 807 3618 corpus
867 3550 1235 3620 Imperatoris
1289 3550 1347 3604 in
1399 3550 1685 3606 civitatem
1740 3552 2020 3619 subvexit,

316 3637 545 3708 pietatis
571 3638 895 3709 exemplum
927 3643 982 3691 et
1013 3637 1384 3692 humanitatis
1441 3638 1717 3693 exhibens
1747 3638 2019 3706 debitum,

313 3725 627 3781 exercitum
657 3726 926 3780 diurnare
975 3726 1128 3792 fecit,
1161 3730 1220 3779 ut
1275 3730 1333 3780 et
1367 3725 1476 3796 ipsi
1528 3725 1598 3780 de
1650 3726 1918 3793 utilitate,
1969 3731 2027 3780 et

317 3814 706 3868 consolatione
753 3816 918 3886 regni
969 3817 1456 3887 colloquerentur,
1491 3823 1549 3871 et
1606 3816 1745 3888 equi
1800 3815 2026 3870 itineris

317 3901 676 3971 longitudine
715 3901 847 3956 fessi
877 3908 1290 3966 recrearentur.
1326 3904 1409 3958 Ibi
1468 3904 1792 3974 quibusque
1824 3904 2024 3957 melio-

320 3989 478 4042 ribus
511 3990 668 4059 regia
695 3990 846 4044 dona
897 3991 1129 4057 faciens,
1174 3991 1367 4062 junxit
1415 3991 1525 4044 sibi
1581 4008 1684 4062 per
1715 3991 2025 4045 amicitiam

320 4093 466 4148 quos
497 4078 864 4147 postmodum
885 4084 1251 4148 suscepturus
1281 4085 1403 4133 erat
1431 4078 1491 4132 in
1521 4078 1810 4132 militiam.

391 4168 444 4220 8.
481 4165 693 4218 Deinde
733 4181 862 4219 cum
920 4182 1158 4237 corpore
1203 4183 1383 4238 usque
1423 4171 1740 4236 Augustam
1790 4165 2026 4220 veniens

322 4251 381 4306 in
445 4251 678 4307 basilica
741 4254 794 4309 S.
853 4255 1017 4322 Afrae,
1076 4255 1231 4325 juxta
1299 4257 1623 4326 sepulcrum
1674 4255 1729 4310 S.
1783 4254 2027 4310 Udalrici

276 4398 280 4401 _
321 4341 719 4396 decentissime
774 4343 1002 4413 sepeliri
1048 4344 1418 4414 Imperatoris
1473 4343 1746 4398 interiora
1785 4343 1934 4406 fecit,
1969 4349 2024 4397 et

319 4446 424 4500 pro
454 4431 649 4486 anima
676 4431 799 4501 ejus
849 4431 1036 4486 eidem
1095 4432 1348 4487 ecclesiae
1392 4436 1620 4487 centum
1678 4449 1909 4487 mansos
1956 4447 2022 4486 ex

320 4519 553 4589 propria
580 4519 892 4574 hereditate
938 4522 1233 4575 concessit.
1295 4521 1376 4575 lbi
1431 4520 1750 4574 valedicens
1798 4519 2020 4583 ceteris,

321 4606 442 4675 ipse
472 4607 540 4660 ad
575 4609 806 4679 propria
837 4609 1132 4664 remeavit.
1184 4611 1405 4680 Corpus
1469 4626 1604 4663 vero
1635 4608 2022 4680 Imperatoris,

319 4694 666 4765 Aquisgrani
709 4703 1093 4752 transvectum
1136 4699 1473 4766 honorifice,
1508 4701 1570 4752 ut
1620 4697 1805 4752 adhuc
1843 4695 2026 4751 videri

320 4788 525 4852 potest,
562 4783 621 4837 in
668 4786 858 4839 medio
915 4789 1186 4841 ecclesias.
1248 4789 1304 4843 S.
1372 4787 1562 4842 Marias
1601 4787 1891 4856 sepultum
1916 4791 2022 4839 est.

321 4871 502 4934 Quam
549 4872 843 4927 ecclesiam
901 4873 1052 4928 idem
1109 4875 1555 4946 benignissimus
1614 4876 1934 4946 Imperator
1971 4879 2029 4927 et

324 4959 490 5013 unice
521 4959 734 5026 dilexit,
765 4965 822 5014 et
851 4961 1100 5031 plurima
1133 4963 1397 5016 facultate
1450 4963 1669 5017 ditavit.

394 5050 446 5101 9.
478 5049 634 5102 Tunc
665 5048 940 5118 temporis
998 5056 1127 5120 post
1177 5050 1507 5105 Heinricum
1560 5051 1772 5104 Ducem
1804 5051 2028 5122 magni-

397 5173 470 5239 (5)
495 5173 702 5226 Locum
718 5172 871 5226 hunc
910 5177 1245 5243 corruptum
1295 5173 2028 5238 esse,recteadvertitGret—

272 5283 275 5285 -
324 5258 521 5308 serus;
583 5259 785 5297 verum
848 5243 986 5296 satis
1045 5250 1222 5314 patet,
1286 5244 1595 5313 legendum
1655 5249 1779 5313 post
1819 5246 2028 5300 Ottom’s

326 5317 475 5367 tertii
502 5313 724 5368 obitum.

396 5384 470 5452 (6)
491 5385 704 5454 Nempe
741 5383 1104 5454 Burgundiaa.

396 5459 476 5526 (7),
502 5456 692 5510 Senior
723 5472 826 5525 pro
857 5453 1116 5521 domino,
1151 5454 1317 5526 quod
1339 5453 1452 5517 hic,
1491 5453 2026 5526 iaputhitmarum

328 5528 387 5577 et
407 5525 549 5578 alios
607 5525 1315 5598 frequentissimum’est,
1387 5525 1541 5578 unde
1591 5525 1870 5580 Gallicum
1921 5529 2026 5582 sei-

360 5610 510 5649 near.
1321 5620 1325 5624 '

324 5610 673 5733 gnati-Forte
729 5668 940 5734 refecit,
986 5667 1174 5739 inquit
1219 5666 1532 5722 Gretserus.
1568 5666 1827 5742 quamvis
1856 5667 2026 5724 etiam

2135 641 2248 706 nia,
2276 642 2657 696 Herimannus
2696 643 2818 695 Dux
2858 641 2918 695 in
2950 643 3312 711 Alemannia,
3363 646 3756 702 Theodoricus
3781 648 3837 702 in

2131 728 2488 784 Lothariensi
2517 745 2716 800 regno,
2762 731 3095 785 Ekehardus
3155 732 3407 788 marchio
3456 735 3517 789 in
3546 735 3834 807 Toringia.

2133 818 2349 883 Benno,
2409 825 2471 872 ut
2510 820 2760 889 sapiens,
2814 835 2931 872 non
3002 820 3370 876 animabatur
3433 823 3503 877 ad
3571 839 3836 894 regnum,

2130 905 2314 960 sciens
2372 906 2700 960 Heinricum
2764 907 2954 978 vigere
3014 923 3134 978 prae
3186 910 3390 964 ceteris
3445 912 3516 966 ad
3574 913 3841 967 obtinen-

2130 993 2288 1048 dum.
2322 994 2605 1064 Sapientis
2657 995 2810 1048 enin:
2865 1000 2952 1050 est
2999 1013 3268 1067 spernere
3301 997 3361 1052 in
3424 999 3513 1053 his
3543 1001 3842 1070 appetitio-

2131 1098 2264 1135 nem
2294 1081 2354 1136 in
2384 1083 2596 1152 quibus
2654 1085 2758 1136 scit
2812 1084 2936 1136 tieri
2991 1101 3109 1139 non
3165 1102 3330 1154 posse
3370 1089 3841 1143 consecutionem

2130 1170 2514 1224 Theodoricus
2538 1187 2768 1241 quoque
2800 1171 3126 1226 lleinricum
3163 1174 3371 1228 Ducem
3426 1176 3486 1229 in
3509 1192 3690 1246 regno
3719 1194 3840 1232 esse

2129 1259 2312 1311 sciens
2362 1258 2654 1324 heredem,
2711 1260 2890 1313 noluit
2948 1259 3200 1331 incipere
3261 1264 3414 1332 quod
3474 1280 3588 1317 non
3649 1270 3842 1335 posset

2130 1347 2314 1400 linire.
2350 1347 2732 1401 Herimannus
2782 1365 2912 1401 vero
2961 1349 3134 1402 homo
3189 1357 3410 1420 potens,
3454 1357 3510 1405 et
3539 1352 3597 1406 in
3633 1353 3839 1407 ceteris

2130 1433 2420 1501 prudens;
2491 1433 2548 1487 in
2605 1434 2715 1489 hoc
2790 1439 2981 1488 tamen
3036 1433 3262 1504 sapiens
3311 1453 3328 1499 ;
3381 1453 3440 1490 se
3498 1454 3663 1508 posse
3721 1454 3837 1491 crc-

2129 1521 2272 1575 didit
2337 1521 2491 1592 quod
2579 1523 2949 1593 postmodum
3021 1540 3081 1577 se
3158 1539 3274 1577 non
3334 1541 3500 1594 posse
3571 1526 3838 1596 probavit

2131 1609 2461 1662 Ekehardus
2498 1615 2691 1663 autem
2749 1611 2938 1664 nescio
2991 1627 3062 1664 an
3116 1611 3176 1664 in
3233 1611 3597 1681 adipiscendo
3655 1630 3836 1685 regno

2128 1713 2288 1768 spem
2371 1702 2589 1763 tenens,
2649 1715 2720 1752 an
2789 1701 3161 1753 rebellionem
3214 1701 3515 1762 meditans,
3575 1701 3636 1755 in
3681 1703 3844 1773 regia

2131 1791 2309 1852 curto,
2352 1803 2479 1858 quae
2513 1788 2809 1854 Poleda(9)
2831 1788 3063 1854 dicitur,
3094 1804 3197 1852 per
3232 1794 3456 1843 noctem
3489 1789 3561 1844 ab
3590 1789 3844 1844 inimicis

2131 1876 2247 1930 suis
2279 1876 2594 1946 egreditur,
2637 1875 2879 1930 viriliter
2900 1892 3164 1947 pugnans
3194 1877 3554 1931 interﬁcitur.
3589 1878 3840 1932 Reman-
3929 1899 3943 1906 α

2129 1965 2200 2019 sit
2223 1964 2516 2019 contentio
2545 1964 2696 2018 inter
2727 1964 3056 2020 Heinricum
3090 1966 3299 2019 Ducem
3355 1965 3840 2036 gloriosissimum

2131 2058 2185 2107 et
2212 2053 2625 2107 Herimannum
2659 2052 2842 2106 virum
2905 2054 3388 2124 potentissimum,
3441 2054 3536 2108 sed
3569 2055 3758 2108 brevis
3790 2061 3847 2109 et

2129 2141 2242 2194 cito
2275 2141 2450 2194 ﬁnem
2485 2140 2769 2194 habitura.
2819 2140 2952 2194 Erat
2998 2157 3250 2212 namque
3309 2143 3450 2196 alter
3481 2142 3645 2196 alteri
3675 2142 3844 2197 dissi-

2134 2229 2286 2284 milis
2320 2229 2618 2282 nobilitate
2676 2232 2732 2281 et
2789 2228 3090 2299 sapientia,
3149 2230 3417 2284 facultate
3471 2235 3528 2284 et
3587 2231 3847 2302 corporis

2130 2317 2433 2386 elegantia.

2209 2408 2292 2460 l0.
2334 2405 2586 2458 lntrante
2619 2403 2794 2475 igitur
2821 2403 2990 2458 Juuio
3028 2405 3146 2458 Dux
3208 2405 3524 2474 Ileinricus,
3583 2407 3699 2461 Rex
3733 2408 3846 2462 cito

2132 2493 2379 2559 futurus,
2441 2493 2510 2546 de
2567 2493 2802 2546 Bavaria
2870 2497 2927 2546 et
2974 2492 3261 2548 Orientale
3320 2494 3556 2548 Francia
3603 2497 3847 2549 collecta

2131 2581 2500 2636 multitudine
2527 2597 2645 2634 non
2687 2580 2936 2649 modica,
2991 2597 3163 2650 super
3219 2582 3484 2637 Rhenum
3515 2585 3846 2639 Wormatie:

2131 2670 2306 2734 venit,
2364 2669 2602 2740 cupiens
2659 2668 2740 2722 ibi
2795 2668 3059 2733 transire,
3091 2673 3147 2723 et
3170 2671 3519 2741 Moguntiam
3579 2671 3645 2726 ad
3679 2689 3845 2744 rega-

2129 2760 2245 2814 lem
2305 2758 2762 2813 benedictionem
2812 2757 3242 2828 percipiendam
3312 2759 3526 2813 venire.
3583 2759 3688 2814 Sed
3725 2763 3845 2815 Dux

2134 2847 2538 2912 Herimannus,
2606 2846 2872 2900 adunatis
2957 2846 3290 2901 Alemannis
3365 2853 3422 2901 et
3491 2848 3846 2918 quibusdam

2135 2934 2384 3000 Francis,
2417 2939 2474 2987 et
2527 2933 2958 2998 Alsatientibus,
3020 2934 3391 2989 Wormatiam
3422 2935 3493 2988 ad
3549 2936 3848 2990 contradia

2131 3023 2378 3078 cendum
2430 3022 2734 3076 transitum
2807 3021 3116 3088 festinavit,
3170 3022 3366 3094 ibique
3431 3022 3675 3078 transire
3740 3040 3849 3078 nec

2131 3127 2311 3167 unum
2341 3110 2620 3181 permisit.
2656 3111 2722 3164 Et
2770 3110 2934 3164 facile
2961 3109 3225 3164 resistere
3272 3115 3516 3182 poterat,
3570 3110 3670 3182 qui
3700 3111 3850 3166 Rhe-

2131 3216 2270 3254 num
2329 3199 2656 3270 adjutorem
2713 3199 2981 3254 habebat.
3047 3199 3219 3253 Erant
3277 3205 3470 3254 autem
3511 3216 3640 3254 cum
3694 3200 3849 3254 Duce

2137 3287 2400 3342 Heinrico
2433 3286 2538 3341 viri
2567 3287 2815 3342 illustres
2847 3298 2904 3341 et
2959 3287 3398 3358 sapientissimi;
3451 3288 3849 3359 Archiepisco-

2130 3391 2239 3446 pus
2285 3375 2669 3443 Moguntinus,
2718 3375 3182 3446 archiepiscopus
3220 3375 3674 3447 Salzburgensis,
3710 3377 3847 3447 Epi-

2132 3480 2334 3534 scopus
2397 3463 2721 3529 Brixiensis,
2784 3462 3094 3534 Episcopus
3148 3462 3658 3533 Wirzeburgensis,
3713 3465 3847 3535 Epi-

2132 3569 2334 3623 scopus
2401 3550 2984 3622 Regenesburgensis,
3042 3549 3352 3620 Episcopus
3429 3550 3847 3621 Strasburgen-

2131 3642 2227 3708 sis,
2298 3640 2613 3712 Episcopus
2672 3639 3042 3703 Bataviensis,
3130 3639 3438 3710 Episcopus
3520 3639 3845 3702 Frisiensis,

2131 3730 2320 3784 Abbas
2395 3729 2711 3796 Fuldensis,
2785 3727 2959 3781 ceteri
3013 3727 3254 3783 Abbates
3309 3734 3366 3781 et
3417 3728 3664 3782 Comites
3723 3730 3853 3799 plu-

2134 3818 2287 3872 rimi.

2209 3909 2293 3960 ll.
2357 3906 2500 3960 Cum
2541 3904 2628 3959 his
2689 3905 2833 3973 Dux,
2889 3903 3086 3960 habito
3163 3904 3426 3972 consilio,
3478 3903 3730 3959 reditum
3793 3905 3854 3960 in

2137 3993 2433 4047 Bavariam
2467 3991 2776 4053 simulavit.
2835 3997 2892 4046 et
2949 3990 3111 4062 quasi
3165 3991 3471 4045 transitum
3512 3991 3852 4062 desperans,

2139 4081 2463 4136 Loresheim
2509 4079 2680 4133 venit.
2752 4079 2888 4134 Inde
2967 4079 3315 4150 Moguntiam
3372 4078 3668 4144 festinans,
3722 4081 3853 4133 sine

2136 4167 2550 4239 impedimento
2577 4167 2855 4222 transivit.
2901 4167 2980 4222 Ibi
3023 4172 3214 4220 octava
3246 4167 3377 4221 Idus
3431 4167 3586 4222 Junii
3642 4166 3702 4221 in
3737 4169 3851 4222 Re-

2135 4272 2265 4326 gem
2323 4255 2574 4326 eligitur,
2654 4255 3020 4319 acclamatur,
3079 4254 3454 4318 benedicitur,
3510 4262 3850 4309 coronatur.

2140 4344 2220 4398 lbi
2257 4343 2452 4398 Franci
2484 4348 2540 4396 et
2569 4343 2933 4398 Musellenses
2963 4343 3072 4413 (l0)
3121 4343 3485 4406 conveniunt,
3521 4342 3693 4413 Regis
3722 4345 3852 4397 efti-

2133 4432 2381 4499 ciuntur,
2417 4437 2473 4486 et
2524 4431 2877 4502 majestatcm
2927 4431 3050 4502 ejus
3101 4447 3165 4485 ex
3218 4430 3412 4484 debito
3470 4437 3848 4484 venerantur.

2135 4520 2442 4576 Celebratis
2473 4519 2649 4589 igitur
2667 4520 2871 4574 diebus
2905 4519 3288 4573 ordinationis
3319 4535 3456 4582 suae,
3507 4525 3563 4572 et
3610 4521 3854 4588 quibus-

2135 4626 2246 4680 que
2277 4609 2635 4663 venientibus
2664 4607 2722 4662 in
2756 4608 3018 4662 militiam
3069 4608 3365 4677 susceptis,
3401 4608 3514 4662 Rex
3573 4607 3854 4664 Rhenum

2135 4697 2342 4751 iterum
2379 4697 2625 4760 transiit,
2656 4713 2788 4752 cum
2839 4696 3088 4751 maxima
3115 4697 3484 4750 multitudine
3517 4712 3618 4766 per
3639 4697 3853 4751 Orien-

2137 4785 2309 4840 talem
2368 4785 2660 4840 Franciam
2714 4785 2773 4838 in
2807 4784 3203 4838 Alemanniam
3268 4786 3346 4837 ire
3406 4785 3761 4854 properavit,
3790 4792 3855 4840 ut

2138 4874 2539 4940 Herimannus,
2571 4874 2767 4927 audita
2802 4874 3189 4927 devastatione
3229 4878 3397 4926 terra:
3438 4889 3555 4926 suae
3583 4889 3613 4924 a
3659 4869 3872 4944 ccepta'

2135 4962 2447 5017 rebellione
2477 4962 2794 5024 desisteret,
2846 4967 2902 5014 et
2949 4966 3138 5029 caput,
3172 4966 3236 5014 ut
3290 4961 3482 5026 ceteri,
3523 4959 3700 5030 regia:
3736 4978 3857 5016 ma-

2129 5051 2321 5120 jestati
2352 5051 2650 5105 subderet.
2697 5051 2758 5105 In
2806 5049 3160 5104 Alemanniis
3198 5049 3376 5120 igitur
3433 5049 3551 5102 Rex
3583 5051 3859 5120 pluribus

2137 5173 2381 5244 intelligi
2460 5174 2658 5244 possit,
2707 5173 3018 5228 exercitum
3062 5173 3404 5229 liberalitate
3453 5173 3858 5240 conciliatum,

2135 5246 2394 5316 adeoque
2427 5252 2720 5316 receptum
2753 5245 2946 5316 fuisse.

2208 5315 2281 5385 (9)
2313 5316 2542 5369 Celebre
2558 5314 2683 5368 fluit
2717 5331 2816 5381 per
2863 5314 2918 5368 id
2951 5319 3178 5381 tempus
3224 5314 3500 5383 palatium
3533 5331 3566 5366 a
3596 5315 3654 5370 S.
3714 5319 3862 5370 Hen-

2136 5388 2248 5440 rico
2273 5402 2422 5455 saepe
2480 5387 2927 5451 frequentatum,
2985 5392 3047 5439 ut
3086 5387 3212 5456 lege
3261 5388 3412 5456 apud
3446 5387 3773 5441 Ditmarum
3803 5393 3862 5443 et

2136 5457 2196 5512 in
2225 5457 2542 5510 Annalibus
2573 5455 3115 5511 Hildesemensibus.

2208 5526 2314 5601 (t0)
2348 5527 2610 5601 Intellige
2631 5529 2971 5590 Mosellanos,
3018 5543 3118 5583 seu
3168 5542 3270 5580 eos
3305 5525 3410 5601 qui
3450 5525 3520 5581 ad
3553 5526 3860 5587 Mosellam

2138 5597 2374 5651 fluvium
2397 5597 2678 5653 incolunt.
