3976 6394
316 390 381 438 95
1621 389 1676 440 S.
1723 384 2009 442 IIENBICI
2050 385 2527 441 IMPERATOHIS
3767 393 3832 439 Uti

331 505 710 571 benedicitur,
739 511 1069 575 coronatur,
1092 510 1146 559 et
1167 506 1230 560 fit
1261 506 1530 578 Kunigun
1555 525 1582 561 a
1608 507 2022 578 Kuninga(l8),
2055 511 2100 562 Α
2140 507 2366 578 quaerit,
2426 523 2532 578 pro
2589 505 2678 561 his
2723 505 3120 580 impetrandis,
3169 507 3347 563 humo
3422 513 3588 564 tenus
3645 527 3838 580 genua

330 595 481 666 quod
519 594 716 649 Latine
741 594 1108 666 interpretari
1127 601 1333 666 potest,
1358 596 1577 667 regina,
1613 597 1829 667 regina.

399 719 486 772 l8.
521 718 628 771 Sed
654 723 716 771 ut
747 733 1068 790 numquam
1101 720 1397 783 serenitas,
1456 735 1626 788 quam
1663 735 1774 772 non
1814 735 2024 789 sequa-

330 809 426 858 tur
510 807 898 862 nubilositas:
949 807 1027 861 sic
1073 823 1200 862 raro
1256 808 1605 878 jocunditas,
1666 825 1840 879 quam
1912 824 2024 861 non

329 895 639 948 comitetur
667 896 1000 949 adversitas.
1047 897 1186 950 Nam
1241 897 1299 950 in
1355 897 1752 950 Benedictione
1810 897 2025 966 regina:

334 981 552 1036 cunctis
583 984 1019 1047 exsultantibus,
1056 983 1274 1036 Bavarii
1331 985 1606 1053 (quorum
1656 1001 1779 1038 mos
1824 991 1908 1036 est
1965 984 2024 1036 in

329 1069 518 1123 aliena
547 1075 697 1123 terra
727 1072 868 1123 velle
890 1072 1039 1140 quod
1066 1071 1122 1123 in
1173 1088 1273 1124 sua
1294 1071 1492 1125 volunt
1525 1071 1650 1142 [9]),
1706 1072 1852 1125 circa
1888 1071 2026 1124 civi-

329 1163 508 1211 tatem
541 1158 732 1228 fruges
761 1161 1053 1228 colligere,
1117 1165 1172 1212 et
1227 1160 1506 1229 agricolas
1557 1177 1661 1213 sua
1715 1161 2024 1213 defendere

322 1247 598 1312 volentes,
672 1247 1145 1300 irrationabiliter
1200 1254 1496 1318 coeperunt
1567 1254 1829 1301 tractare.
1890 1251 2023 1311 Quae

323 1351 414 1388 res
441 1335 744 1405 indigenas
790 1337 1118 1401 commovit,
1173 1342 1230 1390 et
1283 1337 1355 1390 ad
1409 1336 1792 1390 resistendum
1850 1336 2021 1390 etiam

321 1423 562 1486 fortiter,
597 1424 894 1477 animavit.
949 1425 1258 1478 Domestici
1303 1425 1480 1494 igitur
1538 1425 1709 1495 regis,
1765 1429 1820 1478 et
1869 1425 2018 1478 indi-

321 1527 506 1579 genie,
541 1511 916 1565 iuvalescente
943 1512 1330 1579 contentione,
1389 1512 1708 1576 confluunt,
1772 1528 2015 1565 concur-

325 1605 476 1659 runt,
509 1599 873 1654 conveniunt.
920 1602 1118 1669 Pugna
1147 1600 1334 1667 gravis
1361 1600 1566 1664 oritur,
1595 1616 1660 1653 ex
1694 1599 2020 1653 domesticis

323 1687 474 1756 regis
496 1687 725 1754 juvenis
785 1703 934 1740 unus
986 1687 1350 1752 interficitur,
1396 1687 1572 1740 frater
1630 1686 1847 1740 scilicet
1903 1687 2016 1740 Do-

321 1775 464 1830 mini
498 1775 748 1840 Filberti,
797 1775 898 1846 qui
947 1780 1084 1829 tunc
1127 1774 1406 1842 temporis
1435 1779 1557 1828 erat
1613 1774 2012 1841 Cancellarius,
2053 1791 2089 1844 Β

320 1863 688 1933 postmodum
745 1879 880 1918 vero
935 1863 1231 1917 Frisiensis
1280 1863 1462 1916 factus
1543 1867 1629 1916 est
1689 1863 2011 1932 episcopus.

322 1951 503 2022 Hujus
553 1950 949 2004 interfectione
1023 1965 1221 2003 omnes
1273 1950 1425 2019 regis
1493 1950 1688 2004 fideles
1742 1951 2018 2004 commoti

317 2039 588 2109 graviter,
643 2039 791 2092 cives
847 2043 1144 2108 coeperunt
1194 2037 1483 2108 persequi,
1534 2043 1590 2092 et
1667 2054 1766 2092 eos
1822 2055 2016 2109 perse-

321 2127 575 2198 quendo,
608 2125 1010 2180 insatiabiliter
1059 2126 1324 2195 grassari.
1359 2127 1426 2180 Et
1474 2126 1587 2180 nisi
1643 2126 1802 2197 regia
1861 2133 2018 2198 pote-

323 2218 470 2268 state
503 2215 911 2280 retinerentur,
945 2229 1145 2268 omnes
1184 2231 1359 2286 usque
1390 2215 1462 2269 ad
1488 2215 1850 2270 interniciem
1906 2216 2017 2286 (20)

321 2308 823 2374 persequerentur.

400 2429 482 2481 l9.
517 2427 658 2481 Cum
689 2426 942 2496 plurima
972 2427 1147 2497 igitur
1168 2428 1501 2482 difficultate
1545 2427 1742 2482 sedato
1799 2429 2015 2482 tumul-

321 2519 408 2580 tu,
436 2515 842 2586 castigatisque
902 2515 1038 2584 illis,
1081 2531 1332 2585 quorum
1379 2516 1620 2569 stultitia
1662 2532 1832 2570 causa
1877 2516 2020 2569 sedi-

318 2602 492 2657 tionis
522 2603 739 2657 extitit:
801 2604 934 2657 inde
984 2621 1079 2657 rex
1129 2604 1405 2674 Dinsberg
1435 2609 1724 2674 properat,
1757 2604 1874 2657 illic
1916 2605 2018 2658 Lo-

323 2689 703 2745 thariensium
751 2691 1059 2746 adventum
1106 2698 1408 2762 exspectat.
1476 2693 1792 2747 Occurrunt
1844 2693 2018 2764 primi

324 2778 706 2844 Leodicensis,
740 2785 795 2833 et
842 2781 1265 2836 Cameracensis
1322 2781 1595 2851 episc0pi,
1631 2781 1708 2834 nil
1741 2780 1809 2835 de
1868 2781 2018 2851 regis

327 2868 630 2938 prudentia
676 2868 1021 2931 dubitantes,
1074 2869 1151 2922 nil
1191 2869 1261 2922 de
1319 2869 1428 2923 lide
1478 2870 1600 2939 ejus
1666 2868 2013 2923 haesitantes.

327 2955 586 3010 Occurrit
660 2956 830 3010 etiam
901 2957 1249 3012 Coloniensis
1329 2957 1809 3028 archiepiscopus,
1917 2959 2015 3013 sed

329 3049 546 3114 quanto
577 3044 772 3111 ditior,
822 3051 979 3099 tanto
1029 3047 1332 3100 morosius.
1388 3047 1516 3100 Erat
1558 3046 1793 3116 insuper
1848 3063 2017 3100 causa
2050 3072 2089 3123 ρ

327 3130 640 3198 dilationis,
675 3133 983 3202 Moguntina
1032 3139 1262 3203 accepta
1313 3149 1525 3186 corona
1581 3131 2013 3186 benedictionis.

328 3219 395 3273 Ili
462 3217 630 3272 simul
680 3219 832 3288 regis
897 3220 1165 3285 efficitur,
1215 3221 1386 3274 fidem
1449 3221 1811 3291 pron'iittunt,
1891 3237 2019 3290 pro-

327 3307 563 3360 missam
590 3313 947 3360 sacramento
978 3309 1346 3360 concludunt.
1381 3309 1521 3362 Cum
1553 3308 1639 3362 his
1670 3324 1766 3361 rex
1796 3311 2014 3378 Aquas-

329 3393 494 3462 grani
543 3394 904 3463 perveniens,
993 3395 1197 3449 ceteris
1260 3396 1721 3450 Lothariensibus
1813 3412 2016 3450 conve-

335 3482 624 3536 nientibus
678 3482 737 3535 in
771 3482 1246 3554 nativitate,post
1276 3489 1506 3554 partum
1552 3485 1799 3552 Virginis
1853 3485 2014 3553 eligi-

333 3573 448 3636 tur,
500 3569 881 3639 collaudatur,
911 3569 969 3623 in
1000 3572 1219 3641 regiam
1249 3572 1440 3625 sedem
1467 3573 1777 3637 extollitur,
1810 3573 2019 3642 gloriﬁ-

325 3667 500 3713 catur.
572 3658 680 3712 Sed
736 3658 840 3712 sub
893 3675 961 3713 ea
1009 3660 1426 3729 gloi‘ilicatione
1488 3661 1722 3730 quidam
1781 3662 2016 3730 palmas,

327 3746 562 3816 quidam
616 3747 895 3817 lacrymas
928 3749 1265 3802 fundebant.
1317 3750 1712 3820 Lacrymantes
1772 3766 2020 3820 namque

329 3834 599 3888 Ottonem
635 3836 907 3890 dolebant
954 3837 1251 3905 amissum,
1286 3838 1590 3892 Ilenricum
1634 3855 1748 3892 non
1807 3855 2019 3908 cogno-

327 3923 559 3976 scebant
583 3931 927 3994 susceptum.

395 4028 485 4083 20.
513 4029 603 4084 Sic
647 4030 825 4100 igitur
857 4046 951 4084 rex
1001 4030 1060 4084 in
1117 4031 1308 4101 regnis
1365 4031 1604 4101 singulis
1647 4033 2022 4085 antecessoris

328 4117 438 4182 sui,
473 4123 682 4187 printer
705 4118 925 4172 Italiam
959 4124 1015 4172 et
1043 4119 1464 4183 Alcmanniam,
1527 4127 1808 4189 receptus,
1857 4126 1913 4174 et
1950 4123 2020 4174 ab

330 4205 596 4258 omnibus
653 4206 1005 4259 unanimiter
1054 4207 1432 4273 collaudatus,
1492 4207 1551 4260 in
1593 4208 1885 4262 Franciam
1931 4227 2020 4262 re-

330 4293 590 4359 vertitur,
635 4300 696 4348 nt
762 4295 840 4348 ibi
892 4295 1096 4349 hiemis
1149 4297 1452 4366 asperitate
1507 4302 1810 4363 transacta,
1891 4315 2019 4352 vere

329 4382 725 4436 amwnitntem
777 4384 1106 4452 reducente,
1161 4383 1222 4436 in
1271 4385 1668 4438 Alemanniam
1711 4387 2019 4438 exercitum

328 4469 580 4537 duceret,
604 4477 660 4524 et
679 4471 1136 4538 Hierimannum,
1152 4472 1252 4542 qui
1273 4473 1522 4526 consiliis
1544 4473 1912 4542 prudentium
1941 4474 2022 4527 uti

331 4558 581 4624 nolebat,
606 4559 843 4613 diversis
874 4559 1282 4614 vastationibus
1313 4561 1613 4624 afflictum,
1646 4561 1764 4630 pati
1805 4563 2013 4631 jugum

331 4645 588 4698 doceret.
628 4646 733 4701 Sed
768 4647 1172 4715 Herimannus,
1203 4647 1303 4719 qui
1333 4649 1571 4702 consilia
1594 4649 1874 4716 juvenum
1935 4668 2024 4703 se-

332 4733 584 4803 quendo,
619 4741 676 4788 et
707 4751 756 4802 Sf
777 4751 866 4787 em
899 4751 1137 4789 vacuam
1185 4737 1432 4789 tenendo
1470 4731 1644 4790 'extra
1698 4756 1756 4790 se
1805 4740 2025 4808 positus

331 4826 474 4885 erat,
506 4839 566 4873 se
592 4820 652 4874 in
674 4822 1043 4892 semetipsum
1094 4824 1407 4892 recollegit,
1462 4830 1516 4876 et
1563 4824 1621 4877 in
1681 4827 2024 4879 solemnitate

333 4911 388 4962 S.
416 4908 665 4978 Iteinigii
689 4909 954 4963 Brusellaz
977 4911 1085 4979 (2t)
1114 4911 1235 4980 regi
1257 4910 1481 4965 obviam
1505 4913 1676 4979 venit,
1700 4914 1882 4968 sciens
1911 4931 2028 4967 me-

329 4996 438 5049 lius
468 5013 594 5050 esse
625 5004 758 5050 ante
782 4998 1059 5052 damnum
1088 5015 1204 5053 non
1228 4999 1424 5054 fecisse
1447 4999 1754 5074 [f.,quam]
1784 5003 2024 5072 poenite-

328 5101 409 5138 re.
446 5085 622 5138 Nudis
648 5085 824 5156 igitur
845 5086 1088 5156 pedibus
1113 5103 1243 5141 cum
1262 5089 1390 5142 fidis
1413 5089 1882 5144 intercessoribus
1901 5091 2026 5162 regi

331 5189 389 5225 se
443 5181 838 5243 repraesentat,
879 5191 984 5244 pro
1027 5175 1174 5229 male
1232 5177 1552 5230 commissis
1593 5177 1817 5231 veniam
1858 5179 2022 5248 petit,

327 5261 494 5315 bonis
524 5263 642 5316 suis
673 5279 775 5333 per
806 5263 1030 5334 regium
1098 5264 1315 5318 donum
1376 5265 1735 5336 possidendis
1782 5266 2024 5338 gratiam

404 5403 766 5472 (I8)'Alludit
793 5410 992 5479 auctor
1023 5405 1093 5458 ad
1125 5421 1339 5460 nomen
1368 5406 1558 5476 huniy,
1591 5407 1745 5479 quod
1785 5409 2024 5463 Germa—

338 5475 450 5528 nia:
473 5483 574 5538 est,
608 5479 796 5542 regina
819 5478 1034 5542 huuige.

402 5549 514 5622 ita)
547 5546 731 5622 Malim
765 5548 958 5618 legere
991 5547 1200 5622 nolunt,
1235 5563 1366 5601 nam
1396 5565 1579 5618 neque
1607 5549 1804 5604 Bavari
1839 5567 2024 5622 neque

338 5615 437 5667 alii
464 5616 522 5668 in
557 5621 700 5670 terra
718 5633 816 5671 sua
830 5615 1162 5688 pra-dando
1190 5615 1542 5682 assuescunt,

2136 597 2331 651 flectit.

2207 688 2295 739 2t.
2330 683 2484 738 Illico
2505 683 2752 754 benigne
2807 684 3100 756 recipitur,
3133 691 3190 741 et
3241 685 3314 751 ei,
3348 686 3504 757 quod
3536 686 3837 758 qumrebat

2134 790 2264 827 cum
2295 773 2451 827 omni
2476 773 2821 838 humilitate,
2858 775 3204 830 conceditur.
3239 777 3484 830 Tantum
3531 776 3834 846 cujusdam

2134 861 2480 916 conditionis
2539 861 2947 916 internectitur
2997 863 3177 928 ratio;
3238 880 3388 934 quae,
3439 863 3701 932 quamvis
3763 863 3832 916 ad

2133 967 2385 1020 prmsens
2433 949 2643 1021 gravis,
2691 949 2751 1004 in
2791 951 2983 1005 futuro
3030 955 3242 1016 tamen,
3280 952 3331 1004 ei
3400 957 3523 1004 erat
3563 950 3830 1004 salubris.

2135 1041 2206 1093 Eo
2240 1039 2396 1092 enim
2439 1044 2636 1092 tenore
2685 1037 2744 1091 in
2811 1038 3055 1108 gratiam
3105 1039 3396 1110 recipitur,
3457 1044 3520 1092 ut
3558 1039 3833 1109 Argenti-

2134 1127 2326 1180 nensis
2366 1126 2602 1180 ecclesia
2631 1127 2698 1180 ad
2731 1125 3038 1197 pristinum
3083 1132 3296 1180 statum
3353 1144 3422 1181 ex
3473 1127 3834 1182 detrimentis

2131 1215 2247 1268 suis
2269 1232 2372 1286 per
2402 1215 2568 1270 illum
2600 1215 2965 1268 reformetur.
2991 1216 3150 1279 Quod
3202 1217 3296 1270 ille
3327 1232 3438 1268 non
3477 1217 3688 1282 renuit,
3730 1216 3830 1269 sed

2127 1303 2291 1374 jussu
2338 1308 2393 1357 et
2431 1304 2690 1356 consultu
2767 1302 2940 1373 regis,
3011 1303 3173 1357 dictae
3224 1303 3476 1357 ecclesia:
3536 1304 3830 1356 aliluatimi

2131 1394 2184 1447 S.
2226 1391 2522 1462 Stephani,
2560 1390 2620 1445 in
2672 1391 3264 1460 recompensationem
3322 1391 3655 1444 detrimenti
3707 1409 3738 1442 a
3773 1407 3831 1442 se

2130 1480 2292 1545 illati,
2345 1479 2608 1535 tradidit.
2667 1479 2778 1533 Hac
2823 1479 3149 1532 conditione
3197 1480 3423 1532 firmata
3472 1495 3575 1549 per
3621 1496 3832 1532 manus

2129 1575 2185 1622 et
2209 1572 2583 1634 sacramenta,
2607 1567 2756 1637 regis
2798 1567 3061 1630 eflicitur,
3095 1573 3150 1620 et
3179 1567 3257 1620 sic
3291 1585 3349 1620 se
3401 1567 3828 1620 contentionem

2130 1658 2276 1710 male
2309 1662 2550 1726 coeptam
2583 1655 2777 1708 ﬁnisse
2811 1657 3053 1708 laetatur.
3100 1655 3194 1709 His
3227 1654 3484 1724 expletis,
3524 1653 3586 1707 in
3647 1655 3825 1707 Bava-

2127 1743 2295 1812 riam,
2325 1744 2576 1798 nativam
2625 1748 2838 1797 terram
2901 1759 3083 1806 suam,
3127 1760 3226 1796 rex
3301 1742 3490 1796 redire
3548 1743 3826 1808 decrevit,

2128 1833 2331 1887 nolens
2363 1848 2536 1886 novos
2565 1831 2644 1884 sic
2675 1832 3042 1901 frequentare
3065 1831 3283 1898 ﬁdeles,
3316 1837 3381 1884 ut
3421 1832 3826 1902 postponendu

2128 1921 2553 1974 demembraret
2581 1926 2819 1973 veteres.

2195 2011 2284 2062 22.
2333 2009 2704 2078 Regensborg
2743 2007 2922 2079 igitur
2973 2009 3028 2062 S.
3093 2007 3322 2062 Martini
3376 2007 3632 2062 solennia
3687 2011 3830 2062 cele-

2125 2095 2319 2162 brans,
2351 2095 2710 2149 Blademario
2748 2095 2974 2148 cuidam
3027 2095 3221 2149 Sclavo
3278 2095 3546 2149 ducatum
3599 2095 3830 2149 Boemio

2127 2200 2352 2238 censem
2383 2183 2648 2254 largitur,
2699 2188 2850 2236 etut
2895 2182 3098 2236 ceteris
3149 2182 3554 2252 acceptabilior
3598 2183 3827 2249 existat,

2127 2273 2292 2326 illum
2351 2272 2481 2342 plus
2523 2272 2680 2341 justo
2722 2271 2910 2325 verbis
2944 2277 3000 2324 et
3045 2270 3214 2324 rebus
3238 2272 3502 2324 honorat.
3557 2271 3832 2325 Pluribus

2127 2360 2305 2430 igitur
2380 2359 2583 2413 diebus
2661 2359 2721 2413 in
2803 2359 3035 2412 Bavaria
3104 2364 3381 2419 moratur.
3431 2359 3830 2428 quaerentibus

2130 2449 2318 2518 legem
2361 2447 2647 2517 justitiam
2722 2447 2957 2509 faciens,
3021 2451 3079 2500 et
3133 2446 3404 2500 visitandi
3474 2447 3657 2517 gratia
3732 2463 3828 2500 ve-

2128 2537 2447 2600 nientibus,
2505 2535 2782 2589 honorem
2840 2539 3009 2606 prout
3077 2535 3320 2606 quisque
3393 2535 3602 2606 dignus
3679 2541 3826 2599 erat,

2128 2625 2420 2678 exhibens.

2201 2715 2288 2767 23.
2347 2711 2558 2766 Eodem
2595 2715 2851 2781 tempore
2917 2711 3154 2781 quidam
3222 2711 3626 2782 episcopicida,
3684 2713 3824 2765 Har-

2129 2801 2341 2856 duinus
2389 2800 2649 2864 nomine,
2691 2816 2806 2853 non
2858 2800 3152 2870 regnabat,
3223 2801 3320 2852 sed
3367 2799 3514 2852 vitiis
3558 2798 3616 2851 in
3650 2817 3708 2852 se
3744 2817 3830 2853 re-

2129 2888 2444 2958 gnantibus
2468 2888 2856 2942 subserviebat
2886 2888 2943 2941 in
2979 2889 3156 2941 Italia.
3200 2887 3405 2941 Audita
3440 2887 3592 2940 enim
3642 2893 3830 2941 morte

2131 2975 2491 3045 imperatoris
2525 2977 2764 3040 Ottonis,
2794 2975 3153 3046 Lougobardi
3175 2977 3329 3029 surdi
3359 2983 3410 3028 et
3447 2974 3601 3040 casei,
3642 2982 3699 3027 et
3758 2978 3830 3030 de

2128 3064 2322 3117 futuro
2359 3080 2475 3117 non
2498 3064 2742 3134 providi.
2778 3065 2930 3117 hunc
2961 3065 3279 3134 elegerunt,
3327 3070 3382 3117 et
3427 3063 3494 3116 ad
3552 3064 3834 3134 [anniten-

2131 3152 2269 3206 tiam
2326 3151 2682 3216 festinantes,
2755 3153 2814 3205 in
2864 3169 3058 3222 regem
3113 3152 3218 3205 sibi
3277 3158 3711 3206 coronavcrunt.
3783 3154 3834 3206 Is

2130 3247 2286 3306 tunc,
2317 3245 2380 3294 ut
2440 3240 2580 3305 dixi,
2622 3240 2981 3294 subserviens
3029 3241 3455 3306 dominabatur,
3511 3245 3568 3293 et
3623 3242 3832 3296 adven-

2128 3334 2250 3382 tum
2328 3328 2480 3398 regis
2524 3329 2772 3383 Heinrici
2839 3345 3066 3397 semper
3141 3334 3492 3398 exspectans,
3560 3328 3834 3384 introitus

2131 3417 2564 3487 Longobardiae,
2623 3434 2768 3487 quos
2824 3418 3020 3471 Clusas
3069 3417 3353 3485 indigenae
3413 3423 3634 3478 vocant,
3695 3433 3833 3471 cum

2129 3507 2350 3559 cautela
2380 3507 2515 3559 satis
2561 3506 2797 3575 provida
2845 3506 3132 3558 tuebatur.
3194 3505 3353 3570 Quod
3403 3507 3575 3558 etiam
3629 3523 3832 3561 verum

2132 3593 2230 3646 Dei
2264 3599 2387 3646 erat
2429 3593 2761 3661 judicium:
2809 3593 3141 3662 Episcopus,
3203 3592 3302 3662 qui
3357 3593 3633 3646 electione
3675 3593 3834 3646 illius

2131 3697 2248 3749 prae
2270 3680 2470 3733 ceteris
2493 3681 2761 3733 omnibus
2793 3687 3104 3733 aestuantes
3160 3686 3216 3734 et
3274 3681 3530 3732 sitientes
3569 3683 3831 3746 fuerunt,

2131 3769 2447 3822 honorabat
2471 3776 2532 3822 ut
2562 3769 2855 3835 bulbucos,
2889 3769 3169 3821 tractabat
3228 3774 3290 3821 ut
3337 3769 3621 3821 subulcus.
3681 3769 3836 3833 Qua-

2131 3859 2260 3911 dam
2291 3874 2539 3926 namque
2572 3857 2662 3911 die
2692 3858 3026 3926 episcopum
3081 3856 3431 3910 Brixienscm
3485 3859 3552 3909 ad
3609 3873 3668 3910 se
3730 3875 3835 3910 vc-

2133 3945 2407 4008 nientem,
2463 3951 2520 3998 et
2577 3946 2767 3998 nescio
2817 3944 2953 4014 quid
3013 3944 3342 3997 ratiocinari
3401 3945 3706 4007 volentem,
3775 3953 3839 3999 ut

2131 4031 2301 4103 cwpit
2331 4033 2381 4085 ei
2407 4032 2763 4085 ratiocinatio
2787 4031 3110 4102 displicere,
3141 4047 3242 4101 per
3271 4032 3510 4100 capillos
3558 4034 3836 4101 arripuit,

2133 4128 2189 4173 et
2217 4123 2394 4174 humo
2426 4127 2591 4173 tenus
2631 4119 2795 4190 quasi
2851 4119 3162 4173 bubulcum
3212 4121 3548 4174 vilissimum
3598 4120 3836 4190 dejecit.

2134 4212 2274 4264 Cum
2307 4208 2785 4278 majoribusniliil
2838 4209 3134 4273 tractabat,
3180 4224 3310 4261 cum
3354 4209 3662 4278 juvenibus
3713 4227 3842 4264 om-

2133 4298 2227 4350 nia
2251 4297 2612 4366 disponebat.
2664 4296 2828 4360 Quod
2870 4297 3044 4350 etiam
3091 4301 3212 4349 erat
3254 4296 3678 4365 gravissimum,
3726 4300 3840 4352 sub

2133 4402 2200 4438 eo
2234 4385 2721 4454 praevaricatores,
2759 4385 3084 4448 violatores,
3146 4383 3585 4454 depopulatores
3636 4386 3842 4439 domi-

2136 4474 2454 4537 nabantur;
2509 4474 2699 4541 legum
2755 4478 3053 4536 amatores,
3109 4473 3206 4524 Dei
3259 4473 3510 4526 cultores
3547 4472 3843 4542 deprime-

2135 4563 2363 4615 bantur.
2419 4561 2713 4630 Cupiditas
2751 4560 2810 4614 iu
2864 4579 2930 4613 eo
2987 4566 3109 4614 erat
3177 4561 3530 4624 consiliaria;
3593 4563 3841 4616 avaritia

2134 4649 2446 4704 cameraria
2475 4669 2489 4714 ;
2522 4649 2781 4720 pecunia,
2833 4648 3069 4703 domina
3108 4654 3163 4703 et
3195 4649 3408 4719 regina.
3447 4649 3540 4704 His
3571 4650 3840 4719 pedisse-

2135 4739 2262 4808 quis
2285 4739 2608 4792 adulterina
2641 4742 2861 4808 sceptra
2885 4738 3132 4791 tenebat.

2204 4827 2290 4880 24.
2353 4828 2712 4896 Quapropter
2795 4825 3027 4896 quidam
3090 4842 3194 4896 pro
3226 4826 3600 4879 coronatione
3651 4826 3840 4894 illius,

2136 4913 2470 4985 paenitentia
2500 4914 2677 4975 ducti,
2709 4914 2832 4984 regi
2866 4913 3146 4981 Heinrico,
3191 4915 3286 4967 alii
3316 4915 3550 4985 legatos,
3609 4915 3712 4969 alii
3750 4917 3843 4970 Iit-

2135 5007 2284 5056 teras
2314 5003 2732 5068 transmittunt,
2795 5007 2857 5055 ut
2887 5006 3039 5055 terra
3087 5002 3248 5056 oneri
3300 5002 3638 5068 gravissimo
3700 5005 3844 5060 sub-

2127 5091 2346 5160 jacenti
2435 5090 2756 5156 subveniat,
2832 5091 3159 5144 humillima
3238 5107 3404 5161 prece
3491 5090 3841 5162 deposcunt.

2137 5179 2406 5233 Mandant
2435 5179 2630 5245 etiam,
2661 5184 2726 5232 nt
2752 5177 2798 5231 si
2859 5179 2981 5248 ipse
3036 5179 3190 5232 idem
3232 5179 3293 5232 in
3344 5179 3636 5249 aliquibus
3674 5197 3848 5234 occu-

2138 5273 2302 5338 patus
2327 5272 2642 5334 teneretur,
2675 5267 2877 5322 saltem
2928 5267 3010 5321 eis
3067 5282 3308 5321 suorum
3357 5267 3683 5336 Principem
3735 5270 3844 5322 ali-

2228 5410 2318 5471 20)
2350 5409 2495 5463 Satis
2528 5413 2685 5479 patet
2704 5409 2950 5462 voluisse
2973 5408 3208 5462 scricere
3238 5410 3668 5463 internecionem.

2228 5485 2284 5532 21
2326 5481 2408 5545 )In
2431 5480 2648 5533 ditione
2671 5480 2922 5550 episcopi
2953 5481 3260 5548 Spirensis,
3302 5481 3442 5531 alias
3490 5481 3839 5536 Brucksalia.

2141 5551 2416 5620 Reliquus
2473 5567 2674 5604 sensus
2727 5551 2931 5604 melius
2964 5550 3307 5619 intelligitur
3346 5566 3518 5618 quam
3562 5553 3848 5621 explicari

2139 5622 2338 5690 possit.
