3944 6430
165 419 223 479 97
1809 456 1818 480 4

3581 435 3649 488 98

164 565 330 620 quem
354 565 484 604 cum
549 547 744 620 paucis
774 547 1202 603 transmitteret.
1235 546 1296 602 In
1330 546 1616 602 voluntate
1647 546 1842 618 hujus-
1871 551 1918 603 A
1956 545 2382 601 existimabatur
2412 543 2546 602 MXV
2566 563 2685 601 esse
2709 545 2980 604 virorum.
3011 550 3085 603 De
3105 544 3467 607 'I‘heutonicis
3509 569 3644 606 vero

166 640 314 692 modi
373 640 555 708 aliqui
613 638 918 698 manifesti,
979 638 1156 708 aliqui
1223 643 1385 690 erant
1441 637 1667 690 occulti.
1726 637 1851 690 Tie-

167 729 366 781 boldus
396 745 645 798 namque
665 727 940 792 marchio,
972 733 1028 779 et
1054 726 1511 796 archiepiscopus
1534 726 1849 788 Ravennas,

165 822 214 868 et
245 815 552 885 episcopus
586 815 940 880 Mutinensis,
973 813 1330 880 Veronensis,
1376 819 1434 867 et
1462 814 1848 875 Vercellensis,

164 909 358 972 aperte
388 902 448 956 in
480 903 632 972 regis
664 902 907 956 IIeinrici
960 901 1232 956 fidelitate
1284 903 1612 955 manebant.
1659 901 1850 955 Archi-

165 990 463 1061 episcopus
514 999 708 1044 autem
759 989 1214 1054 Mediolanensis,
1248 993 1303 1042 et
1332 988 1584 1058 episcopi
1616 989 1850 1042 Cremo-

99 1121 106 1124 .
165 1078 377 1148 nensis,
407 1078 791 1143 Placentinus,
833 1075 1148 1145 Papiensis,
1183 1075 1506 1140 Brixiensis,
1540 1075 1850 1140 Comensis,

164 1166 315 1236 quod
365 1166 656 1233 volebant,
727 1164 1187 1218 manifestabant.
1269 1164 1477 1218 Omnes
1527 1167 1720 1215 tamen
1792 1162 1853 1216 in

164 1270 469 1306 commune
512 1269 710 1322 regem
744 1252 1072 1306 Heinricum
1131 1251 1547 1320 desiderabant,
1586 1251 1853 1320 precibus

165 1358 262 1412 per
291 1341 517 1410 legatos
544 1347 599 1393 et
638 1340 857 1393 litteras
878 1339 1216 1393 invitabant.

229 1433 318 1483 25.
357 1428 615 1482 Tandem
669 1445 702 1480 a
747 1443 881 1496 rege
936 1427 1067 1482 Otto
1089 1427 1202 1481 dux
1233 1428 1706 1492 Carentanorum,
1752 1427 1850 1496 qui

166 1518 334 1572 etiam
421 1517 802 1569 Veronensem
858 1515 1191 1568 comitatum
1241 1515 1488 1580 tenebat,
1549 1515 1617 1568 ad
1671 1514 1849 1584 petio-

166 1622 291 1658 nem
348 1603 860 1672 Longobardorum
929 1603 1268 1672 explendam
1321 1602 1571 1670 eligitur,
1623 1607 1680 1654 et
1722 1617 1850 1654 cum

165 1692 378 1761 paucis,
415 1696 654 1760 propter
685 1690 950 1742 fiduciam
983 1690 1246 1758 superius
1301 1688 1754 1751 nominatorum,
1789 1687 1848 1740 in

169 1777 384 1829 Italiam
423 1777 712 1845 dirigitur.
792 1776 894 1830 Cui
953 1777 1124 1829 etiam
1183 1777 1309 1830 Otte
1368 1775 1519 1829 filius
1573 1775 1850 1828 Heriberti

167 1881 288 1917 cum
323 1865 566 1917 Ernesto
633 1864 752 1916 filio
782 1864 1066 1917 Tietboldi
1120 1863 1466 1916 marchionis
1498 1863 1848 1932 adjuugitur.

166 1952 280 2011 His,
331 1952 486 2004 inter
545 1959 816 2004 montana
866 1967 994 2021 qua:
1067 1950 1353 2005 Bavariam
1403 1955 1457 2004 et
1499 1950 1850 2003 Carinthiam

165 2041 231 2093 ab
297 2039 464 2092 Italia
530 2039 861 2108 sejuugnnt,
894 2055 1067 2107 supra
1097 2055 1326 2108 aquam,
1359 2055 1486 2108 qua:
1519 2039 1722 2091 Brenta
1754 2055 1850 2089 vo-

164 2135 334 2193 cetur,
375 2127 872 2192 Convenientibus,
923 2126 1227 2180 Carentaui
1278 2131 1334 2178 et
1378 2126 1849 2191 Foro-Julieuses,

165 2230 285 2267 cum
313 2214 512 2284 paucis
567 2220 892 2278 occurrunt,
944 2214 1120 2267 veluti
1179 2214 1248 2268 de
1298 2213 1589 2282 promissis
1623 2213 1850 2266 Italico-

165 2318 286 2354 rum
315 2302 585 2355 fiduciam
609 2303 904 2367 habentes,
956 2309 1012 2354 et
1065 2301 1134 2355 de
1182 2318 1375 2371 pugna
1405 2301 1482 2354 nil
1515 2301 1848 2369 cogitantes.

166 2391 382 2442 Interea
446 2389 910 2459 archiepiscopus
994 2390 1310 2452 Ravennas,
1399 2393 1454 2441 et
1547 2388 1854 2440 Tieboldus

166 2477 416 2530 marchio
483 2493 615 2530 cum
670 2477 870 2530 ceteris
930 2475 1245 2529 manifestis
1300 2475 1563 2528 fidelibus
1606 2474 1853 2528 Heinrici

163 2565 309 2633 regis
331 2582 467 2618 suos
497 2571 1006 2634 congregaverant,
1040 2566 1296 2616 volentes
1351 2580 1643 2616 occurrere
1664 2563 1851 2615 Theu-

162 2651 378 2716 tonicis,
410 2658 470 2704 et
513 2670 609 2703 eos
655 2651 716 2704 iu
765 2651 985 2704 Italiam
1054 2667 1183 2703 cum
1232 2650 1537 2703 securitate
1576 2649 1849 2718 recipere.

166 2738 284 2790 Haec
323 2738 656 2792 Harduinus
708 2739 1030 2809 prcesciens,
1084 2739 1362 2791 Veronam
1419 2754 1548 2790 cum
1608 2737 1854 2789 maxima

164 2826 529 2880 multitudine
589 2827 781 2879 venire
818 2827 1125 2890 festinavit,
1181 2833 1242 2878 ut
1281 2832 1336 2878 et
1390 2825 1468 2878 ibi
1516 2825 1739 2889 Italicis,
1795 2825 1854 2876 in

163 2913 515 2983 adjutorium
547 2914 1038 2967 Theutonicorum
1070 2913 1488 2978 festinantibus,
1518 2912 1662 2964 viam
1684 2912 1855 2964 inter-

162 3004 390 3070 ciperet,
428 3008 487 3054 et
514 3002 731 3069 Clusas,
768 3018 897 3072 qua:
927 3002 996 3054 ah
1053 3001 1323 3070 episcopo
1378 2998 1688 3053 Veroneusi
1729 3015 1852 3052 ser-

161 3091 463 3154 vabantur,
502 3094 855 3158 expugnaret
889 3105 902 3142 :
937 3089 1089 3159 quod
1123 3095 1180 3142 et
1209 3087 1359 3141 fecit.

229 3179 314 3229 ‘26.
351 3176 538 3230 Clusis
567 3175 746 3246 igitur
795 3175 1158 3246 expugnatis,
1184 3176 1422 3229 audiens
1481 3174 1858 3228 Theutonicos

161 3263 216 3316 in
285 3265 728 3317 Tridentensem
815 3264 1115 3333 planitiem
1181 3262 1655 3326 convenisse,illo
1728 3278 1856 3314 cum

162 3352 426 3405 omnibus
483 3351 603 3404 suis
660 3350 966 3405 festinavit.
1021 3351 1131 3404 Sed
1192 3351 1269 3402 ibi
1319 3349 1684 3403 Theutonicis
1739 3365 1858 3401 non

163 3436 424 3502 inventis,
478 3453 538 3489 se
604 3435 666 3489 in
735 3434 1094 3505 campauiam
1162 3436 1546 3488 Veronensem
1604 3432 1852 3498 reduxit,

161 3523 348 3594 ibique
407 3525 470 3577 in
529 3524 782 3594 quodam
841 3523 1145 3578 Castellulo
1199 3521 1566 3576 Nativitatem
1620 3521 1847 3574 Domini

163 3612 485 3666 celebravit.
551 3611 663 3665 Sed
726 3611 798 3665 ab
854 3610 1188 3680 hnjusmodi
1254 3611 1488 3663 homine
1547 3609 1855 3661 celebratio

164 3701 362 3752 rectius
387 3698 796 3753 celebrationis
855 3699 1078 3752 dicetur
1126 3697 1344 3750 abusio.
1397 3696 1630 3750 Interim
1669 3697 1857 3749 Theu-

166 3786 328 3840 tonici
353 3789 526 3858 juxta
555 3791 808 3839 montem
838 3784 1166 3855 quemdam,
1201 3784 1299 3854 qui
1335 3784 1613 3851 Ungarius
1647 3783 1858 3850 (nescio

164 3890 269 3942 qua
320 3877 390 3928 de
444 3873 641 3943 causa)
700 3880 954 3938 vocatur,
1016 3872 1450 3943 praevenientes,
1511 3876 1566 3924 et
1616 3871 1858 3924 Hardui-

166 3978 293 4016 num
321 3965 446 4032 jam
480 3964 682 4016 Clusas
735 3977 1036 4031 occupasse
1085 3960 1340 4024 scientes,
1399 3958 1510 4029 ipsi
1568 3958 1855 4012 Harduino

165 4048 371 4116 legatos
401 4066 542 4102 suos
572 4048 990 4112 transmittunt,
1049 4051 1104 4100 et
1137 4051 1197 4099 ut
1227 4051 1322 4099 aut
1352 4045 1431 4098 eis
1463 4045 1644 4111 cedat,
1680 4045 1858 4097 donec

165 4140 471 4201 transeant,
555 4140 657 4189 aut
725 4134 836 4188 sibi
913 4134 1246 4188 cedentibus
1326 4133 1530 4199 veniat,
1619 4139 1848 4202 rogant.

166 4223 506 4290 Harduinns,
563 4222 760 4276 audita
787 4221 1094 4292 legatione,
1127 4237 1248 4274 sese
1303 4221 1362 4274 in
1409 4220 1668 4273 fraudem
1701 4221 1858 4274 dece-

163 4311 368 4380 ptionis
402 4317 771 4374 convertens,
833 4310 948 4364 ait:
985 4309 1289 4363 Nobiscum
1343 4321 1503 4362 nocte
1557 4308 1849 4373 maneatis,

163 4401 400 4454 crastina
465 4400 566 4454 die
627 4415 755 4452 cum
803 4398 1013 4451 nostris
1064 4397 1330 4451 fidelibus
1386 4397 1531 4450 inito
1585 4396 1847 4464 consilio,

164 4487 308 4540 vobis
339 4486 700 4557 respondere
727 4485 1064 4555 poterimus.

225 4578 307 4628 ‘27.
382 4574 622 4643 Legatis
665 4574 844 4642 igitur
889 4571 1127 4624 insidias
1183 4587 1301 4624 non
1383 4570 1858 4639 intelligentibus,

164 4661 272 4730 ipse
307 4680 412 4733 per
455 4670 646 4716 totam
678 4668 907 4713 noctem
938 4669 1120 4712 castra
1151 4674 1389 4711 suorum
1455 4659 1672 4724 circuit,
1706 4667 1769 4712 ut
1799 4659 1858 4712 in

162 4752 396 4805 crastino
430 4747 628 4821 parati
656 4748 772 4800 sint
801 4749 873 4800 ad
926 4746 1412 4816 congrediendum
1466 4745 1853 4809 Theutonicis,

165 4845 367 4892 monet.
405 4838 508 4891 Die
544 4837 802 4900 lucente,
834 4835 1006 4904 legati
1037 4835 1332 4887 venientes
1361 4834 1430 4886 ad
1461 4832 1855 4902 accipiendum

164 4941 514 4995 responsum,
568 4922 976 4992 Longobardos
1042 4937 1240 4974 omnes
1321 4919 1582 4972 loricatos
1665 4923 1721 4972 et
1788 4920 1855 4972 ad

164 5015 414 5080 praelium
470 5015 718 5082 paratos
782 5007 1002 5072 vident;
1063 5007 1198 5077 quid
1229 5007 1332 5060 hoc
1365 5006 1664 5076 significet,
1715 5007 1856 5059 Har-

163 5097 387 5154 duinum
421 5101 816 5166 interrogant.
861 5097 960 5148 Ille
1004 5094 1310 5148 consilium
1357 5092 1678 5162 iniquitatis
1720 5108 1852 5145 evo—

165 5203 331 5254 mens,
359 5188 440 5241 ait
468 5205 481 5241 :
521 5183 810 5240 Fortassis
835 5184 1002 5236 unius
1035 5181 1311 5251 temporis
1346 5180 1454 5234 erit
1501 5180 1850 5233 renuntiatio

165 5282 355 5330 vestra.
420 5275 566 5330 Inde
643 5287 992 5341 promovens
1049 5269 1363 5324 exercitum
1385 5267 1576 5322 media
1635 5267 1727 5321 die
1782 5268 1854 5322 ad

169 5361 496 5432 Ungaricum
556 5357 1140 5428 montem'pervenit.
1198 5355 1483 5410 Exercitus
1522 5361 1712 5409 autem
1759 5355 1854 5410 ille

229 5491 333 5556 (22)
393 5486 735 5542 Pabulatum
781 5483 1301 5556 missi_eraut,__nam
1339 5478 1561 5544 fodrum
1591 5478 1858 5556 sumitur

169 5549 259 5624 pro
283 5549 489 5627 pabulo
523 5557 615 5628 vel
651 5567 908 5610 annona,
941 5549 1462 5628 hominibusaeque
1492 5563 1556 5601 ac
1580 5549 1857 5628 iumentis

174 5620 490 5696 necessaria,
511 5627 586 5682 de
615 5638 739 5695 qua
763 5637 896 5676 voce
917 5623 1084 5692 plura
1111 5620 1238 5674 vide
1266 5620 1325 5673 in
1355 5620 1669 5689 glossariis.

1964 636 2050 688 vix
2083 642 2246 689 erant
2273 635 2604 705 quingenti;
2662 643 2717 689 et
2765 637 2822 690 hi
2884 637 3090 706 partim
3151 653 3252 708 per
3277 640 3502 693 fodrum
3536 640 3645 710 ('22)

1963 722 2154 788 divisi;
2188 723 2395 793 partim
2441 725 2510 776 ad
2542 723 2657 777 vias
2687 725 3089 777 custodiendas
3137 725 3476 780 transmissi.
3511 726 3638 789 Qui.

1963 810 2237 864 Harduini
2266 811 2572 864 adventum
2593 812 2986 880 percipieutes,
3016 818 3268 880 repente.
3320 819 3639 878 armantur,

1962 903 2036 963 et,
2071 904 2241 967 prout
2281 903 2535 968 possunt,
2563 899 2630 951 ad
2672 899 3051 952 resistendum
3102 906 3374 968 parantur
3415 916 3428 954 :
3471 900 3644 954 virtu-

1962 986 2036 1038 tis
2058 971 2330 1054 eligentes
2359 984 2591 1050 famam,
2623 991 2678 1037 et
2698 991 3104 1054 postponentes
3131 986 3317 1039 vitam.

2031 1091 2118 1142 ‘28.
2173 1089 2390 1141 Interea
2428 1089 2748 1142 Harduinus
2779 1105 2908 1142 cum
2961 1090 3344 1160 Longobardis
3384 1107 3649 1161 superve-

1962 1175 2071 1228 nit.
2137 1176 2262 1229 Otto
2319 1191 2446 1228 cum
2505 1177 2868 1229 Tlieutonicis
2908 1177 3132 1230 obviam
3193 1180 3362 1231 venit.
3393 1181 3480 1234 Fit
3507 1196 3648 1233 con-

1962 1279 2195 1332 gressio,
2226 1263 2290 1316 fit
2318 1280 2534 1334 pugna,
2563 1264 2628 1316 fit
2656 1265 2836 1317 caedes
2874 1281 2940 1318 ex
3000 1271 3241 1335 utraque
3279 1273 3442 1335 parte
3509 1284 3638 1337 gra-

1963 1350 2217 1416 vissima;
2244 1355 2300 1403 et
2343 1367 2488 1419 pene
2517 1351 3016 1416 Theutonicorum,
3055 1353 3313 1422 quamvis
3359 1355 3639 1424 paucissi-

1963 1453 2210 1501 morum,
2264 1444 2410 1491 esset
2465 1438 2721 1504 victoria,
2769 1438 2815 1490 si
2872 1455 2987 1492 non
3042 1440 3346 1509 impediret
3397 1442 3640 1505 Ottonis,

1961 1526 2152 1579 fratris
2202 1526 2722 1596 Regensbnrgensis
2801 1527 3069 1598 episcopi,
3119 1530 3270 1599 fuga.
3324 1529 3427 1582 Illo
3493 1530 3647 1583 enim

1960 1611 2234 1681 fugiente,
2264 1613 2740 1666 TheutoniCorum
2794 1614 2942 1666 acies
2973 1614 3274 1682 minuitur,
3327 1623 3384 1668 et
3439 1617 3645 1670 iterum

1962 1718 1993 1751 a
2033 1699 2226 1752 multis
2255 1715 2573 1768 congressa,
2609 1699 2945 1754 devincitur.
2983 1702 3484 1770 Longobardornm
3520 1712 3643 1756 tan-

1963 1785 2092 1838 dem
2135 1785 2319 1839 extitit
2404 1785 2653 1852 victoria,
2747 1787 2841 1839 sed
2904 1787 3151 1856 plurima
3200 1805 3432 1842 suarum
3495 1791 3647 1844 caede

1961 1880 2307 1943 comparata.
2343 1875 2724 1926 Revertuntur
2759 1875 3114 1940 Theutonici,
3149 1881 3203 1928 et
3227 1875 3306 1929 sic
3339 1883 3474 1929 tunc
3505 1895 3645 1930 con-

1962 1960 2070 2013 fusi
2099 1960 2442 2030 quandoque
2498 1966 2689 2013 tamen
2741 1961 3011 2015 talionem
3061 1963 3357 2017 reddituri.
3414 1964 3642 2019 Interea

1964 2050 2083 2101 Itex
2129 2065 2162 2100 a
2219 2047 2452 2100 Bavaria
2479 2047 2537 2100 in
2608 2047 2898 2101 Franciam
2943 2065 3222 2118 reversus,
3271 2050 3644 2104 Frankenfort

1966 2135 2323 2188 Nativitatem
2374 2134 2596 2188 Domini
2634 2135 2900 2200 celebrat,
2963 2137 3274 2188 multorum
3333 2137 3646 2206 legationes

1962 2222 2215 2290 suscipit,
2275 2223 2493 2292 legatos
2587 2222 2922 2275 muneribus
3001 2227 3056 2275 et
3129 2223 3414 2291 responsis
3459 2224 3647 2291 dignis

1962 2309 2226 2364 remittit.
2293 2310 2671 2363 Herimannus
2723 2309 2917 2374 etiam,
2967 2310 3088 2378 jam
3119 2315 3248 2362 ante
3282 2311 3487 2380 jugum
3533 2313 3650 2380 pati

1964 2398 2204 2463 nescius,
2238 2397 2422 2450 eidem
2450 2397 2814 2450 celebrationi
2845 2397 3118 2463 interfuit,
3177 2405 3252 2464 et,
3289 2405 3348 2450 ut
3370 2402 3645 2468 oportuit,

1963 2500 2066 2553 per
2094 2485 2287 2537 omnia
2323 2484 2495 2555 regias
2530 2484 2814 2554 majestati
2843 2484 3112 2538 obediens
3132 2484 3260 2538 fuit.

1989 2659 2220 2714 ANNUS
2259 2659 2532 2714 CHRISTI
2571 2660 2715 2726 Mill,
2758 2661 3042 2714 HENRICI
3083 2662 3506 2718 IMPERANTIS
3549 2665 3615 2717 Il.

2032 2803 2121 2853 29.
2153 2805 2317 2853 Anno
2340 2800 2409 2852 ab
2437 2799 2713 2852 Incarnat.
2731 2801 2891 2854 Dom.
2927 2802 3080 2866 Mlll,
3108 2801 3419 2855 lndictione
3441 2803 3645 2872 prima,

1963 2887 2079 2940 Rex
2108 2888 2405 2940 Heinricus
2433 2886 2493 2940 in
2515 2889 2905 2941 Mosellensem
2938 2905 3168 2958 pagum,
3197 2889 3256 2942 in
3294 2906 3467 2959 quem
3507 2907 3649 2943 non-

1967 2975 2102 3028 dum
2147 2975 2479 3040 intraverat,
2545 2976 2627 3028 ire
2720 2975 2988 3037 decrevit,
3049 2977 3230 3029 sciens
3282 2979 3438 3046 quod
3497 2983 3649 3032 terra

1887 3093 1928 3145 C
1964 3079 2137 3133 quam
2170 3065 2282 3116 Rex
2322 3079 2439 3115 non
2463 3061 2806 3133 frequentat,
2830 3063 3143 3131 saepissime
3174 3079 3493 3133 pauperum
3524 3067 3649 3118 cla-

1968 3151 2222 3204 moribus
2270 3157 2327 3203 et
2379 3150 2686 3218 gemitibus
2751 3150 3016 3203 abundat.
3079 3149 3399 3203 Theodonis
3445 3151 3646 3205 Villam

1966 3238 2144 3308 igitur
2165 3238 2338 3302 venit,
2371 3246 2426 3291 et
2455 3236 2535 3289 ibi
2563 3253 2692 3292 cum
2725 3237 2992 3290 omnibus
3023 3237 3447 3291 Mosellcnsibus
3482 3254 3650 3307 gene-

1966 3325 2084 3376 rale
2139 3323 2488 3392 colloquium
2538 3322 2739 3376 tenuit.
2804 3323 2885 3375 In"
2938 3338 3052 3392 quo
3106 3323 3389 3392 colloquio
3477 3326 3648 3377 duces

1968 3411 2342 3464 Herimannus
2389 3415 2446 3462 et
2501 3410 2901 3474 Theudoricus,
2941 3405 3047 3478 qui
3087 3410 3410 3462 defensores
3465 3417 3519 3464 et
3549 3428 3647 3464 co-

1967 3496 2253 3566 adjutores
2310 3499 2501 3566 legum
2556 3513 2676 3549 esse
2733 3497 3034 3562 debebant,
3067 3498 3278 3550 conscii
3328 3498 3438 3550 sibi
3509 3498 3644 3567 ipsi,

1965 3584 2398 3654 impugnatores
2450 3589 2631 3644 erant,
2663 3589 2718 3636 et
2745 3590 3162 3654 expugnatores
3192 3601 3314 3638 esse
3356 3585 3644 3640 volebant.

1967 3674 2073 3726 Sed
2118 3673 2234 3725 Rex
2263 3679 2324 3724 ut
2377 3675 2485 3724 hoc
2515 3673 2783 3740 cognovit
2820 3679 3035 3741 quanto
3066 3687 3161 3724 eos
3219 3672 3490 3724 adversus
3520 3673 3648 3742 jus-

1964 3758 2150 3812 titiam
2205 3757 2613 3827 pertinaciores
2663 3758 2820 3818 vidit,
2857 3763 3015 3810 tanto
3066 3758 3356 3811 ardentius
3412 3759 3640 3828 institit,

1965 3847 2022 3898 et
2050 3845 2392 3914 quibusque,
2426 3859 2596 3914 super
2632 3843 2788 3913 ipsos
2818 3845 2992 3897 etiam
3039 3846 3208 3897 duces
3251 3846 3646 3912 clamantibus,

1967 3933 2152 4002 legem
2234 3933 2493 3986 faciendo
2551 3932 2774 4000 sategit.
2844 3933 3094 3986 Tandem
3170 3932 3320 3987 inter
3401 3934 3649 3988 diversos

1964 4021 2242 4073 clamores
2269 4022 2562 4072 castellum
2606 4035 2786 4072 unum
2817 4020 2998 4083 ducis,
3045 4035 3194 4090 quon
3227 4021 3512 4090 Mulsberg
3551 4038 3646 4073 vo-

1966 4109 2221 4173 cabatur,
2245 4108 2306 4161 in
2335 4107 2744 4161 detrimentum
2770 4108 3109 4177 pagensium
3132 4124 3251 4160 esse
3264 4108 3646 4177 comperiens,

1966 4196 2194 4249 diruere
2245 4195 2426 4266 jubet,
2487 4200 2550 4247 ut
2625 4211 2742 4248 non
2816 4200 3134 4247 restruatur
3193 4196 3646 4248 communitione

1967 4282 2363 4352 potentissima
2395 4288 2613 4334 monet.

2037 4389 2123 4440 30.
2205 4386 2501 4455 Colloquio
2576 4391 2839 4454 potenter
2895 4384 3110 4444 habito,
3170 4386 3520 4454 Aquasgrani
3569 4387 3649 4438 ire

1965 4474 2232 4538 decrevit,
2260 4480 2321 4525 ut
2369 4474 2446 4526 ibi
2475 4478 2531 4525 et
2559 4472 3012 4542 anniversarium
3045 4473 3407 4540 Imperatoris
3462 4474 3651 4528 debita

1967 4561 2263 4614 devotione
2311 4562 2586 4613 recolet-et
2633 4573 2647 4628 ;
2713 4565 2769 4612 et
2814 4558 3205 4612 Lotharienses
3253 4561 3322 4612 ad
3380 4575 3438 4613 se
3510 4578 3647 4614 con-

1966 4652 2207 4701 fluentes
2238 4651 2308 4701 ad
2358 4648 2688 4700 fidelitatem
2719 4647 2806 4698 sui
2865 4653 2920 4699 et
2969 4646 3272 4699 utilitatem
3305 4649 3467 4717 regni
3517 4666 3648 4701 cor-

1965 4738 2211 4791 roborat.
2275 4735 2506 4788 lnterim
2554 4734 2887 4787 infirmitate
2918 4734 3253 4803 gravissima
3283 4738 3562 4806 tangitur,
3591 4746 3648 4791 et

1967 4825 2081 4878 Rex
2112 4840 2238 4876 cum
2273 4823 2364 4888 sit,
2393 4823 2566 4876 homo
2597 4839 2717 4876 esse
2739 4829 3022 4877 monetur.
3046 4823 3156 4876 Iter
3184 4828 3375 4877 tamen
3400 4831 3645 4895 coeptum

1965 4913 2170 4978 finivit,
2203 4917 2460 4980 etAquas
2490 4927 2667 4980 usque
2699 4911 2973 4980 pervenit.
3005 4911 3086 4963 Ibi
3107 4914 3648 4966 commemoratione

1965 4997 2394 5066 consanguinei,
2419 5005 2476 5052 et
2503 4999 2754 5052 Senioris
2781 4999 2869 5051 sui
2895 5000 3003 5068 (23)
3030 4999 3388 5052 devotissime
3429 5000 3640 5065 habita,

1966 5085 2210 5156 plurima
2232 5086 2300 5140 de
2332 5087 2624 5139 sanctitate
2653 5085 2708 5140 S.
2732 5085 2970 5139 Servatii
3024 5087 3280 5152 audiens,
3328 5073 3647 5156 Trajectum

1965 5175 2085 5237 ivit,
2113 5180 2178 5227 ut
2225 5179 2280 5228 et
2332 5174 2663 5228 Sanctorum
2721 5173 2803 5226 ibi
2858 5173 3274 5244 quiescentium
3321 5174 3429 5226 sibi
3477 5176 3648 5226 inter-

1964 5262 2244 5316 cessiones
2299 5261 2648 5332 imploraret,
2700 5266 2757 5314 et
2790 5262 2860 5314 ad
2892 5261 3186 5314 servitium
3243 5261 3344 5313 Dei
3370 5261 3560 5313 locum
3593 5267 3650 5315 et

1966 5351 2138 5404 vitam
2168 5350 2570 5404 canonicorum
2612 5347 2916 5402 ordinaret.
2979 5347 3064 5401 Ibi
3092 5347 3344 5416 primum
3395 5346 3466 5401 de
3496 5347 3644 5404 bello

2035 5478 2147 5544 (23)
2170 5477 2390 5530 Ottonis
2421 5476 2514 5543 Ill,
2548 5491 2717 5546 quem
2747 5474 2917 5528 etiam
2948 5489 3118 5544 supra
3146 5475 3404 5528 seniorem
3432 5477 3650 5530 vocavit

1965 5560 2066 5599 seu
2092 5546 2412 5600 dominum.
