3976 6398
327 373 392 422 99
1631 364 1686 416 S.
1731 363 2014 418 llENltICl
2059 359 2532 416 IMPERATORIS

3741 363 3844 415 lOO

324 495 476 548 inter
528 492 749 546 Italicos
805 495 863 544 et
931 489 1313 544 Theutonicos
1393 487 1585 541 habito
1642 486 1894 550 audivit;
1947 489 2022 550 et,
2051 488 2098 538 Α
2139 485 2412 538 talionem
2447 485 2505 538 in
2532 485 2723 538 futura
2751 499 3069 549 reservans,
3094 500 3127 537 a
3156 483 3284 538 sinu
3317 484 3480 554 regni
3534 483 3621 538 sui
3655 483 3842 538 insita:

326 581 481 652 quod
532 579 806 649 sapientis
855 584 960 644 est,
997 576 1403 647 mquanimiter
1461 575 1636 628 tulit:
1687 575 1869 627 sciens
1923 590 2028 626 nec

324 670 527 722 cmlum
557 681 785 736 semper
819 680 986 734 posse
1017 663 1293 729 serenari,
1326 679 1428 715 nec
1460 678 1550 715 res
1590 663 1872 714 humanas
1905 659 2028 712 sine

327 755 750 810 intermissione
788 752 1133 823 prosperari.

396 845 482 897 3t.
515 843 652 896 Inde
709 846 767 896 S.
822 839 1106 894 Lamberti
1155 839 1359 891 merita
1408 854 1523 891 non
1583 836 2022 906 parvipendens,

325 931 594 985 Leodium
640 929 816 984 venit.
874 929 955 982 lbi
1005 927 1282 980 cholicam
1318 925 1739 986 inﬁrmitatem,
1795 925 1864 977 ab
1913 927 2026 990 (an-

328 1018 709 1072 tecessoribus
757 1017 873 1070 suis
931 1015 1270 1084 ingenitam,
1327 1013 1662 1083 gravissime
1741 1013 1961 1082 patitur
2011 1027 2024 1065 :

324 1113 400 1171 et,
433 1106 534 1177 qui
565 1121 668 1176 per
697 1104 946 1174 regalem
975 1101 1290 1173 potentiam
1325 1117 1427 1154 usu
1480 1100 1750 1154 humanae
1811 1100 2026 1169 fragili-

324 1195 459 1248 tatis
489 1193 804 1258 extollitur,
842 1208 943 1262 per
1000 1191 1353 1261 corporalem
1409 1189 1727 1242 molestiam
1789 1199 2030 1258 paterna

322 1282 694 1352 castigatione
749 1279 1102 1350 reprimitur.
1179 1276 1539 1348 Aquasgrani
1593 1278 1802 1330 iterum
1866 1292 2026 1329 reve-

324 1371 486 1436 titur,
524 1369 990 1424 Puriﬁcationem
1024 1367 1077 1421 S.
1139 1367 1242 1421 Dei
1299 1366 1601 1420 Genitricis
1655 1364 2029 1418 celeberrima

325 1458 628 1512 devotione
679 1462 1004 1511 veneratur.
1071 1453 1558 1520 Lothariensibus,
1595 1453 1729 1507 data
1775 1452 2025 1518 licentia,

324 1546 459 1600 inde
511 1547 788 1608 discessis,
861 1544 1275 1613 Noviomagum
1349 1541 1528 1596 venit.
1598 1541 1682 1595 lbi
1765 1541 2028 1611 pluribus

327 1635 531 1690 diebus
562 1633 1022 1702 Quadragesimas
1053 1639 1328 1695 moratur,
1365 1631 1498 1696 Deo,
1560 1646 1686 1701 quas
1740 1629 1835 1683 Dei
1871 1635 2024 1695 sunt,

2138 574 2311 642 pestis
2342 573 2588 626 radicem
2623 573 2873 642 primum
2925 573 3237 643 exstirpare
3283 572 3557 641 decrevit,
3592 577 3656 626 ut
3686 573 3840 626 inte-

2136 662 2383 715 rioribus
2444 661 2623 732 quieti
2674 666 2730 714 et
2774 660 2899 730 paci
2945 661 3236 728 restitutis,
3264 661 3576 714 exteriores
3605 661 3839 732 inquie-

2137 749 2383 803 tationes
2414 750 2638 804 facilius
2669 749 3036 821 postmodum
3073 749 3462 820 extingueret;
3523 765 3638 803 non
3670 750 3841 820 igno-

2138 855 2290 907 rans,
2349 840 2623 909 quoniam
2674 837 3001 907 insipientis
3049 843 3134 892 est
3189 838 3250 891 in
3305 838 3539 892 vulnere
3599 841 3838 906 repente

2136 933 2323 980 cutem
2347 943 2562 980 sanare.
2604 931 2659 980 et
2702 927 3100 979 conlusionem
3157 926 3345 980 carius
3385 926 3488 980 sub
3536 926 3838 980 sanatione

2137 1015 2280 1067 cutis
2309 1016 2616 1068 occultare.
2660 1014 2926 1068 Vulneris
2975 1015 3129 1068 enim
3186 1014 3427 1084 curatio,
3483 1014 3530 1068 si
3561 1014 3632 1068 ab
3691 1015 3837 1068 inte-

2136 1102 2384 1156 rioribus
2412 1103 2481 1157 ad
2529 1103 2813 1156 exteriora
2837 1102 3164 1168 deducitur,
3196 1102 3417 1157 ﬁrmior
3446 1103 3508 1156 in
3534 1103 3838 1174 superﬁcie

2136 1189 2517 1242 concluditur.

2209 1278 2296 1330 34.
2344 1278 2566 1330 lnterea
2621 1281 2678 1331 et
2721 1277 2956 1331 Ernesto
3008 1277 3113 1348 (2‘7)
3163 1278 3350 1332 eidem
3381 1278 3687 1333 rebellioni
3738 1279 3838 1333 ad-

2131 1364 2418 1434 jungitur,
2451 1366 2606 1419 nulla
2641 1365 2878 1420 laesione
2918 1371 3168 1432 coactus,
3221 1366 3340 1435 sed,
3391 1367 3478 1420 vel
3517 1367 3840 1436 juventutis

2138 1454 2374 1518 fervore,
2434 1455 2520 1508 vel
2571 1471 2676 1525 per
2718 1470 2851 1509 eum
2923 1455 3229 1508 commoda
3305 1471 3407 1509 sua
3489 1456 3840 1526 ampliﬁcare

2138 1541 2522 1612 qumrentium
2568 1543 2933 1613 suggestione
2995 1543 3281 1597 seductus.
3309 1543 3584 1597 Dominus
3649 1543 3838 1596 Bruno

2137 1630 2308 1683 etiam
2343 1630 2517 1684 frater
2546 1630 2718 1700 Regis
2745 1630 2994 1684 Heinrici
3047 1637 3107 1684 et
3164 1631 3468 1700 episcopus
3501 1631 3838 1693 associatur,

326 1723 591 1788 reddens,
618 1728 673 1775 et
701 1721 1034 1774 hominibus
1064 1736 1190 1790 quas
1223 1735 1324 1772 sua
1359 1723 1512 1784 sunt,
1543 1717 1773 1772 faciens.
1805 1718 2028 1771 Interea
2059 1757 2098 1810 Β
2138 1725 2302 1773 (etate
2349 1719 2600 1789 juvenis,
2654 1724 2712 1773 et
2769 1735 2874 1790 per
2930 1720 3294 1789 juventutem
3349 1720 3417 1773 ad
3451 1719 3838 1773 seducendem

326 1809 742 1866 Bladeimarius
788 1810 905 1862 dux
965 1807 1295 1861 Boemensis
1329 1806 1596 1874 moritur,
1619 1810 1675 1860 et
1745 1806 2027 1860 Bulizlaus

325 1897 685 1952 inﬁdelitatis
733 1911 1039 1958 venenum,
1105 1911 1173 1947 ex
1219 1894 1470 1964 propria!
1517 1893 1840 1964 iniquitatis
1873 1894 2025 1948 fonte

324 1992 612 2056 potatum,
643 1985 701 2038 in
734 1983 1199 2038 contrarietatem
1260 1982 1430 2050 Regis
1479 1997 1744 2034 evomere
1799 1982 2020 2036 nititur.

327 2075 468 2128 Nam
500 2075 765 2142 Pragam,
801 2087 929 2142 quas
961 2075 1132 2140 caput
1170 2075 1255 2122 est
1311 2069 1582 2137 Boemite,
1613 2085 1714 2140 per
1769 2069 2025 2140 pecuniae

325 2162 716 2232 deceptiones,
750 2176 851 2230 per
890 2160 1058 2212 falsas
1078 2157 1512 2229 promissiones,
1531 2174 1633 2228 per
1653 2158 2025 2210 astutissimas

322 2251 552 2305 fraudes
618 2248 853 2302 invadit.
913 2247 1224 2300 Milzaviam
1306 2262 1535 2317 quoque
1619 2245 1876 2299 Saxonim
1969 2252 2026 2300 et

325 2339 573 2392 Polonim
626 2337 1056 2405 interjacentem
1107 2334 1443 2398 marchiam,
1517 2333 1758 2398 insidiis,
1814 2333 2022 2404 quibus

323 2426 527 2479 doctus
555 2429 696 2491 erat,
733 2441 849 2478 suae
873 2423 1192 2477 infelicitati
1219 2422 1462 2492 subjicit.

395 2517 480 2568 3'2.
547 2512 709 2576 Quod
755 2527 885 2565 cum
953 2511 1092 2582 Regi
1153 2510 1479 2564 nuntiatum
1539 2515 1704 2576 esset,
1755 2527 1871 2564 non
1928 2511 2021 2564 in-

323 2601 744 2668 flammabatur,
768 2617 884 2654 non
924 2598 1408 2666 stomachabatur,
1443 2615 1560 2652 non
1612 2598 1680 2652 ad
1711 2597 2021 2652 vindictam

322 2690 641 2760 repentinis
689 2688 941 2743 motibus
987 2686 1381 2752 animabatur;
1419 2686 1603 2739 sciens
1651 2686 1788 2757 quia
1827 2685 1911 2739 ira
1969 2690 2024 2739 et

319 2779 610 2833 festinatio
640 2793 868 2848 semper
898 2776 1148 2830 inimicae
1164 2779 1301 2828 sunt
1324 2775 1582 2828 consilio.
1618 2774 1724 2829 Sed
1758 2774 2021 2828 notitiam

319 2867 488 2922 dictas
528 2865 842 2921 invasionis
871 2864 1261 2929 dissimulans,
1307 2863 1599 2917 mandavit
1649 2863 1700 2916 ei
1733 2878 1837 2932 per
1863 2863 2020 2932 lega-

319 2961 406 3009 tos
453 2955 740 3026 sapientes
781 2959 840 3008 et
892 2954 1248 3023 eloquentes,
1281 2956 1343 3006 ut
1382 2957 1594 3006 terram
1647 2967 1832 3020 suam,
1891 2968 2022 3022 quas

321 3045 579 3114 Principe
609 3044 830 3098 noviter
855 3047 980 3095 erat
1007 3041 1255 3106 viduata,
1291 3056 1405 3094 non
1448 3039 1764 3106 invaderet,
1821 3056 2018 3110 quam,

321 3133 368 3186 si
397 3134 586 3198 vellet,
619 3147 750 3185 cum
777 3129 963 3200 gratia
983 3145 1084 3184 sua
1107 3133 1165 3183 et
1199 3128 1351 3182 dono
1370 3127 1691 3181 voluntario
1722 3126 2020 3197 acquirere

324 3225 534 3292 posset.
571 3217 912 3288 Hnjusmodi
943 3215 1292 3286 legationem
1323 3215 1610 3269 Bulizlaus
1662 3215 1901 3268 audiens
1931 3215 2019 3270 in-

318 3309 454 3364 felix
501 3307 770 3361 mandata
833 3303 1049 3375 sprevit
1099 3302 1308 3366 dulcia,
1391 3318 1586 3356 amara
1670 3302 2018 3373 quandoque

318 3411 591 3467 passurus
612 3393 868 3446 verbera.
907 3388 1038 3445 Erat
1062 3390 1215 3444 enim
1269 3391 1471 3444 Hezelo
1497 3405 1626 3443 cum
1679 3407 1746 3443 eo
1779 3396 2017 3460 puteum

319 3485 540 3538 fodiens
594 3479 946 3545 rebellionis,
1005 3478 1076 3533 de
1134 3495 1249 3549 quo
1302 3478 1492 3532 inﬁdas
1544 3477 1828 3532 bibiturus
1899 3484 2021 3532 erat

323 3587 531 3642 aquam
598 3568 978 3634 confusionis;
1032 3567 1266 3638 laqueos
1345 3581 1577 3636 quoque
1647 3570 2014 3632 connectens,

319 3675 554 3712 casurus
607 3658 664 3711 in
735 3657 916 3727 ipsos.
979 3654 1424 3724 Quadragesima
1482 3653 1665 3718 ﬁnita,
1716 3653 1852 3718 Rex,
1916 3653 2017 3724 qui

319 3747 640 3815 Theleborg
662 3746 774 3812 (24)
796 3742 1006 3798 Pascha
1029 3743 1298 3803 celebrat,
1319 3747 1375 3796 et
1398 3741 1634 3794 Bulizlai
1660 3740 2012 3802 violentiam,

320 3839 382 3888 ut
413 3835 659 3904 sapiens,
720 3833 966 3886 scienter
1019 3831 1290 3901 ignorat:
1329 3830 1590 3885 Ottonem
1651 3845 1902 3900 quoque,
1962 3835 2018 3884 et

318 3922 718 3975 Ernestionem
767 3924 906 3972 tunc
981 3918 1091 3972 sibi
1154 3918 1381 3972 obviam
1435 3918 1507 3969 ab
1564 3917 1757 3970 Italico
1813 3917 2015 3985 praelio

317 4010 630 4073 venientes,
657 4023 764 4077 pro
798 4007 1100 4060 vulnerum
1132 4004 1512 4073 susceptione,
1545 4021 1650 4074 pro
1682 4006 2016 4059 necessaria:

317 4099 468 4168 fugae
521 4095 878 4159 confusione,
945 4093 1112 4148 donis
1167 4093 1341 4161 regiis
1385 4092 1652 4160 honorat,
1713 4099 1768 4146 et
1826 4093 2018 4146 debita

317 4183 710 4238 consolatione
744 4182 962 4235 relevat
1013 4221 1028 4236 .
1075 4224 1086 4236 .
1133 4221 1146 4234 .
1193 4223 1205 4234 .
1253 4222 1263 4234 .
1310 4221 1322 4234 .
1355 4196 1586 4251 quoque
1643 4186 1780 4234 tunc
1836 4197 2015 4252 usque

317 4272 638 4328 Saxonibus
670 4270 932 4333 infestos,
965 4269 1120 4323 ultro
1149 4268 1442 4322 venientes
1488 4269 1602 4338 (25)
1658 4269 1917 4340 suscipit,
1961 4276 2017 4324 et

318 4362 422 4415 sub
453 4358 823 4429 benignitatis
854 4356 1197 4412 discretione
1227 4356 1333 4409 sibi
1366 4356 1729 4410 ﬁdelissimos
1749 4357 2016 4412 reddidit.

390 4452 476 4504 33.
516 4450 646 4503 Post
677 4449 800 4500 haec
830 4446 889 4499 in
918 4445 1120 4500 diebus
1149 4445 1528 4514 Rogationum
1559 4445 1885 4514 Meresberg
1908 4449 2020 4515 (26)

318 4543 599 4604 moratur,
663 4535 856 4606 ibique
927 4534 980 4587 ei
1027 4535 1096 4587 de
1147 4533 1379 4587 Bulizlai
1435 4539 1491 4586 et
1540 4533 1837 4587 Hezelonis
1893 4551 2025 4587 con-

317 4626 566 4679 tumacia
599 4624 987 4678 renunciatur.
1021 4623 1169 4691 lpse,
1206 4621 1440 4674 credere
1471 4620 1856 4686 dissimulans,
1891 4621 2022 4674 inde

316 4713 599 4781 discessit,
629 4716 686 4765 et
715 4710 785 4764 ad
819 4710 1220 4764 celebrandam
1253 4711 1626 4763 Pentecosten
1673 4708 2022 4762 llalbcrstete

316 4802 495 4855 venit.
533 4800 747 4854 Deinde
797 4800 854 4852 in
909 4798 1202 4852 Bavariam
1252 4799 1459 4858 tendit,
1521 4797 1662 4850 scire
1701 4797 1898 4850 volens
1947 4814 2020 4850 an

317 4905 448 4961 quae
487 4889 556 4942 de
601 4887 885 4941 llezelone
938 4886 1275 4940 dicebantur
1301 4901 1434 4938 vera
1479 4889 1693 4938 essent.
1735 4885 1858 4947 Ouo
1890 4901 2020 4939 cum

315 4977 685 5049 pervenisset,
716 4980 772 5029 et
801 4973 1094 5028 llezelonis
1139 4973 1391 5026 furorem
1423 4971 1570 5024 circa
1595 4972 1717 5023 loca
1749 4970 1856 5023 sibi
1889 4969 2019 5023 ﬁni-

316 5067 456 5120 tima
508 5064 1003 5118 'irrationabiliter
1099 5075 1401 5114 accensum
1493 5059 1881 5127 comperisset,
1956 5073 2020 5110 ac

320 5153 554 5207 Bnlizlai
575 5150 862 5222 adjutorio
887 5149 1272 5217 illumLfretum
1304 5162 1426 5200 esse
1451 5145 1722 5212 novisset,
1751 5145 2018 5200 Bullizlao

387 5312 498 5381 (24)
533 5310 797 5379 lntellige
857 5308 1283 5381 Quidlingburg,
1309 5306 1416 5381 vel,
1454 5312 1513 5358 ut
1546 5307 1740 5373 legunt
1769 5306 2017 5381 Apnales

316 5377 774 5437 Hilde'semense—s
797 5379 1286 5445 Quideh’ngaburg,
1332 5377 1450 5429 loco
1484 5393 1644 5447 atque
1705 5393 1767 5430 ac
1798 5377 2018 5430 Palithi

320 5471 386 5507 eo
418 5461 677 5517 tempore
701 5450 1016 5504 notissimo.

389 5524 497 5591 (‘25)
534 5515 632 5576 llic
649 5522 899 5590 aliquem
928 5517 1555 5591 Sclavorum‘populum
1579 5515 1650 5591 ab
1691 5515 2013 5591 _A_delboldo

318 5587 632 5647 indicatum
668 5587 860 5655 fuisse,
896 5605 1006 5642 non
1041 5588 1186 5641 male
1217 5587 1478 5642 observat
1509 5587 1840 5643 Leibnitius.

2136 1808 2336 1862 facilis.
2403 1809 2463 1862 Et
2523 1807 2632 1862 hoc
2679 1807 2999 1861 inﬁdelium
3057 1813 3180 1861 erat
3231 1808 3516 1877 gloriatio,
3572 1807 3728 1877 quod
3778 1806 3841 1860 in

2135 1899 2392 1968 partibus
2455 1901 2573 1952 suis
2638 1899 2869 1952 fratrem
2929 1897 3099 1968 Regis
3152 1898 3458 1951 habebant.
3510 1898 3640 1951 Haec
3691 1911 3833 1966 ergo

2134 1986 2504 2056 conspiratio,
2541 1992 2758 2057 quanto
2805 1986 3066 2057 juniores
3119 1992 3175 2040 et
3215 1985 3642 2056 insipientiores
3672 1984 3836 2038 colli-

2134 2076 2239 2144 git,
2267 2081 2424 2129 tanto
2456 2075 2679 2146 turpius
2706 2080 2763 2129 et
2793 2075 3058 2128 enervius
3095 2074 3321 2128 defecit.
3367 2074 3584 2128 Dicitur
3630 2073 3786 2126 enim
3822 2089 3834 2126 :

2137 2162 2539 2232 lnsipientium
2594 2163 2934 2232 glomeratio
2983 2163 3206 2216 consilii
3275 2168 3358 2216 est
3392 2161 3691 2231 dissipatio
3727 2176 3741 2215 :
3778 2165 3838 2214 et

2133 2251 2358 2304 consilii
2393 2251 2690 2321 dissipatio
2714 2257 2901 2305 actum
2934 2256 3018 2304 est
3043 2251 3349 2304 enervatio.

2205 2341 2293 2393 35.
2352 2339 2468 2392 Rex
2511 2338 2690 2409 igitur
2711 2337 2990 2409 quOsdam
3069 2337 3469 2392 Lotharienses
3522 2341 3577 2390 et
3656 2337 3837 2390 Fran-

2131 2443 2226 2480 cos
2280 2444 2342 2480 ac
2402 2427 2666 2481 Bavarios
2733 2426 3032 2496 colligens,
3111 2428 3359 2480 intrante
3445 2429 3723 2495 Augusto,
3774 2424 3837 2478 in

2136 2514 2430 2568 Franciam
2463 2513 2776 2566 exercitum
2825 2529 2997 2582 super
3050 2513 3385 2565 Hezelonem
3441 2511 3628 2576 duxit;
3683 2511 3836 2564 bona

2133 2602 2249 2671 ejus
2273 2601 2610 2666 devastavit,
2679 2600 2866 2670 ipsum
2901 2615 3030 2653 cum
3089 2599 3325 2654 domino
3364 2603 3422 2652 et
3484 2600 3748 2652 Brunone
3781 2604 3839 2652 et

2136 2691 2442 2743 Ernestone
2470 2705 2573 2759 per
2621 2688 2788 2742 silvas
2837 2689 3064 2742 latitare
3111 2687 3314 2756 coegit.
3372 2687 3626 2740 Tandem
3673 2703 3732 2739 se
3763 2687 3836 2740 ad

2133 2777 2492 2830 castellorum
2546 2776 2907 2830 munimenta
2964 2777 3224 2841 contulit,
3286 2791 3414 2845 quae
3461 2773 3588 2844 capi
3641 2790 3832 2844 posse,

2133 2881 2236 2919 nec
2305 2866 2508 2919 llezelo
2589 2865 2850 2932 timebat,
2905 2880 3006 2917 nec
3074 2863 3318 2917 aliorum
3365 2863 3668 2933 quisquam
3717 2879 3838 2916 cre-

2134 2953 2325 3008 debat.
2370 2955 2433 3006 ln
2472 2952 2658 3021 primo
2709 2953 2888 3023 igitur
2930 2952 3149 3021 impetu
3188 2953 3424 3006 Mertula
3460 2951 3731 3016 diruitur,
3779 2957 3836 3004 et

2061 3026 2102 3080 (ἶ
2135 3041 2432 3096 Hezelonis
2497 3042 2705 3094 milites
2764 3041 2823 3094 in
2869 3057 2935 3094 ea
2989 3039 3309 3109 capti,.per
3362 3039 3834 3092 intercessionem

2135 3129 2484 3198 Principum,
2522 3129 2643 3181 sani
2675 3133 2727 3182 et
2761 3128 2902 3182 salvi
2951 3128 3368 3198 permittuntur
3417 3127 3598 3180 abire.
3651 3127 3834 3179 Sclavi

2134 3223 2323 3271 autem
2351 3216 2424 3286 [a]
2451 3217 2700 3270 Bulizlao
2728 3215 2785 3270 in
2811 3214 3162 3286 adjutorium
3205 3214 3385 3282 missi,
3417 3213 3474 3267 in
3503 3214 3833 3267 servitutem

2132 3303 2404 3358 exercitui
2429 3303 2870 3357 distribuuntur.

2203 3392 2428 3444 36.Post
2457 3391 2577 3444 bazc
2609 3391 2722 3444 Rex
2771 3389 3072 3445 Crucinam
3104 3389 3215 3458 (28)
3277 3388 3516 3456 obsedit,
3563 3389 3661 3442 ubi
3695 3405 3840 3442 uxor

2132 3480 2427 3533 llezelonis
2475 3495 2538 3532 ac
2567 3478 2671 3532 filii
2703 3485 2891 3545 erant,
2917 3484 2974 3531 et
3003 3495 3247 3549 qumque
3283 3478 3363 3530 illi
3411 3478 3672 3530 chariora
3713 3493 3838 3530 csse

2130 3573 2411 3639 poterant.
2447 3568 2506 3621 lu
2533 3583 2645 3637 qua
2679 3568 3009 3620 obsessione
3040 3567 3098 3620 in
3129 3566 3332 3636 primis
3372 3570 3501 3635 post
3539 3581 3835 3618 annonam

2128 3656 2356 3710 incaute
2396 3660 2686 3720 exeuntes,
2717 3655 2786 3708 ab
2823 3654 3127 3719 llezelone,
3162 3654 3480 3724 ceterisque
3511 3653 3626 3705 suis
3657 3654 3834 3706 eoad-

2129 3743 2414 3814 jutoribus
2441 3742 2914 3806 vulnerabantur,
2963 3741 3356 3812 capiebantur,
3402 3741 3832 3794 occidebantur.

2131 3834 2264 3897 Rex,
2318 3831 2423 3884 hoc
2454 3830 2706 3900 cognito,
2743 3830 2999 3900 quotidie
3066 3828 3507 3899 quadringiutos
3562 3829 3830 3882 custodes

2129 3918 2470 3972 exeuntibus
2515 3917 2795 3981 adhibuit,
2826 3923 2884 3970 ut
2915 3917 3018 3971 bos
3048 3917 3424 3978 custodit-cut,
3485 3923 3540 3970 et
3589 3916 3833 3970 insidias

2128 4006 2544 4061 insidiantibus
2592 4011 2880 4076 pararent.
2947 4007 3061 4059 Hoc
3111 4006 3314 4058 llezelo
3346 4021 3476 4058 cum
3517 4005 3681 4057 sociis
3726 4022 3832 4058 au-

2127 4095 2308 4159 diens,
2345 4111 2403 4148 se
2439 4095 2494 4148 in
2526 4096 2728 4148 vallem
2763 4095 3072 4164 quamdam
3105 4093 3336 4162 recepit,
3366 4094 3422 4146 in
3455 4109 3625 4163 quam
3659 4093 3830 4158 nulli,

2130 4184 2236 4238 nisi
2269 4199 2372 4254 per
2410 4184 2672 4236 semitam
2708 4198 2883 4236 unam
2934 4182 3164 4252 patebat
3217 4180 3484 4234 introitus
3515 4198 3527 4234 :
3584 4180 3665 4233 ibi
3700 4186 3830 4234 teu-

2048 4307 2091 4361 D
2131 4272 2276 4325 toria
2306 4272 2429 4325 ﬁxit
2460 4288 2472 4325 :
2509 4271 2585 4324 ibi
2619 4270 2899 4338 noctibus,
2937 4270 3148 4333 nescio,
3198 4286 3269 4322 an
3306 4270 3486 4322 tribus
3529 4275 3623 4322 aut
3685 4269 3831 4322 dua-

2132 4359 2259 4423 bus,
2293 4359 2456 4430 quasi
2488 4364 2644 4412 tutus
2661 4360 2730 4413 de
2761 4359 2964 4428 rapina
3019 4374 3336 4428 pauperum
3371 4358 3524 4410 vixit.
3585 4357 3698 4409 Hoc
3733 4374 3830 4409 cu-

2133 4447 2323 4501 stodes
2351 4464 2455 4517 per
2476 4447 2748 4500 rusticum
2780 4463 2957 4500 unum
2976 4446 3412 4516 comperientes,
3447 4446 3595 4498 circa
3626 4445 3834 4499 horam

2133 4541 2370 4600 sextam,
2423 4535 2481 4588 in
2531 4552 2644 4606 qua
2695 4535 2780 4589 illi
2827 4552 2908 4603 se,
2948 4551 3053 4605 pro
3123 4540 3261 4587 testu
3347 4534 3481 4598 diei,
3536 4534 3839 4587 remissius

2129 4623 2420 4677 habebant
2477 4623 2537 4676 in
2593 4624 2798 4676 vallem
2847 4623 3094 4676 latenter
3177 4622 3611 4686 descenderant,
3709 4624 3836 4674 loca

2131 4712 2379 4781 plurima
2446 4711 2884 4774 circumeuntes,
2921 4717 2976 4764 et
3009 4711 3317 4780 diligenter
3367 4709 3614 4762 Heinrici
3645 4715 3840 4763 castra

2130 4803 2473 4870 quaerentes.

2202 4890 2287 4941 37.
2331 4889 2584 4941 Tandem
2634 4903 2783 4940 unus
2836 4902 3032 4940 eorum
3093 4883 3340 4940 tentoria
3384 4883 3602 4948 videns,
3653 4884 3837 4940 nimis

2127 4974 2368 5028 festinus
2424 4975 2492 5028 ad
2546 4974 2906 5028 invitandum
2948 4973 3146 5040 socios,
3205 4972 3339 5042 Kyri
3381 4972 3600 5024 eleison
3657 4975 3836 5042 crepit

2127 5062 2395 5127 clamare,
2427 5068 2484 5116 et
2511 5064 2636 5127 hoc,
2698 5067 2761 5116 ut
2813 5063 2982 5115 citius
3036 5060 3286 5126 veniant,
3346 5059 3677 5129 frequenter
3725 5062 3838 5115 ite-
3905 5055 3908 5057 ’

2127 5163 2272 5202 rare.
2313 5151 2442 5203 Hazc
2476 5151 2679 5203 llezelo
2707 5149 3053 5220 percipiens,
3087 5148 3297 5202 relictis
3344 5147 3626 5214 tentoriis,
3654 5150 3838 5202 armis

2197 5307 2306 5376 (‘26)
2343 5308 2486 5376 Lege
2526 5311 2590 5360 ut
2628 5322 2799 5376 supra
2831 5306 3168 5370 Mersoburg.

2169 5373 2311 5458 _(27')
2344 5373 2586 5442 Eriiesto,
2635 5373 2884 5431 Ernestio
2934 5384 2990 5429 et
3020 5379 3280 5430 Ernestus
3311 5390 3414 5445 pro
3439 5373 3644 5429 eodem
3685 5375 3838 5428 acci-

2124 5460 2557 5586 Im(]2nt;;mlllonet
2604 5517 2939 5581 Leibnitius,
3001 5515 3330 5586 legendum,
3370 5515 3624 5578 Crosscn,
3681 5514 3838 5570 forte

2123 5591 2350 5644 Creusen
2380 5590 2435 5641 in
2477 5589 2754 5660 superiori
2785 5585 3105 5642 Palatinatu
3137 5585 3408 5642 Bavariae.
