3976 6404
101 346 174 395 101
1739 380 1747 401 Α

3508 357 3605 407 102

94 465 266 531 etiam,
300 463 494 532 fugam
554 464 739 532 inivit,
771 470 828 519 et
867 481 900 519 a
944 465 1211 519 manibus
1250 466 1782 537 supervenientium
1816 473 1860 523 A
1898 470 2131 523 ANNUS
2186 469 2456 523 CHRISTI
2517 470 2655 523 ΜΝ.
2707 471 2987 525 HENRICI
3057 472 3471 529 IMPERANTIS
3504 476 3602 529 ΙΙΙ.
3680 442 3683 443 ν

94 570 142 605 se
171 554 246 605 vix
304 554 590 607 liberavit.
653 555 928 608 Dominus
984 556 1172 609 Bruno
1227 572 1459 626 quoque
1523 559 1790 626 parmula

94 659 191 695 non
223 645 363 695 bene
396 645 615 709 relicta,
652 660 764 713 qua
803 648 961 697 extra
1001 660 1059 696 se
1083 644 1300 712 positus
1348 645 1635 707 utebatur,
1660 647 1785 709 hos,

94 731 280 800 quibus
332 734 619 801 imperare
694 739 907 801 posset,
980 733 1025 784 si
1078 748 1209 785 cum
1282 733 1455 786 fratre
1508 740 1785 798 maneret,

93 819 319 889 turpiter
348 820 516 889 fugit,
547 826 605 873 et
635 821 697 873 fit
744 820 914 882 risus,
971 820 1071 890 qui
1124 822 1307 874 honor
1362 838 1482 874 esse
1541 823 1789 876 debebat

94 914 143 959 et
170 907 355 961 decus.
381 908 489 961 Sed
530 909 654 962 haec
704 908 1023 978 juventutis
1089 914 1269 962 erant.
1333 909 1549 963 Dicitur
1586 912 1737 964 enim
1771 928 1783 965 :

96 996 190 1060 Qui
217 996 340 1048 sine
364 996 545 1050 fraeno
576 997 829 1050 scientias
855 1014 887 1050 a
910 998 1212 1067 juventute
1244 998 1491 1066 ducitur,
1528 1000 1585 1051 in
1609 999 1787 1053 dede-

96 1084 225 1136 coris
255 1085 550 1147 angustias
582 1102 733 1155 szepe
763 1086 1173 1155 praecipitatur.
1224 1087 1289 1139 Et
1328 1087 1451 1141 hinc
1469 1088 1789 1155 juventntis

98 1172 250 1226 fuisse
303 1180 444 1226 mtas
499 1174 870 1243 postmodum
961 1176 1301 1229 monstravit
1378 1176 1617 1242 adulta;
1658 1193 1788 1247 qua!

98 1260 244 1313 ilium
291 1261 544 1314 reddidit
596 1268 652 1315 et
704 1262 990 1333 utiliorem
1042 1264 1151 1315 sibi
1182 1262 1315 1332 ipsi,
1371 1269 1424 1318 et
1469 1264 1788 1319 fideliorem

98 1347 256 1401 fratri.
306 1350 544 1402 Ernesto
605 1350 828 1419 capitur
900 1357 957 1404 et
1005 1356 1138 1404 ante
1194 1352 1363 1420 Regis
1422 1354 1787 1422 praesentiam

96 1437 323 1490 ducitur.

159 1544 237 1595 38.
296 1541 542 1605 Quidam
601 1542 751 1596 illico
831 1543 973 1613 Regi
1057 1543 1462 1615 suggerebant,
1514 1550 1580 1599 ut
1636 1546 1788 1599 hunc

95 1630 300 1698 capituli
331 1631 617 1683 sententia
649 1630 804 1683 feriri
846 1632 1108 1699 juberet:
1165 1638 1451 1702 quatenus
1500 1650 1601 1703 per
1654 1650 1785 1687 eum

1967 578 2055 630 41.
2090 581 2256 629 Anno
2286 575 2357 629 ab
2386 576 2780 629 lncarnatioue
2803 577 3026 629 Domini
3046 578 3351 632 millesimo
3373 590 3603 649 quarto,

1898 664 2215 717 Indictione
2279 665 2541 726 secunda,
2622 665 2692 717 ab
2754 665 3196 736 Arcbiepiscopo
3275 668 3607 737 Magdebur-

1896 754 2076 823 gensi,
2121 752 2393 806 Giselario
2443 752 2693 815 nomine,
2726 753 2826 821 qui
2857 754 3117 822 pluribus
3161 757 3327 807 annis
3358 757 3601 826 paralysi

1896 846 2139 893 tactusa
2201 840 2646 910 metropolitana
2702 841 2927 894 civitate
2979 842 3132 895 exire
3206 858 3322 896 non
3356 850 3597 912 poterat,

1898 929 2009 981 Rex
2037 929 2325 981 invitatur.
2356 928 2803 997 Ductuspietatis
2838 928 3038 983 affectu
3075 931 3351 984 obediens
3393 939 3600 998 exstat,

1896 1023 1954 1070 et
1978 1017 2045 1070 ad
2097 1018 2446 1071 visitandum
2475 1017 2983 1088 Arcbiepiscopum
3018 1020 3365 1090 Magdeborg
3393 1021 3598 1075 tendit.

1895 1105 2018 1169 Quo
2078 1122 2207 1159 cum
2288 1106 2655 1175 pervenisset,
2733 1107 3204 1176 Arcbiepiscopus
3274 1107 3396 1176 jam
3454 1109 3600 1162 viam

1899 1196 2176 1247 universa:
2211 1195 2397 1247 carnis
2464 1194 2593 1247 iniit
2628 1214 2642 1259 ;
2683 1198 2757 1261 et,
2817 1196 2916 1264 qui
2957 1196 3167 1264 Regem
3217 1199 3601 1265 exspectabat,

1895 1283 1965 1336 ad
1998 1282 2169 1351 Regis
2201 1284 2423 1351 Regum
2484 1288 2769 1352 praecepta
2828 1283 3112 1351 migravit.
3158 1284 3219 1337 In
3279 1286 3442 1354 cujus
3474 1301 3601 1339 suc-

1896 1370 2213 1423 cessionem
2244 1370 2474 1439 Tageno
2502 1370 2610 1441 (30)
2629 1370 2795 1439 Regis
2823 1371 3153 1440 capellanus
3175 1370 3326 1424 illico
3347 1370 3601 1441 eligitur,

1897 1459 2032 1511 etin
2065 1458 2257 1511 sedem
2289 1458 2671 1528 episcopalem
2703 1461 2855 1512 clero
2895 1464 2952 1511 et
2981 1460 3193 1529 populo
3216 1459 3601 1519 collaudante,

1897 1547 2207 1600 extollitur.
2271 1547 2407 1600 lnde
2464 1547 2583 1601 Rex
2644 1546 2968 1615 Merseborg
3022 1548 3408 1616 progreditur,
3439 1553 3499 1600 et
3526 1547 3607 1600 ibi

1898 1636 2360 1690 Pnriticationem
2408 1636 2465 1690 S.
2529 1637 2627 1690 Dei
2685 1637 2985 1691 Genitricis
3043 1637 3237 1689 debita
3280 1639 3604 1690 reverentia

96 1719 290 1787 posteri
344 1720 785 1787 castigarentur,
834 1737 904 1773 ne
948 1722 1121 1790 Regis
1162 1720 1439 1775 offensam
1494 1723 1785 1776 incurrere
1820 1756 1857 1808 Β
1900 1731 2218 1777 veneratur.
2256 1724 2337 1777 lbi
2396 1724 2570 1778 etiam
2625 1725 2876 1793 Tagenio
2910 1724 3386 1794 Arcbiepiscopus
3418 1742 3451 1778 a
3489 1725 3607 1777 suis

95 1806 201 1859 sine
244 1823 413 1860 causa
469 1809 818 1861 niterentur.
901 1809 1008 1862 Sed
1067 1809 1442 1879 Moguntinus
1500 1812 1784 1881 archiepi-

96 1910 298 1965 scopus,
359 1896 460 1966 qui
520 1912 810 1950 summum
863 1898 1053 1951 locum
1128 1897 1477 1967 impetrandi
1510 1899 1813 1969 quaelibet-

95 1985 228 2053 apud
279 1985 492 2053 Regem
556 1985 803 2050 tenebat,
852 1985 1192 2040 intercessor
1243 1988 1495 2053 accessit,
1544 1993 1601 2040 et
1618 1988 1783 2057 juve-

97 2087 215 2125 nem
242 2072 350 2140 legi
400 2073 701 2143 surripuit,
764 2074 1053 2145 mortique
1106 2075 1403 2130 subtraxit.
1463 2077 1713 2131 Tandem
1754 2094 1786 2130 a

99 2160 233 2229 Rege
287 2161 526 2215 Crusina
585 2163 825 2231 rapitur,
897 2163 1167 2226 diruitur,
1221 2164 1563 2218 incenditur.
1639 2166 1787 2219 Uxor

98 2249 372 2302 Hezelonis
401 2266 534 2303 cum
576 2251 693 2304 suis
716 2251 870 2305 abire
920 2252 1293 2322 permittitur,
1356 2259 1413 2307 et
1471 2254 1577 2307 hoc
1607 2254 1658 2307 ei
1684 2272 1787 2324 per

96 2337 541 2392 intercessionem
573 2339 763 2393 fratris
792 2340 880 2394 sui
909 2342 1134 2395 Ottonis
1188 2342 1534 2395 conceditur.
1586 2344 1787 2397 Hezelo

94 2436 297 2495 captam
330 2444 451 2480 esse
512 2427 814 2482 Crusinam
870 2430 1130 2496 audiens,
1165 2430 1236 2483 ad
1283 2431 1593 2501 quemdam
1623 2448 1783 2486 suam

94 2515 479 2581 munitionem,
513 2532 645 2586 quas
705 2518 886 2571 Erana
942 2518 1271 2584 vocabatur,
1343 2518 1619 2589 fugiendo
1651 2536 1784 2590 per—

94 2606 360 2669 \'cnit;et
407 2605 487 2658 ibi
537 2606 883 2675 Sigefridum
932 2608 1244 2676 quamdam
1304 2607 1608 2674 Saxonem,
1651 2625 1786 2679 per-

95 2708 251 2745 versae
276 2695 723 2763 conspirationis
755 2695 1091 2765 participem
1121 2696 1354 2749 obvium
1385 2695 1604 2750 habuit.

154 2784 233 2832 39.
284 2781 391 2835 Sed
462 2798 566 2835 nec
621 2783 703 2836 illi
751 2798 910 2852 spem
976 2784 1281 2837 resistendi
1340 2785 1512 2853 regiae
1562 2785 1786 2838 iraelia-

95 2866 233 2932 hens,
292 2872 555 2924 eamdem
613 2871 1000 2925 munitionem
1039 2872 1193 2926 idem
1228 2871 1349 2942 ipse
1383 2874 1694 2939 succendit,
1732 2880 1789 2927 et

94 2959 363 3013 miseriam
423 2977 588 3013 suam
644 2962 827 3014 celare
879 2961 1157 3025 nesciens,
1212 2968 1443 3031 quantas
1513 2962 1786 3032 despera-

95 3045 247 3099 tionis
294 3036 444 3102 esset
506 3050 861 3103 monstravit.
915 3051 1043 3103 Hecc
1099 3050 1415 3119 Sigefridus
1462 3050 1607 3105 Saxo
1656 3067 1787 3120 per-
1827 3032 1867 3087 Ο

93 3135 334 3202 spiciens,
370 3155 525 3208 aspe
556 3144 758 3209 coepta:
800 3139 1128 3192 rebellionis
1158 3139 1366 3192 cecidit
1398 3155 1413 3208 ;
1466 3145 1522 3193 et
1553 3140 1653 3210 qui
1686 3156 1788 3210 per

94 3224 315 3278 alienam
374 3227 647 3281 fiduciam
699 3234 897 3281 contra
947 3228 1163 3296 regiam
1207 3230 1567 3296 majestatem
1630 3228 1785 3281 intu-

96 3313 239 3379 muit,
287 3314 490 3370 alienas
549 3316 904 3370 confusionis
967 3317 1229 3369 acredine
1302 3323 1485 3370 tactus
1540 3318 1781 3387 crepuit.

96 3400 215 3455 llluc
267 3403 443 3474 igitur
504 3421 638 3459 eum
703 3406 923 3459 venisse
984 3405 1211 3475 puduit,
1261 3411 1319 3459 et
1366 3411 1583 3476 quanto
1615 3406 1785 3460 citius

92 3491 274 3557 potuit,
329 3494 397 3547 ad
478 3495 717 3565 propria
806 3495 1099 3548 remeavit.
1165 3494 1366 3548 Hezelo
1439 3510 1573 3547 vero
1653 3510 1784 3548 cum

94 3583 304 3636 domino
337 3585 609 3637 Brunone
641 3583 708 3636 ad
755 3583 1092 3651 Bulizlaum,
1122 3583 1285 3652 quasi
1332 3582 1623 3652 refugium
1655 3584 1784 3637 uni-

93 3685 223 3735 cum,
254 3672 434 3743 fugit;
468 3680 549 3739 et,
583 3672 736 3743 quod
795 3671 1004 3741 cuique
1038 3677 1123 3725 est
1168 3672 1591 3741 gravissimum,
1619 3672 1785 3742 quasi

94 3766 360 3819 mendicus
412 3765 609 3818 alieno
679 3777 828 3831 pane
888 3761 1076 3814 vivere
1137 3760 1325 3814 discit.
1394 3761 1618 3814 lnterea
1666 3761 1783 3815 Rex

96 3852 308 3907 Eranam
342 3850 709 3923 perveniens,
740 3865 970 3903 causam
1002 3849 1090 3902 sui
1142 3849 1419 3903 adventus
1446 3866 1549 3920 per
1580 3867 1785 3907 manus

94 3942 257 3994 vivere
286 3943 458 3995 hostis
493 3942 716 3994 invenit
746 3938 1049 4007 expletam.
1071 3937 1425 4002 Venitenim,
1457 3938 1785 3996 ntdestrue-

98 4036 169 4079 ret
198 4044 210 4091 ;
240 4030 329 4083 sed
356 4031 461 4082 lios
479 4027 785 4087 destruxit,
824 4042 893 4079 ne
908 4024 1451 4096 ipsedestruendum
1476 4026 1776 4083 inveniret.

156 4118 232 4168 40.
269 4118 550 4171 Hezeloue
581 4116 757 4185 igitur
811 4113 1028 4183 fugato,
1089 4114 1337 4167 castellis
1396 4114 1521 4183 ejus
1554 4116 1779 4182 dirutis,

100 4202 193 4256 Rex
218 4206 498 4276 Raveberg
536 4206 732 4257 locum
774 4202 941 4257 unice
995 4202 1103 4255 sibi
1162 4202 1437 4256 dilectum
1470 4204 1636 4267 redit,
1669 4206 1783 4259 ibi-

1897 1812 2275 1882 suffraganeis
2306 1818 2689 1866 consecratur.

1964 1903 2052 1955 42.
2106 1901 2383 1965 Posthaec,
2466 1901 2720 1954 collectis
2789 1900 3051 1970 Toringis
3129 1905 3185 1953 et.
3262 1900 3603 1968 Saxonibus,

1892 1992 2007 2043 Rex
2039 1989 2097 2042 in
2130 1989 2443 2044 Milzaviam
2475 1989 2670 2054 intrat,
2724 1990 3092 2052 munitiones,
3150 2005 3291 2058 quas
3326 1990 3607 2043 Bulizlaus

1895 2082 2221 2149 occuparat,
2279 2093 2611 2147 expugnare
2645 2077 2877 2131 volens:
2907 2078 3003 2131 sed
3052 2076 3386 2146 bnjusmodi
3411 2078 3605 2148 dispo-

1896 2168 2070 2220 situm
2099 2166 2307 2220 hiemis
2356 2166 2635 2236 asperitas
2690 2166 3017 2234 intercepit,
3072 2172 3128 2219 et
3184 2166 3475 2231 affectum,
3506 2168 3607 2237 qui

1894 2256 2115 2325 expleri
2161 2255 2361 2309 leviter
2420 2255 2480 2307 in
2565 2259 2759 2307 testate
2817 2259 3027 2324 posset,
3106 2254 3277 2323 regia:
3334 2256 3609 2309 voluntati

1896 2344 2214 2413 denegavit.
2275 2343 2511 2398 Omissis
2594 2342 2771 2412 igitur
2866 2341 3309 2405 munitionibus,
3392 2348 3605 2397 terram

1897 2433 2174 2496 devastat,
2206 2432 2353 2486 hanc
2381 2431 2583 2485 incolis
2598 2432 2875 2501 deputans
2902 2430 3152 2500 culpam,
3187 2430 3339 2500 quod
3365 2432 3609 2499 pecunia

1896 2522 2174 2591 corrupti,
2235 2537 2299 2574 ex
2376 2520 2487 2574 fide
2548 2520 2797 2575 Bulizlao
2869 2534 2987 2572 non
3054 2519 3392 2571 restiterint.
3471 2520 3607 2572 lude

1903 2610 2231 2680 Meresborg
2285 2608 2610 2671 revertitur,
2661 2608 2824 2678 juxta
2905 2607 3210 2660 decursum
3265 2606 3423 2659 Albis
3454 2623 3606 2660 mar-

1896 2698 2132 2752 chiones
2210 2704 2491 2762 statuens,
2554 2697 2654 2767 qui
2739 2702 2797 2749 et
2862 2695 3192 2760 Saxoniam,
3259 2702 3316 2748 et
3371 2696 3636 2748 Bulizlai-

1898 2788 2193 2840 incursum
2248 2784 2623 2839 latrocinandi
2679 2783 3023 2847 custodiant,
3070 2789 3126 2835 et
3181 2782 3291 2851 ipsi
3357 2784 3606 2837 Bulizlao

1897 2875 2141 2929 assiduas
2171 2874 2607 2944 inquietationis
2631 2872 2918 2925 molestias
2941 2872 3211 2924 inferant.

1968 2964 2053 3017 43.
2115 2964 2337 3016 Interea
2422 2961 2763 3015 llezelonem
2847 2960 3017 3029 coepti
3078 2958 3336 3028 paenitet,
3379 2963 3437 3013 et
3499 2961 3605 3013 sub

1896 3055 2085 3106 alieno
2120 3067 2265 3121 pane
2288 3050 2503 3104 diutius
2553 3050 2740 3102 vivere
2799 3048 2995 3118 pudet,
3056 3047 3377 3115 solivagum
3430 3048 3605 3101 etiam

1896 3142 2048 3194 inter
2076 3140 2291 3193 alienos
2318 3140 2549 3193 exulare
2582 3138 2772 3191 undet.
2815 3136 2985 3205 Eligit
3041 3151 3179 3205 ergo
3229 3135 3423 3205 potius
3454 3137 3608 3206 peri-

1895 3230 2088 3283 culum
2125 3228 2513 3295 mortisinire,
2554 3242 2725 3296 quam
2758 3225 2839 3277 sic
2869 3228 3042 3277 vitam
3092 3226 3319 3277 ducere.
3351 3224 3606 3277 Tandem

1897 3320 2219 3383 revertitur,
2285 3323 2343 3370 et
2386 3316 2511 3369 fidis
2579 3314 2835 3385 quaesitis
2894 3313 3389 3377 intercessoribus,
3436 3314 3608 3367 Mere-

1894 3408 2067 3476 sborg
2088 3424 2145 3459 se
2181 3404 2646 3474 majestatiregim
2688 3402 2894 3457 reddit.
2931 3401 3021 3456 Sic
3078 3406 3277 3454 contra
3309 3401 3605 3455 stimulum

1893 3497 2214 3559 calcitrans,
2249 3495 2334 3547 bis
2358 3493 2620 3546 aculeum
2668 3491 2861 3555 sentit,
2895 3490 3030 3561 quia
3086 3494 3143 3542 et
3178 3505 3281 3543 sua
3334 3489 3605 3559 perdidit,

1893 3591 1951 3638 et
2002 3584 2376 3652 semetipsum
2435 3582 2638 3633 alienas
2700 3580 2968 3649 potestati
3017 3578 3269 3631 tradidit.
3332 3577 3609 3631 Dominus

1895 3675 2086 3729 Brnno
2136 3677 2328 3725 autem
2404 3668 2555 3738 apud
2622 3667 2939 3721 Bulizlaum
2996 3665 3446 3719 consolationem
3490 3682 3606 3719 non

1893 3760 2213 3825 inveniens,
2274 3758 2346 3811 ad
2404 3772 2660 3810 sororem
2712 3770 2875 3808 suam
2950 3753 3287 3822 Ungaricam
3343 3752 3604 3823 reginam

1893 3847 2191 3919 confugit:
2227 3852 2285 3900 et
2317 3844 2492 3900 etiam
2544 3843 2919 3912 semetipsum
2953 3857 3385 3911 recognoscens,
3421 3842 3605 3896 inter-

1893 3937 2207 3991 cessionem
2240 3934 2362 4004 ejus
2385 3932 2716 4002 imploravit
2745 3931 2831 4002 (3l
2848 3931 2882 4000 ).

1964 4026 2051 4079 Η.
2109 4025 2226 4078 Rex
2282 4024 2504 4076 interea
2553 4020 2801 4090 injuriae,
2863 4034 3037 4090 quam
3092 4017 3605 4072 Thentonicisltali

1892 4116 2229 4179 intulerant,
2276 4128 2388 4167 non
2448 4112 2776 4176 immemor,
2832 4126 2864 4163 a
2912 4109 3157 4163 Saxonia
3216 4109 3511 4162 discedens
3549 4109 3605 4162 in

1897 4204 2193 4259 Bavariam
2252 4200 2425 4254 venit.
2503 4198 2586 4252 lbi
2676 4197 2939 4252 Heinrico
3001 4197 3162 4251 fratri
3240 4197 3475 4267 Reginae
3546 4197 3605 4249 in

98 4308 192 4361 que
215 4296 483 4348 exercitui
508 4294 645 4347 data
681 4292 937 4356 licencia,
972 4290 1328 4345 nativitatem
1389 4291 1443 4344 S.
1479 4292 1578 4346 Dei
1605 4294 1781 4347 Geni-
1814 4316 1856 4370 ι)
1896 4290 2197 4345 festivitate
2246 4290 2302 4345 S.
2366 4286 2656 4342 Benedicti
2715 4285 2986 4339 ducatum
3051 4284 3429 4337 Bavariensen
3473 4299 3603 4337 con-

97 4382 231 4434 tricis
249 4382 575 4437 celebravit.
594 4380 736 4435 Inde
752 4380 808 4433 in
830 4379 1030 4432 silvam
1053 4379 1457 4449 Speichesbart
1486 4384 1619 4447 (29),
1652 4398 1781 4452 quas

100 4470 359 4525 Ras-ariam
392 4490 423 4525 a
473 4470 718 4525 Francia
766 4468 985 4529 dividit,
1054 4468 1309 4532 veniens,
1370 4473 1499 4536 post
1524 4468 1781 4523 laborem

96 4560 461 4628 expeditionis,
517 4558 962 4614 delectationem
1018 4556 1273 4611 exercuit.
1320 4556 1661 4610 venationis.
1698 4558 1783 4611 Ibi

94 4650 465 4714 autumnavit;
526 4649 611 4702 ibi
678 4646 745 4700 ad
833 4646 1245 4700 recreationem
1340 4644 1467 4710 sibi,
1551 4645 1783 4715 suisque

90 4736 467 4801 jocunditatem
513 4740 752 4811 plenam
798 4735 1076 4789 exhibuit.
1142 4734 1279 4788 lnde
1327 4750 1431 4805 per
1486 4734 1779 4787 Franciam

96 4841 286 4882 momse
339 4826 647 4889 transiens,
682 4827 742 4879 in
798 4825 1100 4880 Saxoniam
1161 4824 1337 4888 venit,
1414 4830 1470 4876 et
1517 4824 1783 4893 Toringis

94 4927 145 4965 ac
205 4916 510 4972 Saxonibus
571 4918 635 4970 in
727 4915 1062 4981 Milzaviam,
1138 4913 1564 4984 expeditionem
1626 4915 1781 4967 futu-

94 5018 196 5058 ram
226 5007 437 5063 indixit.
476 5006 698 5062 Exinde
747 5003 976 5059 Poleda:
1010 5002 1376 5057 Nativitatem
1430 5002 1664 5056 Domini
1695 5018 1785 5057 ce-

94 5090 323 5147 lebravit.

154 5254 247 5321 (29)
292 5256 438 5309 Alias
468 5254 818 5325 Speteshart,
842 5250 1041 5325 inquit
1061 5250 1589 5325 Leibni_tius._bodie
1616 5253 1779 5325 Spes:

98 5331 208 5383 sort,
241 5342 394 5380 mons
452 5322 726 5385 silvosus,
762 5330 819 5377 et
867 5322 1111 5375 transitu
1164 5322 1301 5375 satis
1359 5322 1645 5379 diflicilis:
1680 5322 1779 5390 qui

99 5392 219 5446 inter
256 5399 525 5451 ditionem
606 5394 1008 5463 Moguntinam
1082 5398 1138 5445 et
1211 5393 1546 5446 ulteriorem
1611 5393 1781 5446 Fran-

100 5466 282 5520 coniam
332 5471 469 5521 situs
520 5474 633 5532 est,
690 5471 755 5518 ut
809 5466 987 5517 ferme
1068 5479 1231 5517 error
1306 5464 1395 5517 hic
1453 5464 1512 5517 in
1563 5468 1776 5517 textum

104 5532 353 5606 irrepsisse
373 5540 661 5605 videatur,
695 5534 809 5590 nisi
834 5533 1129 5589 Bavariam
1164 5536 1223 5589 in
1279 5533 1546 5590 Sueviam
1595 5550 1778 5606 usque

104 5608 211 5659 tunc
236 5610 603 5665 extenderint.
946 5658 967 5685 ,

1894 4380 2079 4434 cessit.
2141 4378 2393 4432 Tandem
2450 4376 2536 4429 illi
2618 4376 2934 4444 Augustam
3011 4373 3282 4435 venienti,
3352 4388 3481 4442 quae
3546 4373 3604 4425 in

1892 4470 2156 4525 confiniis
2190 4468 2437 4523 Bavariaa
2470 4472 2527 4520 et
2587 4464 2945 4520 Alemannim
2972 4462 3078 4515 sita
3117 4467 3221 4525 est,
3267 4462 3605 4514 Lotliarien-

1894 4576 2002 4625 ses,
2038 4558 2235 4613 Franci
2267 4563 2323 4611 et
2380 4553 2682 4611 Alemanni
2732 4551 2957 4605 obviam
3017 4550 3276 4611 veniunt,
3331 4549 3397 4601 ad
3426 4549 3604 4602 ulcis-

1894 4648 2133 4702 cendam
2177 4644 2451 4715 injuriam
2506 4639 2871 4696 Theutonicis
2920 4638 3136 4691 illatam
3193 4638 3522 4705 voluntarii,
3549 4642 3605 4690 et

1896 4737 2056 4805 regio
2090 4733 2293 4789 honori
2316 4747 2418 4802 per
2471 4730 2665 4785 omnia
2718 4725 3003 4781 deservire
3054 4725 3260 4796 parati.
3325 4726 3467 4779 Cum
3517 4725 3604 4779 liis

1894 4824 2025 4878 inde
2077 4820 2472 4892 progrediens,
2536 4822 2602 4873 ut
2671 4819 3119 4885 congregaretur
3173 4814 3472 4874 exercitus,
3544 4814 3603 4867 in

1894 4913 2041 4974 loco,
2065 4909 2165 4981 qui
2197 4908 2404 4963 dicitur
2432 4906 2655 4975 Omuga
2687 4904 2816 4973 (32),
2841 4902 3111 4957 substitit.
3146 4902 3233 4955 Ibi
3258 4902 3310 4956 ei
3334 4902 3604 4955 dominus

1895 5003 2086 5056 Bruno
2143 5014 2273 5052 cum
2314 4996 2515 5067 legatis
2575 4993 2866 5064 Ungaricis
2916 4991 3105 5061 Regis,
3158 4991 3259 5061 qui
3306 4991 3378 5044 ad
3420 4990 3600 5043 inter-

1891 5089 2209 5145 cedendum
2242 5104 2347 5159 pro
2372 5102 2440 5141 eo
2466 5084 2792 5149 veniebant,
2840 5081 2911 5136 ad
2944 5096 3003 5134 se
3053 5096 3331 5145 reversus,
3376 5078 3601 5133 obviam

1964 5250 2080 5330 (3_0)
2101 5248 2254 5330 Alias
2288 5249 2493 5327 Tagino
2514 5245 2602 5299 vel
2630 5246 2848 5312 Tagmo,
2882 5241 2951 5296 de
3004 5257 3121 5312 quo
3179 5241 3347 5310 plura
3384 5239 3602 5292 Ditma-

1890 5337 1988 5375 rus
2021 5322 2159 5372 locis
2190 5322 2386 5372 variis.

1963 5392 2073 5461 (3t)
2109 5392 2235 5444 ch
2263 5386 2590 5462 annoHlOOi
2642 5383 2960 5462 composita
3014 5380 3333 5462 ostendunt
3354 5378 3600 5462 Qiselam

1890 5448 2022 5515 ante
2053 5448 2268 5514 annum
2306 5460 2438 5513 1003
2487 5448 2857 5511 matrimonio
2901 5453 3265 5522 conjunctam
3307 5448 3507 5515 fuisse,
3540 5455 3603 5503 ut

1889 5531 2219 5606 diximusin
2254 5532 2573 5606 Comment.
2606 5526 2845 5606 ριίξξνίοἶ
2875 5593 2894 5606 .
2954 5592 2985 5606 η

1961 5603 2068 5675 (32)
2104 5604 2265 5657 Putat
2301 5602 2580 5667 attingam
2609 5592 2851 5651 indicari
2875 5592 3206 5649 Leibnitius.
