3976 6414
348 366 442 428 103
1649 356 1704 421 S.
1749 357 2031 421 l-lENRICl

338 493 512 551 venit.
548 496 605 548 et
635 482 858 547 veniam
884 498 987 561 pro
1041 480 1356 543 commissis
1405 485 1700 543 humiliter
1730 487 2046 559 postulans,

341 584 531 640 fratris
579 583 794 636 viscera
852 580 1046 642 movit,
1081 585 1138 633 et
1191 578 1454 632 celeriter
1507 580 1574 632 ad
1626 577 2038 649 ignoscendum

340 672 580 728 inllexit.
617 670 840 726 Namin
882 669 1182 739 proverbio
1228 667 1474 721 dicitur:
1527 668 1744 737 Cuique
1777 668 2038 720 modesto

341 763 532 816 fratris
596 761 848 829 lacryma
925 757 1036 811 cito
1091 757 1270 810 movit
1332 756 1544 808 viscera
1605 772 1618 809 :
1677 759 1733 808 et
1791 755 2038 824 proximi

344 847 658 912 calamitas,
715 844 949 916 propria
1006 845 1072 898 tit
1125 843 1396 897 anxietas.
1455 844 1574 906 Qua
1631 841 1822 895 decuit
1901 857 2036 909 ergo

341 938 554 1009 pietate
603 935 817 1003 recepit
856 954 870 1000 ;
903 939 956 986 ct
1011 938 1325 1002 receptum,
1384 949 1496 1001 qua
1535 929 1750 995 debuit,
1789 929 2038 982 familia—

341 1024 509 1079 ritate
539 1022 648 1075 sibi
679 1021 986 1090 colligavit.
1032 1019 1167 1073 lnde
1206 1033 1550 1088 promovens
1599 1016 1912 1070 exercitum
1937 1031 2042 1084 per

340 1113 464 1166 loca
496 1111 731 1174 sterilia,
782 1124 887 1178 per
939 1113 1211 1161 montana
1260 1123 1482 1175 aspera,
1532 1121 1636 1175 per
1693 1104 1862 1159 silvas
1919 1120 2043 1172 spa-

340 1201 537 1264 tiosas,
570 1214 675 1268 per
704 1198 822 1249 vias
879 1195 1145 1260 lubricas,
1181 1195 1251 1248 ad
1307 1193 1702 1248 'l‘ridentinam
1753 1191 2038 1246 civitatem

341 1285 616 1357 pervenit.
653 1285 754 1346 lbi.
799 1283 858 1336 in
890 1282 980 1336 die
1030 1283 1375 1344 Palinurum,
1442 1298 1556 1351 qua
1610 1279 1866 1350 oportuit
1892 1281 2041 1332 cele-

340 1375 566 1436 britate,
624 1388 753 1425 suos
801 1371 1068 1425 diurnare
1116 1371 1266 1424 fecit.
1326 1369 1504 1439 Hujus
1547 1368 1857 1421 adventum
1903 1369 2039 1420 Har-

342 1461 554 1516 duinus
607 1477 702 1513 rex
772 1458 1150 1524 adulterinus,
1235 1457 1628 1528 praesentiens,
1691 1455 1761 1509 ad
1825 1457 2039 1522 Clusas,

343 1568 486 1620 quos
533 1549 642 1603 sibi
696 1547 1063 1601 fidelissimos
1111 1546 1490 1608 existimabat,
1539 1544 1799 1597 custodes
1852 1547 2039 1595 trans-

341 1638 516 1701 misit,
551 1643 607 1690 et
645 1641 1174 1706 quantumcumque
1232 1634 1438 1705 potuit,
1490 1631 1798 1685 exercitum
1846 1631 2043 1684 coadu-

341 1743 477 1780 nare
510 1725 814 1779 festinavit.

411 1815 498 1868 45.
535 1813 750 1867 Deinde
779 1813 838 1865 in
877 1811 1173 1882 planitiem
1231 1812 1616 1863 Veronensem
1672 1808 1847 1874 venit,
1875 1825 2042 1862 even~

337 1902 421 1955 tui
467 1902 652 1972 primo
699 1899 944 1953 similem
986 1899 1042 1952 in
1089 1898 1298 1951 futuris
1356 1898 1572 1950 exitum
1625 1913 1878 1966 sperans.
1916 1898 2044 1949 Haec

342 1989 635 2045 Heinricus
686 1989 799 2041 Rex
841 1986 1162 2056 percipiens
1217 1984 1284 2038 ad
1343 1984 1483 2036 alias
1511 1983 1630 2036 vias
1674 2001 1733 2037 se
1755 1985 1990 2038 contulit
2027 2001 2039 2051 ;

340 2094 460 2132 non
481 2083 541 2130 ut
599 2077 912 2129 declinaret
959 2073 1248 2142 praelium,
1307 2073 1402 2125 sed
1455 2080 1520 2125 ut
1568 2071 1880 2125 faciliorem
1933 2071 2043 2126 sibi

339 2171 628 2238 quaereret
706 2162 1022 2217 introitum.
1113 2163 1202 2215 Est
1297 2160 1450 2215 enim
1531 2160 1866 2231 impossible
1942 2177 2043 2230 per

342 2256 556 2319 Clusas,
628 2252 788 2322 juxta
843 2249 1100 2312 Athesin,
1172 2264 1314 2318 quas
1389 2247 1734 2316 Harduinus,
1793 2248 2044 2317 plurima

342 2340 713 2395 multitudine
745 2338 1032 2403 tuebatur,
1089 2336 1356 2389 transire.
1411 2337 1632 2388 Interea
1683 2337 2042 2404 capellanum

343 2427 654 2498 quemdam
686 2441 874 2490 suum,
924 2423 1312 2492 llemilgerum
1367 2422 1784 2494 [Helingerum]
1813 2424 2044 2478 nomine

341 2515 412 2569 ad
445 2515 792 2569 Carentanos
825 2512 1122 2582 prasmittit
1155 2528 1168 2576 ;
1200 2517 1263 2564 ut
1292 2512 1486 2564 Clusas
1519 2512 1685 2580 longe
1711 2528 1742 2564 a
1773 2512 1864 2565 via
1891 2518 2046 2565 recta

343 2601 643 2672 sepositas,
668 2615 796 2671 quin
828 2599 899 2652 ab
943 2598 1232 2652 Harduino
1264 2598 1456 2651 minus
1509 2606 1672 2651 caute
1712 2597 2040 2664 tuebantur,

342 2695 794 2761 prmoccuparet,
825 2688 1076 2741 mandat.
1133 2688 1259 2740 Non
1285 2687 1438 2739 enim
1488 2688 1790 2757 quisquam
1812 2688 2044 2740 credere

340 2783 586 2850 poterat,
645 2783 708 2830 ut
763 2777 968 2846 regalis
1019 2775 1300 2828 exercitus
1342 2790 1442 2843 per
1478 2774 1596 2826 vias
1634 2780 1750 2828 tam
1785 2774 2045 2828 difliciles

341 2874 399 2922 et
427 2871 695 2936 angustas
725 2864 966 2918 transire
1005 2864 1093 2916 vel
1132 2864 1318 2928 vellet,
1351 2863 1439 2916 vel
1492 2872 1701 2932 posset.
1737 2863 2044 2916 Carentani

338 2957 514 3026 regiis
545 2954 828 3009 mandatis
857 2953 1154 3018 obediuut,
1182 2957 1238 3004 et
1297 2952 1599 3021 Helingero
1655 2953 1948 3018 suadente,
1982 2952 2044 3005 in

338 3047 480 3100 duas
539 3049 757 3098 turmas
808 3042 1162 3096 dividuntur.
1242 3041 1363 3094 Una
1426 3048 1558 3094 ante
1629 3041 1768 3093 lucis
1827 3047 2040 3102 ortum,

342 3132 568 3187 omissis
598 3131 782 3201 equis,
811 3131 1052 3183 latenter
1072 3129 1253 3183 Clusis
1285 3129 1710 3198 superpositum
1745 3128 2045 3198 [montem]

339 3225 616 3284 occupat:
668 3218 865 3282 altera,
924 3219 1245 3269 lucescente
1293 3217 1414 3284 jam
1453 3215 1562 3281 die,
1621 3215 1786 3284 signo
1843 3217 2046 3282 abhis,

339 3306 528 3379 quiin
557 3311 751 3358 monte
782 3308 966 3368 erant,
1000 3302 1213 3364 audito,
1261 3301 1330 3355 ad
1362 3301 1556 3354 Clusas
1611 3304 2044 3371 expugnandus,

339 3393 633 3449 festinant.
697 3390 970 3445 Custodes
1022 3388 1167 3442 nihil
1197 3389 1266 3442 de
1325 3389 1435 3455 his,
1469 3388 1568 3459 qui
1604 3396 1858 3442 montem
1887 3407 2050 3444 occu-

338 3487 632 3555 paverant,
697 3479 960 3540 scientes.
1019 3478 1088 3530 ad
1151 3477 1525 3530 resistendum
1611 3477 1807 3530 Clusas
1862 3477 2048 3546 impu-

341 3569 648 3642 gnantibus
695 3567 987 3621 accedunt.
1068 3565 1322 3635 Repente
1399 3565 1457 3618 in
1547 3571 1741 3618 monte
1808 3565 2048 3618 latentes

340 3657 628 3723 exsiliunt,
688 3655 998 3723 Clususque
1048 3651 1486 3706 defendentibus
1543 3667 1576 3703 a
1615 3651 1785 3704 dorso
1841 3649 2048 3703 infeste

339 3742 768 3816 superveniunt.
799 3739 1092 3806 Custodes,
1114 3755 1172 3792 se
1203 3737 1472 3807 deceptos
1501 3754 1620 3790 esse
1645 3737 2046 3808 percipientes,

338 3831 437 3885 alii
465 3847 524 3883 se
553 3830 612 3882 in
646 3830 842 3898 fugam
897 3826 1216 3889 miserunt;
1250 3825 1344 3878 alii
1390 3825 1449 3878 in
1487 3825 1871 3895 praecipitium
1902 3843 1919 3888 ;
1950 3826 2048 3878 alii

339 3918 402 3971 in
435 3918 701 3970 Brentam
741 3930 951 3983 aquam
974 3912 1428 3964 subcurrentem.
1475 3912 1591 3964 llac
1620 3911 2046 3981 expugnatione

342 4001 649 4059 Carentani
672 4001 867 4054 Clusas
892 4004 1155 4052 tenentes
1189 3998 1402 4067 Regem
1434 4003 1781 4068 exspectant.

411 4110 500 4161 46.
556 4108 684 4160 lla-c
730 4104 848 4156 Rex
900 4119 1005 4172 per
1057 4101 1417 4171 eapellanum
1448 4119 1640 4171 suum,
1687 4120 1860 4174 quem
1890 4120 2047 4173 prae-

341 4197 597 4260 miserat,
652 4191 923 4256 resciens,
971 4189 1260 4243 festinavit
1287 4190 1358 4243 ad
1403 4191 1642 4245 Clusas:
1693 4198 1750 4245 et
1803 4191 2046 4262 impedi-

341 4289 537 4338 menta
583 4281 932 4350 relinquens,
999 4294 1062 4331 ac
1090 4294 1281 4331 secum
1335 4277 1406 4330 ad
1451 4295 1705 4348 pugnam
1748 4280 2044 4350 expeditos

342 4389 596 4438 sumens,
652 4386 782 4424 cum
831 4358 1080 4423 maxima
1138 4367 1474 4420 difficultate
1518 4366 1794 4420 transivit.
1829 4367 2042 4421 Deinde

343 4463 404 4516 in
436 4459 731 4532 planitiem
770 4456 1025 4520 veniens,
1050 4471 1223 4525 super
1251 4470 1461 4524 aquam
1495 4455 1761 4508 Brentam
1802 4455 2048 4508 tentoria

342 4548 716 4620 tigerejussit
746 4563 760 4613 ;
793 4552 855 4600 ut
909 4545 990 4598 ibi
1049 4544 1170 4598 dies
1222 4543 1504 4597 solemnes
1562 4542 1798 4612 majoris
1827 4543 2045 4597 hebdo-

345 4637 528 4692 madas
590 4637 766 4706 digna
817 4634 1113 4688 devotione
1171 4636 1555 4685 veneraretur.
1629 4632 1750 4684 Non
1781 4631 1936 4684 enim
1993 4632 2045 4685 ei

343 4727 559 4779 bonum
583 4741 702 4777 esse
724 4722 1044 4787 videbatur,
1097 4724 1161 4774 ut
1202 4720 1261 4773 in
1326 4719 1440 4772 illis
1472 4718 1694 4786 diebus,
1753 4719 1810 4771 in
1837 4719 2046 4789 quibus

343 4813 607 4867 conditor
635 4826 739 4882 pro
789 4809 1052 4874 conditis,
1109 4813 1332 4861 creator
1379 4823 1482 4876 pro
1510 4806 1730 4873 creatis,
1772 4807 2047 4860 Dominus

342 4919 450 4972 pro
520 4899 714 4966 servis,
771 4897 920 4966 capi,
1008 4895 1309 4965 flagellari,
1364 4894 1639 4964 crucifigi,
1696 4895 1948 4964 sepeliri,
1987 4895 2044 4947 in

344 4990 698 5060 agnitionem
724 5004 841 5040 suae
887 4985 1178 5039 charitatis
1230 4985 1428 5050 voluit,
1484 4985 1831 5038 indiceretur
1854 4985 2046 5054 aliqua

345 5077 694 5148 congressio,
753 5092 817 5130 ex
884 5091 998 5144 qua
1055 5073 1306 5127 violenta
1371 5073 1675 5127 Christiani
1750 5072 2064 5155 sanguinis-

344 5169 510 5222 fieret
548 5165 770 5219 effusio.
822 5162 906 5216 lbi
953 5178 1089 5230 ergo
1127 5161 1196 5213 ab
1253 5160 1689 5230 Arcbiepiscopo
1722 5159 2045 5213 Coloniensi

343 5255 666 5310 chrismatis
722 5253 786 5306 fit
849 5249 1216 5314 consecratio,
1269 5248 1382 5302 illis
1419 5248 1678 5318 partibus
1724 5253 1859 5301 tunc
1886 5247 2047 5300 valde

351 5343 684 5399 necessaria.
754 5342 815 5395 In
862 5337 1161 5393 duodecim
1195 5336 1351 5391 enim
1417 5336 1838 5406 episcopatibus
1899 5335 2046 5389 circa

346 5431 650 5485 introitum
687 5428 886 5489 Italiae,
932 5426 1030 5481 illo
1076 5424 1167 5478 die
1237 5439 1346 5492 pro
1377 5422 1709 5476 confusione
1753 5423 2042 5493 praesenti,

345 5535 452 5573 nec
507 5519 818 5589 Episcopus
865 5519 1007 5581 erat,
1062 5527 1167 5565 nec
1217 5510 1467 5565 chrisma
1536 5515 1843 5566 sacratum.
1901 5509 1984 5563 lbi
2015 5527 2047 5563 a

346 5612 465 5662 toto
508 5605 759 5660 exercitu
814 5605 985 5659 Coena
1040 5599 1270 5655 Domini
1321 5599 1685 5654 devotissime
1711 5597 1784 5652 ad
1831 5614 2046 5654 memo-

2078 354 2557 420 IMPERATORlS
3763 355 3859 420 lOi

2079 489 2118 541 Α
2164 485 2306 541 riam
2342 485 2645 548 reducitur,
2700 483 2778 540 ibi
2838 485 3160 546 Parasceve.
3235 483 3311 542 ibi
3368 485 3681 548 Sabbatum
3733 506 3859 542 san-

2151 583 2306 630 ctum
2402 576 2514 646 piis
2600 575 2896 629 affectibus
2973 577 3200 644 colitur.
3313 577 3524 630 Pascha
3633 578 3859 631 Domini

2151 671 2206 716 et
2235 665 2410 736 digna
2437 665 2802 718 veneratione
2833 666 3174 730 Celebratur,
3234 670 3290 718 et
3347 667 3441 735 pia
3478 666 3861 719 celebratione

2149 757 2475 806 veneratur.

2223 843 2309 895 47.
2374 844 2507 895 l’ost
2557 842 2677 895 haec
2734 843 2846 896 Rex
2895 841 3151 896 Palatino
3198 842 3401 896 Comiti
3472 842 3749 913 praecepit
3800 847 3863 896 ut

2151 947 2253 1001 per
2297 930 2554 983 bauuuni
2605 931 2793 999 regale
2847 930 3120 984 exercitui
3161 931 3264 983 toti
3322 931 3460 998 fuga
3519 930 3859 983 intermina-

2150 1023 2350 1072 retur:
2406 1018 2636 1071 adderet
2699 1020 2894 1085 etiam,
2956 1025 3036 1083 ut,
3087 1018 3132 1071 si
3200 1018 3326 1088 quis
3379 1019 3579 1089 fugere
3638 1035 3860 1089 praesu-

2151 1109 2351 1167 meret,
2419 1107 2786 1175 plectendum
2875 1125 2933 1159 se
3012 1107 3241 1176 capitali
3332 1107 3617 1161 sententia
3668 1107 3858 1160 sciret.

2152 1194 2489 1264 Ilujusmodi
2543 1194 2734 1248 banuo
2768 1212 2878 1265 per-
2911 1196 3218 1248 exercitum
3240 1196 3454 1262 audito,
3499 1196 3614 1249 Rex
3648 1212 3859 1266 aquam

2149 1281 2212 1334 in
2294 1283 2460 1336 tertia
2526 1283 2668 1336 feria
2750 1284 3032 1337 Paschalis
3112 1283 3489 1337 hebdomadas
3574 1284 3862 1351 transivit,

2149 1369 2345 1441 ibique
2376 1371 2618 1424 tentoria
2645 1371 2853 1425 iterum
2885 1372 3060 1442 figere
3096 1373 3288 1439 jussit,
3344 1379 3679 1442 exspectans
3713 1389 3860 1425 nun-

2151 1458 2288 1523 cios,
2321 1475 2464 1528 quos
2494 1458 2565 1512 ad
2594 1461 3007 1528 explorandum
3037 1460 3246 1528 locum,
3273 1460 3332 1512 in
3362 1477 3476 1531 quo
3530 1461 3862 1514 llarduinus

2151 1563 2280 1600 cum
2339 1547 2456 1599 suis
2522 1547 2938 1617 bospitabatur,
3022 1548 3397 1618 praemiserat.
3459 1550 3702 1613 Interea,
3746 1566 3862 1618 qua

2150 1636 2368 1690 ratione
2426 1636 2636 1697 nescio,
2703 1638 3205 1706 Longobardorum
3263 1638 3613 1691 unanimitas
3657 1640 3862 1707 sejun-

2076 1766 2115 1818 Β
2155 1724 2310 1793 gitur
2342 1740 2354 1788 ;
2389 1731 2444 1777 et
2482 1724 2552 1777 ad
2587 1724 2966 1778 resistendum
3013 1725 3324 1789 discordes,
3366 1742 3568 1778 omnes
3608 1726 3677 1778 ad
3727 1742 3859 1795 pro-

2151 1813 2278 1883 pria
2326 1813 2515 1866 redire
2573 1812 2867 1866 festinant.
2904 1813 3031 1866 Sive
3088 1813 3197 1866 hoc
3231 1815 3408 1866 timor
3461 1813 3690 1883 egisset,
3743 1813 3863 1865 sive

2153 1917 2317 1954 amor
2383 1901 2554 1970 Regis
2633 1899 2902 1968 Heinrici,
2983 1918 3084 1955 seu
3141 1901 3418 1954 Harduini
3483 1901 3860 1966 exsecratio;

2152 1989 2407 2054 illorum,
2464 1988 2565 2057 qui
2623 1988 3024 2054 interfuerunt,
3085 1989 3339 2042 scientia:
3392 1990 3680 2060 relinquo.
3748 1992 3866 2043 Hoc

2151 2083 2374 2130 tantum
2440 2075 2603 2141 scio;
2656 2077 2791 2146 quia
2853 2076 3006 2130 illius
3058 2076 3418 2146 providentia
3481 2093 3598 2130 non
3653 2077 3863 2142 abfuit,

2151 2166 2312 2234 cujus
2369 2164 2768 2217 benevolentia
2819 2172 2877 2217 et
2928 2165 3156 2234 cuique,
3217 2167 3371 2235 quod
3413 2166 3553 2228 vult,
3599 2166 3722 2218 sine
3761 2165 3867 2218 lite

2151 2252 2430 2319 concedit,
2463 2259 2520 2305 et
2569 2253 2734 2322 quod-
2783 2253 2922 2318 vult,
2957 2252 3194 2306 occultis
3238 2253 3441 2322 judicii
3493 2253 3698 2318 causis,
3760 2270 3869 2322 per

2150 2357 2405 2414 pugnam
2435 2340 2678 2394 discerni
2707 2341 3004 2394 consentit.

2223 2431 2502 2483 48.1’atet
2560 2429 2736 2499 igitur
2788 2431 3051 2484 lleinrico
3105 2430 3230 2498 regi
3282 2430 3595 2495 introitus;
3633 2430 3734 2500 qui
3762 2446 3872 2500 per

2151 2519 2406 2574 laborem
2482 2517 2838 2585 sperabatur,
2895 2533 2997 2586 per
3065 2518 3320 2588 quietem
3376 2535 3409 2570 a
3475 2526 3611 2572 ve’ra
3665 2518 3866 2588 quiete

2153 2622 2472 2662 concessus.
2509 2607 2672 2660 Venit
2728 2624 2866 2675 ergo
2902 2608 3202 2670 Veronam,
3251 2608 3528 2676 recipitur
3553 2624 3586 2661 a
3615 2608 3861 2674 civibus,

2153 2696 2520 2755 acclamatur.
2591 2695 2964 2759 collaudatur,
3050 2695 3379 2748 coronatur.
3463 2696 3721 2750 Occurrit
3808 2697 3866 2749 ei

2155 2781 2380 2837 obviam
2452 2782 2781 2838 'l‘ietboldus
2855 2781 3131 2850 marebio,
3218 2788 3530 2836 occurrunt
3576 2787 3633 2835 et
3689 2785 3874 2837 ceteri

2154 2874 2430 2943 plures,a
2485 2872 2744 2926 faucibus
2804 2870 2986 2940 erepti
3055 2870 3288 2930 furoris.
3366 2875 3424 2924 et
3495 2870 3616 2940 spei
3657 2872 3875 2925 redditi

2153 2962 2456 3016 libertatis.
2490 2961 2625 3015 lnde
2671 2958 2922 3012 Brixiam
2955 2959 3340 3028 progreditur,
3389 2964 3447 3012 et
3487 2958 3555 3013 ab
3582 2959 3877 3029 Episcopo

2077 3047 2117 3101 C
2156 3050 2490 3122 civibusque
2541 3064 2670 3102 cum
2729 3047 2888 3100 omni
2936 3047 3225 3100 alacritate
3280 3046 3576 3116 recipitur.
3639 3047 3721 3099 lbi
3771 3063 3875 3099 ar-

2157 3137 2550 3208 chiepiscopus
2590 3137 2909 3201 Ravennas,
2963 3150 3096 3188 cum
3156 3135 3272 3188 suis
3325 3140 3381 3188 et
3438 3135 3545 3187 sibi
3599 3134 3878 3188 finitimis

2157 3227 2209 3280 ei
2244 3228 2470 3280 obviam
2501 3225 2672 3291 venit,
2731 3230 2787 3278 et
2816 3240 3021 3276 manus
3081 3225 3339 3277 nondum
3405 3223 3664 3277 dominio
3702 3224 3878 3276 adul-

2155 3315 2344 3370 terino
2391 3317 2664 3386 pollutas,
2718 3313 2930 3366 seniori
2969 3312 3070 3366 diu
3123 3318 3444 3382 exspectato
3491 3312 3693 3366 reddit.
3729 3313 3881 3366 Inde

2156 3401 2270 3455 Rex
2303 3403 2650 3473 Bergomum
2715 3401 2889 3466 venit,
2923 3405 2980 3453 et
3035 3401 3519 3454 Mediolanensem
3568 3400 3880 3470 Archiepi-

2157 3505 2394 3559 scopum
2451 3507 2551 3560 per
2624 3505 2831 3542 manus
2883 3493 2941 3540 et
3003 3493 3358 3542 sacramenta
3409 3488 3642 3558 recepit.
3728 3488 3882 3542 Inde

2155 3577 2411 3647 Papiam.
2447 3578 2584 3632 lbia
2641 3575 3011 3631 multitudine
3061 3576 3307 3630 maxima
3363 3576 3646 3630 nobilium
3712 3577 3883 3630 Lon-

2157 3666 2570 3736 gobardorum,
2617 3665 2716 3736 qui
2748 3665 2818 3718 ad
2875 3663 3300 3735 suscipiendum
3354 3681 3486 3718 eum
3536 3666 3881 3734 congregati

2157 3757 2339 3819 erant,
2361 3769 2465 3822 per
2485 3752 2689 3822 dignos
2713 3753 3019 3822 applausus
3064 3749 3357 3820 recipitur,
3394 3757 3449 3804 et
3503 3767 3633 3804 cum
3677 3752 3881 3804 exsul-

2156 3841 2372 3894 tatione
2421 3841 2598 3894 totius
2650 3840 2894 3893 civitatis
2952 3840 3021 3892 ad
3071 3840 3127 3893 S.
3210 3838 3494 3892 Michaelis
3549 3838 3884 3907 {ecclesiam

2155 3928 2402 3982 ducitur.
2462 3928 2544 3981 lbi
2604 3928 2809 3992 clerus,
2874 3928 2955 3982 ibi
3015 3927 3295 3980 nobilium
3360 3933 3556 3988 castus,
3593 3926 3670 3980 ibi
3703 3928 3883 3996 plebs

2157 4015 2458 4085 utriusque
2505 4032 2669 4067 sexus
2717 4031 2914 4068 omnes
2977 4014 3296 4078 unanimes,
3332 4031 3448 4067 uno
3502 4030 3601 4067 ore
3643 4014 3881 4067 Heinri-

2156 4121 2287 4157 cum
2347 4104 2558 4173 Regem
2591 4104 2930 4163 acclamant.
2962 4103 3308 4169 collaudant,
3344 4102 3730 4157 collaudatum
3765 4120 3887 4174 per

2155 4207 2393 4246 manum
2424 4191 2736 4244 elationem
2766 4191 3090 4261 designant.

2227 4282 2316 4334 49.
2380 4279 2744 4334 Collaudatus
2820 4280 2996 4349 igitur
3052 4284 3380 4345 coronatur,
3459 4285 3767 4333 coronatus
3804 4299 3884 4335 ex

2159 4368 2350 4422 debito
2372 4368 2443 4421 ab
2475 4369 2742 4422 omnibus
2795 4369 3128 4422 honoratur.
3199 4367 3282 4421 Ad
3331 4369 3610 4438 palatium
3660 4369 3887 4424 deinde

2155 4472 2287 4509 cum
2347 4456 2505 4510 omni
2538 4456 2891 4525 jocunditate
2975 4455 3285 4510 reducitur.
3364 4457 3641 4528 Tandem,
3691 4455 3885 4510 decli-

2157 4549 2329 4597 nante
2383 4545 2503 4614 jam
2579 4545 2691 4611 die,
2749 4545 3009 4598 diabolus
3059 4544 3214 4613 pacis
3241 4543 3489 4609 invidus,
3544 4546 3885 4600 concordiae

2156 4632 2446 4700 inimicus,
2495 4632 2796 4686 discordias
2844 4633 3160 4685 seminator
3216 4632 3508 4697 fervidus;
3570 4649 3702 4701 quo,
3741 4643 3890 4702 post

2155 4719 2492 4788 mysterium
2524 4719 2782 4789 corporis
2812 4725 2868 4772 et
2899 4718 3198 4787 sanguinis
3246 4719 3548 4783 Dominiei,
3593 4720 3770 4772 .Iudas
3799 4724 3882 4775 ad

2155 4808 2604 4878 perpetrandum
2654 4805 2811 4860 nefas
2882 4807 3346 4861 infandissimum
3401 4813 3663 4876 suscepto
3708 4808 3884 4863 intu-

2156 4897 2323 4960 muit,
2374 4897 2693 4965 eodemque
2761 4896 3058 4960 suadente,
3125 4895 3186 4948 in
3258 4896 3606 4965 supplicium
3667 4913 3886 4967 perpe-

2153 4983 2374 5037 tuitatis
2423 4984 2685 5053 crepuit;
2745 4982 2792 5035 is
2845 4989 2900 5036 et
2932 4983 3082 5036 cives
3148 4989 3276 5052 post
3327 4999 3608 5037 manuum
3665 4986 3886 5039 reddi—

2155 5071 2391 5132 tionem,
2461 5077 2592 5141 post
2637 5070 2772 5130 fidei
2814 5071 3273 5140 promissionem,
3324 5077 3455 5141 post
3521 5075 3892 5128 sacramenti

2156 5159 2564 5225 securitatem;
2622 5160 2800 5224 nulla,
2853 5176 2982 5229 qua:
3013 5158 3072 5212 in
3106 5159 3383 5213 rationem
3441 5159 3612 5228 digne
3660 5159 3888 5216 deduci

2154 5257 2365 5317 posset,
2427 5247 2664 5301 laesione
2729 5253 2971 5311 coactos,
3054 5248 3325 5301 adversus
3403 5249 3624 5317 regiam
3685 5252 3887 5319 maje-

2157 5341 2360 5390 statem
2415 5334 2655 5406 (veneno
2708 5334 3001 5388 ebrietatis
3058 5335 3338 5400 immisso)
3377 5336 3711 5389 commovit.
3756 5338 3889 5393 lloc

2155 5423 2349 5494 itaque
2407 5439 2660 5490 suasore,
2717 5427 3055 5489 armantur;
3115 5425 3222 5477 hoc
3294 5423 3671 5489 stimulatore,
3727 5425 3891 5480 inci-

2155 5517 2388 5577 tantur;
2431 5511 2539 5564 hoc
2587 5511 2846 5578 ductore,
2901 5510 2973 5565 ad
3020 5511 3296 5581 palatium
3363 5518 3726 5582 properant;
3762 5514 3890 5570 hoc

2156 5599 2503 5666 ordinatore,
2575 5597 2785 5652 muenia
2839 5599 3096 5668 cingunt.
3169 5598 3410 5664 Quidam
3463 5599 3636 5653 etiam
3693 5600 3888 5656 inter-
