3976 6408
46 372 125 417 ἔπιῖὶ
1692 374 1745 425 At

3454 388 3549 439 itu;

40 500 152 548 iant
204 494 599 563 instigatores,
657 494 756 564 qui
814 510 914 565 per
970 493 1267 563 propriam
1329 493 1734 549 conscientiam
1766 498 1807 548 Α
1850 495 2023 563 ditur,
2080 513 2389 568 casumque
2431 498 2702 555 minatur.
2754 500 2858 554 Sed
2902 519 2999 571 spe
3045 504 3266 558 sublata
3324 507 3549 576 refugii,

39 583 256 651 turbidi,
288 583 399 636 sub
444 582 738 637 Harduino
784 582 1075 635 malebant
1103 597 1207 652 per
1236 581 1459 635 illicitas
1500 582 1733 652 rapinas

40 672 230 741 vagari,
274 688 453 742 quam
499 671 605 725 sub
660 671 924 725 Heinrico
984 672 1161 725 frame
1221 671 1461 741 justitiaa
1496 689 1559 726 ac
1592 672 1733 742 legis

40 760 319 830 adstringi.
357 760 444 813 Fit
490 758 785 829 strepitus,
835 759 1091 830 exsurgit
1120 760 1369 826 sonitus;
1412 760 1473 813 iu
1518 760 1730 830 palatio

39 850 209 902 statim
245 849 507 902 auditur.
544 848 654 902 Sed
685 847 819 918 quia
850 864 1021 902 nemo
1059 848 1216 915 talia,
1252 855 1379 918 post
1411 850 1582 903 tidem
1637 866 1731 903 eo-

40 940 148 989 lem
177 937 267 989 die
304 936 677 1005 promissam,
714 936 944 990 credere
976 941 1220 1006 poterat,
1273 952 1387 990 non
1422 938 1534 990 cito
1566 937 1734 990 intel-

40 1027 236 1093 ligitur.
276 1026 397 1078 Rex
428 1030 645 1091 tamen,
682 1024 819 1095 quid
852 1024 942 1090 sit,
976 1024 1261 1094 explorari
1286 1024 1469 1094 jubet.
1500 1026 1731 1079 Renun-

40 1116 205 1166 l-intur
249 1113 504 1167 civitatis
558 1113 736 1179 furor,
792 1113 1172 1167 renuuciatur
1216 1113 1460 1183 plebeia:
1516 1113 1734 1167 animo-

40 1203 205 1255 sitatis
281 1202 532 1256 insania.
598 1203 750 1256 Hanc
816 1202 1173 1257 Coloniensis
1232 1202 1729 1273 Archiepiscopus,

40 1291 282 1360 quicum
328 1290 486 1359 Rege
548 1294 690 1359 erat,
749 1306 1111 1362 compescere
1152 1307 1209 1343 se
1264 1307 1432 1361 posse
1470 1306 1729 1359 sperans,

40 1396 129 1447 per
190 1380 503 1433 fenesrram
569 1379 842 1449 suspexit,
915 1395 1228 1449 causasque
1302 1378 1447 1432 tanti
1523 1378 1733 1431 furoris

40 1469 314 1538 inquirere
379 1468 572 1539 cmpit.
642 1468 748 1522 Sed
804 1467 1087 1538 lapidibus
1144 1471 1201 1520 et
1270 1465 1489 1536 sagittis
1539 1481 1735 1535 super-

40 1556 382 1611 venientibus
415 1557 503 1609 vix
532 1573 665 1610 eum
705 1562 956 1626 coeptum
996 1555 1163 1609 ﬁnire
1194 1570 1519 1607 sermonem
1551 1552 1730 1618 licuit,

42 1646 371 1699 Animositas
427 1644 583 1698 enim
621 1644 1128 1714 Longobardorum
1189 1643 1429 1696 nimium
1464 1642 1730 1716 fervebat.

44 1740 90 1785 ct
116 1750 175 1786 ex
207 1741 417 1787 eventu
471 1733 675 1787 bellico
728 1740 926 1786 contra
958 1732 1224 1786 Ottouem
1280 1732 1511 1797 Ducem,
1547 1730 1731 1783 adhuc

46 1823 399 1876 contumacim
431 1821 581 1875 vires
624 1822 889 1876 habebat.

110 1913 188 1963 50.
223 1913 443 1965 Instant
472 1927 609 1981 ergo
640 1910 916 1980 palatium
937 1924 1313 1979 perrumpere
1336 1907 1731 1977 Longobardi:

48 2000 297 2053 resistunt
349 2000 527 2069 Regis
587 1998 905 2061 domestici,
969 1996 1229 2068 quamvis
1313 1996 1501 2067 pauci.
1564 1997 1735 2049 Erant

48 2089 184 2141 enim
252 2087 595 2142 Theutonici
651 2086 857 2157 partim
917 2102 1046 2139 cum
1103 2085 1289 2156 equis,
1358 2086 1568 2154 partim
1630 2100 1733 2153 per

52 2176 293 2247 hospitia,
329 2176 547 2247 partim
578 2192 683 2246 per
738 2175 966 2229 castella
996 2174 1079 2228 illi
1136 2174 1432 2228 comitatui
1466 2172 1730 2227 finitima.

54 2268 149 2319 Rex
190 2266 336 2319 illico
368 2282 474 2336 per
504 2265 964 2335 indignationem
1020 2263 1081 2317 in
1136 2264 1282 2317 iram
1344 2262 1633 2327 efferbuit,
1680 2267 1738 2316 et

55 2370 164 2408 cum
191 2354 292 2420 his,
326 2370 474 2425 quos
505 2369 699 2406 secum
749 2352 1014 2414 habebat,
1064 2356 1321 2404 armatus
1343 2351 1496 2404 exire
1532 2350 1732 2418 voluit,

58 2459 333 2496 numerum
367 2442 620 2496 militum
653 2456 887 2494 suorum
919 2456 1016 2510 spe
1070 2455 1333 2510 supernae
1368 2438 1570 2508 gratias
1601 2454 1736 2509 sup-

57 2532 214 2600 plens.
281 2535 352 2585 At
428 2528 788 2585 Coloniensis
863 2528 1339 2598 Arcbiepiscopus
1410 2530 1549 2593 toto,
1624 2543 1738 2596 quo

58 2624 272 2686 poterat,
298 2618 435 2672 nisu
463 2634 597 2672 cum
628 2617 735 2683 his,
768 2616 865 2687 qui
894 2632 1047 2669 sana:
1071 2615 1283 2669 mentis
1313 2620 1495 2681 erant,
1524 2615 1736 2683 Regem

56 2708 343 2774 retinebat;
389 2708 598 2772 sciens,
668 2704 805 2777 quia
858 2705 1043 2775 capite
1100 2704 1340 2775 perdito,
1394 2704 1553 2757 nulla
1610 2720 1739 2773 spes

59 2798 311 2850 evasionis
367 2800 697 2866 superesset
757 2794 816 2848 in
871 2793 1165 2848 membris.
1222 2793 1463 2859 Interea,
1520 2792 1737 2846 invale-

60 2891 220 2939 scente
270 2885 546 2949 clamore,
578 2881 915 2936 Tlieutonici
948 2885 1405 2959 congregantur,
1445 2878 1738 2949 complici-

62 2975 148 3026 bus
187 2973 415 3043 junctis,
469 2973 540 3025 ad
581 2970 860 3041 palatium
918 2970 1182 3035 tendunt,
1218 2968 1620 3037 Longobardos
1668 2967 1738 3021 ab

1844 585 2029 655 magis
2094 586 2323 639 animus
2395 604 2592 640 eorum
2666 590 3013 657 accenditur,
3080 594 3262 646 et‘ad
3314 610 3549 664 congre-

1844 675 2119 729 diendum
2189 676 2396 729 iterum
2471 678 2625 730 Italis
2678 678 2990 733 ferventius
3045 681 3331 734 incitatur.
3393 684 3555 736 Clara

1844 764 2037 833 itaque
2065 765 2184 833 jam
2243 765 2351 827 die,
2407 767 2764 835 Alamannis,
2825 768 2923 838 qui
2957 769 3177 822 tardius
3217 771 3549 839 bujusmndi

1842 852 2073 921 negotia
2130 853 2496 920 resciverunt,
2566 856 2734 925 longe
2769 873 2801 908 a
2832 858 3044 925 palatio
3078 874 3273 911 muros
3312 859 3554 912 civitatis

1842 941 2262 1010 frangentibus,
2323 942 2719 997 Lotbarieuses
2786 952 2842 997 et
2896 946 3093 999 Franci
3155 948 3554 1016 Longobardos

1842 1030 2054 1082 iterum
2106 1036 2241 1083 aute
2298 1031 2575 1101 palatium
2631 1032 2881 1102 graviter
2932 1036 3203 1106 persequi
3234 1044 3548 1106 coeperunt,

1842 1122 1899 1171 et
1921 1134 2015 1171 eos
2063 1117 2264 1187 fugere
2317 1136 2498 1190 usque
2530 1120 2588 1173 in
2623 1122 2834 1175 mcenia
2866 1123 3094 1193 propria
3127 1127 3548 1195 compulerunt.

1841 1206 1945 1260 Sed
1973 1206 2301 1276 jaculorum
2338 1224 2367 1259 a
2415 1207 2580 1261 tectis
2629 1208 2981 1263 venientium
3035 1210 3375 1265 densitatem
3424 1215 3551 1266 diu-

1841 1294 1955 1347 tius
2012 1294 2295 1348 sustinere
2354 1311 2469 1348 non
2500 1297 2772 1363 valentes,
2827 1298 3021 1368 ignem
3068 1300 3247 1353 coacti
3289 1300 3553 1353 domibus

1843 1381 2195 1449 immittunt;
2221 1389 2277 1437 et
2333 1385 2482 1437 ferro
2514 1388 2570 1437 et
2606 1385 2838 1438 flamma
2874 1391 3121 1455 stragem
3179 1388 3389 1441 civium
3444 1390 3553 1441 mi-

1844 1472 2145 1525 serabilem
2194 1472 2430 1526 faciunt.
2488 1474 2741 1529 Tandem
2805 1476 3289 1529 Tbeutouicorum
3335 1477 3420 1530 ira
3470 1477 3553 1530 fa-

1844 1560 1949 1614 cile
2017 1561 2229 1631 expleri
2304 1561 2512 1625 nescia,
2596 1563 2837 1615 satiatur
2910 1564 3063 1617 caede
3140 1565 3421 1634 plurima;
3497 1572 3555 1619 et

1842 1650 2237 1717 postmodum,
2272 1651 2433 1703 nullo
2471 1651 2590 1719 jam
2627 1653 2946 1719 resistente,
2982 1670 3040 1707 se
3071 1656 3291 1707 confert
3323 1656 3391 1709 ad
3420 1672 3554 1725 spo-

1842 1736 1939 1789 lia.
1974 1736 2077 1791 Sed
2125 1738 2243 1807 jam
2305 1738 2565 1793 incendio
2624 1740 2871 1795 nimium
2926 1741 3331 1809 invalescente,
3392 1759 3555 1797 rexa

1846 1825 2137 1897 rigiditate
2168 1827 2374 1881 mentis
2430 1844 2547 1881 suae
2593 1829 2859 1897 ﬂectitur,
2922 1830 3155 1902 suisque
3202 1836 3327 1885 uta
3368 1836 3552 1901 ccepto

1843 1914 2139 1977 desistant,
2188 1915 2401 1986 pietate
2458 1922 2646 1971 motus
2678 1917 2949 1987 imperat.
2992 1920 3147 1980 Quos
3196 1921 3287 1973 vix
3319 1936 3553 1991 compe—

1844 2019 2024 2069 scens,
2054 2003 2388 2074 diutiusque
2443 2006 2919 2060 concremationis
2966 2007 3226 2062 fcetorem
3260 2008 3406 2062 ferre
3438 2024 3555 2062 non

1845 2092 2059 2159 valens,
2116 2091 2186 2143 ad
2256 2091 2737 2145 munitiuuculam
2793 2093 3127 2163 quamdam,
3197 2111 3326 2163 quae
3376 2095 3554 2148 sancti

1850 2179 1996 2233 Petri
2050 2180 2202 2233 Cella
2255 2196 2428 2234 aurea
2482 2186 2738 2250 vocatur,
2772 2197 2831 2236 se
2862 2183 3123 2237 contulit.
3174 2184 3334 2237 Cives
3364 2189 3555 2237 autem

1845 2268 1937 2322 vix
1987 2268 2337 2338 respirantes
2393 2285 2588 2339 regem
2658 2277 2995 2341 sequuntur,
3045 2277 3100 2325 et
3138 2278 3201 2326 ut
3260 2272 3558 2341 indulgeat

1846 2356 2129 2423 ebrietati,
2160 2357 2370 2410 obnixe
2418 2364 2747 2428 precantur.
2788 2360 2871 2414 Fit
2926 2360 3007 2414 eis
3057 2360 3340 2427 remissio,
3378 2363 3442 2415 tit
3474 2362 3556 2415 eis

1846 2446 2296 2515 indulgentiam.
2332 2447 2442 2501 Sed
2477 2447 2657 2501 facilis
2692 2453 2777 2502 est
2804 2449 3189 2519 indulgentia,
3248 2456 3557 2520 postquam

1846 2535 2073 2605 culpam
2109 2534 2333 2587 excedit
2360 2550 2552 2603 pmna,
2585 2536 2675 2589 Sic
2709 2535 2887 2606 igitur
2932 2553 3073 2607 quos
3106 2538 3323 2591 bellum
3358 2540 3555 2591 adver-

1848 2638 1943 2675 sus
1974 2622 2238 2675 Ottouem
2293 2622 2480 2675 effecit
2506 2624 2790 2693 turgiuos,
2824 2625 3050 2679 noviter
3088 2625 3292 2681 induta
3321 2626 3556 2679 humili-

1846 2716 1931 2765 tas
1963 2710 2253 2780 supplices
2284 2710 2533 2764 reddidit
2561 2716 2733 2782 atque
2765 2712 3068 2782 subjectos.

1920 2802 2006 2853 53.
2041 2800 2263 2853 Domita
2297 2816 2432 2869 ergo
2487 2800 2680 2870 Papia,
2741 2805 2855 2854 tota
2902 2802 3230 2856 concutitur
3282 2804 3463 2869 Italia,
3495 2820 3559 2857 ac

1849 2886 2136 2957 indigena:
2168 2904 2367 2942 omnes
2398 2889 2466 2942 ad
2500 2890 2715 2959 Regem
2739 2906 2855 2943 non
2894 2890 3117 2943 invitati
3148 2891 3467 2957 confluunt,
3501 2898 3559 2947 et

1846 2992 1953 3047 per
2001 2976 2196 3030 omnia
2229 2976 2527 3047 prmeeptis
2558 2979 2681 3048 ejus
2720 2978 3012 3031 obediunt.
3061 2978 3325 3032 Civitates
3360 2981 3556 3049 etiam,

64 3064 322 3117 effrenato
401 3063 597 3116 furore
663 3060 956 3130 paulisper
1024 3062 1413 3128 compescunt.
1485 3057 1735 3111 Tandem
1770 3056 1811 3112 C
1849 3067 1917 3118 ad
1941 3081 2081 3135 quas
2112 3064 2226 3118 Rex
2283 3065 2537 3118 nondum
2590 3069 2843 3133 venerat,
2896 3065 3120 3120 obsides
3178 3068 3328 3121 ultro
3368 3073 3559 3122 trans-

64 3150 217 3202 noctis
243 3150 561 3203 densentur
588 3147 860 3211 tenebrae,
895 3150 952 3199 et
999 3144 1259 3215 lapidum
1300 3160 1364 3197 ac
1398 3143 1737 3214 sagittarum

59 3236 222 3303 jacula
293 3234 665 3291 Theutonicis
737 3235 885 3287 fiunt
959 3231 1344 3286 infestissima.
1428 3230 1741 3286 Necessitas

68 3325 193 3393 rapit
231 3325 559 3387 consilium,
592 3329 648 3377 et
685 3323 753 3377 ad
809 3320 1163 3392 providenda
1207 3319 1413 3390 jacula,
1469 3319 1739 3373 citissime

67 3412 177 3463 facit
204 3411 549 3466 incendium.
598 3411 738 3465 Cum
791 3410 974 3463 multo
1026 3407 1206 3478 igitur
1261 3408 1469 3461 sudore
1501 3407 1743 3460 Theuto-

71 3500 163 3553 nici
190 3516 373 3554 murus
415 3499 665 3554 civitatis
718 3498 1094 3567 impugnant:
1154 3511 1286 3549 cum
1317 3495 1500 3549 multo
1532 3494 1740 3548 timore

72 3588 391 3658 Langobardi
423 3604 530 3660 pro
563 3587 681 3641 vita
710 3590 1057 3658 repugnant.

130 3682 205 3731 5|.
252 3679 404 3733 Tunc
448 3676 680 3748 juvenis
733 3675 967 3747 quidam
1026 3674 1202 3727 frater
1253 3671 1504 3742 Reginae,
1556 3668 1738 3725 Gisle-

73 3765 234 3820 bcrtus
255 3768 505 3834 nomine,
543 3784 577 3819 a
603 3764 992 3835 Longobardis
1034 3763 1388 3817 vulneratur.
1440 3761 1549 3813 Pro
1579 3758 1741 3828 cujus

75 3854 238 3909 lethali
287 3858 522 3911 vulnere
572 3853 912 3910 Theutonici
947 3852 1267 3919 irritantur,
1306 3855 1362 3904 et
1388 3864 1510 3919 pra:
1545 3848 1739 3902 furore

75 3948 236 3996 contra
268 3945 454 4015 jacula
506 3943 666 4007 caeci,
715 3958 911 3996 muros
968 3940 1211 3995 civitatis
1268 3941 1619 4008 expugnant.
1680 3952 1743 3988 ac

74 4029 442 4103 irrumpentes,
523 4031 802 4099 sanguine
864 4029 1115 4099 juvenis,
1176 4027 1476 4081 stimulum
1529 4023 1744 4077 scilicet

77 4118 270 4186 furoris,
296 4121 587 4175 vindicare
619 4118 910 4173 festinant.
976 4116 1230 4180 Quorum
1264 4113 1497 4185 quidam
1548 4112 1741 4168 animo

77 4210 248 4261 ceteris
298 4209 612 4273 ardentior,
674 4206 1004 4260 Voleramus
1062 4204 1319 4269 nomine,
1352 4218 1411 4256 se
1463 4200 1742 4270 iujecitin

78 4296 236 4349 media
287 4295 797 4367 Longobardorum
858 4292 1113 4363 agmina,
1184 4296 1240 4344 et
1294 4289 1571 4360 gladium,
1628 4304 1741 4359 quo

80 4385 325 4439 accinctus
369 4392 514 4452 erat,
576 4388 914 4449 extractum,
956 4381 1057 4435 uni
1091 4395 1316 4445 eorum,
1362 4396 1491 4450 qum
1540 4378 1741 4431 ceteris

82 4470 367 4537 insanienti,
430 4474 501 4527 ab
561 4471 825 4525 acumine
871 4471 1049 4540 galea;
1108 4484 1291 4540 usque
1352 4467 1411 4520 in
1466 4466 1739 4536 jugulum

84 4560 284 4614 viriliter
312 4562 515 4630 infixit,
567 4577 632 4614 ac
659 4560 809 4613 dicto
840 4559 1027 4624 citius,
1058 4556 1210 4611 inter
1240 4572 1371 4609 suos
1409 4570 1467 4607 se
1496 4555 1738 4607 illzesum

84 4650 277 4717 recepit.
340 4652 443 4704 Per
507 4654 693 4702 totam
750 4647 930 4717 igitur
991 4650 1220 4700 noctem
1284 4659 1483 4714 pugna
1555 4640 1743 4711 gravis

84 4736 305 4799 habetur,
358 4744 415 4793 et
469 4736 707 4807 ancipiti
757 4735 1007 4789 termino
1040 4748 1339 4803 suspensa,
1390 4730 1565 4784 modo
1612 4730 1741 4794 hos,

86 4825 221 4878 modo
273 4828 413 4891 illos,
455 4827 563 4880 sub
607 4824 861 4878 victoriae
920 4840 1019 4894 spe
1076 4821 1414 4876 audaciores
1461 4825 1517 4871 et
1574 4832 1744 4888 expe-

87 4911 280 4967 ditiores
324 4915 527 4969 reddit.
589 4912 914 4983 Aliquando
945 4912 1118 4966 etiam
1163 4909 1523 4973 Theutouici,
1571 4911 1747 4961 testu-

89 5001 191 5053 dine
253 5020 313 5056 cx
378 5003 580 5074 clipeis
656 5001 992 5072 composita,
1081 5014 1283 5054 eorum
1351 4995 1745 5066 irrumpebant

90 5093 297 5158 agmina,
330 5097 382 5146 et
423 5092 707 5164 quosdam
738 5091 897 5144 vivos
930 5105 999 5144 ex
1032 5088 1113 5143 eis
1148 5092 1343 5158 captos
1367 5085 1507 5156 Regi
1536 5100 1745 5155 repraa-

92 5182 364 5236 sentabaut.

148 5269 219 5319 5'2.
248 5268 457 5323 Interea
484 5268 791 5341 palatium,
828 5266 983 5337 quod
1039 5262 1408 5320 Theutonicis
1437 5260 1751 5333 aliquando

96 5351 240 5421 fessis,
271 5359 494 5411 unicum
526 5362 652 5412 erat
707 5355 1023 5425 refugium,
1083 5352 1414 5408 accenditur
1451 5354 1509 5405 et
1546 5350 1751 5404 incen-

155 5458 242 5519 t33‘;
260 5460 392 5515 Satis
417 5466 595 5531 patet,
618 5459 929 5530 legendum
960 5458 1232 5531 diposritis.

156 5532 246 5595 tim
284 5528 436 5587 Forte
469 5528 776 5603 legendum
808 5532 1084 5595 Cremam,
1113 5528 1642 5603 inquitGretserus.

106 5665 113 5673 ,
158 5604 248 5673 τξό)
274 5604 489 5657 limitem
526 5598 763 5657 'celerem
798 5618 968 5655 nemo
1018 5598 1294 5673 explicat;
1330 5614 1434 5669 per
1481 5598 1753 5653 Cenisium

105 5670 147 5718 in
173 5670 483 5728 Sabaudiam
515 5691 631 5727 non
687 5680 1014 5742 penetrasse
1046 5670 1181 5726 satis
1214 5676 1437 5725 certum
1484 5672 1586 5733 est,
1621 5682 1752 5720 cum

408 5763 678 5827 Parnm“
735 5760 906 5823 CXL.

1850 3153 2111 3219 mittunt,
2152 3151 2446 3223 fidemque
2478 3152 2729 3206 debitam
2761 3170 2866 3223 per
2910 3161 3269 3209 sacramenta
3322 3158 3559 3226 promit-

1849 3247 1998 3297 tunt.
2034 3241 2130 3296 His
2158 3242 2395 3311 expletis
2444 3243 2557 3296 Rex
2591 3242 2647 3295 in
2679 3242 2986 3312 quemdam
3019 3244 3227 3309 locum,
3260 3247 3360 3316 qui
3408 3249 3560 3300 Pons

1850 3331 2056 3400 longus
2113 3334 2362 3394 vocatur,
2417 3330 2602 3397 venit;
2657 3330 2853 3402 ibique
2929 3332 3437 3402 Langobardorum
3497 3335 3559 3389 in

1851 3420 2229 3474 numerabilis
2296 3420 2604 3475 multitudo
2667 3421 2917 3488 accessit,
2983 3438 3219 3493 seseque
3277 3424 3346 3478 ad
3399 3425 3559 3479 obse-

1851 3511 2148 3581 queudum
2193 3525 2298 3579 per
2358 3508 2555 3562 omnia
2610 3509 2781 3578 regia:
2832 3509 3118 3577 majestati
3168 3511 3429 3580 subjecit.
3475 3511 3559 3565 lbi

1851 3598 2046 3652 habito
2081 3596 2391 3668 colloquio,
2454 3596 2734 3667 regnique
2787 3597 3065 3667 depositis
3124 3600 3240 3669 (33)
3288 3600 3556 3669 negotiis,

1852 3702 2045 3741 amore
2103 3686 2158 3739 S.
2224 3684 2511 3740 Ambrosii
2572 3685 2797 3751 ductus,
2867 3686 3254 3741 Mediolanum
3306 3688 3557 3755 divertit,

1850 3775 2014 3845 cujus
2088 3774 2302 3843 linguae
2382 3774 2724 3841 libertatem,
2778 3778 2833 3827 et
2887 3790 3113 3828 morum
3172 3776 3557 3830 eximietatem

1850 3863 2097 3917 amabat.
2159 3863 2358 3933 Hujus,
2416 3866 2872 3931 creterorumque
2923 3862 3343 3931 quiescentium
3375 3863 3559 3918 inter-

1851 3952 2105 4005 cessione
2144 3950 2470 4020 implorata,
2512 3950 2571 4003 in
2621 3954 2783 4020 prata
2823 3950 3014 4004 Pontis
3046 3950 3201 4021 longi
3231 3953 3556 4019 revertitur,

1852 4038 2047 4110 ibique
2109 4038 2510 4109 Lougobardos
2565 4037 2635 4091 de
2720 4039 3025 4109 repentino
3111 4039 3360 4093 discessu
3437 4041 3559 4110 ejus

1851 4134 2292 4200 conquerentes,
2347 4126 2536 4183 festini
2615 4127 2832 4181 reditus
2889 4128 3108 4181 solatur
3151 4129 3556 4199 promissione.

1851 4218 1987 4272 Inde
2029 4217 2274 4271 Cbromo
2333 4218 2444 4286 (34)
2495 4216 2833 4287 perveniens
2896 4218 3271 4271 Pentecosten
3302 4223 3558 4272 sanctam

1855 4306 1950 4378 pia
1988 4305 2167 4360 animi
2200 4304 2504 4359 devotione
2535 4303 2856 4359 celebravit.
2889 4304 3024 4358 Inde
3056 4305 3369 4360 discedenti
3397 4308 3561 4361 Tusci

1855 4394 1906 4447 ei
1964 4397 2296 4459 occurrunt,
2345 4397 2400 4447 et
2454 4408 2661 4446 manus
2708 4407 2816 4462 per
2867 4391 3127 4446 ordinem
3179 4392 3392 4462 singuli
3432 4394 3558 4447 red-

1853 4482 2017 4605 duri):
2049 4554 2179 4606 Post
2222 4551 2342 4605 haec
2374 4552 2490 4605 Rex
2540 4549 2811 4619 injuriam
2838 4565 2870 4602 a
2912 4549 3161 4603 Bulizlao
3193 4549 3300 4603 sibi
3339 4550 3560 4605 illatam

1853 4646 2055 4695 tenens
2106 4644 2302 4693 monte
2356 4639 2682 4707 repositam,
2722 4637 3037 4707 repatriare
3084 4638 3340 4705 festinat;
3372 4646 3429 4693 et
3458 4657 3561 4711 per

1856 4731 2104 4787 Montem
2127 4730 2369 4781 celerem
2394 4726 2503 4797 (35)
2538 4726 2599 4779 in
2628 4726 3030 4779 Alamanniam
3058 4729 3562 4797 properat;sciens

1857 4817 1991 4889 quia
2039 4822 2193 4871 terra
2220 4815 2432 4885 puerili
2491 4814 2744 4882 subjecta
2796 4813 3068 4883 regimini
3115 4815 3252 4869 laxis
3309 4834 3563 4888 persaepe

1856 4904 2097 4959 habenis
2153 4904 2352 4964 utitur,
2407 4907 2463 4956 et
2522 4919 2587 4957 ex
2638 4903 2856 4974 proprii
2913 4903 3135 4958 arbitrii
3190 4906 3565 4961 tumultuaria

1858 4992 2206 5058 diversitate,
2270 5007 2373 5062 per
2430 4991 2653 5045 diversa
2732 4991 3053 5062 praecipitia
3109 4996 3347 5064 rapitur.
3438 4998 3561 5051 Jam

1858 5082 2014 5139 enim
2048 5084 2170 5136 Dux
2202 5081 2586 5136 Herimannns
2635 5081 2877 5147 obierat,
2901 5085 2957 5135 et
2986 5082 3139 5136 ﬁlius
3168 5100 3305 5137 suus
3335 5084 3565 5139 ducatui

1860 5189 1891 5227 a
1953 5173 2105 5242 Rege
2170 5171 2513 5226 substitutus
2584 5176 2731 5225 erat:
2787 5170 2906 5240 qui,
2977 5171 3173 5225 nimim
3251 5174 3567 5241 juventutis

1860 5260 2069 5326 adhuc,
2110 5275 2214 5314 nec
2240 5260 2613 5330 semetipsum
2662 5274 2861 5329 regere
2892 5258 3123 5312 sciebat.
3158 5260 3218 5313 In
3254 5261 3376 5313 loco
3408 5276 3565 5329 ergo,

1863 5348 1963 5419 qui
2007 5349 2297 5418 Turegum
2343 5350 2458 5417 (36)
2514 5346 2743 5411 dicitur,
2805 5347 2920 5400 Rex
2978 5347 3330 5417 colloquium
3362 5348 3566 5413 tenuit,

1866 5454 1922 5507 in
1979 5453 2363 5505 Alemanniam
2390 5467 2712 5521 properasse
2748 5450 3014 5523 dicatur:
3067 5451 3202 5522 quid
3235 5452 3281 5506 si
3313 5468 3451 5523 ergo
3482 5454 3571 5509 le-

1865 5539 2090 5595 gamus,
2124 5539 2229 5592 per
2249 5528 2452 5595 montes
2482 5522 2767 5595 celeriter?

1939 5596 2045 5664 (36)
2092 5591 2217 5648 Non
2268 5599 2353 5646 est
2416 5592 2790 5647 inverisimile
2848 5591 2945 5664 bic
2977 5591 3219 5664 indicari
3268 5594 3443 5649 Zurch
3472 5611 3573 5649 seu

1866 5661 2063 5720 Zurich
2105 5665 2164 5718 in
2228 5664 2511 5718 Helvetia:
2571 5679 2686 5732 quo
2737 5662 2922 5733 posito
2977 5661 3085 5715 dici
3148 5663 3383 5717 fortasse
3440 5682 3574 5735 pns-

3235 5758 3269 5811 "9
