3976 6414
415 363 510 414 107
1711 358 1766 411 S.
1812 354 2097 411 l-IENRICI
2135 353 2614 410 IMPERATORIS
3845 352 3948 403 l08

408 497 724 552 omnesque
745 496 850 551 pro
879 495 1017 551 pace
1039 480 1272 545 tuenda,
1333 495 1438 550 pro
1470 478 1783 533 latrociniis
1822 495 1938 532 non
1970 493 2108 532 con-
2139 486 2183 534 Α
2225 477 2455 545 vitatur,
2511 493 2660 548 saepe
2691 477 2925 531 alterius
2971 475 3300 547 sumptibus
3322 476 3576 546 jocunde
3607 477 3948 530 convivan-

411 571 722 626 sentiendis
775 587 806 623 a
860 568 1101 622 minimo
1160 584 1340 637 usque
1408 568 1474 620 ad
1552 567 1865 620 maximum
1907 567 2105 636 jurare
2217 579 2327 632 tur,
2353 567 2564 620 latente
2595 573 2788 620 tamen
2820 566 2952 635 igne
2981 565 3084 619 sub
3128 565 3338 619 cinere.
3370 566 3624 619 Tandem
3682 567 3949 621 Bulizla-

412 659 709 730 compulit.
771 657 858 712 Sic
889 663 1012 710 tota
1066 656 1408 710 Alamannis
1446 656 1551 708 sub
1597 656 1750 724 pacis
1780 654 1969 724 quiete
2000 660 2108 707 sta-
2215 671 2336 716 vus,
2423 654 2728 708 Meseconis
2815 653 2990 719 titius,
3055 653 3472 723 jocunditatem
3568 655 3802 722 Pragaa,
3892 659 3956 706 et

412 754 556 813 tuta,
613 746 674 800 in
724 745 996 799 Alsatiam
1051 744 1226 808 venit,
1281 749 1336 796 et
1395 743 1453 796 in
1520 743 1830 813 Argentina
1881 741 2106 796 civitate
2217 742 2606 796 ammnitatem
2657 743 2925 810 Boemiae,
2973 742 3270 812 promissa:
3301 742 3591 813 prmponit
3621 743 3948 806 amicitiae;

415 836 553 890 dum
585 835 642 888 in
673 833 870 902 vigilia
925 832 978 886 S.
1010 832 1243 885 Joannis
1297 832 1642 901 colloquium
1674 845 1802 882 cum
1830 829 2109 882 Alsatien-
2217 838 2295 900 et,
2329 837 2391 884 ut
2451 836 2659 900 nepote
2717 847 2840 895 suo,
2874 830 3132 900 qualibet
3187 831 3434 898 ratione,
3483 830 3714 899 ejectio,
3750 836 3949 886 tanta}

415 925 571 978 sibus
621 922 878 983 haberet,
931 921 1159 986 domus,
1190 919 1248 972 in
1279 935 1392 989 qua
1421 918 1486 972 ad
1531 920 1714 987 legem
1746 917 2108 987 etjustitiam
2218 926 2379 973 terrae
2425 918 2753 989 principatu
2798 918 2972 988 potiri
3023 919 3220 988 possit,
3251 919 3517 972 fraudum
3545 935 3788 972 suarum
3837 920 3945 971 in—

415 1011 733 1066 faciendam
764 1009 1019 1076 sedebat,
1073 1013 1308 1077 repente
1352 1007 1588 1074 corruit,
1631 1006 1845 1076 unique
1877 1006 2108 1076 presby-
2219 1009 2362 1062 tima
2409 1012 2711 1061 scrutatur.
2771 1007 2979 1061 Invitat
3009 1023 3141 1060 eum
3173 1006 3241 1060 ad
3274 1006 3554 1074 convivia,
3605 1012 3660 1060 et
3702 1007 3956 1060 diversa

414 1105 561 1165 tero,
613 1097 713 1168 qui
761 1113 890 1150 cum
941 1095 1182 1148 Domina
1215 1109 1328 1147 una
1358 1095 1838 1148 anathematizata
1878 1109 2109 1147 manere
2218 1098 2438 1167 praebet
2468 1097 2726 1150 ciborum
2756 1111 2990 1166 genera,
3011 1111 3205 1149 amara
3233 1095 3469 1148 demum
3501 1095 3948 1165 propinaturus

416 1187 616 1241 solitus
673 1190 814 1250 erat,
874 1183 1054 1236 cruris
1109 1198 1232 1235 ossa
1275 1182 1567 1253 confregit.
1621 1183 1720 1236 Ille
1751 1183 1905 1236 solus
1935 1183 2108 1245 obiit;
2218 1187 2440 1256 pocula.
2471 1185 2747 1238 Satiatum
2775 1185 2929 1237 enim
2987 1184 3150 1237 illum
3202 1184 3481 1236 militibus
3527 1184 3646 1236 suis
3679 1184 3956 1236 commi-

418 1275 513 1327 alii
545 1273 710 1337 nihil,
743 1278 955 1342 praeter
984 1269 1276 1338 timorem,
1335 1270 1489 1340 passi
1533 1275 1696 1324 sunt:
1729 1270 1824 1325 sed
1873 1271 1931 1324 in
1961 1270 2112 1324 illius
2221 1274 2314 1337 sit,
2345 1278 2421 1336 et,
2477 1278 2540 1324 ut
2591 1272 2828 1325 eductus
2889 1277 3284 1335 excaecaretur,
3331 1271 3629 1324 oculorum
3687 1271 3956 1325 nutibus

417 1361 649 1416 interitu
680 1359 1023 1422 didicerunt,
1075 1357 1225 1427 quod
1259 1373 1410 1427 sape
1465 1374 1568 1427 per
1620 1359 1978 1412 Psalmistam
2009 1375 2109 1411 au-
2219 1361 2288 1414 ad
2313 1359 2522 1412 similia
2548 1360 2781 1425 edoctis,
2817 1359 3026 1414 innuit.

416 1449 682 1501 dierunt:
737 1448 879 1500 Cum
927 1445 1103 1499 electo
1159 1446 1373 1500 electus
1414 1447 1543 1513 eris,
1597 1453 1812 1500 etcum
1847 1463 2110 1516 perverso
2292 1451 2378 1502 58.
2418 1449 2732 1518 Implentur
2786 1447 3096 1517 impietatis
3150 1448 3330 1516 jussa,
3373 1451 3430 1501 et
3480 1446 3955 1502 committuntur

415 1534 775 1605 perverteris.
2221 1536 2541 1607 iniquitatis
2596 1552 2785 1605 opera.
2841 1536 2952 1600 Sic,
2994 1536 3094 1604 qui
3147 1537 3380 1589 fratrem
3430 1537 3868 1603 eunuchizavit,
3919 1554 3956 1590 a

489 1625 574 1677 55.
611 1624 742 1676 Post
770 1623 890 1676 haec
942 1621 1056 1675 Rex
1107 1621 1456 1691 Moguntiam
1490 1621 1666 1686 venit,
1716 1622 1911 1692 ibique
1945 1622 2110 1676 solito
2222 1625 2648 1694 consanguineo
2680 1630 2736 1677 et
2791 1626 2945 1676 socio
2999 1640 3101 1677 suo
3148 1623 3425 1677 deductus
3476 1625 3678 1694 periit:
3710 1623 3952 1694 quique

419 1713 644 1783 pietatis
674 1711 902 1776 affectu,
935 1712 1326 1780 apostolorum
1359 1711 1639 1763 solemnia
1660 1712 1959 1764 celebriter
1988 1727 2112 1780 per-
2151 1755 2190 1783 η
2222 1715 2460 1768 fratrem
2506 1713 2566 1766 in
2622 1713 2908 1766 consortio
2956 1712 3312 1782 principatus
3344 1728 3541 1781 parem
3579 1713 3798 1765 habere
3832 1730 3951 1766 no-

419 1802 551 1871 egit.
612 1801 752 1854 Tum
804 1815 908 1869 per
959 1798 1307 1853 Orientalem
1370 1799 1663 1852 Franciam
1717 1801 2019 1864 transiens,
2053 1801 2110 1852 in
2153 1798 2189 1808 “’
2221 1803 2349 1868 luit,
2401 1818 2504 1872 per
2535 1801 2881 1871 supplicium
2913 1800 3198 1870 passionis
3249 1799 3432 1852 factus
3487 1805 3574 1852 est
3604 1814 3832 1868 suppar
3893 1805 3956 1851 et

416 1889 714 1944 Saxoniam
750 1886 998 1950 festinat,
1053 1903 1148 1940 cor
1187 1903 1353 1939 suum
1407 1887 1818 1957 indignationis
1859 1888 2110 1956 pondere
2220 1891 2498 1944 inutilior.
2536 1891 2650 1944 Hoc
2702 1905 2840 1958 ergo
2900 1894 3205 1954 excaecato,
3241 1888 3564 1941 Bulizlavus
3615 1888 3955 1941 Meseconis

416 1984 714 2046 gravatum
744 1993 916 2046 super
950 1976 1283 2039 Bulizlaum,
1320 1975 1567 2029 vindicta
1616 1976 1833 2046 potenti
1863 1977 2110 2029 relevare
2219 1979 2394 2047 ﬁlius,
2429 1985 2492 2032 ut
2528 1980 2789 2048 superius
2821 1977 2959 2042 dixi,
3018 1994 3119 2047 per
3179 1977 3405 2031 fraudes
3464 1975 3770 2040 flexuosas,
3835 1993 3955 2046 per

417 2067 748 2136 disponens.
810 2065 1086 2118 Indicitur
1155 2064 1488 2130 Saxonibus,
1557 2065 1802 2128 Bavaris,
1886 2065 2112 2118 Francis
2222 2066 2500 2120 versutias
2542 2066 2648 2118 sibi
2679 2081 2905 2136 semper
2934 2063 3324 2135 pedissequas,
3378 2081 3482 2133 per
3511 2064 3950 2134 promissiones

417 2155 802 2210 Orientalibus
854 2151 1160 2222 expeditio,
1197 2153 1257 2204 in
1313 2153 1498 2205 medio
1545 2157 1802 2221 Augusto
1834 2154 2111 2206 terminus
2220 2154 2496 2218 inﬁnitas,
2561 2155 2803 2222 Pragam
2863 2159 2919 2206 et
2970 2158 3150 2206 totam
3201 2153 3490 2205 Boemiam
3543 2152 3809 2219 invadit;
3880 2169 3951 2204 ac

417 2245 584 2298 datur
630 2241 1033 2313 promotionis,
1097 2246 1161 2294 ut
1215 2241 1477 2310 frugibus
1536 2241 1668 2293 inde
1716 2242 2107 2310 praact'vllectis,
2220 2244 2474 2296 dominio
2533 2243 2725 2295 taliter
2791 2241 3021 2310 adepto,
3090 2242 3353 2310 turgidus
3409 2256 3512 2309 per
3570 2241 3716 2306 loca,
3764 2242 3946 2309 regio

419 2332 770 2384 abundantia
801 2345 991 2382 comes
1014 2329 1279 2381 exercitui
1310 2335 1472 2381 esset.
1501 2329 1775 2381 Mediante
1810 2330 1985 2399 igitur
2003 2334 2111 2384 Au-
2221 2331 2488 2384 exercitui
2523 2331 2734 2400 pervia,
2769 2330 3000 2382 castella
3035 2329 3364 2382 ﬁrmissima
3394 2329 3602 2381 munit.

419 2421 586 2489 gusto
620 2420 944 2485 Meresborg
958 2417 1241 2471 Saxonum
1267 2417 1325 2469 tit
1353 2418 1741 2486 congregatio.
1772 2419 1884 2470 Rex
1919 2426 2110 2471 autem
2291 2423 2375 2473 59.
2399 2421 2620 2472 Interea
2645 2421 2754 2472 Rex
2773 2435 2904 2472 cum
2930 2418 3248 2472 Saxonibus
3270 2417 3505 2470 veniens
3537 2433 3638 2487 per
3670 2423 3948 2470 montem

419 2507 638 2561 nemini
665 2521 896 2559 suorum
926 2505 1478 2558 familiariumfateri
1513 2505 1897 2568 volebat,sive
1929 2506 1986 2558 in
2017 2508 2112 2559 Po-
2219 2509 2546 2578 quemdam,
2621 2507 2677 2559 in
2759 2523 2874 2576 quo
2945 2507 3067 2574 jam
3150 2505 3468 2559 Bulizlavus
3545 2506 3950 2560 munitionem

419 2597 634 2649 Ioniam
666 2596 781 2648 sive
811 2595 870 2647 in
913 2595 1198 2648 Boemiam
1231 2593 1416 2658 vellet,
1472 2608 1818 2659 cognoscens
1877 2593 2110 2647 Bulizlai
2219 2597 2527 2666 quamdam
2557 2597 2624 2649 ad
2684 2594 3191 2648 contradicendum
3244 2595 3546 2648 introitum
3577 2595 3944 2658 firmaverat,

413 2685 693 2738 ﬂexuosas
716 2686 1012 2749 versutias,
1039 2683 1244 2752 quibus
1278 2698 1379 2750 per
1411 2682 1688 2750 quosdam
1722 2683 1827 2734 sibi
1858 2682 2110 2734 occultos
2218 2686 2529 2755 prmmissis
2579 2685 2636 2737 in
2673 2691 2834 2737 nocte
2867 2683 3318 2748 marchionibus,
3369 2699 3498 2736 cum
3531 2683 3786 2736 maxima
3819 2684 3951 2736 dif-

413 2773 628 2826 amicos
649 2773 817 2825 etiam
859 2777 1071 2824 secreta
1105 2772 1258 2839 regia
1297 2769 1503 2822 rescire
1536 2770 1770 2823 solebat.
1805 2771 1909 2823 Sed
1941 2788 2110 2824 naves
2219 2773 2468 2826 iicultate
2528 2773 2587 2826 in
2652 2774 2938 2826 Boemiam
2998 2773 3192 2825 intrat.
3244 2772 3416 2841 Cujus
3477 2771 3812 2837 introitum,
3880 2778 3950 2825 ut

411 2875 444 2911 a
474 2859 817 2928 Magdeborg
846 2874 1028 2928 usque
1059 2857 1296 2911 Citizam
1329 2857 1909 2926 congregarijubens,
1947 2859 2109 2928 quasi
2223 2862 2580 2915 Boemienses
2637 2866 2956 2926 senserunt,
3013 2860 3247 2929 quidam
3298 2875 3502 2928 pavore
3549 2860 3726 2929 regiae
3781 2876 3943 2929 prse-

408 2947 466 3000 in
525 2948 815 3000 Poloniam
869 2951 1022 3012 velit,
1081 2947 1385 2999 transitum
1450 2946 1706 2998 futurum
1762 2947 2013 3000 simulat.
2049 2947 2107 3000 Id
2222 2950 2418 3003 sentiae
2472 2949 2804 3013 exanimati,
2837 2950 3133 3002 castellum
3192 2964 3374 3002 unum
3421 2963 3552 3001 cum
3601 2949 3946 3018 semetipsis

410 3035 677 3088 omnibus
707 3036 1089 3104 sperantibus,
1115 3041 1352 3102 repente
1389 3033 1446 3086 in
1481 3034 1768 3090 Boemiam
1794 3035 2104 3088 exercitum
2141 3033 2181 3088 C
2221 3038 2362 3108 Regi
2393 3038 2785 3090 reddiderunt.
2814 3037 3129 3090 llludillico
3154 3037 3268 3090 Rex
3293 3034 3579 3090 Larameri
3609 3039 3710 3105 (37)
3748 3053 3946 3090 ennu-

411 3123 584 3185 ducit,
650 3139 912 3193 quarens
964 3123 1251 3191 imprimis
1306 3123 1538 3192 prOpria
1569 3123 2109 3190 recipere;deinde,
2220 3127 2346 3192 cbo,
2383 3126 2542 3179 fratri
2600 3126 2735 3178 caeci
2791 3126 3081 3185 Bulizlavr,
3129 3141 3300 3195 quem
3351 3141 3543 3178 secum
3580 3124 3838 3178 nativam
3876 3126 3938 3179 in

411 3227 517 3282 pro
563 3212 829 3276 vindicta,
889 3211 1074 3264 aliena
1130 3210 1420 3274 invadere,
1463 3226 1579 3262 non
1639 3216 1832 3264 tamen
1884 3212 2112 3281 penitus
2222 3220 2430 3268 terram
2479 3231 2584 3284 pro
2624 3215 2839 3283 pietate
2895 3213 3219 3279 reducebat,
3251 3229 3381 3266 cum
3415 3229 3639 3266 summa
3671 3213 3939 3267 benevo-

413 3303 617 3369 alieua,
649 3318 777 3372 qua;
803 3302 964 3370 regni
1001 3302 1089 3354 sui
1119 3301 1238 3370 pati
1260 3302 1399 3371 juga
1432 3300 1733 3355 debebant.
2219 3303 2393 3356 lentia
2449 3303 2742 3356 concessit.
2798 3302 3033 3366 Deinde,
3087 3302 3195 3354 iter
3226 3317 3394 3354 suum
3428 3301 3796 3370 protelando,
3833 3318 3946 3370 per

483 3393 568 3444 56.
627 3391 969 3443 Interserere
1009 3389 1148 3443 libet
1178 3390 1471 3458 quiddam,
1505 3404 1619 3458 quo
1679 3388 1896 3456 audito,
1944 3389 2113 3444 datur
2217 3397 2428 3445 terram
2513 3391 2666 3444 illam
2747 3390 3130 3460 progreditur,
3221 3396 3555 3458 exspectans
3632 3389 3936 3456 Bavarios,

408 3478 654 3548 intelligi
736 3494 865 3531 raro
917 3493 1038 3529 esse
1111 3479 1358 3546 culpam,
1421 3492 1595 3546 quam
1653 3493 1767 3530 non
1841 3486 2112 3548 sequatur
2216 3479 2426 3548 quibus
2460 3495 2574 3532 non
2606 3480 2779 3544 idem,
2814 3478 2914 3548 qui
2955 3484 3011 3532 et
3039 3477 3354 3532 Saxonibus
3389 3477 3446 3529 in
3483 3477 3771 3531 Boemiam
3805 3486 3936 3530 erat

409 3568 675 3633 vindicta,
719 3567 829 3620 nisi
884 3565 1281 3636 praemunierit
1334 3581 1460 3618 eam
1493 3565 1849 3634 poenitentia.
1892 3567 2110 3621 Mortuo
2217 3567 2514 3621 introitus.

407 3657 656 3710 Bnlizlao
705 3654 950 3720 seniore,
998 3653 1317 3707 Boemiensi
1377 3653 1590 3708 scilicet
1623 3654 1786 3720 duce,
1841 3660 1897 3708 et
1945 3656 2110 3709 istius

408 3744 667 3810 Bulizlai,
727 3744 797 3798 de
845 3759 960 3815 quo
1003 3759 1155 3796 nunc
1213 3743 1423 3813 agitur,
1484 3744 1784 3810 avunculo,
1849 3749 1963 3798 tres
2003 3744 2108 3798 filii

402 3833 735 3904 superstites
784 3832 837 3887 ei
899 3838 1321 3886 remanserunt.
1373 3831 1632 3895 Quorum
1689 3833 2106 3903 primogenitus

403 3921 688 3974 Bulizlaus
721 3921 975 3985 nomine,
1000 3921 1209 3990 adepto
1243 3924 1366 3990 post
1392 3925 1614 3989 patrem
1642 3921 1874 3986 ducatu,
1909 3921 2106 3975 crude-

401 4008 514 4063 lius
543 4010 714 4080 ccepit
744 4009 952 4074 vivere,
994 4025 1166 4078 quam
1221 4013 1372 4061 terra
1405 4007 1501 4060 illa
1531 4008 1647 4077 pati
1679 4009 1764 4061 vel
1798 4010 1982 4076 vellet,
2017 4011 2102 4063 vel

400 4102 610 4168 posset.
662 4096 955 4167 Indigenis
985 4096 1162 4166 igitur
1199 4095 1364 4149 illum
1404 4111 1511 4167 pro
1549 4096 1729 4149 nimia
1767 4098 2102 4152 crudelitate

399 4187 815 4250 execrantibus,
874 4186 1076 4238 timere
1148 4184 1320 4254 coepit
1368 4200 1438 4237 ne
1488 4201 1521 4237 a
1573 4185 1814 4237 fratrum
1865 4201 2099 4239 suorum

2285 3657 2372 3710 60.
2416 3655 2522 3710 Sed
2578 3671 2706 3709 cum
2764 3653 2848 3708 illi
2906 3655 3214 3708 adventum
3273 3670 3440 3708 suum
3493 3653 3930 3724 protraherent,

2213 3743 2332 3798 Red
2363 3744 2433 3798 ad
2489 3744 2798 3814 quamdam
2851 3743 3164 3811 civitatem,
3211 3758 3342 3812 qua:
3395 3742 3578 3796 Satiza
3611 3743 3717 3811 (38)
3750 3759 3929 3798 voca-

2212 3837 2334 3898 tur;
2375 3847 2503 3885 cum
2529 3831 2848 3885 Saxonibus
2874 3837 3097 3885 tantum
3147 3831 3424 3900 pervenit.
3460 3831 3632 3900 cuius
3662 3834 3935 3900 potentia

2212 3919 2350 3986 visa,
2402 3920 2552 3974 cives
2610 3935 2724 3973 non
2772 3919 3139 3974 mediocriter
3168 3919 3491 3986 turbantur,
3539 3925 3595 3973 et
3625 3921 3820 3973 statim
3847 3922 3924 3974 de

2211 4023 2348 4076 pace
2379 4008 2690 4077 quaerenda
2735 4023 2799 4060 ac
2854 4007 3023 4076 Regis
3065 4008 3252 4078 gratia
3299 4007 3667 4076 impetranda
3728 4008 3929 4062 medi-

2209 4099 2430 4148 tantur:
2463 4100 2658 4164 portas
2689 4094 2843 4148 illico
2873 4095 3120 4148 civitatis
3147 4097 3437 4164 aperiunt,
3469 4101 3526 4148 et
3577 4097 3920 4150 conditione

2207 4183 2590 4252 adipiscendze
2624 4183 2825 4253 gratiae
2848 4184 3125 4238 intersita.
3162 4185 3427 4251 Polonos,
3493 4200 3638 4254 quos
3671 4184 3925 4240 Bulizla-

400 4274 615 4344 aliquo,
653 4272 1035 4341 Pragensibtts
1089 4271 1145 4326 id
1186 4271 1616 4342 instigantibus,
1674 4272 2089 4326 extruderetur.
2124 4312 2168 4366 Β
2205 4287 2308 4324 vus
2338 4271 2418 4324 eis
2458 4271 2524 4324 ad
2579 4272 2882 4325 tuitionem
2915 4271 3175 4342 ejusdem
3209 4272 3314 4325 loci
3347 4271 3638 4340 adjecerat
3670 4273 3923 4342 ejiciunt

399 4363 476 4416 Ex
509 4364 655 4416 mala
715 4377 850 4430 ergo
903 4360 1251 4415 conscientia
1303 4367 1578 4430 concepta
1631 4360 1900 4431 suspicio,
1929 4361 2090 4414 insti-

398 4451 552 4520 gavit
577 4467 708 4504 eum
759 4449 824 4502 ad
884 4450 1067 4502 scelus
1102 4448 1598 4514 nefandissimum,
1629 4448 1891 4519 perduxit
1921 4451 2090 4502 etiam

393 4541 460 4594 ad
495 4541 712 4594 facinus
742 4540 1144 4593 execrandum.
1182 4539 1322 4592 Nam
1349 4537 1590 4591 fratrum
1642 4553 1877 4592 suorum
1911 4552 2091 4590 unum

395 4626 814 4692 eunuchizavit,
847 4628 1091 4681 alterum
1132 4628 1190 4680 in
1240 4627 1478 4680 thermis
1510 4625 1790 4678 suffocare
1828 4625 2087 4677 tentavit.

393 4720 466 4771 At
488 4717 593 4784 illi,
637 4733 785 4770 unus
811 4716 1128 4780 eunuchus,
1163 4715 1304 4768 alter
1332 4713 1641 4767 semivivus
1680 4712 1740 4766 in
1774 4711 2086 4777 Bavariam,

391 4819 426 4857 a
448 4808 688 4872 paterna
717 4802 1032 4856 hereditate
1054 4803 1288 4868 exclusi,
1321 4801 1614 4870 fugerunt.

2207 4365 2262 4412 et
2313 4359 2591 4429 ejiciendo
2623 4360 2897 4430 quosdam
2959 4363 3350 4414 membrorum
3413 4361 3758 4414 abscissione
3807 4363 3921 4416 de-

2204 4451 2467 4516 turpant;
2510 4448 2786 4516 quosdam
2849 4448 2919 4502 ab
2976 4447 3112 4501 locis
3161 4448 3453 4501 altissimis
3504 4449 3917 4518 praecipitant;

2203 4535 2480 4604 quosdam
2513 4535 2686 4590 etiam
2721 4536 3084 4601 interimunt,
3114 4541 3177 4589 ut
3226 4542 3282 4589 et
3311 4536 3556 4605 injurias
3586 4537 3657 4588 ab
3685 4537 3767 4589 eis
3798 4539 3918 4593 sibi

2201 4623 2386 4676 illatas
2412 4624 2777 4689 ulciscantur,
2811 4630 2867 4677 et
2926 4624 3130 4677 honori
3162 4624 3318 4691 regio
3340 4641 3444 4693 per
3491 4625 3687 4678 omnia
3741 4629 3921 4681 satis-

2200 4711 2424 4766 faciant.
2505 4713 2757 4766 Taudem
2806 4712 2978 4782 hujus
3051 4712 3404 4766 crudelitatis
3469 4712 3657 4766 fervor
3733 4714 3917 4784 Regis

2200 4801 2459 4852 animum
2491 4800 2752 4870 perculit,
2800 4805 2857 4854 et
2899 4800 2970 4853 ad
3004 4800 3474 4854 contradicendas
3503 4801 3784 4870 ejusmodi
3824 4805 3916 4858 in-

2197 4888 2385 4941 sanias
2435 4887 2604 4941 insita
2665 4888 2850 4957 pietas
2900 4887 3219 4942 inclinavit.
3269 4888 3390 4940 .Iam
3421 4887 3533 4941 vivi
3591 4888 3912 4956 ducuntur,

2198 4982 2251 5030 et
2291 4976 2412 5046 regi
2469 4977 2870 5046 reprmsentati
2931 4976 2988 5029 in
3041 4976 3310 5029 Ecclesia.
3369 4977 3500 5029 Post
3557 4977 3678 5030 haec
3709 4979 3914 5034 civitas

2194 5069 2312 5118 tota
2361 5081 2418 5118 se
2450 5065 2593 5135 Regi
2641 5065 2916 5120 reddidit.
2954 5064 3023 5118 Et
3081 5081 3194 5134 qua
3225 5064 3442 5131 debuit,
3473 5064 3610 5118 lidei
3667 5069 3911 5136 promis-

2194 5153 2352 5207 sione
2385 5169 2488 5222 per
2517 5158 2892 5219 sacramenta,
2927 5167 3031 5222 per
3072 5153 3299 5206 obsides
3351 5153 3648 5223 obligavit.
3682 5155 3909 5212 Interea

2192 5240 2345 5294 fama
2398 5240 2616 5304 volitat,
2669 5241 3016 5295 Bulizlavum
3077 5257 3109 5294 a
3162 5241 3545 5311 Pragensibns
3602 5245 3905 5314 conspira-

2191 5329 2362 5382 tionis
2413 5329 2638 5384 vinculo
2691 5328 2975 5397 colligatis
3031 5328 3468 5399 interemptum,
3531 5335 3586 5382 et
3640 5335 3906 5402 quamvis

2189 5417 2456 5483 mendax,
2492 5417 2688 5470 ﬁdeles
2719 5422 2914 5470 tamen
2945 5417 3217 5471 Bulizlavi
3261 5419 3584 5472 exterritat.

458 4895 546 4944 57.
579 4890 697 4943 Rex
751 4888 1049 4942 Heinricus
1089 4890 1195 4942 hac
1234 4889 1530 4959 impietate
1581 4893 1922 4951 commotus,
1960 4887 2088 4941 Bla-

384 4978 660 5042 demario,
695 4977 764 5030 de
797 4993 910 5046 quo
937 4977 1056 5046 jam
1089 4977 1356 5038 diximus,
1387 4977 1658 5030 ducatum
1690 4977 2084 5030 Boemiensem

387 5067 562 5122 dedit.
623 5067 726 5119 Illo
784 5069 1037 5129 mortuo,
1071 5064 1414 5128 Bulizlavus,
1473 5065 1740 5118 Bulizlavi
1771 5065 1943 5129 lilius,
1979 5065 2087 5118 Bu-

379 5157 582 5210 lizlavo
628 5153 935 5209 Meseconis
982 5153 1102 5206 tilio
1145 5153 1208 5206 in
1264 5154 1594 5206 societatem
1644 5153 2083 5222 conspirationis

379 5245 612 5310 adscito,
674 5242 944 5296 ducatum
1000 5247 1196 5294 contra
1255 5240 1428 5310 Regis
1483 5242 1830 5294 voluntatem
1887 5249 2082 5295 tenere

373 5331 645 5382 tentabat.
676 5329 828 5382 Inter
865 5328 991 5380 illos
1024 5343 1161 5396 ergo
1194 5327 1338 5380 duos
1389 5326 1706 5380 Bulizlavos
1741 5329 1804 5381 tit
1831 5329 2080 5383 amicitia

378 5419 525 5482 ficta,
581 5419 647 5472 tit
696 5416 935 5470 societas
982 5415 1238 5468 subdola.
1299 5413 1462 5484 Saepe
1493 5416 1635 5468 alter
1662 5415 1732 5468 ab
1783 5416 1960 5470 altero
1989 5418 2076 5470 in-

2263 5522 2374 5590 (37)
2404 5525 2694 5576 Jaremiro.

380 5527 483 5587 set,
528 5527 756 5576 montem
785 5523 1001 5576 celerem
1049 5520 1250 5590 accipi,
1282 5537 1388 5591 pro
1443 5526 1636 5575 monte
1691 5537 1864 5591 quem
1909 5522 2078 5578 hodie

1765 5597 1768 5600 ”
2264 5595 2376 5662 (238)
2419 5593 2594 5648 llodie
2624 5594 2766 5648 Sua:
2796 5593 3095 5650 Leibnitio.

380 5595 434 5647 S.
469 5593 696 5647 Gotardi
729 5594 1042 5664 appellant.
