3976 6416
142 507 1565 517 ..-φ-,α-η-..τ-ΜΜ-

812 632 940 702 AD
1022 628 1601 714 SEQUENTEM
1686 628 1984 701 VITAM
2063 628 2724 703 PR/EMONITIO.

94 784 239 848 Quod
260 785 381 851 jam
410 799 517 836 non
574 785 735 837 semel
765 786 824 836 in
878 784 1269 839 Commentario
1298 782 1638 836 observatum
1689 787 1788 846 est,
1826 782 1888 834 id
1928 782 2013 834 hic
2059 781 2230 835 denuo
2265 782 2518 835 lectorum
2549 782 2715 834 oculis
2764 782 3185 850 subjiciendum,
3252 784 3519 851 videlicet,

34 872 121 906 non
167 856 337 907 Vitam
370 856 437 905 ab
469 870 737 923 anonymo
773 857 858 906 hic
895 854 1043 920 dari,
1078 868 1169 906 seu
1201 854 1516 906 historicum
1545 853 1597 906 S.
1656 853 1882 907 Henrici
1913 857 2181 917 gestorum
2227 854 2616 917 narrationem,
2648 853 2743 905 sed
2787 868 2989 906 meram
3022 870 3202 907 rerum
3244 858 3527 909 variarum

38 928 99 977 ad
128 927 235 993 ejus
283 928 635 979 sanctitatem
674 930 725 978 et
756 928 811 977 in
850 926 1097 978 ecclesias
1126 926 1548 992 munificentiam
1597 927 1958 992 spectantium
2011 925 2464 992 compilationem,
2513 938 2675 992 quam
2714 939 2913 992 parum
2963 924 3254 978 admodum
3303 928 3525 979 ordina-

41 1006 133 1048 tum
164 998 334 1049 dicere
380 1000 571 1049 merito
597 998 796 1062 possis,
826 1011 943 1048 cum
986 998 1147 1049 varia
1181 997 1309 1049 locis
1339 1010 1445 1047 non
1489 997 1604 1049 suis
1635 994 1912 1059 corradat,
1964 996 2366 1062 immiscentque
2425 994 2748 1062 diplomata,
2794 994 2893 1048 diu
2924 1000 3047 1064 post
3088 996 3277 1050 Sancti
3325 997 3529 1050 obitum

40 1085 64 1118 a
111 1068 448 1134 Pontiﬁcibus
494 1068 757 1121 Clemente
804 1068 854 1120 ll
921 1082 984 1119 ac
1033 1067 1203 1120 Leone
1281 1067 1356 1119 IX
1403 1072 1452 1119 et
1509 1065 1578 1119 ab
1633 1065 1876 1118 Henrico
1935 1066 2011 1118 Ill
2055 1066 2264 1120 Cesare
2313 1064 2800 1132 Bambergensibus
2864 1081 3129 1130 concessa,
3203 1082 3321 1134 qua:
3380 1067 3531 1135 apud

44 1139 323 1190 Gretserum
356 1140 545 1205 capita
596 1138 676 1199 16,
719 1142 802 1201 l7,
858 1138 922 1190 18
952 1142 1002 1190 et
1046 1139 1108 1190 19
1151 1141 1433 1204 occupant,
1467 1152 1501 1189 a
1546 1137 1698 1189 nobis
1727 1152 1871 1199 vero,
1904 1140 1965 1189 ut
1993 1152 2165 1204 supra
2198 1138 2361 1188 etiam
2416 1138 2740 1203 monuimus,
2790 1137 2850 1189 in
2899 1136 3270 1205 Appendicem
3328 1139 3529 1204 rejecta

40 1215 166 1272 sunt,
207 1213 388 1278 utpote
411 1224 594 1260 rerum
628 1210 1070 1275 qualemcumque
1110 1210 1301 1261 seriem
1340 1208 1639 1260 turbantia.
1699 1208 1805 1261 Nec
1856 1208 2043 1259 minus
2090 1208 2270 1274 inepte
2311 1207 2584 1278 capitibus
2611 1207 2681 1259 24
2709 1212 2760 1260 et
2806 1209 3141 1278 257intrusa’
3186 1212 3314 1261 sunt
3365 1210 3531 1261 Bene-

38 1282 154 1331 dicti
202 1277 270 1333 P.’
323 1280 448 1333 ῑίιι
501 1280 716 1339 littera,
773 1284 885 1332 tum
933 1278 1008 1331 ad
1056 1278 1315 1333 Sanctum
1353 1278 1419 1331 de
1461 1280 1802 1346 episcopatus
1856 1280 2281 1345 conﬁrmatione,
2346 1282 2459 1330 tum
2514 1277 2589 1330 ad
2646 1277 3006 1331 Eberardum.
3075 1281 3314 1346 primum
3370 1282 3531 1332 istius

36 1352 241 1402 ecclesiae
283 1351 612 1413 antistitem,
665 1365 894 1417 quorum
940 1349 1130 1402 saltem
1172 1350 1385 1417 primas
1437 1354 1498 1401 ut
1541 1350 1826 1402 minimum
1876 1353 1996 1416 post
2034 1353 2196 1416 caput
2247 1350 2309 1400 l5
2367 1347 2655 1401 collocatas
2703 1351 2958 1416 oportuit.
3014 1350 3094 1405 Ne
3153 1351 3327 1414 igitur
3364 1354 3414 1402 et
3470 1365 3531 1402 ea

42 1425 376 1545 instrugieenta
409 1423 657 1473 lectorem
686 1422 955 1474 remorari
982 1422 1212 1488 possint,
1244 1421 1367 1488 ipsa
1396 1422 1578 1488 primo
1607 1420 1715 1473 loco
1750 1422 1810 1473 in
1841 1418 1987 1472 dicta
2026 1418 2323 1488 appendice
2360 1420 2676 1486 referemus,
2708 1426 2899 1473 cetera
2935 1434 3058 1473 vero
3086 1422 3297 1473 intacta
3349 1420 3533 1473 trade-

42 1505 156 1543 mus.
254 1497 460 1545 ouatur
488 1493 678 1545 itaque
2696 1542 2699 1545 .

40 1505 156 1543 mus.
188 1493 460 1558 Sequatur
488 1493 678 1557 itaque

938 1757 1077 1881 s.
1212 1756 2025 1879 HENRICI
2152 1757 2605 1879 VITA

1414 1940 1739 1995 AUCTORE
1789 1939 2132 1995 ANONYMO

802 2063 965 2118 Edita
1017 2066 1075 2117 in
1130 2065 1323 2127 Suria,
1380 2079 1447 2117 ea:
1497 2061 1685 2117 Jacobi
1741 2060 1980 2116 Gretseri
2036 2061 2186 2115 Dms
2246 2062 2748 2115 Baueeaoexswos.

588 2287 817 2342 CAPUT
852 2286 1149 2342 PRIMUM.
1752 2285 1796 2337 A
1836 2283 1955 2337 lare
1988 2298 2001 2337 :
2061 2284 2293 2338 Intuere
2332 2284 2638 2352 diligenter
2676 2284 2896 2340 litteras
2935 2285 2996 2341 in
3054 2302 3240 2352 muro,
3296 2287 3395 2359 qui
3450 2291 3533 2342 est

43 2399 71 2445 ς
104 2397 312 2449 Ilenriei
364 2396 424 2447 in
476 2396 776 2463 imperium
821 2396 1103 2455 successio,
1154 2392 1491 2460 Wol/fgangi
1544 2407 1718 2459 appa-

97 2470 233 2531 ritio,
269 2469 426 2519 muni
453 2468 673 2533 ficentia
710 2468 767 2518 in
817 2465 1090 2529 ecclesias,
1120 2465 1350 2517 victoria
1382 2463 1448 2515 de
1486 2463 1717 2526 Sclaois,

97 2544 141 2590 et
165 2541 499 2591 restauratio
529 2540 872 2606 episcopatus
898 2535 1372 2600 Merseburgensis.

102 2647 326 2697 LAnno
360 2642 435 2696 ab
466 2641 866 2695 lncarnatione
901 2639 1132 2695 Domini
1171 2638 1478 2694 millesimo
1531 2639 1719 2708 primo

59 2732 132 2793 39)
152 2732 215 2785 ab
245 2731 392 2786 Urbe
418 2736 615 2785 autem
637 2728 864 2785 condita
888 2728 1193 2783 millesimo
1210 2727 1719 2798 septingentesimo

42 2821 508 2890 quinquagesimo
542 2819 835 2873 secundo:
884 2818 1089 2873 Ottone
1148 2832 1327 2888 puero
1376 2818 1574 2871 Romae
1631 2816 1720 2870 de-

42 2906 227 2975 iuncto,
267 2912 506 2961 vacante
537 2906 701 2976 regni
734 2906 897 2973 solio,
932 2922 1061 2959 cum
1093 2905 1160 2959 de
1201 2904 1463 2975 principe
1521 2903 1720 2958 subro-

46 2996 205 3049 gando
236 3001 544 3067 ageretur;
580 2995 843 3049 omnium
882 2999 1030 3058 vota,
1072 2998 1217 3047 nutu
1245 2993 1462 3059 divino,
1490 2992 1555 3046 ad
1590 3008 1721 3045 eum

46 3084 389 3150 inclinantur,
421 3084 530 3155 qui
559 3089 697 3137 tunc
719 3084 776 3137 in
807 3099 987 3153 regno
1019 3082 1337 3136 habebatur
1366 3081 1718 3152 potissimus.

43 3172 414 3244 Fuitnamque
448 3188 557 3243 per
586 3172 737 3225 idem
764 3176 989 3240 tempus
1029 3171 1149 3223 Dux
1185 3170 1554 3223 Bavariorum
1589 3170 1725 3223 Hen-

42 3259 187 3323 ricus,
217 3265 329 3314 tam
355 3260 620 3314 bonitate
652 3274 823 3329 quam
847 3257 1142 3312 nobilitate
1169 3257 1328 3326 regia
1354 3256 1721 3327 conspicuus,

42 3355 86 3399 et
112 3348 368 3403 universa
424 3364 657 3403 morum
704 3347 1002 3401 honestate
1058 3346 1387 3415 praeclarus.
1449 3346 1549 3399 Hic
1606 3344 1725 3398 ini-

40 3437 163 3489 tium
223 3438 532 3507 sapientiaa
591 3436 861 3490 timorem
923 3434 1150 3489 Domini
1204 3434 1453 3505 pleniter
1500 3440 1725 3487 secutus

41 3531 150 3579 est:
194 3527 291 3597 qui
320 3532 447 3580 erat
501 3526 662 3579 omni
691 3525 1019 3578 litterarum
1082 3524 1273 3579 studio
1334 3524 1726 3595 principaliter

44 3614 286 3679 imbutus,
312 3620 478 3669 totus
525 3629 662 3667 sane
694 3614 803 3667 ﬁde
834 3618 889 3667 et
918 3618 1047 3666 actu
1071 3612 1415 3667 Catholicus.
1452 3613 1550 3666 Hic
1586 3627 1723 3681 ergo

43 3702 98 3752 ab
125 3703 384 3757 omnibus
416 3703 549 3773 pari
581 3708 713 3756 voto
748 3703 856 3772 (40)
890 3708 947 3755 et
978 3700 1271 3755 communi
1321 3716 1600 3753 consensu
1633 3716 1722 3754 ac-

42 3790 270 3857 cersitur,
331 3791 533 3845 divina
584 3790 787 3860 utique
855 3789 1198 3859 disponente
1255 3788 1606 3842 clementia:
1661 3792 1727 3841 ut

45 3896 127 3943 per
153 3881 489 3951 temporalis
532 3880 701 3949 regni
745 3878 1061 3948 fastigium,
1094 3877 1165 3931 ad
1223 3878 1450 3931 culmen
1484 3878 1724 3931 caelestis

44 3969 180 4035 regni
214 3969 599 4039 perlingeret.
633 3969 882 4021 Terrena
913 3967 1068 4020 enim
1112 3966 1265 4020 bona
1314 3965 1526 4033 omnia,
1579 3967 1727 4019 sicut

42 4072 131 4108 usu
167 4058 312 4111 malo
344 4058 495 4111 alios
540 4072 576 4109 a
634 4056 814 4109 salute
863 4054 1247 4127 praepediunt,
1306 4054 1386 4109 ita
1424 4054 1565 4108 alios
1619 4071 1726 4109 usu

44 4146 166 4197 iuono
193 4147 257 4200 ad
289 4148 543 4200 salutem
580 4149 940 4215 promovent.

102 4236 144 4285 '2.
176 4233 274 4288 Cui
320 4234 579 4288 necdum
652 4232 888 4286 Caesaris
928 4232 1012 4285 vel
1058 4230 1423 4302 imperatoris
1478 4231 1726 4301 dignita-

45 4328 137 4373 tem
193 4323 480 4377 obtinenti
537 4320 809 4393 apparuit
856 4321 1183 4375 Ratisbonee
1236 4319 1626 4390 Wolti‘gangus
1669 4319 1728 4373 in

46 4412 235 4465 somnis
265 4412 489 4465 visione
513 4410 619 4463 tali
653 4409 779 4477 (41).
816 4408 1012 4461 Visum
1044 4422 1294 4477 namque
1326 4413 1411 4460 est
1449 4407 1525 4475 ei,
1574 4407 1728 4478 quod

47 4514 256 4553 manens
293 4501 353 4554 in
414 4498 607 4553 sancti
658 4497 1064 4552 Emmerammi
1123 4495 1383 4563 ecclesia,
1434 4496 1731 4550 accederet

46 4588 220 4642 orandi
296 4588 487 4660 gratia
587 4585 660 4640 ad
744 4586 895 4639 beati
974 4584 1317 4655 Wolﬂ’gangi
1381 4569 1727 4656 sepulcrum,

46 4676 90 4728 in
150 4678 339 4732 eadem
398 4676 651 4732 ecclesia
705 4674 925 4729 situm:
1008 4690 1259 4745 eumque
1340 4673 1550 4728 ibidem
1638 4674 1732 4728 do-

46 4766 236 4821 minum
332 4771 727 4835 sanctumque
810 4762 1155 4834 Wolﬂ‘gangi
1238 4762 1502 4833 precibus
1595 4762 1730 4817 inti-

1830 2372 1995 2442 juxta
2047 2372 2335 2426 tumulum
2406 2390 2623 2441 meum,
2682 2375 2939 2445 scriptas.
2999 2375 3132 2429 Erat
3179 2381 3370 2431 autem
3430 2376 3532 2443 ibi,

1833 2460 1977 2513 sicut
2026 2459 2351 2527 videbatur,
2412 2461 2694 2531 scriptum
2744 2463 3149 2518 solummodo:
3232 2466 3363 2517 Post
3413 2480 3533 2518 sex.

1837 2548 2120 2618 Evigilans
2169 2565 2301 2602 vero
2358 2550 2477 2604 Rex
2538 2551 2812 2605 Henricus
2869 2552 3210 2606 tractatione
3261 2553 3535 2606 diuturna

1834 2653 2026 2691 secum
2086 2638 2347 2705 revolvit,
2403 2639 2751 2708 paucissima
2808 2641 2982 2710 hujus
3029 2641 3268 2695 visionis
3302 2642 3531 2712 scripta.

1833 2725 2103 2794 Inprimis
2152 2742 2290 2796 ergo
2337 2726 2667 2795 arbitratus,
2700 2729 2851 2799 quod
2900 2733 3030 2799 post
3085 2746 3181 2783 sex
3225 2730 3346 2783 dies
3386 2733 3536 2783 esset

1834 2813 2169 2877 moriturus,
2204 2814 2386 2868 multa
2418 2815 2713 2886 dispensat
2746 2817 3118 2888 pauperibus.
3154 2818 3297 2873 Cum
3341 2823 3535 2872 autem

1835 2917 1929 2955 sex
1959 2902 2185 2955 dierum
2217 2919 2495 2957 numerus
2520 2905 2845 2975 praeteriret
2871 2910 2925 2957 et
2956 2905 3097 2959 nihil
3130 2906 3189 2959 in
3249 2922 3307 2958 se
3333 2922 3535 2975 corpo-

1833 2991 1939 3043 rali
1976 2990 2253 3044 molestiae
2286 2992 2541 3057 sentiret,
2574 2993 2796 3063 putavit
2850 2993 2918 3047 ad
2947 3009 3044 3047 sex
3089 3009 3311 3047 menses
3360 2994 3537 3064 perti-

1836 3095 1993 3132 nere.
2019 3080 2326 3132 Transacto
2359 3096 2493 3133 vero
2524 3080 2693 3151 hujus
2724 3081 2953 3134 numeri
3010 3081 3217 3151 spatio.
3272 3081 3535 3152 nihilque

1834 3166 1893 3221 in
1925 3184 1983 3220 se
2014 3167 2367 3222 infirmitatis
2413 3185 2635 3239 passus,
2686 3168 2995 3223 arbitratus
3026 3170 3177 3223 hunc
3225 3185 3535 3223 numerum

1835 3258 1905 3310 ad
1941 3273 2036 3310 sex
2080 3273 2263 3311 annos
2283 3257 2573 3327 pertinere
2604 3274 2615 3311 :
2641 3258 2889 3329 ideoque
2913 3262 2968 3312 et
2990 3275 3119 3329 quas
3144 3274 3341 3329 supra,
3366 3259 3537 3328 coepit

1836 3346 2060 3399 timere.
2094 3346 2351 3417 Cumque
2386 3362 2481 3400 sex
2510 3362 2792 3401 annorum
2836 3362 3110 3401 numerus
3141 3346 3367 3416 integer
3405 3363 3535 3417 per-

1836 3434 2152 3501 transisset,
2202 3441 2259 3487 et
2317 3434 2547 3505 septimi
2588 3435 2725 3489 anni
2770 3435 2888 3489 dies
2938 3436 3228 3489 revolutus
3268 3436 3534 3500 venisset,

1836 3523 1963 3594 ipso
1995 3523 2085 3577 die
2115 3523 2352 3579 Cmsaris
2379 3522 2719 3593 dignitatem
2750 3539 2855 3593 per
2912 3524 3298 3594 Apostolicam
3347 3539 3536 3577 susce-

1834 3612 1916 3683 pit
2002 3611 2479 3665 obsecrationem.
2525 3612 2683 3664 Tunc
2741 3611 2975 3665 tandem
3053 3612 3304 3665 sentiens
3351 3611 3539 3681 qualis

1836 3704 1984 3754 esset
2021 3714 2123 3752 sua
2179 3698 2345 3765 visio,
2398 3699 2609 3767 gratias
2658 3698 2776 3769 agit
2832 3700 2948 3753 Deo
2998 3705 3308 3769 sanctoque
3346 3700 3538 3752 Wolff-

1835 3804 2045 3859 gango,
2079 3786 2178 3858 qui
2209 3787 2317 3841 sibi
2347 3788 2519 3841 talem
2550 3788 2800 3841 revelare
2844 3788 3111 3857 dignatus
3142 3794 3227 3841 est
3277 3786 3537 3841 sublimi-

1835 3883 2034 3932 tatem.

1910 3969 1959 4020 3.
1998 3966 2210 4020 Unctus
2246 3964 2423 4035 igitur
2450 3965 2505 4018 in
2543 3981 2737 4035 regem
2771 3963 3137 4019 beatissimus
3195 3964 3293 4019 Dei
3349 3964 3541 4018 famu-

1837 4055 1945 4119 lus,
1976 4053 2317 4123 temporalia
2368 4054 2530 4124 regni
2559 4071 2674 4107 non
2726 4059 3026 4107 contentus
3071 4054 3371 4123 angustiis,
3434 4070 3539 4123 pro

1838 4142 2207 4212 adipiscenda
2265 4142 2719 4197 immortalitatis
2795 4160 3027 4208 corona,
3087 4158 3315 4195 summo
3398 4142 3543 4211 Regi

1841 4231 1949 4300 (cui
2005 4231 2215 4284 servire
2266 4248 2508 4301 regnare
2571 4232 2673 4301 est)
2729 4232 2974 4285 militare
3031 4231 3331 4302 disposuit,
3383 4247 3541 4285 sum-

1841 4335 1992 4373 mam
2027 4318 2201 4373 etiam
2230 4319 2589 4389 diligentiam
2635 4320 2693 4373 in
2726 4320 3133 4390 ampliﬁcando
3192 4320 3344 4372 cultu
3407 4319 3542 4372 reli-

1840 4408 2028 4479 gionis
2058 4408 2323 4463 adhibuit
2356 4424 2368 4461 :
2413 4409 2679 4462 ecclesias
2729 4408 2911 4462 ditare
2944 4406 3422 4478 possessionibus,
3486 4412 3542 4459 et

1840 4496 2139 4551 immensis
2224 4496 2524 4549 ornatibus
2592 4512 2803 4565 augere
2878 4494 3067 4565 ccepit.
3132 4494 3304 4549 Sedes
3350 4498 3540 4547 autem

1842 4585 2217 4657 episcopales,
2277 4583 2669 4638 Hildensheim
2706 4582 2822 4653 (ubi
2859 4600 2892 4636 a
2939 4598 3120 4652 puero
3178 4581 3429 4635 nutritus
3488 4587 3547 4636 et

1842 4675 2062 4729 litteras
2089 4674 2319 4728 edoctus
2350 4673 2498 4739 fuit),
2564 4672 2894 4742 Madeburg,
2935 4672 3334 4742 Argentinam,
3385 4672 3546 4727 Mise-

1843 4779 1978 4818 nam
2037 4768 2095 4817 et
2176 4762 2536 4816 Merscburch
2603 4762 2751 4831 (qua!
2809 4760 3109 4815 barbarica
3187 4761 3546 4816 immanitate

48 4855 136 4905 mis
191 4861 503 4909 conaretur
556 4868 817 4919 exorare,
862 4852 1051 4907 subito
1114 4851 1415 4906 videbatur
1470 4850 1523 4905 ei
1607 4851 1729 4921 ipse
1764 4858 1806 4920 ο
1844 4850 2232 4920 adjacentium
2255 4849 2580 4904 Sclavorum
2608 4853 2837 4903 vastata:
2879 4850 3129 4913 fuerant(
3158 4852 3274 4919 (42)
3330 4856 3546 4904 restau-

48 4943 252 4997 Sanctus
283 4945 517 4999 adstare
552 4948 614 4997 et
668 4941 1002 5011 hujusmodi
1053 4940 1241 4994 verbis
1298 4941 1487 5012 ipsum
1537 4940 1735 5011 appel-

111 5102 207 5179 l39)
243 5102 405 5156 Errat
430 5102 491 5156 in
528 5098 844 5179 principio,
877 5102 943 5152 ut
963 5114 1155 5179 supra
1176 5097 1311 5179 satis
1333 5102 1595 5151 notatum
1630 5102 1735 5179 est,

53 5170 324 5244 eidemque
374 5169 569 5228 errori
631 5169 864 5236 insistit,
946 5169 1082 5244 dum
1140 5169 1735 5244 inferiusnum,__l2_,

134 5238 338 5356 “mihi
366 5260 599 5299 annum
642 5257 717 5295 vn
750 5241 1037 5295 connectit
1096 5256 1226 5294 cum
1282 5242 1437 5294 1007.
1502 5256 1559 5293 ιιι
1614 5238 1736 5293 Kal.

97 5328 235 5356 tinam
284 5333 357 5356 ne

97 5316 376 5372 ovembris.

114 5386 205 5451 (50;
253 5388 433 5451 Quam
467 5382 697 5440 fuerint
755 5382 939 5452 patria
969 5387 1102 5436 vota
1141 5381 1469 5453 Principum
1511 5380 1744 5453 imperii

63 5458 235 5509 melius
265 5459 431 5512 docet
450 5453 833 5511 Adelboldus.

123 5530 215 5605 ill)
246 5530 370 5614 llxec
398 5532 651 5614 a‘cclepta
674 5530 808 5579 sunt
836 5541 900 5579 ex
935 5524 1060 5614 fita
1196 5522 1745 5614 Wolt‘fga‘n‘gimapud

67 5593 264 5653 Surium
315 5603 370 5655 31
412 5593 684 5656 Octobris
740 5612 901 5650 num.
938 5598 1029 5649 30.
1102 5596 1273 5649 Porro
1322 5593 1384 5651 S.’
1438 5593 1746 5663 Wolifgan-

1846 4940 2011 4994 ravit.
2047 4940 2112 4994 Et
2143 4944 2259 4993 tam
2308 4938 2509 5009 ipsius,
2564 4955 2739 5010 quam
2788 4939 2911 4992 aliis
2961 4938 3388 5010 episcopatibus
3449 4955 3551 5011 per

1848 5112 1985 5165 gum
2036 5096 2091 5151 S.
2172 5095 2397 5150 llenrici
2456 5095 2843 5149 institutorem
2909 5095 3104 5162 fuisse,
3186 5100 3383 5149 auctor
3469 5099 3555 5149 est

1849 5169 2185 5222 Ditmarus:
2240 5169 2429 5223 Nutrit
2497 5169 2820 5235 praeclarum
2896 5167 3275 5235 Wol/fgangus
3352 5167 3554 5235 praesul

1849 5241 2149 5304 alumnum,
2184 5243 2289 5292 etc.
2334 5237 2575 5309 Reliqua
2627 5239 2740 5293 huc
2778 5239 3093 5309 spectantia
3146 5239 3206 5291 in
3250 5239 3551 5291 Commen-

1850 5311 1994 5363 tario
2018 5310 2168 5363 dicta
2209 5314 2359 5362 sunt.

1924 5380 2037 5460 (ξῖ)
2073 5381 2202 5451 Hinc
2242 5379 2517 5460 explicata
2558 5378 3130 5460 oportebat,‘si.quid
3157 5377 3345 5458 dicere
3376 5376 3559 5429 voluit

1854 5446 2124 5521 confusus
2172 5446 2436 5521 scriptor,
2493 5446 2766 5504 omittens
2794 5446 3216 5505 Paderbornam
3264 5446 3322 5501 in
3383 5462 3555 5519 quam

1855 5520 2145 5593 praecipua
2170 5520 2416 5575 contulit
2443 5520 2702 5575 Sanctus.
