3944 6422
455 357 548 411 lit

1758 349 1813 404 S.
1857 347 2138 404 HENRICI
2184 346 2655 406 IMPERATORIS
3868 360 3913 406 lt

449 484 787 540 universum
813 495 1082 552 regnum,
1107 478 1169 532 in
1213 476 1671 549 possessionibus
1718 480 1776 530 et
1827 474 2145 544 ornatibus,
2180 478 2225 529 A
2264 490 2399 529 vero
2439 474 2728 547 principes
2786 474 3040 528 Polouire
3097 479 3154 527 et
3204 475 3474 541 Boemiae,
3526 481 3921 548 ceterarumqu

451 569 902 627 innumerabilia
923 568 1167 623 contulit
1196 565 1784 621 Hildesheimensibus
1844 579 1979 616 vero
2016 579 2147 617 san-

455 666 611 716 ctum
665 657 1055 714 Gotehardum
1105 657 1216 725 (43)
1278 655 1473 709 divina
1510 654 1745 708 edoctus
1798 651 2147 706 revelatioue

453 750 730 823 prmfecit.
755 747 898 813 Quid
921 753 1112 800 autem
1134 742 1587 814 Merseburgensi
1606 740 1855 795 ecclesiae
1881 755 2000 810 prae
2020 739 2149 793 aliis

454 837 797 911 specialibus
821 834 1126 890 contulerit
1162 832 1485 887 futurorum
1508 828 1767 884 charitati
1796 829 2061 882 volumus
2080 843 2150 881 ex

453 932 616 1000 parte
641 924 957 980 notiﬁcare.
1021 924 1151 978 Hinc
1179 920 1334 977 enim
1366 918 1600 974 ecclesia
1637 923 1898 988 tempore
1955 916 2148 987 Magni

454 1012 888 1080 Ottonis,illius,
905 1010 1165 1081 inquam,
1189 1007 1288 1080 qui
1309 1007 1375 1061 ad
1398 1008 1607 1076 Lycum
1631 1003 1869 1059 ﬂuvium
1894 1003 2000 1058 sub
2014 1019 2146 1058 san-

453 1107 543 1156 cto
576 1100 836 1156 Uldarico
864 1097 1185 1152 confessore
1234 1095 1492 1163 Ungaros
1548 1092 1663 1163 (44)
1716 1090 2045 1162 prostravit,
2091 1094 2150 1143 et

454 1206 618 1260 reges
646 1204 867 1253 eorum,
902 1186 1136 1241 Laelium
1168 1184 1430 1236 videlicet
1463 1184 1521 1235 et
1575 1183 1753 1235 Assur
1798 1179 2145 1244 Ratisboua',

451 1277 810 1349 principibus
836 1276 941 1329 hoc
967 1273 1094 1327 ﬁeri
1125 1270 1611 1342 adjudicantibus,
1638 1269 1706 1323 in
1740 1268 2000 1339 patibulo
2042 1283 2146 1320 su-

451 1366 697 1436 spendit,
730 1362 973 1418 assiduis
998 1359 1423 1415 incursionibus
1472 1365 1532 1412 et
1583 1357 1777 1412 hostili
1832 1356 2147 1411 vastatione

449 1453 800 1516 Sclavorum,
831 1450 901 1504 ad
929 1448 1175 1503 nihilum
1208 1446 1436 1501 redacta
1461 1450 1566 1501 est.

516 1543 571 1596 4.
632 1541 697 1595 Et
740 1538 879 1611 quia
934 1536 1225 1591 violentiis
1275 1535 1597 1589 vicinarum
1664 1532 1965 1587 nationum
2029 1547 2146 1585 non

446 1634 674 1701 poterat
702 1627 998 1683 resistere:
1042 1625 1101 1679 in
1140 1623 1618 1695 possessionibus,
1655 1622 1713 1675 in
1753 1621 2032 1691 religione
2089 1625 2148 1675 et

446 1719 506 1773 in
538 1716 825 1783 omnibus,
858 1731 986 1786 quae
1017 1713 1083 1768 ad
1116 1712 1505 1784 pontiﬁcalem
1528 1710 1867 1781 dignitatem
1898 1709 2143 1781 pertine-

445 1806 603 1873 bant,
637 1806 868 1877 penitus
914 1802 1091 1874 erepit
1131 1801 1383 1857 deﬁceri.
1444 1799 1656 1856 Accidit
1714 1805 1904 1853 autem
1934 1803 2000 1852 ut
2048 1814 2145 1851 eo-

443 1895 573 1950 dem
604 1900 864 1965 tempore
917 1890 1421 1963 Magdeburgensis
1446 1889 1703 1943 ecclesiae
1750 1887 2144 1957 Archiepisco-

439 1998 550 2053 pus
597 1982 747 2036 viam
778 1980 1063 2036 universae
1095 1978 1284 2033 carnis
1344 1977 1766 2047 ingrederetur,
1824 1980 1880 2029 et
1933 1977 2138 2030 Merse-

441 2069 751 2141 burgensis
791 2067 1032 2139 praesul,
1089 2072 1326 2137 propter
1379 2064 1723 2135 sapientiam
1778 2079 1812 2117 a
1868 2064 1981 2117 Deo
2036 2063 2145 2117 sibi

443 2158 738 2222 collatam,
771 2162 830 2209 et
875 2159 1110 2226 propter
1140 2154 1347 2206 multas
1379 2151 1639 2217 virtutes,
1708 2149 1918 2222 quibus
1969 2151 2142 2205 ador-

444 2250 619 2299 natus
658 2249 804 2309 erat,
839 2243 911 2297 ob
941 2259 1081 2314 quas
1108 2242 1280 2296 etiam
1310 2240 1503 2295 Ottoni
1542 2255 1753 2310 magno
1784 2239 2143 2310 gratissimus

448 2332 676 2388 extitit:
741 2331 803 2386 in
858 2330 1189 2385 cathedram
1252 2328 1817 2399 Magdeburgensem,
1866 2328 2141 2399 praedicto

448 2422 608 2492 Rege
639 2420 695 2474 id
726 2419 1032 2487 efﬁciente,
1086 2422 1524 2488 praeponeretur
1580 2417 1716 2485 (45).
1769 2417 2001 2470 Factum
2055 2423 2144 2471 est

447 2516 665 2576 autem,
681 2514 743 2563 ut
759 2506 1240 2577 Merseburgensis
1259 2506 1615 2577 episcopatus
1633 2504 1864 2575 penitus
1892 2504 2143 2558 destrue-

449 2605 635 2666 retur,
665 2604 723 2651 et
751 2613 879 2668 quae
908 2595 1135 2667 potiora
1158 2601 1320 2648 erant
1343 2594 1497 2649 illius
1528 2593 1778 2648 ecclesia:
1809 2593 1868 2647 in
1890 2594 2139 2664 praediis.

446 2688 507 2741 in
547 2684 1039 2750 ministerialibus,
1071 2684 1133 2737 in
1158 2682 1536 2748 ornamentis,
1569 2681 1630 2735 in
1669 2681 1946 2735 ditionem
1986 2682 2140 2752 Mag-

447 2774 825 2845 deburgensis
870 2772 1151 2827 eccclesiaa
1196 2771 1666 2835 transferrentur,
1691 2774 1749 2823 et
1805 2770 1875 2823 de
1930 2770 2139 2841 quibus

442 2863 704 2934 reliquiis
765 2861 1211 2933 possessionum,
1272 2875 1401 2930 qua:
1459 2858 1792 2928 Merseburg
1854 2874 2140 2914 remanse-

438 2957 588 3017 rant,
619 2949 847 3005 abhatia
900 2949 1046 3004 inibi
1083 2953 1533 3003 construeretur.
1593 2946 1758 3011 Quod
1796 2946 2007 3001 factum
2040 2964 2135 3001 us-

2258 564 2637 617 Sclavicarum
2668 564 2928 631 gentium
2984 563 3261 633 primates
3318 564 3637 619 Romanum
3706 567 3923 637 Impera

2265 657 2447 706 torem
2501 668 2629 705 cum
2684 652 2931 705 exercitu
2990 652 3059 704 ad
3115 653 3489 707 debellandos
3546 672 3647 708 eos
3693 658 3926 709 adsenir

2257 746 2647 811 cognoverunt
2678 757 2691 794 :
2728 740 3139 794 innumerabili
3173 742 3545 796 multitudine
3585 745 3843 809 collecta,
3897 745 3926 796 i1

2259 827 2472 882 bellum
2506 828 2559 882 ei
2615 828 2844 882 obviam
2880 835 3301 897 processerunt.
3343 830 3505 894 Quod
3539 830 3678 901 Regi
3715 832 3811 902 pio
3862 848 3926 901 pe

2259 917 2642 988 speculatores
2665 933 2799 970 suos
2838 918 2950 970 cito
2980 917 3253 983 innotuit,
3288 924 3346 971 et
3402 919 3547 972 sicut
3577 919 3637 973 in
3684 921 3920 973 omnibu

2255 1005 2534 1076 angustiis
2564 1006 2683 1059 suis
2716 1005 2951 1064 solebat.
3008 1006 3075 1059 ad
3123 1006 3404 1060 orationis
3453 1023 3615 1062 arma
3667 1008 3925 1077 confugit

2255 1095 2635 1165 lnvocatoque
2667 1110 2840 1164 super
2885 1111 2944 1148 se
2993 1094 3228 1149 nomine
3284 1095 3535 1161 Domini,
3592 1096 3759 1151 beato
3808 1098 3926 1151 Lau-

2256 1180 2464 1249 rentio,
2496 1186 2691 1234 sancto
2720 1182 2984 1252 Georgio,
3046 1187 3103 1236 et
3159 1182 3324 1236 beato
3381 1184 3630 1238 Adriano
3687 1188 3923 1253 martyri

2257 1270 2383 1335 bus,
2442 1286 2501 1323 se
2567 1286 2852 1341 suumque
2931 1271 3247 1326 exercitum
3320 1273 3741 1343 protegendum
3827 1289 3926 1326 cun

2256 1373 2482 1411 summa
2506 1358 2807 1412 devotione
2837 1360 3142 1412 commisit.

2325 1450 2385 1503 6.
2427 1448 2492 1501 Et
2517 1463 2647 1501 cum
2689 1464 2889 1502 omnes
2916 1448 3287 1518 perceptione
3317 1449 3575 1520 corporis
3604 1454 3660 1503 et
3716 1448 3926 1519 sangui

2256 1534 2346 1589 nis
2387 1534 2614 1589 Domini
2645 1536 2946 1589 confortati
2978 1535 3234 1601 fuissent,
3270 1537 3340 1590 ad
3382 1537 3573 1592 locum
3618 1539 3919 1591 certamini

2256 1628 2562 1677 venerunt.
2615 1623 2717 1678 L'bi
2748 1640 2878 1677 cum
2931 1623 3043 1678 Rex
3073 1624 3273 1678 beatus
3302 1625 3490 1678 verbis
3544 1625 3925 1680 exhortatorii

2266 1710 2334 1764 ad
2388 1711 2630 1765 viriliter
2686 1712 2974 1781 agendum
3004 1713 3364 1779 singulorum
3405 1714 3632 1767 animos
3658 1716 3925 1767 erexisset

2260 1798 2459 1853 videns
2490 1800 2968 1854 innumerabilem
2996 1801 3456 1854 adversariorum
3502 1802 3925 1856 multitudinem

2255 1888 2522 1941 clamavit
2566 1889 2633 1942 ad
2682 1890 3010 1953 Dominum,
3059 1895 3115 1942 et
3166 1890 3294 1943 ait:
3348 1890 3498 1943 Deus
3555 1890 3655 1961 qui
3702 1886 3926 1944 conteri

2252 1976 2403 2030 bella
2432 1977 2502 2031 ab
2552 1977 2743 2045 initio,
2784 1978 2942 2031 eleva
2981 1978 3274 2031 brachium
3305 1983 3468 2033 tuum
3521 1996 3695 2049 super
3755 1988 3921 2050 gente

2253 2065 2354 2136 qui
2392 2066 2645 2135 cogitant
2674 2066 2851 2119 servis
2896 2066 3010 2119 tuis
3040 2068 3208 2120 mala.
3243 2068 3518 2137 Disperge
3568 2069 3696 2121 illos
3729 2070 3787 2123 in
3847 2070 3926 2121 vir

2253 2157 2373 2207 tute
2405 2159 2502 2207 tua
2532 2170 2545 2208 :
2591 2161 2645 2207 et
2672 2154 2898 2208 destrue
2931 2170 3027 2207 eos
3057 2160 3344 2224 protector
3374 2171 3559 2211 meus.
3619 2157 3774 2211 Pone
3827 2158 3926 2209 illo:

2252 2247 2318 2297 ut
2347 2249 2554 2310 rotam,
2586 2250 2640 2297 et
2661 2245 2804 2297 sicut
2834 2244 3105 2314 stipulam
3136 2251 3269 2298 ante
3327 2245 3530 2299 faciem
3583 2247 3760 2301 venti.
3825 2249 3926 2302 Han

2252 2332 2645 2403 dicensaperti
2674 2338 2808 2386 sunt
2837 2333 2988 2386 oculi
3015 2334 3138 2403 ejus
3176 2339 3232 2385 et
3280 2334 3421 2387 vidit
3472 2335 3752 2403 gloriosos
3795 2353 3926 2391 marI

2250 2425 2422 2491 tyres,
2470 2421 2776 2490 Georgium
2822 2421 3105 2483 videlicet,
3166 2421 3556 2489 Laurentium,
3604 2423 3925 2478 Adriauum.

2251 2525 2382 2563 cum
2413 2512 2619 2579 angelo
2652 2510 3026 2579 percutiente,
3060 2511 3371 2564 exercitum
3400 2527 3568 2565 suum
3612 2514 3926 2580 praeceden-

2249 2602 2353 2662 tes,
2382 2604 2439 2651 et
2481 2598 2732 2652 hostium
2774 2614 2983 2652 cuneos
3040 2598 3110 2651 ad
3160 2599 3355 2669 fugam
3409 2601 3817 2670 propellentes.
3882 2603 3926 2655 Et

2251 2686 2395 2741 sicut
2423 2687 2703 2740 exercitus
2753 2686 3139 2741 Sennacherib
3198 2688 3268 2741 ab
3329 2689 3533 2757 angelo
3587 2691 3926 2760 percutienti

2249 2775 2529 2829 contritus
2551 2781 2637 2828 est
2674 2780 2730 2829 et
2757 2776 2955 2845 periit;
2992 2776 3069 2829 ita
3099 2780 3157 2829 et
3184 2777 3371 2829 omnis
3423 2776 3806 2833 barbarorum
3840 2780 3926 2833 ista

2249 2862 2555 2917 multitudo
2584 2878 2689 2932 per
2720 2862 2987 2916 virtutem
3022 2863 3119 2916 Dei
3148 2864 3482 2927 conterrita,
3525 2866 3799 2934 projectis
3855 2883 3926 2918 ar«

2249 2950 2358 3005 mis
2405 2950 2528 3004 sine
2585 2950 2864 3004 effusione
2922 2950 3219 3019 sanguinis
3269 2951 3743 3021 Christianorum,
3794 2954 3926 3023 fuga

440 3055 550 3110 que
580 3037 652 3092 ad
700 3043 929 3108 tempus
958 3037 1040 3108 pii
1096 3036 1439 3091 confessoris
1485 3034 1711 3089 Henrici
1762 3033 2135 3091 immutatum
2166 3045 2206 3097 C
2246 3038 2582 3111 praesidium
2632 3040 2911 3110 quaesivit.
2970 3040 3093 3104 Quo
3128 3039 3247 3092 viso
3285 3041 3397 3094 Rex
3452 3046 3702 3107 sanctus,
3756 3044 3926 3096 eleva-

438 3126 772 3198 permansit.
803 3126 947 3181 Cum
976 3130 1171 3180 autem
1201 3125 1525 3179 convocatis
1571 3123 1724 3178 idem
1756 3124 1876 3177 Rex
1926 3124 2136 3178 Princi-

437 3214 609 3286 pibus
643 3214 811 3285 regni
860 3213 950 3267 sui
1005 3213 1418 3282 Quendelburg
1471 3211 1690 3266 curiam
1746 3211 2131 3267 celebrasset:

436 3302 724 3356 universis
752 3303 814 3356 in
842 3301 903 3356 id
931 3301 1123 3372 ipsum
1178 3300 1692 3367 consentientibus,
1752 3300 2044 3356 Poloniam
2077 3308 2134 3357 et

437 3390 759 3456 Boemiam,
791 3394 1141 3461 craterasque
1180 3390 1511 3445 Sclavorum
1568 3389 1891 3459 adjacentes
1940 3392 2130 3462 regio-

441 3494 569 3547 nes,
594 3494 727 3549 quae
777 3477 922 3532 ﬁnes
985 3476 1150 3548 regni
1178 3477 1267 3531 sui
1322 3476 1640 3546 vastabant,
1687 3476 1974 3531 debellare
2022 3476 2133 3531 dis-

436 3566 655 3637 posuit.

512 3658 562 3709 5.
592 3654 946 3724 Congregato
992 3651 1190 3723 itaque
1249 3651 1520 3718 exercitu,
1578 3656 1773 3707 contra
1827 3653 2129 3723 praedictas

436 3742 698 3798 nationes
752 3742 934 3796 aciem
988 3740 1214 3796 direxit.
1273 3742 1341 3795 Et
1393 3740 1608 3795 faciens
1665 3741 1970 3796 transitum
2024 3757 2127 3813 per

432 3833 645 3900 locum,
676 3830 780 3903 qui
811 3829 1080 3884 Walbech
1103 3830 1208 3900 (46)
1240 3828 1468 3897 dicitur,
1504 3829 1760 3899 gladium
1791 3829 1974 3884 sancti
2005 3830 2125 3885 Ad—

430 3921 579 3977 riani
610 3919 896 3991 martyris,
928 3918 1029 3989 qui
1054 3934 1158 3989 pro
1201 3917 1440 3988 reliquis
1492 3918 1675 3972 multo
1727 3923 1988 3989 tempore
2045 3919 2124 3974 ibi

431 4010 785 4074 servabatur,
836 4006 1073 4076 accepit.
1134 4006 1258 4070 Quo
1304 4005 1609 4071 accinctus,
1670 4023 1733 4060 ex
1783 4011 1900 4061 toto
1950 4008 2123 4063 corde

431 4115 534 4152 suo
565 4095 835 4152 clamavit
862 4102 920 4149 et
943 4094 1089 4148 dixit
1115 4112 1131 4147 :
1161 4092 1361 4148 Judica
1408 4094 1648 4148 Domine
1677 4101 1949 4150 nocentes
2005 4112 2121 4163 me,

430 4201 698 4256 expugna
744 4183 1151 4252 impugnautes
1215 4197 1329 4248 me,
1385 4182 1751 4253 apprehende
1833 4199 1995 4238 arma
2065 4190 2124 4239 et

430 4279 676 4338 scutum,
712 4277 770 4326 et
798 4286 1011 4341 exurge
1068 4270 1126 4324 in
1172 4270 1522 4339 adjutorium
1579 4271 1740 4326 mihi.
1791 4271 1929 4327 Inde
1986 4289 2120 4343 pro-

2246 3128 2319 3182 tis
2340 3128 2518 3181 oculis
2548 3133 2603 3181 et
2632 3128 2897 3182 manibus
2926 3128 2985 3181 in
3038 3129 3265 3195 caelum,
3299 3128 3587 3184 benedixit
3645 3130 3762 3184 Deo
3816 3132 3926 3183 ςριιέ

2244 3221 2301 3270 et
2325 3216 2452 3271 ait:
2505 3216 2804 3281 Benedico,
2842 3218 2957 3271 Rex
3003 3217 3129 3270 cadi
3173 3222 3231 3271 et
3290 3222 3478 3283 terrae,
3530 3218 3629 3289 qui
3674 3220 3925 3289 superbis

2241 3304 2458 3359 resistis
2478 3309 2535 3358 et
2580 3304 2895 3359 humilibus
2925 3305 3024 3359 das
3051 3305 3334 3375 gratiam:
3394 3305 3495 3376 qui
3546 3307 3801 3361 custodis
3856 3308 3926 3360 di-

2241 3393 2485 3464 ligentes
2522 3399 2578 3447 te
2618 3397 2674 3447 et
2723 3394 3075 3463 glorificatus
3135 3410 3195 3447 es
3238 3394 3297 3447 in
3356 3394 3644 3464 gentibus,
3698 3402 3925 3467 propter

2239 3481 2431 3537 datam
2461 3481 2626 3536 nobis
2656 3481 2726 3535 de
2748 3482 2889 3535 caalo
2919 3482 3241 3537 victoriam.
3281 3482 3453 3536 Victis
3480 3498 3616 3554 ergo
3678 3483 3923 3538 barbaris

2239 3575 2294 3624 et
2324 3585 2452 3641 qua
2481 3570 2551 3624 ad
2584 3570 2837 3624 futuram
2870 3586 3071 3639 pacem
3124 3571 3396 3640 prodesse
3427 3576 3691 3641 poterant
3722 3572 3919 3627 ﬁrmis-

2239 3658 2384 3713 sima
2416 3659 2675 3729 pactione
2709 3658 2993 3723 stabilitis,
3031 3659 3117 3712 vir
3147 3660 3352 3713 Beatus
3402 3674 3533 3713 cum
3582 3660 3699 3713 suis
3731 3660 3795 3715 in
3833 3678 3921 3714 sua

2236 3747 2533 3802 redierunt
2554 3763 2684 3801 cum
2706 3762 2864 3817 pace,
2921 3747 3307 3815 gloriﬁcantes
3328 3753 3382 3801 et
3403 3748 3694 3803 laudantes
3727 3750 3919 3813 Deum,

2236 3836 2337 3907 qui
2367 3837 2546 3891 salvat
2576 3841 2871 3906 sperantes
2893 3835 2950 3889 in
2979 3852 3058 3889 se.

2308 3930 2357 3979 7.
2402 3926 2661 3996 Cumque
2714 3923 3228 3979 Christianissimus
3286 3940 3385 3979 rex
3420 3924 3737 3993 Polonism,
3796 3928 3919 3981 Boe-

2234 4013 2435 4080 miam,
2493 4013 2802 4069 Horaviam
2857 4013 3188 4067 tributarias
3226 4013 3494 4068 fecisset:
3546 4014 3619 4069 ob
3667 4031 3918 4070 reveren-

2233 4102 2373 4156 tiam
2403 4101 2460 4156 S.
2504 4100 2795 4155 Laurentii
2843 4100 3132 4170 martyris,
3183 4101 3674 4157 conculcationem
3724 4109 3786 4156 et
3834 4104 3915 4157 de-

2232 4190 2609 4244 structionem
2682 4189 3167 4259 Ierseburgensis
3241 4189 3516 4255 eceiesiae,
3589 4192 3766 4262 erepit
3835 4194 3915 4262 pin

2231 4277 2441 4332 intuitu
2487 4278 2896 4333 misericordia:
2930 4283 2986 4331 et
3005 4277 3232 4348 pietatis
3281 4278 3587 4347 respicere,
3617 4283 3673 4331 et
3701 4279 3780 4333 ad
3842 4280 3913 4333 ni-

429 4377 659 4433 gressus
689 4368 868 4414 castra
906 4363 1147 4412 metatus
1167 4358 1340 4413 estin
1368 4375 1592 4431 campo,
1631 4360 1728 4414 ubi
1795 4362 2115 4416 Mersebur-
2147 4391 2191 4445 ο
2230 4366 2414 4421 hilum
2472 4367 2700 4421 redacta
2747 4370 2808 4420 in
2867 4366 3145 4431 wditiciis,
3205 4365 3265 4419 in
3326 4366 3825 4433 niinisterialibus,
3871 4368 3913 4421 in

426 4450 621 4521 gensis
650 4448 887 4503 ecclesia
916 4449 1027 4501 sita
1047 4454 1149 4514 est,
1182 4454 1240 4501 et
1269 4448 1466 4502 videns
1523 4449 1711 4503 locum
1769 4449 2142 4525 desolatumu

425 4547 482 4594 et
529 4541 590 4594 in
642 4538 889 4593 nihilum
940 4537 1251 4605 redactum,
1308 4538 1593 4608 ingemuit
1647 4543 1705 4593 et
1761 4538 1882 4593 ait:
1945 4540 2115 4594 Beate

423 4629 692 4684 Laurenti
724 4632 941 4698 martyr
971 4627 1202 4695 Christi,
1233 4626 1282 4680 si
1321 4633 1419 4681 tuo
1450 4626 1779 4681 interventu
1832 4626 1934 4682 has
1982 4628 2110 4682 bar—

421 4718 589 4772 baras
620 4719 899 4783 nationes,
931 4716 1175 4787 adaquas
1203 4731 1407 4786 pergo,
1444 4715 1705 4769 Romano
1729 4716 1998 4786 Imperio,
2059 4722 2115 4770 et

421 4806 756 4862 Christianae
797 4804 1061 4875 religioni
1117 4805 1527 4874 subjugavero,
1560 4804 1714 4858 hunc
1766 4804 1952 4859 locum
2011 4805 2111 4859 de-

419 4896 666 4950 solatum
724 4899 823 4948 tuo
888 4894 1106 4948 nomini
1166 4897 1583 4957 consecratum,
1642 4891 1835 4949 divina
1886 4894 2113 4947 favente

418 4983 623 5055 gratia,
676 4982 735 5037 in
765 4982 1019 5053 pristinae
1069 4981 1370 5053 dignitatis
1397 4984 1613 5035 statum
1648 4981 1998 5036 reformabo.
2043 4983 2113 5037 Ut

484 5180 600 5249 (43)
632 5178 767 5233 Vide
797 5177 853 5232 in
876 5178 1041 5249 Actis
1061 5179 1095 5231 4
1128 5175 1414 5249 maiipag.
1450 5175 1572 5249 δοξ,
1597 5190 1759 5249 num.
1786 5178 1885 5249 Δ18.

483 5245 590 5321 (44)
617 5250 965 5304 Describitur
993 5246 1233 5301 victoria
1264 5245 1325 5300 in
1357 5247 1484 5299 Vita
1520 5245 1575 5301 S.
1610 5245 1856 5300 Udalrici
1885 5247 1919 5300 4
1971 5246 2108 5302 Julii

409 5337 497 5393 pa.
534 5323 659 5393 no,
682 5340 715 5375 a
746 5336 908 5393 nuru.
935 5321 1027 5373 46.

479 5393 589 5473 (45)
630 5390 767 5473 Quae
802 5392 892 5473 hic
923 5387 1324 5473 narranturde
1367 5385 2103 5473 translatisqhtadeburgu‘m

410 5457 764 5532 episcopatus
802 5460 1288 5532 Merseburgensis
1324 5457 1807 5532 possessionibus,
1840 5474 1953 5513 non
1978 5457 2102 5532 θοι-

408 5527 528 5603 toni
575 5527 785 5603 primo,
842 5530 941 5585 sed
993 5527 1693 5603 secun_do_adscribenda_
1743 5534 1897 5603 sunt,
1951 5530 2104 5603 unde

412 5598 596 5674 ipsum
646 5606 843 5657 secuta
867 5606 957 5655 est
983 5598 1215 5672 punitio
1238 5599 1306 5655 de
1357 5614 1472 5671 qua
1509 5598 1573 5654 in
1626 5599 1759 5654 Vita
1818 5601 1873 5655 S.
1931 5600 2102 5654 Adal-

2225 4455 2596 4509 saecularibus
2644 4454 3116 4525 possessionibus,
3195 4454 3256 4508 in
3287 4454 3678 4508 ecclesiasticis
3757 4473 3912 4509 orna-

2226 4543 2459 4607 mentis,
2494 4542 2553 4597 in
2586 4542 2892 4613 pristinum
2939 4544 3183 4613 gradum
3232 4543 3570 4613 pontificalis
3606 4543 3913 4613 dignitatis,

2223 4630 2369 4685 sicut
2404 4632 2515 4685 Deo
2544 4637 2602 4685 et
2656 4637 2850 4684 sancto
2899 4631 3203 4685 Laurentio
3258 4637 3511 4697 voverat,
3565 4632 3792 4687 studuit
3841 4650 3909 4686 re.

2224 4724 2500 4773 staurare.
2538 4721 2650 4775 Nec
2672 4720 2831 4789 prius
2861 4719 2931 4773 ab
2970 4719 3244 4790 operibus
3286 4720 3693 4774 misericordia).
3746 4724 3907 4775 desti-

2224 4808 2295 4862 tit
2322 4809 2700 4880 quoadusque
2728 4824 2854 4863 eam
2908 4808 2977 4862 ad
3024 4808 3324 4878 antiquum
3357 4814 3565 4862 statum
3596 4808 3905 4878 dignitatis,

2221 4900 2278 4950 et
2306 4898 2612 4967 pristinum
2643 4898 2923 4952 honorem
2962 4896 3261 4967 religionis
3297 4913 3362 4952 ex
3418 4898 3643 4967 integro
3700 4899 3904 4968 perdu-

2220 4989 2392 5039 ceret.

2218 5176 2806 5251 bertiad_23¥Aprilis
2852 5195 2976 5251 cap.
3014 5178 3313 5251 190.7Vide
3366 5179 3605 5233 citatum
3662 5179 3791 5236 istic
3845 5184 3892 5235 in

2216 5248 2516 5321 Annotatis
2563 5248 2937 5321 Ditmarum,'
2978 5251 3079 5321 qui
3110 5250 3377 5319 pluribus
3428 5251 3553 5305 aliis
3604 5251 3744 5305 locis
3804 5254 3901 5321 agit

2215 5319 2287 5374 de
2326 5318 2691 5374 restitutione
2734 5318 3012 5391 ejusdem'
3044 5318 3402 5392 episcopatus
3456 5337 3562 5393 per
3613 5322 3669 5377 S.
3707 5318 3900 5378 Henri-

2213 5406 2399 5526 ωέῗέὶ)
2432 5459 2509 5513 De
2541 5461 2807 5515 Walbeck
2827 5467 2882 5515 et
2910 5461 2972 5516 S.
3020 5461 3257 5531 Adriani
3302 5462 3492 5530 gladio
3544 5464 3714 5532 plura
3761 5472 3902 5521 nota-

2212 5531 2297 5587 vit
2330 5532 2640 5596 Gretserus,
2676 5548 2807 5604 qua:
2833 5532 2983 5604 apud
3010 5533 3202 5605 ipsum
3233 5533 3421 5588 videri
3453 5531 3715 5605 possunt.
