3944 6450
23 454 70 502 In
1626 456 1817 510 ACTA.

3358 455 3459 511 lli

38 575 81 623 8.
144 570 407 642 Denique
454 571 856 642 Episcopatum
911 573 1443 641 Babenbergensem
1478 591 1543 628 ex
1570 575 1656 628 int
1689 580 1732 630 Α
1776 578 1993 645 Regum
2027 575 2330 629 inserimus
2359 573 2808 628 conﬁrmationis
2838 573 3103 643 epistolas
3137 590 3149 628 :
3211 580 3292 638 ut,
3324 575 3459 645 quia

10 676 117 729 ρει-ο
141 660 198 712 in
225 676 332 714 suo
364 662 592 714 domate
644 662 757 729 (47)
788 661 1063 719 fundavit.
1110 662 1370 715 terminis
1402 663 1662 716 videlice-

9 750 31 801 b
78 749 481 817 adjacentihus
546 749 965 819 episcopatibus
1019 750 1275 819 legitimo
1331 750 1662 804 concambio

10 836 343 889 >mniutatis.
382 837 704 890 Fundatum
754 854 885 890 vero
944 837 1334 907 episcopatum
1389 837 1661 908 principi-

10 939 57 973 us
111 924 527 991 Apostolorum
587 925 753 977 Petro
810 930 867 977 et
912 926 1106 988 Paulo,
1168 932 1225 978 et
1257 925 1664 993 pretiosissima

9 1012 191 1079 lartyri
240 1012 490 1081 Georgio
544 1012 893 1065 attitulatum
951 1012 1184 1081 speciali
1256 1014 1384 1083 jure
1457 1022 1663 1066 sanctae

9 1115 117 1152 om.
156 1098 425 1153 Ecclesiae
457 1099 821 1164 contradidit,
856 1104 1006 1153 utet
1042 1098 1244 1162 prima:
1302 1100 1432 1153 Sedi
1499 1100 1663 1154 debi—

7 1202 74 1238 im
138 1186 445 1256 dignitatis
483 1188 843 1258 impenderet
888 1188 1188 1253 honorem,
1222 1192 1276 1239 et
1304 1204 1463 1240 suam
1497 1188 1660 1255 plan-

7 1276 232 1328 itionem
281 1280 442 1328 tanto
496 1276 812 1344 patrocinio
864 1275 1088 1328 ﬁrmius
1134 1275 1535 1328 communiret.
1601 1276 1660 1328 In

8 1363 276 1416 leridiana
306 1379 541 1433 quoque
574 1369 730 1433 parte
762 1363 1005 1416 civitatis
1029 1363 1435 1416 monasterium
1463 1363 1521 1415 in
1565 1364 1660 1415 ho-

8 1466 87 1503 πθ
118 1450 176 1505 8.
215 1451 497 1521 Stephani
532 1452 969 1519 Protomartyris
1025 1450 1128 1503 sub
1161 1451 1362 1503 ordine
1389 1450 1659 1503 canonico

7 1545 292 1591 instruens
330 1558 346 1601 ;
375 1555 442 1591 ex
478 1539 655 1591 altera
686 1554 841 1603 vero,
864 1538 973 1591 hoc
1018 1544 1103 1592 est
1131 1538 1471 1608 aquilonari,
1507 1538 1656 1592 aliud

6 1626 373 1680 :onasterium
430 1627 536 1680 sub
576 1627 896 1679 monachali
962 1627 1161 1696 regula
1212 1627 1271 1680 in
1328 1628 1545 1680 honore
1602 1627 1654 1680 S.

8 1714 238 1767 ichaelis
279 1714 624 1783 Archangeli
655 1714 783 1783 (48),
828 1715 1122 1784 sanctique
1175 1714 1459 1768 Benedicti
1486 1714 1661 1767 abba-

5 1817 21 1852 s
65 1801 457 1863 constituens,
509 1800 636 1864 sibi,
691 1816 926 1869 suaeque
973 1799 1189 1853 civitati
1232 1816 1401 1870 supra
1433 1802 1656 1854 Petram

5 1888 297 1957 nostolicze
330 1887 621 1941 firmitatis
644 1887 919 1951 fundatas,
940 1903 1218 1958 muroque
1249 1893 1305 1942 et
1327 1904 1657 1958 propugna-

5 1976 85 2027 ilis
119 1977 475 2030 meritorum
519 1975 575 2029 S.
616 1974 844 2045 Georgii
866 1981 1300 2047 ceterorumque
1334 1980 1657 2029 sanctorum

10 2064 189 2117 unita:
217 2079 286 2117 ac
323 2068 609 2117 exornata:
624 2070 819 2117 contra
841 2064 1154 2118 incentivos
1178 2064 1447 2118 vitiorum
1479 2065 1659 2133 jacta-

3 2168 52 2215 ιε,
88 2151 307 2204 turrim
326 2150 680 2205 fortitudinis
709 2150 766 2203 in
784 2150 1090 2221 Stephano,
1124 2156 1181 2205 et
1200 2157 1398 2205 contra
1427 2151 1657 2220 refrige-

3 2244 138 2293 intes
189 2242 367 2293 tlatus
422 2239 596 2305 illius,
658 2239 847 2309 quiin
904 2240 1194 2310 aquilone,
1254 2240 1403 2294 unde
1447 2240 1657 2321 malum

4 2344 119 2381 rnne
178 2327 480 2394 panditur,
536 2327 730 2381 sedem
782 2343 993 2397 ponere
1041 2328 1341 2398 disposuit,
1376 2328 1661 2399 refugium

4 2423 169 2469 rrtum
201 2416 263 2469 in
297 2415 558 2485 angelico
600 2415 944 2485 praeparavit
993 2415 1299 2485 praesidio:
1336 2420 1396 2469 ut
1443 2434 1475 2470 a
1525 2417 1658 2471 dex-

5 2504 45 2554 is
100 2508 162 2556 et
225 2521 257 2555 a
318 2502 567 2555 sinistris
610 2502 845 2571 justitiaa
889 2502 1063 2557 armis
1121 2504 1344 2557 vallata:
1394 2503 1451 2557 in
1500 2504 1658 2557 nullo

4 2592 189 2644 Illiciat
215 2590 523 2643 insidiator
552 2590 879 2660 praevalere.

48 2684 100 2731 9.
161 2677 263 2730 His
323 2677 512 2730 tribus
572 2676 824 2730 ecclesiis
908 2680 1104 2747 postea
1150 2693 1254 2746 per
1305 2676 1658 2731 Guntherum

3 2766 207 2819 iisdem
260 2764 754 2834 Babenbergensis
806 2764 956 2819 sedis
1018 2770 1285 2835 quartum
1335 2766 1656 2834 praesulem,

31 2869 131 2922 per
163 2852 557 2922 Reginoldum
617 2852 943 2921 quemdam,
1006 2852 1192 2905 virum
1253 2851 1526 2916 nobilem,
1560 2852 1650 2905 ad-

8 2948 61 2993 ta
93 2949 181 2993 est
210 2945 422 3010 quarta
453 2940 689 2993 ecclesia
721 2940 829 3009 (49)
863 2940 921 2994 in
969 2940 1185 2993 honore
1216 2947 1425 2993 sancta:
1470 2940 1657 2993 Maria:

6 3028 141 3081 atris
208 3025 443 3082 Domini
478 3043 491 3079 :
526 3031 582 3079 et
630 3026 809 3080 sancti
867 3027 1127 3096 Gangolti
1183 3026 1445 3097 martyris
1504 3032 1659 3081 extra

1772 664 1884 717 duo
1916 669 2066 727 sunt,
2100 664 2306 734 quibus
2345 664 2436 716 hic
2492 662 2742 716 mundus
2796 662 3183 733 principaliter
3220 662 3454 732 regitur,

1772 752 2113 821 pontiﬁcalis
2153 751 2478 815 auctoritas,
2532 756 2589 803 et
2638 750 2843 819 regalis
2894 755 3160 820 potestas,
3224 766 3287 803 ex
3330 755 3457 803 utro

1772 855 1881 909 que
1912 840 2114 892 horum
2146 839 2373 892 suffulta
2403 855 2435 891 a
2465 838 2711 892 dexteris
2738 838 3064 902 etsinistris,
3098 839 3167 891 ab
3197 838 3458 891 omnium

1772 927 2034 980 molestia
2065 926 2490 979 infestationum
2523 942 2716 979 secure
2776 932 3123 978 monstretur
3160 926 3218 978 in
3248 942 3457 996 perpe-

1771 1019 1933 1067 tuum
1995 1015 2242 1067 defensa.
2307 1014 2534 1066 Dicente
2614 1013 2767 1066 enim
2838 1015 3075 1067 Domino
3131 1014 3454 1075 Salvatore;

1769 1101 1912 1154 duos
1967 1101 2225 1155 Ecclesia:
2282 1102 2501 1171 gladios
2560 1102 2837 1169 sufﬁcere,
2897 1117 3141 1171 quorum
3202 1118 3346 1153 unus
3390 1101 3455 1153 ad

1770 1188 2161 1242 defensionem
2211 1189 2415 1242 anima:
2469 1203 2533 1241 ac
2590 1188 2821 1257 spiritus
2879 1193 3179 1258 penetrat;
3212 1190 3353 1241 alter
3378 1189 3461 1240 in-

1769 1276 2039 1329 ﬂexibilia
2068 1281 2124 1329 et
2145 1276 2288 1329 dura
2316 1278 2489 1329 corda
2521 1276 2709 1345 rigore
2742 1293 2843 1329 suo
2893 1278 3089 1329 domat
3118 1284 3172 1329 et
3201 1276 3410 1347 premit
3442 1292 3455 1328 :

1767 1363 2046 1434 quidquid
2091 1365 2421 1417 eorumdem
2478 1364 2796 1435 gladiorum
2844 1366 2972 1432 jure
3004 1364 3136 1417 hinc
3168 1364 3298 1418 inde
3330 1380 3457 1417 mu-

1768 1451 1942 1518 nitur,
1978 1456 2193 1507 constat
2226 1452 2495 1522 profecto,
2527 1452 2679 1522 quod
2717 1452 2927 1504 nullius
2972 1452 3106 1504 mali
3137 1451 3457 1505 incursione

1767 1539 1835 1592 ab
1866 1544 2041 1593 status
2072 1540 2159 1593 sui
2222 1540 2558 1593 rectitudine
2612 1539 2997 1593 labefactetur.
3059 1540 3216 1592 Prius
3266 1542 3459 1593 tamen

1767 1626 1857 1679 hic
1884 1627 2135 1679 chartam
2167 1626 2388 1679 Ottonis
2418 1626 2571 1679 tertii
2604 1628 2711 1695 (50)
2757 1626 3114 1696 Imperatoris
3143 1625 3457 1694 praescribi-

1769 1730 1915 1777 mus,
1940 1718 2002 1767 ut
2050 1714 2191 1767 scire
2234 1714 2576 1777 volentibus,
2636 1713 2880 1785 qualiter
2908 1713 3031 1783 ipse
3060 1713 3217 1766 locus
3252 1713 3461 1767 Baben—

1769 1801 2061 1870 bergensis
2115 1802 2173 1854 in
2236 1802 2513 1855 ditionem
2567 1802 2747 1854 sancti
2802 1801 2971 1871 Regis
3029 1801 3346 1866 obvenerit,
3390 1816 3460 1855 ex

1769 1888 1967 1943 eadem
1997 1889 2427 1959 conscriptionis
2456 1889 2668 1958 pagina
2696 1889 3012 1958 colligatur.

1846 1980 1931 2030 ll.
1992 1978 2055 2030 In
2114 1977 2344 2030 nomine
2395 1981 2601 2030 sanctae
2655 1980 2711 2028 et
2772 1976 3081 2029 individua:
3112 1975 3449 2030 Trinitatis:

1771 2065 1899 2119 Otto
1921 2064 2112 2119 divina
2162 2064 2517 2134 providentia
2578 2064 2894 2134 Imperator
2922 2066 3229 2132 Augustus.
3286 2064 3460 2117 Nove-

1769 2153 1884 2206 rint
1915 2169 2110 2207 omnes
2169 2153 2348 2206 nostri
2399 2153 2613 2217 fideles,
2682 2157 2991 2223 praesentes
3048 2151 3257 2205 scilicet
3286 2156 3341 2204 et
3372 2152 3459 2205 fu-

1771 2240 1907 2301 turi,
1931 2240 2175 2310 qualiter
2195 2255 2298 2292 nos
2328 2238 2398 2292 ob
2453 2239 2836 2292 interventum
2868 2238 3251 2292 dilectissimus
3299 2238 3458 2307 geni-

1769 2326 1923 2380 tricis
1979 2332 2186 2381 nostrze
2242 2326 2591 2392 Adelheidaa,
2660 2342 2788 2379 caro
2819 2326 3013 2396 nepoti
3060 2331 3251 2379 nostro
3285 2328 3460 2379 Bava—

1772 2414 1989 2468 riorum
2050 2415 2185 2468 Duci
2245 2414 2505 2468 Heinrico
2559 2414 2846 2484 quoddam
2887 2412 3035 2482 juris
3086 2413 3266 2465 nostri
3324 2429 3463 2482 pras-

1770 2502 1948 2569 dium,
2008 2502 2292 2556 civitatem
2357 2501 2621 2556 videlicet
2680 2501 3012 2571 Babenberg
3082 2500 3458 2565 nominatam,

1769 2606 1897 2644 cum
1957 2591 2221 2644 omnibus
2288 2591 2353 2645 ad
2427 2591 2573 2644 hanc
2629 2590 3058 2660 respicientibus
3117 2594 3172 2642 et
3216 2589 3460 2643 Nemkin

1774 2679 1952 2732 Uraha
1984 2679 2042 2731 in
2074 2679 2347 2732 comitatu
2383 2677 2672 2732 Bertholdi
2724 2677 2958 2731 Comitis
3012 2675 3286 2729 Volckfelt
3312 2692 3459 2729 nun-

1769 2772 1997 2837 cupato,
2033 2766 2159 2833 sita,
2191 2772 2383 2820 nostra
2428 2764 2714 2835 Imperiali
2758 2763 3011 2834 potentia
3058 2762 3116 2816 in
3166 2768 3460 2833 perpetuae

1769 2870 1934 2907 usum
1966 2853 2327 2923 proprietatis
2373 2851 2775 2917 concessimus,
2832 2850 3185 2920 tirmiterque
3225 2848 3459 2903 donavi-

1770 2957 1895 2994 mus
1947 2958 2076 2994 cum
2134 2941 2430 3011 utriusque
2479 2956 2645 2993 sexus
2711 2938 3031 3009 mancipiis,
3086 2937 3458 3001 mditiciis,ec-

1766 3030 1971 3095 clesiis,
2029 3030 2196 3082 terris
2251 3029 2417 3082 cultis
2474 3033 2530 3082 et
2575 3027 2825 3092 incultis,
2884 3030 2940 3080 et
3010 3041 3140 3079 cum
3194 3025 3458 3078 omnibus

1 3117 140 3169 'bem
221 3131 424 3168 versus
503 3114 793 3169 Orientem
848 3114 909 3167 in
976 3115 1097 3167 loco
1151 3116 1476 3168 Teuverstat
1554 3116 1656 3169 sub
1692 3120 1731 3173 C
1763 3118 1913 3187 jura,
1948 3117 2317 3186 legaliterque
2350 3116 2419 3169 ad
2444 3115 2564 3168 haec
2583 3115 2704 3184 jam
2737 3114 2883 3167 dicta
2920 3113 3135 3185 praedia
3164 3112 3455 3183 pertinen-

0 3205 141 3259 ‘dine
201 3209 262 3257 et
320 3202 682 3273 possessione
764 3202 1052 3255 canonica.
1139 3202 1393 3271 Denique
1470 3207 1658 3256 sextus

0 3293 202 3345 nsdem
252 3291 404 3344 sedis
435 3290 745 3360 Episcopus
780 3290 1159 3344 Rerimannus
1207 3294 1405 3343 contra
1455 3290 1656 3344 urbem

0 3397 132 3432 rt‘SIIS
167 3378 536 3432 occidentem
598 3377 659 3431 in
714 3378 930 3432 honore
986 3378 1041 3432 8.
1098 3377 1291 3431 Jacobi
1321 3377 1574 3448 Apostoli
1603 3382 1659 3430 et

4 3470 40 3519 ii
71 3466 361 3529 Zehedaai,
419 3465 717 3519 ecclesiam
750 3466 855 3519 sub
912 3465 1109 3519 ordine
1160 3454 1433 3520 canonico
1464 3466 1657 3519 initia-

0 3562 33 3609 t.
70 3556 236 3609 Hanc
266 3554 422 3619 Otto,
482 3553 721 3607 humilis
777 3559 997 3607 amator
1051 3570 1371 3623 pauperum
1429 3554 1653 3621 Christi,

0 3652 173 3696 tavus
214 3643 484 3713 ejusdem
527 3641 676 3695 sedis
706 3640 1024 3712 episcopus,
1077 3647 1420 3712 cooperante
1480 3644 1651 3697 Eber-

0 3732 119 3785 irdo
200 3730 543 3802 praeposito,
634 3730 1055 3783 consummavit
1133 3734 1189 3783 et
1235 3729 1535 3793 dedicavit,
1593 3748 1657 3785 ac

0 3836 178 3889 irpem
212 3819 608 3888 ordinemque
658 3818 773 3871 illic
833 3819 946 3872 Deo
993 3818 1363 3872 servientium
1397 3819 1657 3873 decenter

0 3907 239 3974 sposuit.
302 3905 395 3959 Sic
473 3906 629 3957 locus
720 3904 1205 3976 Babenbergensis
1288 3905 1540 3960 ecclesiis
1596 3906 1653 3960 in

8 3994 274 4048 trociniis
309 3994 651 4048 Sanctorum
683 3992 744 4046 in
800 3993 972 4047 modo
1015 3993 1206 4048 Crucis
1251 3993 1506 4065 undique
1537 4009 1655 4047 mu-

0 4090 107 4146 tus,
144 4082 379 4137 Christo
417 4081 552 4133 Jesu
605 4080 876 4135 cruciﬁxo
926 4080 1349 4151 quotidianum,
1404 4086 1459 4135 et
1487 4081 1653 4135 sedu-

0 4186 51 4223 m
86 4170 349 4224 celebrat
400 4168 658 4222 ofﬁcium
706 4173 762 4221 et
818 4168 1111 4223 servitium
1166 4185 1271 4239 pro
1337 4168 1523 4239 primo
1550 4185 1653 4223 suo

0 4258 245 4311 ndatore
302 4256 572 4312 Reinrico
618 4257 892 4321 secundo,
979 4258 1322 4327 Imperatore
1378 4256 1651 4328 piissimo,

1766 3205 1937 3270 tibus,
1971 3220 2037 3257 eo
2069 3209 2282 3270 tenore,
2317 3207 2379 3256 ut
2429 3203 2609 3256 libero
2662 3202 2783 3271 ipse
2824 3202 3091 3269 deinceps
3133 3200 3456 3270 perfruatur

1764 3292 2022 3358 arbitrio,
2064 3292 2185 3345 haec
2235 3291 2487 3356 tenendi,
2540 3289 2950 3351 commutandi,
3001 3288 3192 3355 dandi,
3223 3287 3458 3357 posteris

1764 3381 2142 3451 relinquendi,
2179 3396 2273 3433 seu
2317 3379 2596 3450 quidquid
2630 3378 2739 3431 sibi
2797 3376 3028 3430 libuerit
3056 3376 3186 3430 inde
3214 3375 3455 3429 faciendi

1764 3475 1819 3524 et
1845 3475 1907 3524 ut
1966 3474 2313 3540 praeceptum
2372 3468 2632 3521 stabilius
2712 3466 3047 3537 firmiusque
3104 3470 3452 3535 permaneat,

1763 3557 1907 3611 hanc
1936 3559 2192 3611 chartam
2248 3556 2479 3610 inscribi
2528 3554 2825 3625 jussimus,
2880 3554 3205 3623 annuloque
3252 3552 3457 3621 sigilla-

1761 3652 1877 3700 tam
1910 3645 2143 3717 propria
2190 3660 2365 3697 manu
2414 3648 2607 3696 nostra
2637 3642 3047 3696 roboravimus.
3103 3641 3256 3693 Data.
3288 3656 3319 3691 v
3345 3641 3453 3692 Ka-

1761 3734 1910 3788 lend.
1942 3732 2077 3787 Julii
2110 3732 2308 3786 Indict.
2334 3748 2370 3797 I,
2405 3748 2553 3785 anno
2584 3731 2748 3799 regni
2808 3729 3049 3783 Domino
3090 3728 3311 3783 Ottonis
3341 3744 3451 3793 xiv,

1763 3821 1996 3892 Imperii
2018 3825 2208 3874 autem
2231 3836 2323 3874 vu.

2452 3924 2678 3978 CAPUT
2718 3923 2787 3978 II.

1761 4016 2028 4070 Fundatio
2114 4014 2342 4067 ecclesia:
2429 4012 2851 4078 Bambergensis,
2928 4009 3122 4077 synodi
3211 4008 3285 4062 ad
3337 4025 3455 4062 eam

1832 4089 2150 4209 :pectantes,
2209 4084 2429 4151 ejusque
2488 4098 2523 4135 α
2594 4097 2797 4136 summo
2847 4083 3097 4148 Pontiﬁce
3176 4079 3453 4149 approba-

1857 4172 1925 4210 ιο.

1837 4264 1917 4315 1⁵2.
1969 4264 2128 4315 Anno
2159 4258 2334 4327 igitur
2363 4258 2432 4312 ab
2490 4256 2883 4312 Incarnatione
2915 4254 3142 4310 Domini
3194 4270 3307 4309 uvn
3365 4254 3445 4323 (51

4 4362 176 4417 isque
232 4344 718 4442 cooperatoribus
776 4350 832 4398 et
888 4345 1306 4399 successoribus
1362 4346 1446 4398 vel
1503 4361 1641 4415 ωε·
1682 4392 1723 4445 D
1764 4348 1971 4404 Indict.
2009 4364 2060 4401 v.
2096 4364 2152 4401 Ill
2188 4346 2423 4402 Kalend.
2455 4344 3005 4414 Novembrismagna
3030 4342 3455 4445 synodus‘Epis-

0 4434 364 4488 entatoribus
424 4432 742 4486 omnibus:
805 4434 870 4488 Et
938 4438 1001 4486 ut
1055 4433 1199 4487 inibi
1276 4433 1650 4488 militantibus

0 4523 184 4576 imino
220 4522 413 4591 major
444 4520 847 4590 tranquillitas.
873 4527 928 4575 et
958 4522 1252 4586 securitas,
1286 4527 1343 4575 et
1389 4537 1652 4575 reveren-

0 4634 5 4663 l
40 4612 119 4665 ad
151 4609 609 4681 supplicandum
641 4610 757 4663 Deo
793 4614 1132 4680 perseveret,
1166 4609 1455 4679 praedictas
1484 4609 1653 4680 quin-

0 4716 37 4751 e
82 4699 349 4753 ecclesiae
404 4697 486 4751 sic
538 4700 675 4750 sunt
713 4697 930 4764 locatie,
965 4702 1024 4750 ut
1053 4698 1171 4751 fere
1200 4698 1270 4751 ab
1316 4698 1474 4751 omni
1506 4702 1654 4751 stre-

0 4796 55 4841 :u
85 4794 147 4841 et
212 4785 478 4841 tumultu
528 4785 746 4839 forensi
796 4802 860 4839 ac
907 4785 1170 4856 populari
1224 4784 1339 4839 sint
1375 4784 1653 4839 decentis-

0 4892 73 4929 ne
106 4880 433 4945 segregatas
446 4914 461 4928 .

8 4969 93 5017 Η).
136 4966 206 5019 Ut
280 4968 481 5016 autem
560 4960 783 5015 cunctis
846 4958 1119 5031 liquidius
1202 4958 1471 5013 enitescat
1544 4974 1658 5029 qua

0 5053 237 5121 gilantia
262 5051 353 5105 vir
380 5049 756 5104 beatissimus
804 5049 1043 5102 novella:
1083 5064 1199 5101 suae
1231 5047 1475 5101 ecclesiae
1509 5047 1658 5100 bona

6 5142 93 5194 cis
148 5145 207 5195 et
260 5136 713 5209 tranquillitatis
755 5136 930 5190 etiam
981 5152 1085 5205 per
1132 5134 1491 5189 succedentia
1520 5140 1658 5188 tem-

6 5248 73 5283 ra
108 5228 451 5299 providerit,
495 5225 724 5296 aliquas
754 5225 845 5279 hic
896 5230 1009 5278 tam
1050 5223 1453 5294 Episcoporum
1484 5238 1657 5292 quam

4 5348 14 5385 ι
40 5341 125 5402 i7;
157 5339 323 5391 Varia
369 5336 615 5391 domatis
670 5332 993 5403 signiﬁcata
1052 5332 1227 5386 habes
1258 5331 1316 5386 in
1346 5330 1654 5403 glossariis,

0 5428 19 5461 ε
57 5409 310 5462 sumitur
340 5424 447 5478 pro
476 5405 699 5478 ditione
725 5420 825 5457 seu
857 5403 1232 5478 possessione.

2 5484 19 5533 (
36 5482 127 5531 i8“:
162 5482 233 5533 De
264 5470 375 5534 hoc
428 5475 697 5532 camobio
728 5470 917 5528 actum
948 5479 1032 5527 est
1075 5473 1144 5527 ad
1175 5476 1311 5527 Acta
1340 5472 1397 5526 S.
1441 5470 1659 5526 Ottonis

0 5551 161 5602 Iulii.

10 5552 246 5679 {spherae
295 5620 501 5675 omnia
539 5616 614 5670 ad
668 5615 852 5668 Vitam
903 5615 957 5669 S.
1016 5612 1240 5667 Henrici
1298 5612 1455 5667 nullo
1489 5612 1658 5665 modo

12 5704 61 5743 r1
76 5710 87 5742 ι
103 5698 245 5745 nent.

1761 4453 2059 4507 coporum,
2092 4436 2450 4505 aliorumque
2483 4435 2713 4488 Patrum
2760 4432 2949 4485 habita
2978 4435 3064 4484 est
3090 4436 3146 4483 et
3172 4430 3454 4483 celebrata

1760 4525 1820 4579 in
1852 4524 1982 4577 villa
2039 4522 2193 4591 regia
2244 4521 2656 4576 Franchenfurt
2716 4518 3000 4573 mediante
3059 4518 3211 4587 Rege
3243 4532 3451 4585 magno

1762 4618 1819 4667 et
1872 4611 2103 4682 paciﬁca
2162 4610 2440 4673 Heinrico,
2499 4624 2647 4662 anno
2678 4607 2841 4676 regni
2882 4605 2969 4658 sui
3000 4621 3101 4659 vn.
3145 4605 3282 4658 Nam
3314 4604 3450 4658 dum

1763 4701 1915 4755 idem
1972 4701 2086 4753 Deo
2132 4698 2364 4752 devotus
2420 4698 2537 4751 Rex
2575 4697 2685 4749 alta
2744 4693 2944 4748 mentis
2998 4691 3453 4746 Consideratione

1763 4804 1951 4842 secum
1981 4787 2250 4852 volveret,
2303 4785 2363 4839 in
2420 4800 2533 4854 quo
2589 4782 2949 4853 potissimum
2994 4796 3166 4850 opere
3216 4780 3314 4834 Dei
3340 4779 3453 4833 mi-

1765 4875 2128 4931 sericordiam
2180 4873 2287 4927 sibi
2332 4872 2551 4927 facilius
2614 4871 2961 4932 conciliaret,
3032 4873 3090 4923 et
3161 4884 3227 4923 ex
3274 4866 3453 4922 divini

1764 4965 2036 5018 instinctu
2082 4961 2305 5015 consilii
2354 4960 2667 5030 inspiratus
2697 4957 2995 5028 disposuit,
3038 4960 3101 5011 ut
3140 4957 3319 5010 Deum
3344 4954 3452 5008 sibi

1763 5052 2034 5107 heredem
2091 5050 2349 5119 eligeret,
2406 5053 2461 5102 et
2522 5046 2923 5111 conscriberet,
2955 5050 3013 5098 et
3061 5044 3452 5114 episcopatum

1767 5137 2312 5206 Babenbergensem,
2392 5138 2455 5188 ut
2524 5133 2914 5204 praescriptum
2985 5135 3087 5195 est,
3160 5145 3228 5183 ex
3281 5128 3453 5181 rebus

1766 5225 2123 5281 hereditariis
2165 5227 2534 5287 construeret,
2593 5227 2656 5275 ut
2702 5227 2759 5275 et
2813 5218 3179 5291 paganismus
3227 5216 3451 5271 Sclavo-

1838 5331 1944 5399 (50)
1978 5330 2241 5401 Pluribus
2270 5328 2864 5401 ostenditCretserus,
2887 5325 3169 5401 diploma.
3191 5336 3309 5373 esse
3348 5321 3450 5401 0t:-

1768 5388 2028 5466 tonis'lI,
2051 5400 2117 5453 de
2150 5416 2262 5466 quo
2307 5403 2359 5451 et
2402 5415 2503 5451 nos
2533 5398 2590 5449 in
2629 5388 3049 5450 Commentario
3082 5391 3322 5466 egimus,
3351 5388 3449 5442 ubi

1769 5416 1917 5454 IODIS
1959 5416 2117 5466 II,08
2192 5416 2262 5451 uo
2307 5416 2359 5451 Θῐ
2402 5416 2503 5451 nos
2533 5416 2590 5449 In
2629 5416 3049 5450 Commentario
3082 5416 3322 5453 egimus,
3354 5416 3449 5442 ιιυι

1769 5471 1939 5525 etiam
1971 5470 2039 5545 de
2059 5416 2221 5545 titu1o
2256 5471 2464 5545 nepotis
2492 5467 2704 5545 dictum
2760 5472 2865 5545 est,
2903 5460 3452 5545 que_mh0tto_lmpe-

1770 5546 1921 5595 rator
1944 5539 2143 5594 tribuit
2189 5532 2431 5609 patrueli
2461 5554 2564 5591 suo
2616 5536 2853 5590 Henrico
2900 5532 3027 5588 duci
3060 5532 3328 5593 Bavariaa,
3353 5546 3449 5600 pa-

1770 5612 1841 5665 tri
1882 5612 1934 5665 S.
1975 5610 2216 5664 Henrici.

1842 5681 1950 5750 (5|)
1976 5682 2133 5733 Errat
2164 5677 2462 5747 imperitus
2492 5676 2749 5744 scriptor,
2782 5677 2838 5727 et
2865 5689 2950 5725 res
2970 5669 3285 5735 confundit,
3309 5686 3452 5740 quas
