3976 6400
405 407 505 461 115
1707 404 1762 457 S.
1811 401 2094 458 HENRICI
2136 399 2610 458 IMPERATORIS
3834 405 3943 456 H6

407 542 539 582 rum
586 525 667 582 ibi
714 526 1101 593 destruantur,
1187 529 1245 580 et
1314 524 1619 582 Christiani
1686 525 1938 580 nominis
1993 541 2108 580 me-
2137 528 2183 579 Α
2221 525 2405 581 ritatis
2463 526 2825 598 episcopatus
2882 526 3105 581 noviter
3173 526 3354 581 factus
3408 525 3773 581 fundaretur.
3825 527 3952 581 Pro

414 614 598 670 moria
657 615 1072 686 perpetualiter
1135 614 1285 668 inibi
1343 615 1581 668 celebris
1619 614 1945 668 haberetur.
2006 613 2113 669 Sed
2229 631 2341 685 qua
2369 616 2591 669 ratione
2638 614 2933 670 Heinricus
2981 613 3276 668 Secundus
3328 614 3781 685 gloriosissimus
3818 607 3976 666 Rex'

417 720 548 759 cum
580 704 907 775 parochiam
937 705 1007 758 ad
1039 703 1298 758 eamdem
1326 703 1522 757 sedem
1569 701 1968 773 respicientem
2001 718 2117 756 non
2230 704 2463 759 nuntios
2492 719 2623 758 suos
2651 703 2723 758 ad
2753 720 2858 758 nos
2895 702 3121 769 direxit,
3176 703 3276 772 qui
3332 702 3497 756 nobis
3553 704 3678 757 haec
3737 701 3969 755 omnia

420 793 672 859 haberet,
714 796 766 845 et
824 798 1078 846 sanctam
1161 793 1532 844 Pentecosten
1594 791 1652 844 in
1711 791 1913 845 eodem
1967 807 2116 845 anno
2232 793 2505 858 dicerent,
2559 799 2614 846 et
2670 809 2773 845 nes
2802 808 2903 862 pro
2965 794 3070 845 hac
3105 792 3238 844 sede
3295 791 3695 845 conﬁrmanda
3748 789 3976 881 inter,

424 880 587 952 regni
645 881 733 934 sui
774 880 1079 950 Moguntiw
1134 879 1460 944 celebraret,
1528 884 1750 948 partem
1809 880 2121 934 Wirzebnr-
2234 883 2538 952 pellerent.
2577 881 2752 951 Cujus
2783 881 3198 934 sanrtissimam
3236 879 3644 946 imitationem,
3697 879 3976 949 paterna

424 970 616 1039 gensis
671 969 997 1033 dioseeseos,
1057 969 1392 1022 comitatum
1442 967 1704 1021 videlicet
1762 969 2122 1038 Raterzgewe
2235 977 2292 1023 et
2313 969 2675 1039 praecordiali
2725 967 3027 1022 dilectione
3060 967 3371 1033 intuentes,
3421 984 3622 1022 omnes
3653 983 3762 1034 res,
3799 983 3968 1037 quas

425 1059 538 1129 (5‘2)
566 1057 802 1126 dictum,
833 1061 889 1110 et
917 1056 1051 1126 pagi
1077 1057 1343 1109 Wolcvelt
1364 1055 1518 1120 dicti,
1545 1055 1912 1110 interlluvios
1943 1058 2128 1111 Vraha
2235 1059 2402 1112 beato
2442 1059 2608 1112 Petro
2659 1057 3065 1127 Apostolorum
3124 1055 3392 1127 Principi,
3428 1055 3489 1110 in
3538 1057 3661 1110 loco
3709 1071 3967 1126 praeno-

427 1153 483 1200 et
538 1147 787 1200 Ratenza
835 1144 961 1212 sita,
1019 1147 1088 1198 ab
1152 1143 1415 1198 Heinrico
1482 1143 1945 1221 Wirzeburgensi
2002 1144 2130 1214 Epi-

428 1249 597 1304 scopo
623 1233 788 1287 ﬁrma
832 1250 896 1286 ac
947 1231 1116 1301 legali
1171 1232 1480 1286 traditione
1527 1232 1850 1302 acquisivit,
1899 1234 2130 1286 tradens

430 1339 460 1376 e
490 1327 687 1375 contra
731 1321 1190 1390 Wirzeburgensi
1238 1319 1486 1374 ecclesiae
1527 1321 1610 1375 CL
1661 1321 1768 1391 (53)
1815 1337 2040 1374 mansos
2070 1321 2131 1374 in

429 1412 552 1464 vico
591 1410 942 1480 Memmigun
993 1409 1166 1474 dicto,
1226 1415 1282 1461 et
1331 1409 1389 1462 in
1431 1410 1686 1480 proxime
1744 1409 2132 1480 adjacentibus

432 1499 590 1567 locis,
665 1497 1173 1566 consentientibus,
1239 1501 1294 1550 et
1357 1497 1828 1552 concurrentibus
1890 1497 1950 1551 in
2012 1499 2135 1551 haec

431 1593 548 1641 tota
615 1586 770 1640 illius
851 1586 1114 1640 Heinrico
1193 1585 1668 1658 Wirzeburgensi,
1737 1591 1792 1641 et
1857 1587 2134 1657 Willigiso

432 1675 736 1745 Moguntize
768 1673 1103 1744 metropolis
1159 1674 1608 1745 archiepiscopo,
1670 1674 2000 1746 multisque,
2037 1675 2137 1745 qui

2239 1147 2456 1200 minato
2515 1146 2773 1216 legitima
2823 1145 3039 1199 ratione
3097 1145 3363 1199 collectas
3415 1144 3680 1209 contulit,
3733 1148 3966 1196 nostrae

2241 1233 2595 1289 auctoritatis
2641 1233 2940 1304 privilegio
2997 1232 3334 1286 conﬁrmare
3411 1231 3800 1292 decernimus,
3899 1246 3976 1292 ea

2243 1323 2507 1378 videlicet
2552 1323 2802 1389 .ratione,
2859 1327 2921 1376 ut
2979 1321 3289 1392 Episcopus
3362 1321 3485 1391 ejus
3546 1319 3676 1385 loci,
3737 1323 3799 1373 et
3862 1305 3976 1389 qui

2242 1413 2302 1466 in
2344 1417 2686 1482 perpetuum
2745 1409 2829 1463 sui
2903 1410 3116 1463 fuerint
3157 1424 3535 1476 successores,
3595 1425 3682 1474 ea,
3750 1421 3972 1493 secnq

2243 1499 2658 1570 tranquillitate
2714 1499 3062 1568 possideant.
3140 1503 3196 1551 et
3242 1497 3483 1552 liberam
3545 1496 3800 1550 habeant
3855 1511 3976 1565 ι)οε

2244 1592 2508 1643 testatem
2562 1603 2652 1640 res
2703 1592 2761 1641 et
2817 1586 3194 1657 proprietates
3246 1585 3505 1656 ejusdem
3557 1585 3815 1639 ecclesia:
3865 1600 3976 1637 or-

2246 1677 2464 1740 dinare,
2515 1679 2685 1745 atque
2743 1690 3106 1744 componere,
3161 1676 3247 1728 vel
3295 1674 3468 1728 etiam
3517 1679 3915 1744 augmentare
3964 1689 3976 1724 :

431 1768 740 1835 praesentes
781 1763 1015 1816 fuerunt
1044 1762 1174 1833 (5i),
1227 1763 1684 1833 Arcbiepiscopis
1733 1768 1789 1817 et
1822 1763 2132 1833 Episcopis,
2171 1799 2211 1856 Β
2249 1765 2526 1834 dissipare
2574 1780 2728 1830 vero,
2785 1768 2957 1834 atque
3015 1764 3384 1828 confundere,
3435 1764 3653 1817 nullam
3705 1761 3976 1816 habeant

432 1852 754 1923 legitimum
787 1852 891 1904 hoc
929 1849 1326 1904 concambium
1380 1852 1741 1904 attestatione
1767 1867 1886 1915 sua,
1916 1857 1974 1906 et
2003 1851 2137 1905 sub-

432 1939 742 2010 scriptione
823 1937 1250 1992 roborantibus.
1322 1937 1774 1993 Gloriosissimus
1816 1955 1950 1993 vero
2024 1940 2139 1994 Rex

433 2045 668 2098 compos
733 2027 850 2081 voti
908 2026 1164 2092 eﬁ'ectus,
1216 2025 1342 2096 pari
1391 2026 1850 2096 supradictorum
1908 2028 2137 2081 Patrum

432 2115 718 2181 consultu,
785 2114 929 2168 duos
996 2130 1064 2167 ex
1147 2114 1456 2182 capellanis
1517 2115 1634 2167 suis
1702 2113 2028 2170 Albericum
2086 2120 2143 2171 et

440 2203 788 2258 Ludovicum
817 2201 1118 2272 ‘adjunctis
1165 2201 1653 2273 Wirzebnrgensis
1702 2203 1969 2274 Episcopi
1994 2204 2145 2259 litte-

442 2291 538 2356 ris,
599 2293 842 2346 Romam
923 2305 1107 2361 usque
1175 2289 1401 2355 direxit,
1449 2295 1734 2360 quatenus
1809 2291 1933 2345 haec
1998 2291 2144 2346 bene

441 2385 623 2448 empta
672 2378 729 2432 in
787 2377 993 2433 melius
1043 2377 1388 2448 proﬁcerent
1425 2379 1762 2432 auctoritate
1799 2380 2140 2449 Apostolica.

443 2470 516 2522 At
558 2467 851 2521 Romanus
891 2467 1170 2533 Pontifex,
1222 2472 1279 2520 et
1326 2466 1662 2522 universalis
1721 2469 1873 2538 Papa
1900 2469 2147 2524 Joannes

445 2555 688 2628 piissimi
719 2555 889 2625 Regis
939 2555 1653 2626 devotioniscongaudens,
1703 2557 1899 2611 habita
1933 2557 1992 2611 in
2021 2574 2150 2612 san-

445 2645 521 2699 cti
572 2644 721 2697 Petri
807 2643 1041 2697 Basilica
1102 2644 1339 2713 synodo,
1400 2659 1502 2713 pro
1585 2645 1978 2699 confirmando
2033 2647 2150 2716 epi-

447 2735 682 2800 scopatu
724 2731 1201 2801 Babenbergensi,
1252 2731 1622 2802 privilegium
1677 2733 1810 2787 fecit
1849 2733 2148 2799 conscribi,

394 2843 402 2851 -
449 2823 506 2873 et
559 2820 883 2890 Apostolica
948 2819 1287 2874 auctoritate
1338 2821 1578 2887 ﬁrmari,
1627 2821 1910 2876 universis
1957 2824 2152 2878 Gallias

449 2912 505 2963 et
548 2909 866 2963 Germaniae
924 2909 1216 2979 Episcopis
1263 2910 1599 2975 rescribens,
1648 2915 1707 2964 ut
1756 2916 1811 2964 et
1850 2911 1960 2982 ipsi
2028 2912 2155 2982 pari

447 2998 856 3066 communique
923 2997 1280 3063 auctoritate,
1341 2998 1682 3068 praedictum
1758 2999 2152 3071 episcopatum

2251 1857 2610 1923 potestatem.

2327 1941 2408 1995 14.
2458 1961 2478 1988 ‹
2545 1939 2746 2016 Nostra
2799 1955 3029 2010 quoque
3067 1939 3406 1993 auctoritate
3463 1939 3773 2005 sancimus,
3799 1939 3892 1992 uti
3920 1938 3976 1992 in

2252 2028 2531 2094 terminis,
2591 2033 2646 2081 et
2691 2027 2752 2081 in
2806 2028 2974 2081 rebus
3056 2028 3312 2098 ejusdem
3367 2029 3618 2082 ecclesiae
3668 2029 3840 2082 nulla
3910 2019 3976 2080 si

2253 2117 2540 2171 infestatio
2571 2122 2970 2187 tyrannorum,
3006 2117 3093 2169 vel
3124 2116 3370 2170 aliorum
3399 2117 3803 2187 quorumlibet
3840 2133 3976 2185 pra-

2252 2222 2451 2260 vorum
2484 2205 2804 2272 hominum,
2864 2203 2980 2258 sive
3026 2205 3140 2258 sint
3170 2205 3228 2258 in
3269 2205 3497 2261 civitate
3553 2206 3679 2275 ipsa
3747 2205 3976 2259 Baben‘

2252 2293 2405 2358 bere,
2456 2293 2570 2346 sive
2634 2293 2692 2346 in
2751 2292 2996 2346 castellis
3051 2299 3106 2346 et
3165 2292 3331 2358 villis,
3395 2294 3572 2346 servis
3624 2297 3682 2347 et
3715 2293 3966 2346 ancillis

2251 2381 2589 2450 tributariis,
2649 2381 2904 2446 decimis,
2967 2381 3292 2444 forestibus,
3367 2380 3542 2447 silvis,
3634 2381 3976 2450 piscationi-

2253 2469 2381 2538 bus,
2457 2469 2877 2530 venationibus,
2981 2468 3346 2533 molendinis,
3449 2468 3688 2537 campis,
3767 2469 3976 2538 pratis

2256 2557 2494 2628 pascnit,
2550 2557 2717 2610 terris
2764 2557 2906 2609 cutis
2956 2561 3013 2610 et
3074 2556 3317 2618 incultis,
3376 2562 3432 2609 et
3479 2555 3763 2627 quidquid
3800 2557 3976 2628 mod}

2257 2622 2412 2712 illuc,
2464 2645 2729 2716 pertinet,
2761 2645 2848 2699 vel
2908 2645 2966 2698 in
3027 2645 3285 2698 futurum
3340 2622 3558 2714 acquiri
3614 2622 3821 2715 possit,
3884 2622 3976 2716 p2;

2259 2740 2468 2788 nostrae
2551 2733 2904 2786 auctoritatis
2978 2733 3345 2803 privilegium
3403 2736 3878 2798 corroboratnm,
3934 2735 3976 2787 ii

2259 2839 2458 2877 secura
2485 2822 2675 2893 quiete
2708 2827 3058 2892 permaneat.
3117 2823 3317 2876 Nullus
3362 2821 3443 2875 ibi
3498 2823 3700 2876 Comes
3757 2827 3868 2875 aut
3901 2824 3974 2876 Ju

2263 2912 2370 2966 dex
2429 2912 2616 2980 legem
2668 2910 2850 2963 facere
2905 2916 3231 2978 prmsumat,
3294 2910 3399 2963 nisi
3453 2927 3626 2981 quam
3689 2927 3799 2980 per
3850 2929 3976 2964 con-

2262 2999 2578 3054 cessionem
2634 2998 3030 3068 gloriosissimi
3095 2998 3263 3069 Regis
3314 2999 3562 3052 Heinrici
3616 3001 3702 3051 vel
3753 3015 3972 3051 succes

453 3085 806 3149 roborarent,
865 3087 1029 3155 cujus
1083 3085 1345 3139 videlicet
1402 3085 1689 3155 privilegii
1747 3088 2036 3157 exemplar
2097 3088 2158 3142 in
2193 3076 2233 3131 C
2271 3104 2469 3142 soruin
2499 3088 2622 3158 ejus
2652 3088 2962 3156 Episcopus
3010 3087 3116 3139 loci
3165 3086 3423 3156 ejusdem
3476 3086 3778 3155 deligeret.
3815 3089 3966 3140 Null

451 3173 604 3227 hunc
633 3173 872 3227 modum
901 3189 957 3226 se
990 3173 1162 3227 habet
1187 3189 1200 3226 :

529 3264 613 3316 13.
668 3280 695 3312 α
750 3263 995 3316 Joannes
1052 3261 1362 3330 Episcopus
1412 3275 1605 3313 servus
1677 3276 1971 3315 servorum
2033 3261 2154 3316 Dei.

455 3347 637 3404 Ofﬁcii
690 3349 866 3402 nostri
921 3353 1009 3402 est
1058 3349 1320 3401 omnium
1363 3353 1686 3402 sanctarum
1744 3349 1844 3404 Dei
1895 3349 2158 3403 ecclesia-

454 3452 586 3491 rum
634 3437 939 3491 commoda
987 3437 1334 3506 generaliter
1379 3437 1757 3498 considerare,
1806 3443 1862 3492 et
1912 3439 2158 3492 maxime

456 3541 676 3589 earnm,
719 3542 846 3596 quae
907 3525 1228 3594 specialiter
1259 3526 1364 3579 sub
1410 3527 1541 3596 jure
1571 3543 1634 3580 ac
1665 3526 1924 3580 dominio
1951 3533 2161 3581 nostra:

459 3615 734 3668 Romanas
791 3613 1052 3668 Ecclesia:
1114 3614 1466 3680 consistunt;
1514 3615 1560 3667 si
1608 3615 1763 3685 quod
1813 3620 1898 3669 est
1941 3614 2162 3670 incom-

458 3703 716 3768 modum,
767 3703 1014 3768 abolere,
1066 3720 1138 3758 ne
1186 3719 1290 3774 pro
1327 3705 1486 3774 gravi
1540 3703 2010 3758 incommoditate
2061 3721 2165 3758 sua

458 3792 732 3861 neglectae
787 3793 1100 3859 vilescant;
1165 3793 1250 3845 vel
1299 3793 1554 3862 qualibet
1627 3797 1792 3846 nacta
1847 3793 2161 3858 occasione,

461 3879 651 3934 debita
703 3881 1044 3934 solennitate
1091 3887 1339 3934 careant.
1397 3883 1706 3950 Propterea
1746 3881 2012 3935 omnibus
2041 3899 2167 3935 san-

462 3972 567 4021 ctae
606 3967 708 4020 Dei
750 3968 1009 4021 Ecclesia:
1065 3968 1348 4031 ﬁdelibus,
1407 3969 1786 4038 praesentibus
1844 3969 2059 4025 scilicet
2111 3974 2168 4024 et

464 4055 691 4120 futuris,
727 4059 929 4108 notum
957 4071 1078 4108 esse
1140 4056 1405 4109 volumus
1437 4073 1450 4108 ι
1504 4057 1640 4126 quia
1695 4056 1937 4110 dilectus
1971 4062 2028 4112 et
2057 4057 2167 4128 spi-

463 4141 686 4196 ritualis
738 4148 931 4196 noster
984 4142 1136 4196 ﬁlius
1181 4143 1479 4198 Heinricus
1527 4143 1973 4214 gloriosissimus
1995 4151 2166 4217 atque

467 4230 872 4284 invictissimus
919 4232 1050 4292 Rex.
1105 4231 1298 4285 divina
1353 4232 1667 4302 inspirante
1715 4234 2044 4299 clementia,
2097 4235 2166 4288 de

2268 3178 2459 3231 aliena
2519 3181 2767 3246 potestas
2823 3175 2903 3229 ibi
2963 3191 3063 3244 per
3110 3174 3443 3228 violentiam
3487 3175 3686 3227 irruat.
3737 3175 3840 3228 Sic
3902 3177 3976 3244 ill

2271 3266 2630 3336 episcopatus
2678 3265 2841 3328 liber,
2914 3269 2969 3316 et
3023 3264 3094 3317 ab
3163 3263 3322 3317 omni
3375 3268 3652 3334 potestate
3702 3271 3976 3317 extrane

2269 3370 2521 3417 securus,
2551 3353 2809 3407 Romano
2843 3351 3241 3405 tantummodo
3267 3351 3675 3405 mundiburdio
3703 3354 3828 3420 (55)
3871 3356 3976 3407 sul

2270 3443 2452 3496 ditus:
2484 3447 2770 3512 quatenus
2809 3440 3120 3509 Episcopus
3156 3455 3222 3492 eo
3255 3440 3461 3493 melius
3529 3455 3658 3492 cum
3692 3423 3976 3495 canonici

2272 3531 2388 3584 suis
2419 3530 2646 3583 servitio
2727 3530 2825 3582 Dei
2900 3529 3084 3599 possit
3135 3529 3418 3591 insistere,
3470 3533 3526 3581 et
3595 3528 3772 3598 primi
3850 3547 3976 3584 con

2273 3619 2566 3674 structoris
2637 3617 2895 3686 ejusdem
2956 3617 3080 3684 loci,
3165 3622 3222 3670 et
3286 3617 3706 3686 recuperatoris
3762 3618 3976 3688 jugite

2275 3707 2613 3763 memoriam
2664 3706 2894 3760 habere.
2948 3705 3030 3760 Sit
3083 3710 3277 3758 tamen
3353 3705 3508 3758 idern
3559 3721 3663 3758 suo
3694 3713 3976 3777 metropc

2274 3797 2452 3851 litano
2506 3795 2797 3865 subjectus
2866 3798 3036 3864 atque
3089 3793 3379 3847 obediens.
3430 3793 3797 3863 Quicumque
3879 3796 3976 3851 ha:

2274 3888 2561 3955 praecepta
2618 3882 2942 3945 servaverit,
3003 3881 3254 3935 divinam
3341 3882 3892 3937 remunerationem
3968 3905 3976 3937 ι

2275 3973 2659 4044 Apostolicam
2690 3970 3150 4024 benedictionem
3187 3969 3442 4040 accipiat.
3477 3969 3584 4033 Olli
3618 3978 3823 4024 autem
3863 3989 3976 4042 co‘

2277 4066 2528 4130 temptor
2587 4066 2643 4113 et
2715 4058 2961 4112 violator
3041 4058 3340 4121 exstiterit,
3427 4057 3693 4128 perpetui
3760 4063 3976 4116 anath.

2280 4149 2475 4204 mastis
2507 4146 2865 4202 damnationi
2894 4146 3205 4215 subjaceat,
3264 4145 3378 4198 nisi
3420 4145 3765 4215 resipiscens
3797 4149 3884 4201 ad
3921 4168 3976 4202 sa

2280 4237 2656 4292 tisfactionem
2707 4234 3018 4305 perveniat.
3070 4233 3353 4302 Scriptum
3414 4249 3516 4302 per
3572 4248 3781 4286 manus
3847 4238 3976 4290 Pet'

467 4319 716 4390 propriis
744 4319 1120 4374 hmreditariis
1148 4320 1340 4387 rebus,
1387 4336 1490 4390 pro
1521 4337 1622 4375 sua
1677 4337 2032 4392 suorumque
2065 4338 2163 4393 pa-
2197 4352 2239 4406 Β
2281 4325 2489 4380 notarii
2541 4329 2598 4377 et
2650 4322 2932 4377 scriniarii
2999 4327 3208 4374 sanctae
3267 4321 3536 4374 Romana:
3609 4321 3891 4378 Ecclesiae
3964 4329 3976 4379 i

470 4413 700 4463 rentum
753 4409 964 4470 anima,
1033 4408 1427 4479 episcopatum
1493 4409 1554 4463 in
1623 4411 1747 4464 loco
1805 4410 1904 4481 qui
1959 4410 2168 4464 dicitur

475 4498 820 4561 Babenberc,
897 4497 1161 4568 perfectas
1203 4496 1340 4551 tidei
1396 4501 1452 4551 et
1500 4497 1788 4551 charitatis
1845 4498 2168 4563 devotione,

472 4587 532 4639 in
589 4587 866 4640 honorem
921 4585 1234 4640 beatissimi
1292 4585 1442 4640 Petri
1500 4587 1910 4655 Apostolorum
1957 4586 2172 4641 Princi-

473 4675 562 4745 pis
618 4691 738 4729 esse
791 4675 1111 4742 constituit,
1171 4674 1616 4728 commutatione
1688 4675 1837 4728 facta
1901 4675 2052 4745 jure,
2115 4691 2179 4728 ac

473 4762 733 4832 legaliter
769 4777 898 4816 cum
955 4762 1218 4818 Heinrico
1251 4761 1754 4833 Wirzenburgensi
1798 4762 2074 4832 Episcopo
2107 4762 2176 4816 de

476 4850 670 4921 aliqua
706 4857 868 4920 parte
900 4851 1186 4919 parochias
1243 4851 1330 4904 sui
1385 4852 1766 4922 episcopatus.
1817 4853 1974 4906 Unde
2005 4852 2178 4906 etiam

477 4937 784 5009 pradictus
859 4938 1167 5009 Episcopus
1222 4939 1391 4994 nobis
1444 4955 1575 4993 suas
1624 4939 1844 4994 litteras
1901 4940 2077 5008 misit,
2117 4947 2181 4995 ut

478 5043 582 5081 suo
613 5042 914 5092 consensu,
969 5027 1273 5099 privilegio
1337 5032 1548 5082 nostrae
1578 5029 1920 5099 Apostolicaa
1981 5034 2180 5084 aucto-

482 5171 544 5225 in
573 5169 996 5225 Commentario
1055 5170 1357 5225 restituere
1412 5172 1598 5226 conati
1637 5189 1870 5226 sumus:
1904 5173 2054 5242 quod
2085 5189 2186 5227 au-

481 5247 597 5296 tem
625 5256 841 5312 annum
878 5244 1012 5297 1007
1050 5247 1350 5296 connectat
1393 5258 1524 5296 cum
1555 5248 1754 5296 anno?
1808 5243 1973 5312 regni
2032 5245 2186 5298 Hen-

480 5312 603 5392 rici,
651 5311 914 5382 sequitur
953 5328 1016 5366 ex
1063 5313 1253 5384 primo
1308 5328 1502 5368 errore
1562 5330 1733 5384 quem
1785 5311 1960 5384 supra
2020 5321 2185 5368 nota-

478 5399 664 5438 vimus
673 5425 684 5436 .

553 5453 665 5524 (52)
696 5455 774 5508 Ex
832 5453 1023 5508 codice
1052 5453 1361 5508 Viennensi
1406 5453 1604 5508 scribit
1627 5455 1923 5509 Gretserus
1951 5458 2183 5511 Ratenz-

481 5527 666 5592 gonui,
691 5531 750 5579 et
797 5526 972 5596 paulo
1027 5530 1157 5596 post
1175 5526 1392 5591 volcfelt
1429 5541 1560 5595 quas
1628 5527 1750 5580 loca
1803 5527 2032 5596 aliaque
2091 5526 2184 5580 hic

480 5595 811 5667 accuratius
827 5595 999 5650 modo
1029 5595 1338 5667 iquaarere,
1369 5612 1558 5666 operae
1615 5597 1866 5665 pretium
1926 5595 2043 5650 non
2078 5602 2181 5652 est.

553 5664 663 5734 (53)
702 5667 995 5722 Variantes
1051 5664 1324 5722 lectiones
1378 5664 1563 5722 adfert
1592 5664 1906 5733 Gretserus,
1940 5669 2036 5723 sed
2057 5684 2186 5740 quas

2280 4429 2476 4467 mense
2513 4410 2702 4476 Junin,
2734 4410 2932 4464 lndict.
2965 4425 3016 4462 v.
3060 4431 3078 4455 ι

2361 4504 2439 4554 15.
2502 4499 2702 4553 Habito
2763 4498 2941 4568 igitur
2997 4511 3224 4550 rursum
3304 4495 3559 4566 generali
3644 4497 3911 4555 concilio
3964 4503 3976 4556 i

2288 4587 2721 4651 Franchenl‘urt,
2779 4587 2871 4639 cui
2933 4585 3201 4656 praesedit
3278 4584 3621 4642 venerabilis
3689 4582 3976 4660 Archiep‘

2285 4694 2489 4748 scopus
2547 4675 2859 4746 Willigisus
2923 4674 3308 4743 Moguntinus,
3392 4674 3641 4728 universi
3697 4678 3976 4750 Archiep

2287 4765 2444 4837 scopi
2473 4771 2530 4821 et
2571 4763 2849 4836 EpiscOpi,
2905 4763 3005 4835 qui
3032 4763 3437 4827 interfuerunt,
3498 4778 3741 4816 nurnero
3811 4782 3976 4822 xxxv

2287 4855 2476 4910 debita
2496 4869 2624 4907 cum
2657 4851 3026 4906 veneratione
3073 4850 3436 4920 privilegium
3493 4850 3598 4904 hoc
3647 4851 3815 4906 Sedis
3855 4860 3976 4929 Ap:

2285 4943 2500 4998 stolicas
2557 4940 2952 5012 suscipientes,
3027 4939 3380 4993 unanimiter
3421 4939 3639 4993 devotis
3698 4946 3976 5000 mentibt

2292 5031 2688 5096 landaverunt,
2743 5034 2799 5083 et
2867 5027 3231 5083 scribendum
3287 5028 3713 5082 roboraverunt.
3783 5031 3873 5086 De
3941 5053 3976 5089 δ·

2293 5173 2373 5228 rei
2406 5171 2782 5227 substantiam
2811 5186 2928 5224 non
2955 5185 3305 5240 magnopere
3352 5169 3680 5241 emendant.
3961 5199 3976 5241 λ

2363 5245 2472 5312 (54)
2500 5245 2574 5297 Ex
2604 5242 2796 5296 codice
2822 5241 3131 5312 Viennensi
3154 5242 3390 5294 nomina
3407 5240 3599 5309 aliqua
3633 5241 3823 5297 refert
3859 5240 3976 5300 Gre

2293 5311 2454 5368 serus
2489 5331 2502 5380 ;
2531 5320 2589 5367 at
2618 5311 3021 5379 distinguenda
3042 5316 3178 5364 sunt
3236 5316 3292 5364 et
3336 5317 3598 5380 tempora
3637 5317 3705 5366 et'
3743 5319 3976 5370 conciti

2297 5390 2358 5439 ut
2386 5386 2512 5439 vide
2560 5383 2620 5437 in
2679 5382 3101 5438 Commentario
3157 5382 3372 5452 praevio
3429 5381 3611 5435 fusius
3667 5382 3976 5442 deductum

2295 5455 2394 5510 ubi
2442 5455 2639 5509 omnia
2693 5454 2972 5525 exPlicata
3025 5459 3161 5507 sunt
3212 5469 3340 5524 quae
3387 5452 3480 5506 hic
3535 5455 3813 5509 annotari
3888 5476 3976 5529 p0:

2295 5531 2438 5580 sent.

2368 5596 2477 5666 (55)
2508 5594 2932 5662 Mandiburgum
2962 5594 3134 5649 etiam
3165 5593 3392 5657 dicitur,
3453 5597 3652 5665 estque
3684 5595 3895 5662 tuitio,
3932 5601 3970 5655 d

2294 5667 2477 5724 fensio
2505 5672 2602 5722 aut
2630 5667 2828 5722 tutela.
