3944 6454
30 405 118 455 H7
1680 412 1872 466 ACTA.
3420 426 3513 476 118

20 525 295 596 pradictis
343 544 482 583 vero
534 528 822 600 parochias
863 530 1122 584 terminis
1180 531 1251 585 ab
1301 531 1541 585 Ecclesia
1576 532 1712 585 Wir-
1749 533 1794 589 A
1833 534 2311 604 quandocumque
2347 538 2533 589 tamen
2584 536 2669 589 vel
2729 536 3073 609 ubicumque
3119 554 3184 593 ex
3239 547 3505 611 provectu

19 615 398 685 zeburgensis
433 618 817 685 commutatis,
850 635 921 672 ne
951 635 1064 689 qua
1092 618 1255 673 ﬁeret
1309 619 1370 673 in
1428 626 1719 690 posterum

19 705 278 773 querela,
314 704 729 770 veldubitatio,
767 706 1081 775 subjectum
1112 707 1389 761 conscribi
1450 707 1716 777 paginam

17 794 287 846 fecerunt
329 808 345 847 :
388 793 482 847 cui
509 794 845 865 subscripsit
886 794 1075 865 primo
1106 796 1337 866 quidem
1396 796 1519 866 ipse
1548 796 1717 849 Hein-

14 882 167 933 ricus
251 881 745 953 Wirzeburgensis
812 883 1140 954 Episcopus,
1195 884 1402 938 deinde
1462 884 1713 954 ejusdem

15 969 272 1023 ecclesiae
346 970 664 1040 praepositi,
732 970 845 1024 sive
892 971 1207 1042 presbyteri
1290 988 1532 1026 numero
1606 988 1717 1025 no-

18 1075 142 1111 vem
155 1098 167 1109 .

90 1149 175 1200 l6.
204 1165 232 1195 α
269 1146 545 1199 Omnium
580 1154 785 1201 sanctae
835 1146 933 1199 Dei
986 1146 1247 1201 Ecclesiae
1292 1147 1545 1201 ﬁdelium
1598 1152 1714 1201 tam

18 1235 395 1303 praesentium
450 1251 625 1304 quam
688 1236 1014 1287 futurorum
1069 1236 1327 1288 notitiam
1375 1251 1489 1288 non
1538 1236 1711 1290 latere

11 1321 436 1382 desideramus,
490 1322 742 1391 qualiter
820 1322 1263 1392 gloriosissimus
1334 1324 1451 1377 Rex
1497 1323 1708 1378 Heinri-

17 1426 133 1473 cus,
208 1409 446 1477 divinae,
519 1414 582 1463 ut
637 1410 942 1476 credimus,
1000 1410 1403 1464 admonitionis
1477 1411 1709 1464 stimulo

14 1503 420 1567 compunctus,
474 1497 544 1551 de
593 1497 847 1566 praediis,
911 1514 1039 1568 quae
1087 1498 1183 1550 Dci
1234 1499 1433 1568 gratia,
1485 1499 1707 1552 heredi-

18 1586 285 1657 tarioque
328 1586 462 1656 jure
512 1590 838 1656 parentum,
893 1586 955 1639 in
1007 1602 1125 1640 suae
1184 1587 1551 1656 possessionis
1606 1587 1707 1641 do-

19 1672 265 1725 minium
329 1676 735 1742 pervenerant,
786 1671 886 1725 Dei
946 1671 1237 1725 servitium
1291 1687 1522 1741 augere,
1580 1672 1704 1741 epi-

16 1766 318 1827 scopatum
359 1759 784 1825 constituendo,
819 1759 1176 1825 desiderans;
1206 1776 1321 1831 quo
1352 1760 1408 1814 id
1452 1760 1706 1830 legitime

15 1848 558 1919 rationabiliterque
616 1848 740 1902 ﬁeri
798 1848 1100 1918 potuisset,
1156 1848 1479 1902 Heinricum
1545 1864 1707 1901 vene-

13 1937 254 1990 rabilem
290 1935 777 2005 Wirzeburgensis
827 1934 1079 1988 ecclesias
1128 1934 1500 2004 provisorem,
1560 1950 1707 2005 qua-

11 2030 175 2079 tenus
206 2023 524 2093 quemdam
547 2023 739 2076 locum
769 2022 1101 2092 Babenberg
1134 2028 1527 2092 nuncupatum
1576 2038 1703 2076 cum

13 2126 152 2181 pago
191 2112 638 2181 Raezengevum
693 2110 931 2171 dictum,
988 2110 1089 2180 qui
1130 2110 1197 2164 ad
1237 2127 1355 2164 sua:
1404 2111 1706 2165 diceceseos

14 2206 216 2253 statum
271 2200 567 2269 pertinere
618 2199 937 2263 videbatur,
988 2199 1056 2251 de
1108 2215 1210 2252 suo
1246 2199 1378 2267 jure
1432 2200 1493 2253 in
1539 2214 1705 2251 suum

11 2289 97 2357 jus
117 2289 187 2342 ad
220 2288 281 2341 id
306 2287 722 2358 perﬁciendum
756 2287 1203 2353 transfunderet,
1235 2287 1486 2341 studiose
1536 2287 1709 2355 ccepit

16 2376 293 2443 ﬂagitare.
331 2376 494 2439 Qum,
532 2376 806 2446 quoniam
832 2375 1004 2444 justas
1034 2381 1090 2428 et
1118 2375 1487 2430 rationabiles
1524 2392 1707 2429 causa}

20 2465 379 2527 videbantur,
465 2463 727 2532 ejusdem
784 2463 1175 2532 augustissimi
1249 2468 1305 2517 et
1354 2464 1707 2517 invictissimi

20 2553 183 2621 Regis
228 2551 617 2621 petitionibus
642 2550 1029 2621 acquiesceus,
1078 2567 1205 2603 cum
1234 2552 1525 2604 communi
1572 2553 1707 2605 cieri

16 2642 98 2693 sui
125 2646 296 2711 atque
350 2639 627 2703 militum,
686 2655 791 2692 nec
823 2655 938 2692 non
989 2638 1166 2692 totius
1223 2640 1418 2709 populi
1468 2641 1705 2693 consilio

15 2734 66 2781 et
92 2743 397 2789 consensu,
446 2727 753 2796 praefatum
806 2727 993 2780 locum
1033 2743 1161 2779 cum
1210 2727 1480 2797 prmdicto
1537 2744 1704 2797 pago,

20 2817 158 2868 tibus
190 2816 564 2886 parochianis
589 2815 838 2868 ecclesiis
891 2815 1160 2884 exceptis,
1203 2832 1330 2868 cum
1379 2816 1494 2868 suis
1551 2817 1703 2886 adja-

16 2906 226 2972 centiis,
286 2921 539 2975 quarum
604 2904 726 2957 haac
789 2908 923 2957 sunt
981 2903 1236 2968 nomina,
1301 2906 1701 2969 Wachenrode,

17 2994 320 3057 Lonerstat,
410 2991 767 3057 Mulchusen,
838 2992 997 3044 omni
1056 2992 1421 3060 postmodum
1491 2999 1706 3046 remota

1829 627 2034 676 sancta:
2087 623 2371 686 Ecclesiae,
2454 625 2534 677 vel
2595 625 2716 694 ejus
2785 626 3150 692 exaltatione,
3207 628 3504 693 locatione,

1827 725 1942 762 non
1988 711 2206 781 aliquid
2238 711 2527 780 magniﬁci
2557 712 2744 782 operis
2788 713 2983 767 audire
3038 714 3359 785 contigerit,
3403 716 3505 769 im-

1828 812 2040 851 mensas
2070 799 2627 864 devotionisvaﬁ‘ectu,
2689 805 2745 853 et
2783 801 3096 870 spiritualis
3140 802 3499 856 exultationis

1826 885 2027 939 eﬁ‘ectu
2055 886 2216 939 illum
2250 887 2497 953 laudare,
2552 888 2886 943 benedicere
2914 895 2969 942 et
3024 892 3335 958 praedicare
3398 891 3501 944 de-

1821 974 2042 1035 bemus,
2066 976 2226 1045 cujus
2257 976 2376 1030 haec
2396 976 2545 1029 dona
2574 983 2727 1042 sunt,
2761 984 2818 1031 et
2846 994 2880 1031 a
2934 994 3049 1047 quo
3107 979 3257 1031 bona
3298 986 3500 1031 cuncta

1822 1060 2186 1115 ineﬁahiliter
2212 1064 2546 1133 procedunt.
2581 1065 2687 1128 Qui
2718 1066 2865 1119 inter
2889 1064 3329 1119 innumerabilia
3364 1082 3501 1118 sem-

1822 1148 2059 1218 piternae
2110 1151 2456 1223 dignationis
2509 1159 2882 1220 sacramenta,
2945 1170 3011 1207 ea
3048 1159 3101 1208 et
3158 1155 3219 1208 in
3265 1171 3500 1208 suorum

1820 1238 2087 1292 cordibus
2121 1240 2441 1310 Principum
2476 1241 2665 1304 dictat,
2699 1257 2827 1311 qua:
2860 1241 2931 1295 ad
2962 1243 3275 1296 multorum
3313 1257 3498 1295 exem-

1819 1325 2000 1393 plum,
2032 1331 2087 1378 et
2116 1327 2357 1380 salutem
2388 1328 2686 1396 profutura
2722 1333 3017 1396 procurat.

1892 1413 1973 1464 18.
2011 1430 2037 1460 α
2090 1411 2154 1464 In
2204 1412 2409 1482 quibus
2450 1428 2627 1466 unum
2659 1417 2762 1477 est,
2791 1414 2943 1483 quod
3000 1429 3173 1483 super
3225 1411 3495 1466 divinitus

1818 1495 2046 1564 factum,
2131 1499 2433 1553 maximam
2494 1500 2779 1553 mentibus
2835 1500 3040 1553 nostris
3091 1499 3347 1554 laetitiam
3408 1516 3498 1568 ge-

1816 1586 2053 1640 neravit.
2108 1587 2441 1641 Audivimus
2492 1588 2641 1658 quod
2709 1588 2980 1642 Dominus
3031 1593 3225 1641 noster
3280 1587 3491 1641 Heinri-

1815 1688 1912 1726 cus
1965 1675 2409 1742 gloriosissimus
2442 1680 2497 1729 et
2545 1676 2947 1729 invictissimus
2976 1677 3115 1744 Rex,
3166 1674 3359 1729 divina
3389 1674 3495 1728 sibi

1816 1760 2129 1830 inspirante
2160 1764 2359 1833 gratia,
2393 1780 2456 1817 ex
2506 1763 2622 1816 suis
2678 1764 2929 1833 praediis,
2985 1769 3042 1817 et
3100 1767 3336 1833 paterna
3391 1762 3493 1816 he-

1818 1849 2058 1904 reditate
2114 1852 2173 1904 in
2218 1853 2360 1915 loco,
2421 1853 2519 1921 qui
2582 1852 2791 1906 dicitur
2831 1853 3153 1907 Babenberc
3206 1852 3495 1922 episcopa-

1818 1937 2018 1991 tumin
2073 1939 2287 1993 honore
2338 1940 2652 1993 beatissimi
2689 1939 2841 1994 Petri
2885 1940 3289 2010 Apostolorum
3338 1939 3493 2010 prin-

1815 2025 1955 2095 cipis
2018 2027 2396 2093 constituerit,
2475 2033 2530 2080 et
2580 2028 3030 2081 commutatione
3094 2029 3259 2093 facta,
3325 2027 3494 2096 digne

1814 2118 1869 2166 et
1901 2114 2157 2183 legaliter
2190 2131 2319 2168 cum
2351 2115 2585 2168 ecclesia
2656 2120 2860 2180 vestra,
2913 2120 3132 2185 partem
3188 2115 3493 2185 quamdam

1815 2218 1877 2255 ex
1910 2203 2033 2270 ejus
2064 2202 2293 2257 dioecesi
2332 2202 2630 2273 acquisivit
2664 2219 2677 2256 :
2712 2207 2882 2272 atque
2937 2202 3043 2255 hoc
3099 2202 3493 2256 concambium

1813 2290 2148 2360 Apostolicaa
2206 2290 2355 2343 sedis
2435 2290 2797 2359 privilegium
2846 2290 3251 2343 corroboravit.
3334 2290 3495 2353 Quod

1815 2379 2048 2449 quidem
2100 2379 2375 2432 eximium
2433 2383 2489 2432 et
2560 2379 2841 2433 laudabile
2887 2395 3053 2449 opus,
3129 2382 3183 2431 et
3235 2379 3356 2447 ejus
3418 2377 3494 2430 di-

1814 2466 2144 2537 gnissimam
2182 2466 2602 2529 liberalitatem,
2631 2472 2681 2519 et
2705 2472 2945 2519 vestram
2978 2466 3312 2520 charitatem
3361 2465 3492 2518 satis

1815 2554 2040 2624 egregie
2081 2554 2501 2624 prredicabilem
2535 2555 2924 2620 commendat;
2953 2571 3081 2608 cum
3120 2559 3175 2607 et
3213 2570 3379 2607 suum
3412 2558 3495 2605 est

1813 2659 1917 2712 per
1956 2642 2370 2711 operationem,
2420 2648 2475 2695 et
2528 2647 2776 2695 Vestrum
2825 2643 2898 2695 sit
2950 2659 3052 2712 per
3106 2642 3486 2695 dilectionem.

1814 2730 1879 2782 In
1930 2745 2042 2799 quo
2096 2729 2476 2798 omnipotenti
2526 2730 2637 2782 Deo
2692 2728 2999 2782 immensas
3060 2728 3270 2799 gratias
3310 2728 3494 2781 referi-

1816 2833 1962 2881 mus,
1993 2816 2059 2868 ad
2094 2816 2253 2884 cujus
2292 2815 2749 2869 inaestimabilem
2780 2817 3019 2885 gloriam
3050 2821 3278 2886 spectat,
3340 2816 3490 2885 quod

1813 2921 1914 2973 per
1974 2905 2184 2972 Regem
2234 2910 2495 2956 nostrum
2551 2904 2899 2968 Heinricum,
2954 2904 3171 2957 bonum
3249 2910 3303 2956 et
3361 2904 3491 2957 ﬁde-

1812 2993 1926 3044 lem
1954 2993 2280 3045 ministrum
2326 2992 2993 3057 suum,fundatissimam
3046 3008 3245 3061 pacem
3307 2991 3489 3044 omni-

15 3080 479 3143 cUntradictione,
533 3096 650 3132 sua:
701 3080 967 3148 potestati
1014 3080 1264 3133 tradidit.
1317 3081 1564 3133 Alterius
1607 3098 1704 3134 au-
1737 3090 1774 3143 (ζ
1814 3082 1917 3133 bus
1980 3080 2227 3132 ecclesiis
2271 3086 2522 3149 praestat,
2600 3084 2656 3132 et
2714 3080 2946 3148 insuper
3003 3096 3205 3132 novam
3285 3079 3493 3133 format

16 3176 119 3222 tem
158 3168 317 3238 pagi,
382 3168 484 3237 qui
538 3167 790 3220 Volcfeld
843 3173 1093 3233 vocatur,
1155 3168 1214 3220 in
1272 3184 1387 3237 quo
1439 3169 1705 3238 praefatus

18 3258 158 3309 locus
188 3260 332 3310 situs
368 3260 473 3318 est,
510 3259 731 3325 partem
766 3254 951 3307 eidem
984 3254 1125 3323 Regi
1191 3256 1486 3321 concessit,
1532 3273 1706 3323 quan-

19 3352 124 3396 tum
149 3350 233 3397 est
262 3344 335 3397 de
375 3342 738 3397 Babenberch
772 3343 843 3396 ad
898 3342 1113 3395 ﬁumen
1161 3344 1363 3406 Vraha,
1407 3344 1476 3396 de
1522 3344 1706 3396 Vraha

22 3433 69 3485 in
103 3433 415 3486 Ratenzam
462 3432 703 3499 ﬂumen,
731 3435 787 3484 et
817 3431 895 3484 sic
917 3433 1080 3501 juxta
1113 3431 1408 3484 decursum
1450 3433 1705 3499 ejusdem

26 3520 262 3574 tlurninis
320 3520 381 3573 in
416 3519 589 3585 Moin,
633 3524 689 3572 et
740 3519 871 3572 inde
927 3519 996 3572 ad
1054 3519 1302 3571 rivulum
1358 3520 1701 3579 Wichihach,

23 3608 212 3661 deinde
270 3608 345 3661 ad
396 3612 571 3676 caput
616 3607 873 3675 ejusdem
918 3606 1116 3669 rivuli;
1152 3606 1343 3675 sicque
1390 3623 1501 3675 qua
1548 3608 1707 3659 citis—

26 3695 172 3755 sime,
195 3701 251 3747 et
281 3695 552 3763 proxime
582 3694 879 3764 pervenire
908 3700 1093 3763 potest
1137 3695 1203 3746 ad
1257 3694 1459 3747 Vraha.
1504 3697 1706 3747 Actum

23 3780 74 3833 iu
151 3782 380 3836 civitate
440 3782 923 3852 Wirzeburgensi,
998 3787 1275 3850 praesente
1349 3783 1706 3836 serenissimo

28 3871 366 3939 lmperatore
428 3870 713 3936 Heinrico,
793 3887 859 3924 ea
908 3870 1254 3933 conditione,
1316 3876 1379 3923 ut
1426 3871 1705 3925 decimam

23 3959 75 4012 in
119 3960 415 4013 novalibus
469 3958 592 4027 jam
656 3959 861 4025 incisis,
922 3965 978 4012 et
1013 3959 1083 4013 ad
1142 3975 1401 4012 mansum
1480 3976 1703 4012 mensu-

24 4047 145 4099 ratis
214 4063 347 4100 cum
396 4048 577 4100 veteri
621 4046 841 4100 decima
889 4063 1005 4100 non
1080 4052 1447 4113 commutata,
1504 4048 1706 4101 Wirze-

26 4132 307 4204 burgeusis
340 4134 585 4188 ecclesia
606 4134 876 4189 retineat.
924 4135 989 4187 In
1036 4133 1332 4187 novalibus
1389 4150 1522 4186 vero
1579 4140 1708 4204 post

26 4221 141 4274 hinc
186 4221 520 4276 excolendis
591 4221 871 4275 decimam
932 4221 1418 4290 Babenbergensis
1474 4223 1707 4276 ecclesia

28 4310 297 4377 possideat
324 4326 464 4364 cum
494 4309 743 4362 termino
766 4314 1132 4364 commutato.
1175 4331 1194 4357 ι

94 4402 167 4451 l7.
201 4399 306 4453 Sed
374 4403 435 4451 et
477 4398 724 4451 Joannes
761 4396 1141 4467 Aquileiensis
1195 4398 1518 4452 Patriarcha
1565 4414 1707 4468 opus

29 4488 132 4538 tam
172 4485 470 4540 laudabile
521 4485 692 4553 Regis
740 4483 1228 4549 excellentissimi,
1278 4488 1334 4538 et
1380 4485 1535 4554 piam
1576 4501 1712 4556 erga

30 4570 293 4625 Christum
324 4571 701 4626 devotionem
734 4576 853 4623 toto
898 4570 1105 4624 affectu
1154 4558 1517 4640 amplectens,
1546 4572 1713 4626 Ilein-

30 4656 132 4709 rico
175 4660 463 4729 EpiscOpo
510 4656 971 4726 Wirzeburgensi
1029 4656 1429 4726 gratulationis
1480 4659 1709 4727 plenam

31 4746 208 4817 scripsi
239 4747 584 4816 epistolam.
653 4745 1044 4799 «Beatissimo
1096 4744 1333 4798 Domino
1391 4749 1447 4798 et
1494 4746 1714 4799 sincera

32 4833 284 4888 charitate
325 4832 630 4903 diligendo
673 4831 936 4886 Heinrico
986 4837 1195 4885 sancta:
1230 4832 1713 4903 Wirzeburgensis

34 4923 258 4976 ecclesia:
311 4922 601 4993 Episcopo
663 4920 997 4982 venerabili,
1074 4922 1317 4974 Joannes
1369 4920 1714 4990 Apuileinsis

34 5008 259 5064 ecclesiae
334 5009 675 5082 patriarcha
750 5024 880 5062 cum
929 5008 1195 5062 omnibus
1244 5024 1361 5062 suae
1413 5008 1714 5062 dioeceseos

36 5094 323 5166 Episcopis,
377 5097 703 5151 fraternam
752 5094 1119 5149 dilectionem
1176 5095 1237 5148 in
1267 5111 1352 5161 eo,
1410 5095 1509 5165 qui
1559 5096 1715 5165 prior

35 5180 208 5235 dilexit
245 5200 368 5248 nos,
404 5188 464 5237 et
515 5182 753 5236 tradidit
802 5182 1173 5251 semetipsum
1208 5198 1307 5252 pro
1350 5182 1535 5247 nobis,
1583 5184 1711 5236 Jesu

37 5266 233 5323 Christo
286 5270 542 5326 Domino
622 5275 838 5323 nostro.
900 5269 1071 5331 Licet,
1132 5269 1459 5324 Reverende
1516 5270 1712 5336 frater,

37 5354 273 5412 fraterna:
302 5358 635 5412 dilectionis
664 5373 802 5411 cura
832 5373 937 5410 nos
969 5357 1293 5420 admoneat,
1327 5362 1390 5411 ut
1428 5357 1487 5411 in
1528 5357 1714 5411 omni-

40 5439 128 5493 bus
167 5445 434 5515 operibus
498 5443 666 5498 bonis
715 5460 844 5514 quae
901 5445 1159 5497 conditor
1196 5443 1433 5497 humani
1489 5444 1715 5513 generis

44 5528 468 5587 misericorditer
527 5531 596 5586 ad
675 5532 919 5585 salutem
972 5531 1227 5602 quotidie
1275 5530 1549 5601 disponit,
1612 5531 1716 5585 im-

44 5628 241 5671 mensas
298 5621 625 5694 gratiarum
664 5619 914 5677 actiones
979 5618 1090 5693 ipsi
1144 5634 1312 5693 agere
1384 5618 1713 5684 debeamus,

1817 3169 2129 3233 ecclesiam,
2162 3183 2264 3236 per
2295 3184 2467 3237 quam
2517 3173 2571 3219 et
2616 3168 2684 3222 de
2716 3167 2947 3220 inimico
2993 3167 3231 3220 humani
3268 3166 3490 3235 generis

1812 3256 1871 3308 in
1912 3255 2118 3307 vicinas
2150 3255 2472 3307 Sclavorum
2501 3260 2718 3326 gentes,
2754 3255 2863 3307 Deo
2893 3254 3225 3323 opitulante,
3281 3253 3486 3305 trium-

1816 3342 2035 3413 pliabit,
2091 3348 2147 3395 et
2193 3343 2672 3395 innumerabilem
2730 3342 3006 3394 familiam
3050 3357 3154 3411 per
3205 3341 3490 3393 lavacrum

1816 3429 2267 3493 regenerationis
2323 3429 2428 3482 sibi
2476 3429 2896 3499 multiplicabit.
2958 3431 3066 3483 Nos
3119 3434 3307 3481 autem
3364 3446 3487 3480 cum

1817 3519 2087 3572 omnibus
2138 3524 2343 3571 nostrae
2397 3519 2700 3571 dioeceseos
2752 3519 3037 3588 Episcopis
3085 3519 3189 3571 hoc
3241 3517 3491 3569 divinum

1818 3623 1959 3675 opus
1989 3607 2047 3658 in
2080 3622 2384 3658 commune
2415 3606 2734 3665 laudamus,
2767 3613 2937 3675 atque
2964 3606 3024 3658 in
3055 3623 3120 3658 eo
3154 3606 3304 3673 juste
3356 3622 3492 3657 con-

1816 3692 2124 3743 sentientes
2151 3699 2208 3744 et
2235 3692 2429 3745 subter
2457 3694 2870 3745 conscribentes
2907 3692 2967 3744 in
3024 3698 3367 3761 perpetuum
3408 3707 3495 3742 va-

1814 3780 1929 3833 lere
1950 3780 2371 3832 conﬁrmamus.
2405 3802 2431 3828 ››

1893 3870 1972 3921 t9.
2002 3887 2026 3917 (ι
2061 3867 2354 3922 Heinricus
2377 3867 2569 3920 divina
2601 3867 3018 3935 praeordinante
3041 3864 3343 3919 clementia
3377 3866 3489 3919 Rex

1817 3956 2087 4009 omnibus
2150 3956 2375 4008 Eclcsiaa
2424 3955 2557 4009 ﬁliis
2606 3961 2721 4007 tam
2774 3954 2980 4008 futuris
3027 3970 3200 4024 quam
3254 3969 3495 4023 praesen-

1816 4042 1987 4096 tibus.
2020 4041 2418 4096 Saluberrimis
2461 4040 2603 4094 sacri
2646 4042 2838 4111 eloqui
2880 4040 3332 4094 institutionibus
3362 4056 3489 4092 eru-

1817 4131 2027 4196 dimur,
2061 4135 2117 4184 et
2146 4146 2589 4201 prtemonemur,
2620 4136 2685 4184 ut
2717 4132 3053 4201 temporalia
3109 4130 3494 4201 relinquentes

1817 4219 1985 4284 bona,
2037 4222 2093 4270 et
2157 4223 2381 4270 terrena
2436 4222 2846 4287 postponentes
2912 4218 3233 4283 commoda,
3283 4222 3494 4270 aeterna

1821 4312 1879 4358 et
1910 4304 2031 4357 sine
2086 4303 2199 4357 ﬁne
2250 4319 2519 4357 mansura
2576 4304 2636 4356 in
2684 4304 2837 4358 caelis
2884 4304 3216 4357 studeamus
3259 4303 3494 4373 adipisci

1821 4392 2177 4447 consistoria.
2252 4392 2442 4446 Gloria
2493 4392 2645 4446 enim
2718 4408 2971 4462 praesens
3026 4392 3260 4462 fugitiva
3304 4396 3389 4445 est
3443 4398 3497 4445 et

1819 4496 1984 4545 vana,
2029 4480 2166 4533 dum
2220 4478 2560 4549 possidetur.
2627 4478 2736 4531 nisi
2791 4495 2857 4531 ea
2904 4478 3121 4547 aliquid
3178 4478 3246 4531 de
3285 4478 3494 4531 casiesti

1821 4567 2141 4622 aeternitate
2163 4566 2464 4637 cogitetur.
2506 4566 2611 4620 Sed
2646 4566 2743 4619 Dei
2784 4565 3072 4618 miseratio
3120 4565 3372 4618 humano
3399 4580 3493 4634 ge-

1821 4654 1946 4709 neri
1976 4653 2226 4723 providit
2282 4653 2619 4719 remedium,
2689 4653 2918 4723 quando
2995 4658 3217 4723 partem
3260 4652 3497 4707 caelestis

1818 4742 2037 4811 patrias,
2115 4747 2356 4794 terrenas
2413 4740 2740 4794 substantize
2808 4740 2943 4794 fecit
3012 4757 3130 4794 esse
3201 4741 3491 4811 pretium:

1822 4831 1998 4901 Hujus
2054 4845 2190 4898 ergo
2247 4845 2347 4883 nos
2403 4829 2719 4882 clementiae
2796 4845 2911 4883 non
2958 4828 3342 4897 immemores,
3396 4846 3499 4883 nec

1820 4919 2149 4988 ignorantes
2177 4933 2278 4970 nos
2324 4917 2576 4986 gratuito
2624 4917 2834 4970 divinas
2888 4916 3270 4970 miserationis
3316 4932 3500 4986 respe-

1821 5012 1935 5071 ctu,
1987 5005 2166 5075 regali
2244 5004 2520 5075 dignitate
2589 5004 2945 5072 sublimatos,
3007 5020 3325 5075 congruum
3380 5021 3499 5058 esse

1820 5094 2079 5149 ducimus
2138 5108 2257 5147 non
2322 5093 2508 5147 solum
2577 5092 2838 5146 ecclesias
2903 5092 2972 5146 ab
3052 5092 3501 5147 antecessoribus

1822 5182 2028 5236 nostris
2065 5185 2409 5235 constructas
2440 5180 2735 5250 ampliare,
2790 5180 2887 5235 sed
2914 5180 2981 5235 ad
3034 5181 3306 5251 majorem
3370 5181 3499 5250 glo-

1822 5269 1968 5324 riam
1996 5269 2097 5323 Dei
2128 5285 2298 5322 novas
2329 5268 2633 5335 aediﬁcare,
2674 5284 2882 5339 easque
2940 5268 3257 5322 devotionis
3295 5271 3501 5321 nostrae

1825 5356 1992 5409 donis
2057 5355 2395 5425 gratissimis
2447 5357 2717 5410 exaltare.
2776 5357 3133 5426 Quapropter
3194 5355 3501 5408 Dominicis

1825 5459 1941 5496 non
1964 5444 2200 5497 surdum
2241 5443 2500 5497 auditum
2558 5443 2880 5513 praabentes
2929 5441 3250 5512 praeceptis,
3288 5446 3344 5495 et
3387 5442 3501 5496 dei-

1824 5532 1944 5586 ﬁcis
2000 5531 2449 5602 obtemperando
2524 5530 2885 5585 intendentes
2940 5528 3317 5596 suasionibus,
3375 5531 3501 5584 the-

1824 5634 2020 5674 sauros
2041 5619 2245 5673 divinae
2276 5618 2553 5691 largitatis
2581 5615 2971 5672 muniﬁcentia
3024 5616 3187 5671 nobis
3245 5617 3499 5683 collatos,

3850 5752 3881 5789 εις
