3944 6404
434 339 527 390 H9

1747 353 1799 406 S.
1845 354 2135 410 llENRlCl
2177 356 2650 417 IMPERATOHIS
3832 384 3913 433 l‘lO

419 461 491 571 in,
525 462 672 571 Ereto
750 464 1153 571 desideramus
1204 484 1510 539 reponere,
1568 472 1667 526 ubi
1722 489 1910 545 neque
1976 476 2209 534 furcsA
2249 482 2512 554 conjugis
2544 491 2771 553 nostra,
2804 490 2973 560 atque
3012 492 3291 547 consortis
3347 496 3517 567 regni
3576 499 3912 571 Cunegunda:

415 550 715 652 effodiunt,
795 570 905 652 nec
956 554 1244 652 furantur,
1303 574 1495 652 neque
1546 577 1764 632 aerugo,
1825 563 1910 618 vel
1972 564 2130 620 tinea
2238 550 2664 645 parentumque
2702 550 3052 644 nostrorum,
3099 596 3260 636 versa
3289 550 3449 652 vice:
3483 550 3906 647 beneﬁciis—he:

415 638 738 709 demolitur,
795 642 894 695 ubi
951 649 1008 696 et
1057 644 1195 698 dum
1252 648 1456 701 omnia
1500 664 1654 702 nunc
1706 659 1980 720 congesta
2037 668 2128 707 re-

413 727 666 794 colimus,
711 745 814 783 cor
871 737 1141 787 nostrum
1193 734 1483 790 desiderio
1534 742 1592 791 et
1648 754 1847 793 amore
1910 742 2128 812 saepius

414 820 683 871 versetur.

474 934 560 987 20.
602 955 623 981 ι
656 933 910 989 Proinde
945 940 1143 1005 patere
1202 937 1468 993 volumus
1528 940 1797 996 omnium
1858 942 2126 997 fidelium

413 1019 785 1091 universitati,
856 1026 1012 1093 quod
1092 1026 1406 1096 quemdam
1463 1032 1726 1099 paterna:
1786 1030 2127 1085 hereditatis

410 1114 614 1164 nostrae
671 1111 860 1166 locum
912 1113 1239 1168 Bahenberc
1303 1114 1544 1185 dictum,
1613 1122 1670 1171 et
1722 1118 1782 1172 in
1833 1120 2033 1174 sedem
2069 1125 2122 1175 et

410 1201 630 1254 culmen
666 1200 1033 1271 episcOpatus
1079 1204 1468 1274 proveximus,
1530 1211 1588 1260 et
1639 1207 1925 1263 Romanas
1977 1209 2124 1263 sedis

410 1287 743 1342 auctoritate
765 1288 1080 1357 ﬁrmatum,
1105 1297 1282 1362 atque
1312 1294 1662 1349 venerabilis
1698 1296 1953 1351 Heinrici
1988 1298 2124 1351 Wir-

408 1375 773 1446 zeburgensis
816 1378 1084 1449 Episcopi
1129 1396 1438 1450 consensu,
1473 1388 1531 1437 et
1592 1384 1823 1438 dilectae
1856 1386 2121 1455 conjugis

405 1469 611 1519 nostra:
655 1466 1073 1536 Chunegundre
1133 1470 1454 1536 voluntate,
1496 1488 1562 1526 ac
1614 1473 1742 1543 pari
1789 1474 2120 1528 communi-

406 1567 511 1623 que
543 1555 811 1609 omnium
843 1557 1024 1611 nostri
1069 1557 1334 1612 ﬁdelium
1365 1564 1480 1613 tam
1528 1561 2116 1633 Archiepiscoporum

406 1656 574 1711 quam
609 1642 1041 1716 Episcoporum,
1092 1646 1408 1715 Abbatum,
1442 1664 1550 1704 nec
1579 1666 1703 1705 non
1758 1655 1815 1705 et
1874 1652 2116 1718 Ducum,

403 1732 455 1783 et
504 1729 793 1787 Comitum
833 1734 1119 1801 consulto,
1182 1734 1550 1807 decretoque,
1612 1754 1680 1792 ac
1725 1740 1905 1793 totius
1957 1739 2119 1810 regni
2152 1766 2191 1820 Β

403 1819 594 1884 nostri,
631 1821 1082 1894 Principumque
1111 1824 1389 1879 concordi
1447 1825 1759 1881 devotione
1801 1828 2119 1893 laudatum,

403 1908 464 1961 ad
511 1908 799 1964 honorem
860 1911 1287 1982 omnipotentis
1341 1913 1464 1982 Dei,
1542 1920 1601 1969 et
1669 1915 1852 1969 beata:
1934 1916 2122 1971 Mariae

401 2012 625 2067 semper
654 1998 931 2068 Virginis,
990 2004 1049 2054 et
1096 2006 1431 2056 sanctorum
1490 2005 1911 2072 Apostolorum
1974 2006 2121 2060 Petri

402 2092 454 2138 et
502 2085 693 2153 Pauli,
752 2103 859 2141 nec
917 2103 1036 2142 non
1101 2095 1432 2145 sanctorum
1495 2092 1710 2146 Kiliani
1763 2098 1821 2148 et
1868 2094 2118 2165 Georgii,

402 2172 795 2241 fundavimus,
866 2176 1253 2232 stabilivimus
1326 2184 1384 2234 et
1457 2181 1979 2250 corroboravimus,
2060 2189 2121 2238 ut

406 2260 546 2316 inibi
580 2268 868 2332 nostrum,
910 2270 1341 2337 parentumque
1381 2273 1738 2335 nostrorum,
1793 2276 1852 2325 et
1890 2271 2117 2326 Ottonis

407 2348 562 2403 tertii
583 2350 978 2421 Imperatoris,
1015 2354 1284 2409 videlicet
1327 2357 1702 2412 antecessoris
1759 2359 1964 2425 nostri,
2026 2377 2117 2414 ce-

408 2435 562 2492 lebre
629 2439 909 2494 habeatur
962 2443 1319 2509 memoriale,
1377 2449 1430 2498 et
1483 2445 1646 2515 jugis
1701 2464 1804 2516 pro
1850 2448 2118 2502 omnibus

411 2528 741 2581 orthodoxis
773 2536 1055 2584 mactetur
1102 2530 1285 2586 hostia
1324 2534 1614 2588 salutaris.
1670 2536 1886 2590 Oblatis
1940 2536 2120 2607 igitur

410 2614 520 2669 Deo
575 2615 636 2670 in
684 2617 886 2672 eadem
941 2619 1144 2673 dilecta
1201 2621 1366 2674 nobis
1416 2623 1657 2676 ecclesia
1706 2624 1777 2678 ad
1834 2624 2117 2679 honorem

410 2707 464 2756 et
508 2705 778 2760 decorem
840 2707 1050 2761 domus
1105 2708 1231 2772 Dei,
1280 2725 1345 2763 ex
1396 2711 1648 2765 metallis
1705 2711 2118 2785 lapidibusque

408 2793 673 2861 pretiosis
720 2793 779 2848 in
808 2797 993 2850 varios
1024 2813 1162 2851 usus
1207 2798 1542 2865 sanctuarii,
1598 2799 1744 2854 vasis
1791 2817 1895 2856 sen
1942 2802 2117 2856 vesti-

405 2879 525 2949 bus,
580 2883 825 2955 aliisque
873 2886 1236 2941 ornamentis
1283 2887 1701 2955 ecclesiasticis,
1761 2892 2116 2945 contulimus

403 2976 676 3038 praeterea
702 2972 777 3027 ad
808 2989 982 3044 supra
1004 2974 1218 3031 dictam
1248 2976 1444 3031 sedem
1505 2978 1898 3049 episcopalem
1957 2995 2111 3051 pra:-

402 3057 513 3124 dia,
534 3058 826 3129 ecclesias,
872 3063 1045 3131 vicos,
1079 3063 1244 3118 villas
1299 3080 1432 3118 cum
1467 3065 1740 3119 omnibus
1800 3066 1921 3120 suis
1978 3082 2114 3137 per-
2146 3053 2186 3107 Ο
2230 3053 2711 3147 διιηίοίειι,νηιιηο
2767 3086 2834 3140 ad
2886 3095 3129 3159 capiam
3186 3053 3575 3152 sanationem
3634 3053 3705 3155 :1,

403 3145 656 3202 tinentiis
686 3149 806 3204 sive
851 3151 1248 3218 adhaerentiis,
1282 3152 1554 3207 videlicet
1586 3153 1893 3225 utriusque
1951 3171 2118 3209 sexus

408 3235 725 3306 mancipiis,
785 3236 956 3304 areis,
1024 3238 1303 3301 aediﬁciis,
1363 3240 1538 3293 terris
1622 3240 1811 3305 cultis,
1880 3241 1986 3295 viis
2058 3248 2116 3298 et

405 3317 590 3386 inviis,
674 3320 942 3388 exitibus,
1022 3322 1323 3389 reditibus,
1382 3323 1642 3394 quaesitis
1694 3331 1753 3379 et
1807 3326 2111 3397 inquiren-

406 3405 510 3472 dis,
552 3407 728 3474 silvis,
756 3410 987 3479 sagenis
1016 3413 1130 3481 (56)
1163 3411 1595 3480 venationibus,
1626 3415 1827 3484 pratis,
1862 3416 2108 3486 pascuis,

406 3496 643 3567 campis,
722 3498 968 3565 forestis,
1037 3499 1373 3569 forestariis,
1463 3502 1735 3570 cellariis,
1821 3504 2110 3571 censibus,

407 3587 590 3655 aquis,
640 3603 994 3657 aquarumve
1041 3588 1395 3659 decursibus,
1449 3591 1821 3661 molendinis,
1881 3594 2112 3648 mobili-

402 3671 520 3736 bus,
579 3680 638 3729 et
690 3675 1108 3742 immobilibus,
1172 3685 1229 3733 et
1269 3679 1475 3734 ceteris
1506 3680 1781 3736 omnibus
1836 3698 1971 3753 qua:
2002 3682 2113 3738 rite

400 3762 567 3818 scribi
607 3771 708 3819 aut
755 3766 1029 3836 appellari
1079 3772 1341 3839 possunt,
1394 3770 1841 3840 quomodolibet
1894 3771 2111 3825 utilita-

403 3851 573 3919 tibus,
607 3853 882 3923 prmsenti
929 3860 1146 3910 nostra:
1196 3857 1557 3911 auctoritatis
1611 3858 1800 3913 edicto
1850 3864 2110 3914 statuen-

403 3943 574 4007 tes,ut
598 3941 661 3994 in
695 3941 810 3994 Deo
838 3941 1005 3997 nobis
1063 3942 1306 3997 dilectus
1359 3960 1511 4015 saepe
1566 3945 1734 3999 dictae
1787 3946 1939 4000 sedis
1996 3947 2115 4017 Epi-

403 4041 607 4097 scopus
634 4027 1018 4095 Eberhardus,
1041 4028 1248 4099 suique
1302 4045 1661 4084 successores
1710 4031 1955 4086 liberam
2011 4033 2109 4088 de-

403 4113 536 4169 hinc
592 4114 845 4170 habeant
900 4119 1263 4186 potestatem,
1307 4117 1509 4172 eadem
1565 4119 1904 4191 praescripta
1960 4120 2113 4176 bona

401 4218 529 4256 cum
553 4203 822 4257 omnibus
858 4204 1218 4276 appendiciis
1274 4206 1395 4260 suis
1440 4208 1698 4275 tenendi,
1749 4208 2107 4279 possidendi,

401 4307 497 4345 seu
529 4291 590 4347 in
621 4292 912 4363 quoslibet
959 4309 1095 4349 usus
1129 4294 1492 4368 episcopatus
1534 4297 1942 4363 convertendi;
1996 4300 2109 4353 fra-
2142 4332 2181 4387 ο

400 4381 580 4436 tribus
634 4389 828 4437 autem
883 4383 1173 4438 canonicis
1240 4386 1358 4441 Deo
1418 4384 1636 4442 ibidem
1688 4387 2108 4442 famulantibus

397 4470 466 4525 ad
496 4471 835 4543 quotidiana
883 4473 1218 4544 temporalis
1262 4475 1397 4530 vitae
1454 4475 1731 4543 subsidia,
1795 4477 2106 4546 possessio-

397 4574 515 4627 nes,
568 4577 711 4632 quas
749 4562 1114 4631 tradidimus,
1164 4568 1363 4619 nostra
1414 4564 1708 4636 imperiali
1768 4566 2108 4621 auctoritate

398 4650 816 4720 proprietateve
845 4652 1195 4723 possidenda
1220 4653 1661 4709 conﬁrmamus.

464 4775 552 4827 2t.
584 4795 605 4823 ι
658 4776 733 4828 Ea
790 4774 1054 4831 videlicet
1106 4778 1374 4833 ratione:
1423 4783 1487 4833 ut
1536 4778 1767 4850 praefati
1814 4777 2097 4846 canonici,

398 4866 456 4914 et
529 4877 730 4917 eorum
778 4880 883 4934 per
954 4866 1371 4921 successionem
1459 4867 1785 4940 Praepositi,
1860 4866 2104 4921 liberam

396 4948 601 5004 dehinc
656 4967 787 5005 cum
852 4952 1113 5022 ipsorum
1169 4955 1581 5010 canonicorum
1659 4972 1968 5022 consensu,
2048 4961 2106 5009 et

395 5038 637 5094 consilio
675 5028 1016 5112 potestatem
1058 5041 1309 5097 habeant
1338 5043 1400 5097 in
1451 5044 1720 5099 meliores
1768 5061 1907 5099 usus
1951 5060 2105 5100 com-

390 5128 675 5194 mutandi,
762 5132 1196 5199 augmentandi,
1257 5138 1316 5187 et
1397 5132 1472 5186 ad
1554 5132 1864 5189 utilitatem
1922 5151 2088 5189 suam

391 5217 809 5289 quoquomodo
859 5217 1191 5289 redigendi;
1243 5226 1531 5292 quatenus
1590 5226 1647 5275 et
1722 5221 1858 5292 ipsi,
1916 5223 2101 5277 nostri

390 5306 643 5378 benigne
714 5322 1006 5362 memores
1064 5309 1218 5380 apud
1288 5311 1490 5378 Deum,
1561 5326 1627 5365 ac
1707 5310 2100 5367 dilectissimus

457 5415 565 5484 (56)
595 5414 753 5469 Alias
776 5415 1018 5482 Senegis,
1051 5424 1105 5471 et
1131 5417 1382 5485 Sagim's;
1416 5434 1531 5472 non
1556 5417 1723 5473 video
1754 5418 1912 5474 aliud
1943 5418 2097 5474 indi-

385 5486 521 5551 cari,
556 5502 729 5560 quam
750 5486 848 5560 jus
879 5486 1231 5560 piscationis.
1264 5489 1506 5544 Consule
1536 5490 1837 5560 glossaria.

456 5558 573 5625 (57)
602 5557 796 5626 Neque
822 5557 946 5613 haec
971 5558 1044 5613 ad
1065 5558 1247 5614 Vitam
1271 5561 1331 5616 S.
1359 5557 1599 5617 Henrici
1619 5561 1946 5688 quidquam
1971 5576 2101 5631 per-

456 5633 573 5683 ient.
601 5643 614 5681 :
640 5629 794 5682 unde
840 5628 898 5683 in
930 5630 1309 5688 appendicem
1355 5649 1614 5688 renonen
1662 5651 1693 5687 a
1754 5635 1871 5688 iam
1919 5647 2101 5688 supra

382 5627 794 5683 tinent:unde
840 5628 898 5683 in
930 5630 1309 5702 appendicem
1355 5627 1693 5706 reponenda
1754 5627 1871 5699 iam
1919 5627 2102 5702 supra

2236 660 2372 714 stris
2429 661 2524 733 pia
2556 668 2744 735 atque
2785 666 3009 721 assidua
3052 667 3466 729 interversione
3523 679 3907 748 respondeant.

2235 748 2294 802 Si
2352 752 2482 820 quis
2538 757 2752 818 autem,
2800 754 2948 822 quod
3018 756 3183 825 absit,
3236 758 3412 830 hujus
3461 770 3676 819 nostra:
3727 771 3911 823 muniti

2233 837 2487 892 centiam
2547 838 2890 906 donationis,
2971 847 3142 915 atque
3220 846 3554 907 institutum
3621 857 3914 925 Apostolici

2231 926 2417 992 Sedis,
2476 934 2531 981 et
2584 934 2666 982 tot
2710 933 3121 988 venerabilium
3150 936 3384 991 Patrum
3444 942 3772 999 auctoritate
3820 949 3916 1001 tir-

2233 1019 2459 1068 matum
2490 1014 2779 1069 destruere
2811 1033 2909 1071 seu
2962 1019 3170 1074 violare
3217 1026 3547 1091 tentaverit,
3597 1028 3655 1084 in
3700 1032 3785 1086 die
3821 1034 3912 1103 ju-

2233 1101 2372 1156 dicii
2402 1118 2590 1156 coram
2621 1105 2799 1157 oculis
2847 1106 2941 1160 Dei
2972 1112 3254 1164 tormento
3301 1111 3727 1185 inextinguibili
3758 1101 3914 1176 teter-

2232 1191 2446 1245 naliter
2497 1193 2632 1246 luat.
2690 1193 2853 1257 Quod
2919 1212 2989 1248 ne
3042 1199 3310 1254 eveniat:
3374 1204 3468 1257 sed
3560 1207 3679 1262 haec
3739 1213 3918 1266 traditi

2228 1286 2411 1349 atque
2454 1281 2747 1336 decretum
2797 1282 2867 1336 ab
2914 1286 3182 1341 omnibus
3238 1293 3656 1361 perpetualiter
3690 1297 3917 1353 inviola-

2227 1366 2367 1420 bilis
2442 1375 2793 1459 permaneat,
2849 1371 2994 1426 hanc
3062 1375 3318 1432 chartam
3387 1379 3525 1435 inde
3583 1388 3922 1459 conscriptas

2228 1472 2413 1511 manu
2444 1457 2678 1528 propria
2715 1458 3069 1530 roborantes,
3096 1464 3271 1535 sigilli
3322 1469 3505 1523 nostri
3553 1457 3920 1545 impressione

2226 1544 2498 1615 insigniri
2542 1546 2838 1615 jussimus.
2902 1550 3012 1603 Nec
3088 1569 3218 1607 vero
3268 1544 3651 1615 solummodo
3706 1564 3765 1618 in
3815 1568 3923 1620 vita

2226 1633 2540 1703 superstite
2608 1634 2792 1688 adhuc
2876 1637 3028 1708 Rege
3085 1641 3524 1711 gloriosissimo,
3603 1651 3700 1705 sed
3746 1657 3921 1724 magis

2228 1722 2409 1775 etiam
2434 1727 2562 1792 post
2586 1723 2889 1779 transitum
2920 1727 3042 1796 ejus
3075 1729 3144 1781 de
3176 1740 3362 1786 morte
3410 1734 3484 1789 ad
3545 1737 3738 1806 vitam,
3798 1722 3923 1797 telis

2230 1810 2418 1881 ipsius
2464 1811 2765 1881 plantatio,
2825 1814 3309 1888 Babeubergensis
3365 1822 3628 1881 videlicet
3675 1832 3923 1897 ecclesia,

2227 1899 2442 1955 divinae
2474 1899 2674 1969 gratia:
2729 1900 3009 1957 imbribus
3038 1907 3271 1976 irrigata
3311 1910 3381 1965 de
3411 1913 3503 1968 die
3556 1915 3617 1970 in
3652 1918 3804 1975 diem
3842 1941 3924 1975 ac-

2227 1987 2373 2057 cipit
2434 1986 2871 2054 incrementum,
2945 2011 3343 2064 saepenumero
3392 2017 3423 2055 a
3467 2009 3663 2061 sancta
3712 2011 3923 2079 specia-

2227 2076 2388 2147 lique
2419 2080 2599 2131 matre
2621 2094 2721 2132 sua
2752 2080 3005 2137 Romana
3038 2084 3282 2141 Ecclesia
3313 2087 3589 2146 uberibus
3638 2076 3759 2165 piae
3795 2115 3925 2153 con-

2228 2163 2530 2219 solationis
2586 2172 2779 2237 potata
2824 2186 2888 2223 ac
2936 2172 3135 2227 satiata
3188 2190 3392 2245 regum
3449 2163 3682 2253 quoque
3730 2201 3923 2241 succe-

2227 2251 2496 2307 dentium
2526 2257 2881 2323 auctoritate,
2914 2260 2997 2312 vel
3031 2262 3347 2331 privilegiis
3401 2251 3673 2325 nobiliter
3722 2290 3790 2328 ac
3841 2277 3927 2329 tir-

2226 2340 2402 2395 miter
2424 2340 2489 2431 in,
2512 2350 2854 2415 perpetuum
2873 2349 3175 2404 sublimata
3206 2356 3337 2421 (37).
3363 2378 3389 2401 ι»
3431 2357 3505 2412 Ea
3529 2359 3832 2431 privilegia
3866 2366 3924 2418 in

2226 2428 2621 2517 appendicem
2651 2433 2980 2503 rejicienda,
3012 2436 3133 2507 jam
3194 2441 3442 2497 diximus
3502 2428 3561 2499 in
3615 2428 3927 2517 praemoni-

2228 2523 2407 2568 tione.

2898 2592 3126 2649 CAPUT
3169 2598 3263 2651 Ill.

2226 2676 2499 2758 Brimom's
2529 2677 2585 2758 in
2623 2683 3125 2759 sanentur/mtrem
3183 2687 3387 2753 odium,
3454 2692 3510 2747 S.
3574 2694 3923 2759 Cuueguudis

2300 2749 2908 2831 ἱύιθςθηξίαδ..⁸α⁷ξαίί,υ
2946 2756 3160 2831 ACUIcuIi
3212 2761 3270 2811 in
3328 2749 3505 2815 monte
3562 2749 3928 2831 Οαδεῦιοίεξ

2298 2833 2466 2870 causa
2496 2819 2908 2875 cluudicatiouis
2936 2825 2993 2878 S.
3027 2827 3263 2882 Heurict’.

2297 2908 2388 2960 22.
2427 2907 2553 2959 HtI‘C
2570 2924 2673 2960 nos
2698 2909 2767 2962 de
2787 2910 3118 2967 fundatione
3137 2917 3222 2969 vel
3255 2919 3691 2978 conﬁrmatione
3714 2933 3929 2978 sancta)

2228 2994 2717 3065 Babenbergensis
2768 3000 3038 3060 ecclesiae.
3063 3010 3292 3074 accepta
3340 3009 3653 3074 occasione,
3714 3013 3930 3069 dixisse

3757 3108 3933 3173 gestis

2226 3170 2381 3224 beati
2416 3171 2528 3224 Viri
2559 3171 2815 3227 animum
2847 3178 3174 3249 stylumque
3232 3189 3538 3239 vertamus.
3599 3170 3787 3260 Regis
3830 3210 3929 3247 au-

2226 3264 2344 3312 tem
2376 3259 2553 3313 frater
2581 3267 2702 3314 erat
2732 3262 2920 3317 Bruno
2954 3268 3063 3333 (538)
3096 3272 3473 3339 Augustensis
3510 3277 3660 3330 sedis
3694 3259 3933 3348 Episco-

2223 3364 2356 3419 pus,
2381 3348 2481 3418 qui
2513 3349 2769 3404 felicibus
2797 3352 2986 3407 fratris
3019 3358 3236 3411 actibus
3268 3359 3545 3428 invidens,
3602 3368 3816 3420 multas
3876 3371 3928 3422 ei

2224 3437 2638 3491 adversitatum
2693 3439 2951 3511 injurias,
3013 3443 3073 3498 in
3121 3454 3402 3517 quantum
3455 3453 3663 3522 potuit,
3710 3456 3933 3513 infere-

2222 3528 2319 3581 bat
2353 3543 2367 3580 ε
2402 3532 2457 3581 et
2489 3526 2585 3580 ubi
2616 3544 2719 3599 per
2739 3548 2797 3583 se
2831 3547 2947 3586 non
2989 3539 3235 3604 poterat,
3287 3537 3667 3597 inferentibus
3714 3562 3777 3599 se
3836 3550 3937 3601 ad-

2214 3624 2525 3695 jungehat,
2572 3626 2658 3679 vel
2692 3627 2832 3681 alios
2884 3629 2951 3683 ad
3012 3630 3337 3688 inferendas
3393 3638 3752 3696 exhortando
3822 3646 3936 3698 sti-

2224 3714 2414 3767 mulos
2432 3713 2513 3766 eis
2531 3730 2735 3783 prima:
2759 3715 3103 3773 incitationis
3123 3722 3419 3780 subdebat.
3456 3726 3559 3782 Cui
3589 3729 3771 3785 frater
3809 3749 3935 3787 non

2222 3802 2413 3855 solum
2468 3802 2742 3858 talionem
2776 3820 2890 3860 non
2942 3808 3217 3879 reddidit,
3247 3829 3445 3868 verum
3487 3816 3659 3873 etiam
3705 3820 3935 3876 instru-

2221 3897 2348 3944 ctus
2378 3889 2630 3945 fraterna
2661 3890 2979 3962 dilections,
3004 3898 3199 3952 omnia
3250 3901 3665 3960 dissimulando
3703 3913 3764 3961 et
3829 3926 3937 3979 pa-

2221 3978 2437 4034 tienter
2480 3979 2833 4051 sustinendo,
2894 3983 3059 4040 illum
3131 3986 3190 4043 in
3257 3989 3411 4045 bona
3490 3992 3719 4051 vincere
3783 3978 3940 4052 sata-

2223 4068 2417 4140 gebat.

2293 4160 2383 4211 25.
2408 4157 2634 4221 Quanta
2662 4158 2785 4228 ejus
2815 4162 3228 4231 muniﬁcentia,
3282 4174 3496 4237 quanta
3552 4188 3691 4243 erga
3738 4173 3938 4231 Deum

2222 4242 2535 4297 liberalitas
2567 4245 2835 4312 extiterit,
2889 4252 3005 4304 tam
3037 4250 3097 4305 in
3152 4253 3249 4307 illa
3315 4242 3782 4330 Babenbergensi
3843 4279 3944 4316 ec-

2221 4331 2416 4398 clesia,
2466 4349 2643 4414 quam
2675 4334 2735 4388 in
2785 4337 2909 4390 aliis
2955 4341 3348 4410 compluribus
3378 4345 3539 4414 locis,
3600 4350 3944 4405 manifestis

2221 4435 2466 4489 operum
2516 4410 2841 4477 declaratur
2912 4424 3160 4483 indiciis.
3217 4432 3413 4487 Solum
3462 4410 3678 4506 quippe
3738 4437 3937 4493 Deum

2220 4508 2333 4562 sibi
2360 4510 2530 4581 elegit
2562 4511 2854 4575 heredem.
2889 4522 3174 4586 quatenus
3204 4525 3261 4574 et
3292 4520 3412 4591 ipse
3444 4522 3504 4578 in
3551 4528 3934 4582 consortium

2220 4602 2450 4653 aeterna:
2498 4599 2829 4655 hereditatis
2874 4620 3008 4658 eum
3056 4621 3346 4665 assumere
3400 4610 3772 4682 dignaretur.
3846 4618 3944 4671 Li-

2216 4685 2387 4741 beros
2414 4688 2627 4743 etenim
2674 4692 2990 4748 secundum
3041 4711 3271 4751 carnem
3332 4714 3437 4753 nec
3486 4701 3763 4771 habebat,
3828 4722 3944 4759 nec

2218 4777 2599 4866 exspectabat,
2634 4779 3102 4852 quandoquidem
3127 4801 3278 4855 eam,
3308 4803 3483 4859 quam
3515 4806 3619 4861 pro
3661 4795 3939 4866 conjuge

2216 4863 2428 4952 habere
2459 4865 2778 4934 videbatur,
2809 4869 3282 4942 Chunegundam,
3335 4892 3646 4949 numquam
3706 4863 3944 4952 cognoo

2214 4951 2363 5005 visse
2389 4953 2824 5025 comprobatum
2853 4962 2961 5013 est.
3018 4959 3273 5024 Qualiter
3328 4971 3521 5019 autem
3570 4951 3944 5037 innotuerit,

2213 5040 2287 5095 ad
2332 5056 2699 5097 communem
2755 5045 3209 5119 aediﬁcationem,
3263 5055 3737 5123 praetereundum
3805 5076 3935 5114 non

2214 5135 2321 5195 est,
2355 5136 2418 5184 ut
2439 5137 2494 5186 et
2516 5132 2872 5189 castimonia:
2912 5138 3249 5194 erudiamur
3303 5144 3599 5214 exemplis,
3657 5151 3721 5201 et
3780 5149 3944 5203 divi-

2212 5234 2424 5274 norum
2447 5226 2797 5277 secretorum
2837 5224 3214 5282 admiratione
3266 5246 3628 5301 moveamur;
3693 5234 3935 5291 intelli-

2212 5310 2415 5378 gentes
2473 5310 2968 5380 quemadmodum
3021 5315 3392 5388 diligentibus
3453 5321 3634 5378 Deum
3719 5328 3944 5380 omnia

2211 5415 2475 5471 diximus.

2283 5486 2399 5562 (5_8)
2431 5488 2506 5541 De
2537 5488 2801 5562 Brunone
2822 5493 2993 5562 paulo
3025 5494 3344 5552 distinctius
3371 5499 3738 5559 Adelboldus
3771 5522 3791 5559 :
3818 5524 3944 5559 cor-

2212 5558 2526 5614 rectionem
2556 5559 2684 5614 vide
2711 5558 2861 5617 infra
2890 5565 3169 5621 miraculo
3200 5570 3410 5640 primo.
