3976 6426
140 398 220 449 l'll
1791 408 1847 462 Al

3562 414 3657 466 l2'2

130 526 515 589 cooperantur
556 522 619 576 in
686 524 922 579 bonum.
955 525 1150 580 Tantis
1208 543 1460 600 namque
1505 546 1568 584 ac
1624 531 1832 587 talibus
1861 534 1906 589 A
1947 532 2237 589 Benedicti
2268 533 2561 601 audierat;
2595 538 2651 589 et
2681 534 2819 606 quia
2848 534 3110 605 reliquias
3160 535 3283 607 ejus
3312 536 3650 592 dicebantur

129 610 287 664 bonis
347 612 596 667 tentatio
628 613 821 667 deesse
847 630 965 668 non
1000 616 1207 685 potuit.
1253 616 1485 672 Invidus
1516 620 1672 674 enim
1711 637 1835 675 om-

130 702 282 754 nium
312 700 609 757 bonorum
643 703 928 770 diabolus,
992 704 1089 759 ubi
1134 710 1327 761 torum
1396 707 1835 763 immaculatum

130 788 378 845 sauciare
440 807 560 845 non
615 793 824 862 potuit,
858 793 1159 865 zelotypiae
1190 795 1372 850 livore
1408 797 1618 851 fmdare
1671 799 1835 868 cogi—

129 878 283 942 tavit,
318 884 377 932 et
408 881 535 949 ejus
568 881 774 935 saltem
801 883 1018 936 famam
1066 883 1295 946 laedere,
1328 884 1421 939 cui
1454 886 1661 940 vulnus
1709 903 1833 941 cor-

130 967 413 1037 ruptionis
467 969 732 1040 intligere
787 987 903 1025 non
936 972 1142 1042 potuit.
1183 973 1347 1027 Facta
1376 979 1461 1029 est
1496 974 1701 1045 igitur,
1734 992 1833 1030 au-

132 1061 274 1109 ctore
332 1058 590 1125 diabolo,
643 1066 905 1131 suspecta
955 1061 1215 1116 criminis
1281 1079 1347 1116 ea
1406 1079 1537 1134 quas
1597 1070 1837 1118 noverat

134 1146 411 1200 maculam
447 1148 854 1219 corruptionis.
908 1150 1015 1205 Sed
1081 1152 1217 1222 quia
1254 1151 1504 1205 crudelis
1562 1158 1667 1219 est,
1737 1153 1837 1223 qui

136 1232 339 1288 famam
406 1236 676 1305 negligit,
735 1238 1165 1308 expurgationis
1216 1240 1419 1309 gratia,
1475 1241 1546 1295 ad
1578 1258 1839 1295 vomeres

134 1322 438 1377 candentes
479 1324 623 1379 illud
655 1325 763 1379 sibi
800 1326 1083 1395 judicium
1114 1327 1345 1397 delegit,
1390 1330 1546 1399 quod
1606 1337 1839 1400 propter

136 1410 403 1465 duritiam
460 1413 764 1468 hominum
848 1414 1178 1469 institutum
1260 1431 1381 1470 esse
1455 1418 1836 1487 cognoscitur.

138 1500 389 1571 Cumque
418 1502 632 1556 dilecta
665 1504 778 1557 Deo
811 1504 881 1557 ad
926 1504 1066 1558 illud
1092 1504 1392 1574 judicium,
1426 1507 1579 1559 velut
1611 1507 1732 1560 ovis
1765 1508 1836 1561 ad

138 1589 480 1644 occisionem
544 1592 869 1658 duceretur,
933 1586 1240 1665 ingemuit,
1308 1600 1367 1648 et
1430 1594 1536 1661 ait;
1596 1596 1835 1651 Domine

140 1680 297 1745 Deus,
359 1684 588 1734 creator
642 1682 769 1737 coeli
833 1687 1022 1747 terrae,
1088 1682 1189 1753 qui
1247 1682 1456 1753 probas
1532 1700 1699 1739 renes
1784 1692 1839 1740 et.

139 1767 321 1830 corda,
364 1768 571 1839 judica
617 1771 901 1840 judicium
976 1786 1189 1831 meum.
1242 1774 1299 1824 et
1351 1771 1510 1841 eripe
1568 1789 1688 1829 me.
1756 1776 1830 1829 Te

138 1857 282 1911 enim
313 1863 525 1913 testem
557 1864 612 1913 et
631 1860 888 1930 judicem
922 1860 1092 1915 hodie
1124 1860 1345 1926 invoco,
1378 1860 1515 1931 quia
1554 1879 1656 1917 nec
1685 1864 1837 1919 hunc

139 1952 477 2016 praesentem
539 1949 869 2004 Heinricum
926 1966 1029 2004 nec
1088 1950 1329 2003 alterum
1364 1966 1715 2022 quemquam
1765 1955 1840 2007 vi-

140 2047 259 2085 rum
288 2034 509 2088 carnali
538 2036 943 2091 commistione
982 2052 1259 2108 umquam
1312 2039 1575 2107 cognovi.
1611 2042 1726 2094 Hoc
1755 2041 1840 2093 di-

139 2126 245 2188 cto,
269 2124 645 2193 stupentibus
688 2141 752 2179 ac
790 2127 1062 2181 ﬂentibus
1094 2129 1395 2196 universis,
1427 2130 1527 2201 qui
1575 2129 1837 2194 aderant,

140 2226 387 2265 vomeres
449 2214 762 2269 candentes
827 2217 981 2270 nudo
1038 2219 1276 2289 vestigio
1328 2218 1583 2284 calcavit,
1632 2223 1687 2272 et
1720 2218 1842 2271 sine

143 2299 452 2355 adustionis
510 2304 776 2358 molestia
838 2322 1036 2359 secura
1109 2308 1460 2378 pertransiit.
1547 2309 1629 2361 Ita
1692 2308 1841 2361 Deus

143 2389 503 2461 omnipotens
531 2392 821 2448 vinculum
850 2400 1018 2449 casta:
1075 2397 1396 2451 dilectionis
1456 2396 1722 2462 servavit,
1754 2396 1840 2450 in-

144 2480 456 2535 nocentiam
484 2483 900 2553 comprobavit,
932 2490 991 2538 et
1029 2485 1345 2556 integritati
1377 2486 1697 2539 custodiam
1728 2485 1843 2539 hu-

146 2570 392 2623 militatis
412 2570 700 2626 adhibuit.

208 2660 291 2713 2t.
335 2662 496 2714 Inter
551 2661 675 2715 haec
728 2662 1044 2716 beatissimi
1104 2662 1385 2734 Principis
1429 2664 1612 2734 gloria
1660 2663 1844 2733 magis

146 2764 204 2801 ac
233 2750 409 2820 magis
464 2750 822 2819 proﬁciebat,
874 2757 933 2806 et
962 2752 1146 2822 gratia
1183 2754 1282 2806 Dei
1342 2759 1465 2806 erat
1512 2768 1642 2807 cum
1694 2752 1839 2822 ipso.

152 2837 262 2889 Non
288 2838 596 2891 declinavit
628 2839 860 2909 clypeus
893 2858 926 2893 a
955 2840 1130 2905 bello,
1162 2847 1221 2895 et
1248 2842 1410 2895 hasta
1441 2840 1565 2910 ejus
1613 2856 1729 2895 non
1760 2844 1846 2893 est

150 2942 356 2980 aversa.
396 2927 730 2998 Apuliama
763 2929 970 2982 Griecis
1034 2929 1135 2982 diu
1191 2945 1530 2999 possessam,
1586 2930 1844 2983 Romano

154 3013 383 3083 Imperio
433 3016 815 3086 recuperavit,
850 3022 908 3070 et
953 3016 1140 3071 eidem
1173 3002 1483 3087 provinciae
1546 3019 1842 3072 Ismaelem

1947 621 2145 675 furtim
2201 622 2441 677 sublata:
2498 628 2555 676 et
2594 623 2653 677 in
2707 623 2884 677 alium
2920 624 3109 677 locum
3138 625 3453 688 translatae,
3515 626 3647 679 ideo

1948 710 2035 764 vir
2059 716 2286 765 sanctus
2336 712 2406 766 de
2468 712 2753 781 corporali
2808 712 2932 782 ejus
2972 713 3269 782 praesentia
3327 713 3644 768 dubitabat.

1947 800 2242 869 Completa
2284 801 2475 871 itaque
2514 800 2793 863 oratione,
2834 802 3026 853 homo
3068 801 3165 855 Dei
3205 802 3273 854 ad
3328 802 3647 872 hospitium

1946 903 2006 941 se
2037 888 2299 954 contulit,
2351 894 2409 942 et
2464 889 2701 941 lassatus
2735 905 2799 942 ac
2828 888 3152 942 debilitatus
3208 890 3268 942 in
3324 889 3532 943 lectulo
3590 906 3649 943 se

1946 975 2258 1031 collocavit.
2319 978 2383 1031 In
2430 993 2545 1047 quo
2575 976 2946 1031 obdormiens
2997 977 3137 1031 vidit
3166 978 3220 1032 8.
3282 978 3649 1033 Benedictum

1946 1065 2055 1118 sibi
2099 1059 2381 1131 assiStere,
2432 1072 2491 1120 et
2547 1067 2763 1120 ferrum
2817 1067 3123 1120 sectorium
3174 1067 3244 1120 ad
3280 1068 3649 1121 medicinales

1946 1154 2226 1207 sectiones
2254 1160 2455 1223 aptum
2506 1170 2681 1208 manu
2730 1160 2947 1209 tenere.
3006 1154 3113 1219 Qui
3172 1154 3317 1207 dixit
3346 1154 3399 1207 ei
3448 1170 3460 1206 :
3507 1154 3651 1217 Quia

1947 1242 2189 1313 sperasti
2217 1242 2275 1295 in
2310 1244 2423 1297 Deo
2454 1242 2591 1297 etin
2640 1244 2860 1298 Sanctis
2911 1244 3054 1313 ejus,
3103 1258 3231 1298 ecce
3282 1244 3489 1296 missus
3521 1259 3648 1295 sum

1947 1346 1980 1383 a
2014 1332 2149 1396 Deo,
2176 1338 2237 1385 ut
2269 1348 2370 1402 per
2418 1349 2606 1386 meam
2659 1332 3002 1386 medicinam
3065 1332 3133 1385 ab
3185 1331 3521 1384 inﬁrmitate
3554 1336 3651 1382 tua

1946 1419 2223 1473 libereris.
2255 1420 2391 1473 Ecce
2414 1436 2539 1489 ego,
2574 1421 2737 1490 cujus
2788 1437 2914 1473 ossa
2968 1419 3166 1473 furtim
3226 1419 3449 1473 sublata
3506 1424 3653 1472 esset

1949 1509 2211 1578 putabas,
2240 1509 2609 1578 praesentiam
2635 1524 2820 1562 meam
2863 1508 2968 1561 tibi
3024 1508 3294 1572 exhibeo,
3356 1514 3413 1561 et
3451 1507 3510 1560 iu
3560 1524 3651 1559 ar-

1948 1602 2288 1665 gumentum
2319 1597 2577 1651 veritatis
2601 1598 2894 1668 passiones
2920 1602 3043 1650 tuas
3078 1598 3292 1650 curabo
3352 1596 3479 1666 (59).
3517 1597 3647 1649 Haec

1949 1685 2160 1745 dicens,
2214 1691 2435 1755 partem
2486 1685 2644 1739 illam
2675 1685 2951 1755 corporis,
2983 1684 3082 1739 ubi
3124 1684 3376 1738 calculus
3402 1684 3650 1755 jacebat,

1951 1773 2281 1827 medicinali
2312 1774 2484 1839 ferro,
2516 1775 2669 1844 quod
2730 1790 2934 1828 manus
2984 1774 3239 1841 tenebat,
3297 1773 3524 1844 aperuit
3571 1778 3650 1836 et,

1948 1863 2142 1917 evulso
2191 1864 2443 1917 molliter
2480 1850 2715 1928 calculo,
2778 1862 2999 1916 hiatum
3031 1862 3284 1915 vulneris
3318 1862 3507 1916 subita
3556 1878 3650 1914 sa-

1950 1952 2124 2004 nitate
2156 1951 2589 2022 redintegravit,
2644 1952 3045 2022 calculumque
3101 1967 3276 2022 quem
3328 1952 3539 2005 tulerat
3590 1951 3651 2004 in

1951 2056 2125 2094 manu
2160 2041 2325 2110 Regis
2358 2041 2699 2094 dormientis
2722 2040 2993 2110 reposuit,

2019 2132 2107 2183 26.
2171 2130 2294 2192 Quo
2349 2131 2516 2194 facto,
2577 2129 3097 2183 Christianissimus
3155 2130 3474 2200 Imperator
3533 2127 3650 2181 evi-

1950 2217 2167 2287 gilavit,
2207 2223 2263 2271 et
2293 2220 2644 2288 pertractans
2702 2234 2894 2271 secum
2945 2234 3075 2288 quas
3123 2218 3271 2271 circa
3319 2216 3508 2285 ipsum
3539 2221 3657 2285 per

1952 2306 2343 2361 Confessorem
2374 2305 2579 2361 Christi
2609 2309 2767 2375 gesta
2818 2305 3057 2371 fuerant,
3114 2305 3428 2375 vidensque
3476 2304 3657 2358 calcu-

1952 2397 2071 2449 lum
2130 2411 2303 2466 quem
2356 2412 2529 2448 manu
2606 2394 2859 2460 tenebat,
2929 2395 3151 2448 vocavit
3212 2394 3507 2457 satellites,
3555 2393 3656 2463 qui

1950 2488 2109 2555 regio
2144 2500 2303 2538 more
2337 2483 2443 2537 sibi
2477 2499 2702 2555 semper
2731 2482 3092 2547 assistebant,
3131 2483 3384 2552 dixitque
3408 2482 3477 2536 ad
3508 2498 3605 2536 eos
3641 2498 3653 2534 :

1954 2574 2253 2628 Pontiﬁces
2278 2573 2557 2644 regnique
2589 2572 2767 2626 nostri
2824 2572 3112 2641 Principes
3174 2576 3367 2624 vocate
3411 2570 3483 2624 ad
3534 2585 3655 2635 me;

1955 2669 2015 2716 ut
2044 2668 2387 2734 cognoscant
2419 2668 2476 2716 et
2506 2661 2736 2716 videant
2768 2661 3055 2714 mirabilia
3109 2659 3230 2725 Dei,
3274 2676 3404 2729 quas
3447 2658 3654 2712 ineffa-

1953 2749 2084 2803 bilis
2109 2749 2499 2804 misericordia
2526 2755 2584 2804 et
2628 2749 3030 2804 inenarrabilis
3090 2748 3349 2819 potentia
3392 2748 3515 2817 ejus
3566 2747 3657 2799 fe-

1954 2838 2248 2892 ceruntiu
2279 2855 2389 2893 me.
2449 2842 2521 2893 At
2545 2838 2629 2892 illi
2682 2838 2951 2892 mandata
3033 2837 3203 2907 Regis
3252 2836 3423 2890 ceteri
3478 2850 3651 2888 cursu

1952 2926 2307 2994 perferentes
2336 2926 2409 2980 ad
2444 2924 2752 2996 Principes,
2815 2926 3207 2995 perduxerunt
3243 2941 3338 2978 eos
3398 2923 3471 2976 ad
3539 2924 3656 2977 Re-

1954 3031 2106 3085 gem.
2163 3015 2314 3079 Quos
2348 3016 2461 3069 Rex
2515 3016 2790 3079 salutans,
2852 3014 3309 3083 resalutatusque
3337 3013 3407 3065 ab
3438 3010 3541 3076 eis,
3577 3011 3658 3062 sic

149 3102 337 3158 ducem
390 3104 671 3175 praefecit.
705 3104 813 3169 Qui
844 3111 1045 3175 postea
1082 3106 1143 3159 in
1198 3106 1661 3176 Babenbergensi
1718 3106 1840 3160 loco
1876 3108 1914 3162 C
1952 3106 2281 3174 alloquutus
2340 3120 2436 3157 eos
2465 3108 2591 3157 est:
2656 3105 2876 3157 Fratres
2934 3108 2991 3156 et
3038 3102 3465 3155 commilitones
3509 3100 3647 3164 mei,

151 3198 415 3259 mortuus,
449 3199 509 3247 et
540 3193 599 3247 iu
631 3192 881 3264 capitulo
915 3194 1148 3263 majoris
1209 3195 1543 3248 monasterii
1583 3197 1843 3264 sepultus

151 3283 444 3353 requiescit
475 3283 536 3337 in
564 3284 834 3338 Domino.
908 3284 1380 3338 Beneventanum
1428 3284 1838 3337 monasterium

150 3374 411 3437 condidit,
445 3378 503 3427 et
534 3372 695 3426 omni
732 3377 969 3426 ornatus
998 3373 1203 3427 decore
1252 3373 1640 3443 locupletavit.
1674 3374 1844 3429 Cum-

150 3477 250 3531 que
300 3462 557 3516 civitates
606 3461 831 3531 Apulize
881 3462 1275 3532 pertransiret,
1339 3467 1397 3515 et
1417 3478 1544 3532 qua:
1577 3462 1645 3515 ad
1693 3461 1843 3514 utili-

156 3556 315 3605 tatem
349 3558 405 3605 et
436 3552 718 3605 honorem
744 3552 905 3621 regni
960 3552 1326 3622 pertinebant
1371 3551 1431 3604 in
1462 3552 1541 3604 eis
1589 3551 1845 3621 pruden-

156 3639 357 3694 tissime
404 3641 807 3712 disposuisset,
847 3641 1021 3711 cuapit
1074 3640 1409 3695 infirmitate
1448 3640 1652 3694 calculi
1686 3641 1848 3694 labo-

158 3743 291 3783 rare.
323 3730 501 3801 Cujus
530 3729 723 3783 morbi
781 3730 1102 3784 molestiam
1160 3729 1246 3783 vir
1274 3734 1502 3783 sanctus
1541 3734 1702 3783 tanta
1748 3745 1849 3798 pa-

158 3816 342 3871 tientia
388 3818 685 3883 sustinuit,
724 3822 785 3872 ut
828 3818 1126 3888 passiones
1194 3817 1381 3872 carnis
1411 3818 1484 3872 ad
1535 3818 1850 3871 custodiam

160 3903 485 3960 humilitatis
517 3924 553 3960 a
604 3908 719 3961 Deo
772 3906 880 3960 sibi
933 3907 1165 3960 collatas
1196 3911 1494 3973 assereret,
1547 3911 1599 3961 et
1650 3907 1853 3975 flagel-

160 3992 267 4047 lum
315 3995 700 4066 correptionis
756 3996 1137 4049 certissimum
1223 3995 1456 4066 signum
1530 3994 1852 4049 dilectionis

162 4096 267 4133 esse
317 4084 657 4136 afﬁrmaret.
722 4082 996 4136 Fomenta
1050 4087 1243 4136 tamen
1296 4082 1660 4136 curationum
1720 4081 1854 4135 fecit

160 4169 255 4222 sibi
282 4171 567 4237 adhiberi,
630 4170 729 4224 sed
784 4171 943 4224 nulla
1000 4170 1356 4225 medicorum
1412 4170 1727 4225 subtilitate
1783 4169 1851 4223 ad

162 4256 431 4329 integrum
465 4259 657 4330 potuit
724 4259 974 4313 liberari.
1016 4261 1451 4329 Ingravescente
1508 4266 1700 4323 autem
1747 4258 1851 4312 do-

165 4346 286 4412 lore,
319 4350 579 4404 ascendit
613 4355 869 4403 montem
916 4349 1239 4417 Cassinum,
1297 4348 1604 4419 petiturus,
1655 4352 1717 4400 ut
1747 4364 1849 4418 per

166 4434 619 4491 intercessionem
672 4439 729 4491 Β.
792 4437 1080 4492 Benedicti
1120 4442 1173 4491 et
1234 4442 1444 4491 sancta!
1483 4436 1847 4492 Scholastica:

165 4525 398 4579 sanitatis
424 4527 477 4580 ei
510 4543 544 4581 a
569 4528 685 4581 Deo
725 4530 1093 4596 praestaretur
1140 4525 1487 4579 remedium.

223 4616 303 4668 25.
349 4616 595 4670 Veniens
650 4620 843 4669 autem
928 4615 999 4669 ad
1058 4615 1248 4669 locum
1329 4615 1427 4668 ubi
1511 4616 1851 4669 Sanctorum

166 4702 401 4773 reliquiae
461 4705 699 4758 fuerant
739 4703 1071 4769 reconditae,
1132 4703 1333 4758 etfudit
1383 4704 1577 4758 anima
1633 4720 1735 4757 sua
1792 4704 1849 4756 in

165 4780 453 4863 conspectu
509 4791 814 4860 Altissimi,
869 4798 925 4847 et
1008 4809 1112 4863 per
1168 4797 1496 4847 sanctorum
1556 4793 1850 4864 sutfragia,

168 4879 435 4937 Benedicti
497 4882 768 4937 videlicet
822 4888 878 4936 et
935 4881 986 4936 S.
1032 4882 1420 4949 Scholasticaa,
1483 4881 1749 4951 precibus
1795 4885 1852 4933 et

171 4969 408 5042 lacrymis
432 4971 751 5043 postulavit
776 4987 809 5025 a
841 4972 957 5026 Deo
988 4971 1235 5026 salutem
1264 4970 1523 5041 corporis
1556 4976 1613 5024 et
1643 4970 1852 5023 animae

169 5058 261 5112 sibi
290 5063 567 5130 praestari.
635 5062 1054 5132 lmpletumque
1104 5066 1191 5115 est
1245 5060 1399 5132 quod
1458 5076 1561 5130 per
1605 5060 1851 5131 Prophe-

170 5150 267 5203 tam
296 5150 498 5205 dicitur
530 5170 547 5205 :
584 5149 872 5221 Exquisivi
934 5149 1268 5218 Dominum,
1320 5153 1377 5203 et
1410 5148 1705 5203 exaudivit
1736 5164 1847 5213 me,

171 5242 215 5287 et
242 5254 299 5291 ex
338 5240 607 5295 omnibus
630 5238 1102 5294 tribulationibus
1133 5238 1275 5293 meis
1309 5237 1522 5309 eripuit
1550 5254 1658 5292 me.
1712 5238 1853 5292 Nam

172 5325 334 5393 petiit,
362 5334 418 5383 et
446 5328 757 5383 exauditus
784 5335 871 5382 est
902 5344 915 5394 ;
946 5328 1197 5399 pulsavit
1253 5328 1323 5382 ad
1382 5328 1595 5381 ostium
1654 5342 1855 5398 perse-

176 5423 408 5470 veranter
469 5416 800 5472 miserantis
852 5417 1146 5488 potentiae,
1205 5421 1260 5471 et
1328 5417 1692 5470 intromissus
1749 5421 1846 5468 est.

178 5502 373 5559 Interea
399 5508 510 5562 Rex
560 5508 736 5578 erepit
773 5506 1047 5576 cogitare,
1090 5522 1220 5577 quae
1254 5506 1325 5560 de
1389 5505 1763 5559 translatione
1795 5505 1851 5559 S.

1953 3194 2313 3264 magniﬁcate
2346 3192 2652 3246 Dominum
2681 3208 2926 3260 mecum,
2961 3197 3017 3245 et
3060 3193 3375 3245 exaltemus
3438 3206 3652 3243 nomen

1952 3285 2076 3354 ejus
2141 3283 2200 3336 in
2257 3282 2526 3352 idipsum,
2579 3281 2714 3352 quia
2766 3286 2851 3335 est
2905 3297 3149 3351 magnus
3221 3280 3519 3343 Dominus,
3605 3283 3660 3331 et

1954 3372 2253 3427 laudabilis
2311 3371 2505 3439 nimis,
2537 3376 2592 3424 et
2625 3369 3046 3442 magnitudinis
3069 3370 3190 3439 ejus
3223 3386 3337 3423 non
3386 3374 3471 3421 est
3499 3367 3650 3421 ﬁnis.

1954 3463 2080 3532 Ipse
2112 3460 2375 3532 percutit,
2424 3465 2481 3514 et
2526 3460 2832 3513 medetur:
2891 3460 3142 3529 ﬂagellat
3206 3463 3550 3527 peccatores,
3607 3461 3662 3509 et

1953 3550 2368 3621 paenitentibus
2428 3549 2748 3603 miseretur.
2832 3549 2994 3602 Hunc
3064 3547 3351 3613 humiliat,
3414 3552 3470 3599 et
3508 3546 3661 3599 hunc

1956 3641 2165 3694 exaltat
2198 3655 2210 3692 :
2246 3639 2386 3709 quia
2416 3637 2560 3691 calix
2592 3637 2651 3691 in
2682 3653 2856 3691 manu
2915 3636 3141 3690 Domini
3192 3635 3309 3689 vini
3341 3635 3485 3689 meri
3538 3636 3659 3703 ple-

1958 3745 2065 3782 nus
2111 3728 2304 3781 misto.
2372 3728 2452 3780 En
2506 3742 2633 3796 ego,
2691 3725 2791 3796 qui
2853 3725 2976 3779 heri
3026 3723 3194 3778 morti
3229 3723 3523 3794 proximus
3553 3722 3659 3781 flii.

1958 3835 2060 3890 per
2090 3815 2541 3871 misericordiam
2589 3814 2683 3868 Dei
2721 3814 2891 3868 hodie
2925 3814 3081 3867 vobis
3108 3829 3359 3883 appareo
3412 3827 3584 3864 sanus
3647 3827 3659 3864 :

1959 3908 2014 3961 ei
2063 3907 2322 3960 aculeum
2382 3904 2599 3968 mortis,
2661 3920 2834 3974 quem
2914 3902 3037 3956 heri
3095 3901 3312 3971 gestavi
3380 3902 3663 3953 inclusum

1960 3994 2188 4066 corpori
2254 4010 2402 4057 meo,
2480 3992 2650 4046 hodie
2724 3992 2903 4045 oculis
2952 3990 3150 4045 vestris
3200 3989 3503 4042 visibiliter
3569 4006 3665 4041 os-

1960 4085 2153 4139 tendo.

2022 4177 2111 4226 '27.
2162 4173 2290 4225 Haec
2347 4170 2561 4237 dicens,
2611 4169 2859 4224 ostendit
2917 4168 3222 4232 calculum,
3255 4183 3430 4238 quem
3488 4181 3665 4220 manu

1962 4260 2212 4328 tenebat,
2265 4265 2322 4315 et
2377 4259 2684 4314 ostendens
2732 4259 3056 4313 cicatricem
3112 4256 3388 4321 vulneris,
3448 4254 3664 4319 omnia,

1963 4366 2092 4421 qua;
2142 4366 2246 4421 per
2302 4354 2562 4404 sanctum
2630 4348 3002 4403 Benedictum
3047 4346 3196 4400 circa
3252 4346 3445 4415 ipsum
3495 4346 3669 4413 Egesta

1963 4444 2144 4504 erant,
2177 4438 2393 4492 cunctis
2445 4437 2833 4503 audientibus,
2875 4452 2939 4489 ex
2981 4434 3183 4488 ordine
3235 4431 3546 4486 referebat.
3599 4434 3672 4485 At

1964 4526 2047 4579 illi
2078 4526 2336 4580 videntes
2368 4530 2423 4579 et
2450 4524 2748 4578 audientes
2778 4521 3064 4576 mirabilia
3117 4520 3235 4585 Dei,
3261 4523 3316 4573 et
3340 4518 3469 4589 plus
3491 4534 3667 4588 quam

1963 4614 2119 4668 credi
2172 4619 2375 4685 potest,
2435 4612 2709 4666 admirati
2760 4615 2921 4675 sunt;
2965 4616 3021 4662 et
3075 4607 3484 4662 benedicentes
3528 4607 3665 4673 Deo,

1965 4704 2179 4775 diuque
2210 4704 2267 4756 in
2302 4701 2526 4755 laudem
2559 4700 2682 4770 ejus
2727 4700 3105 4752 acclamantes
3146 4696 3217 4751 de
3274 4696 3670 4751 incolumitate

1965 4792 2138 4863 Regis
2181 4790 2359 4862 gavisi
2398 4795 2551 4843 sunt.
2585 4790 2953 4857 Rursumque
2987 4787 3102 4841 Rex
3152 4785 3224 4840 ad
3286 4802 3385 4839 eos
3427 4802 3439 4839 :
3494 4786 3666 4849 Quas,

1965 4881 2172 4952 inquit,
2205 4878 2523 4951 gratiarum
2564 4876 2835 4941 actiones,
2880 4880 2979 4929 aut
3008 4891 3138 4946 quae
3200 4890 3442 4928 munera
3497 4873 3670 4928 tantis

1965 4967 2261 5024 beneﬁciis
2300 4966 2583 5036 condigna
2622 4964 2845 5018 medico
2879 4968 3075 5017 nostro
3110 4963 3414 5018 Benedicto
3470 4978 3667 5033 possu-

1967 5074 2094 5113 mus
2127 5054 2479 5128 rependere?
2509 5058 2580 5109 At
2605 5054 2687 5109 illi
2717 5069 2919 5108 omnes
2946 5052 3352 5123 judicaverunt
3381 5068 3515 5106 eum
3581 5067 3669 5104 re-

1965 5147 2058 5218 gia
2075 5144 2469 5200 muniﬁcentia
2490 5144 2732 5215 dignum
2748 5159 2891 5196 esse.
2932 5143 3045 5196 Rex
3078 5158 3215 5211 ergo
3238 5139 3478 5195 consilio
3510 5139 3669 5193 Prin-

1966 5238 2161 5307 cipum
2191 5251 2426 5290 suorum
2460 5232 2718 5305 iugentia
2749 5248 2990 5287 munera
3018 5231 3076 5285 in
3110 5229 3360 5300 prmdiis,
3414 5228 3474 5281 in
3503 5243 3669 5295 auro,

1966 5327 2025 5380 in
2065 5330 2327 5397 argento,
2359 5324 2418 5377 in
2439 5320 2795 5377 ormanentis
2823 5319 3091 5391 plurimis
3116 5317 3372 5373 ecclesiae
3402 5316 3457 5369 S.
3496 5315 3671 5368 Bene-

1965 5414 2101 5470 dicti
2157 5412 2417 5468 contulit.
2470 5412 2535 5467 Et
2599 5409 2940 5466 valefaciens
2993 5406 3281 5471 fratribus,
3326 5403 3426 5475 qui
3479 5403 3670 5458 eidem

1966 5502 2218 5558 ecclesias
2274 5500 2682 5573 praesidebant,
2750 5516 2784 5553 a
2832 5496 3065 5551 Cassino
3116 5498 3310 5548 monte
3363 5492 3561 5547 hilaris
3618 5497 3675 5545 et

240 5670 335 5736 (59‘)
368 5669 440 5723 De
464 5670 573 5725 hac
598 5673 656 5723 et
683 5668 967 5739 adjunctis
996 5673 1055 5723 et
1083 5668 1212 5723 aliis
1239 5666 1498 5723 historiis
1527 5666 1585 5721 in
1617 5665 2036 5721 Commentario
2069 5664 2448 5733 disceptatum
2480 5664 2585 5715 est.
