3976 6408
306 399 398 450 :23
1701 396 1984 451 IIENIIICI
2023 395 2499 453 IMPERATORIS

3723 404 3823 457 124

302 519 748 575 sannsdiscessit
796 520 1525 590 Abeoautemtempore,et
1549 518 2002 590 deinceps,qua-
2035 519 2080 572 A
2121 519 2425 590 praecipuis
2473 520 2714 592 angelis,
2765 535 2990 575 sacrum
3062 521 3350 593 Evangelii
3407 527 3624 578 textum
3692 540 3825 578 cum

304 610 436 664 dam
467 609 701 678 speciali
733 608 1042 662 dilectione
1069 612 1125 663 et
1156 608 1520 662 veneratione
1554 609 1610 663 S.
1675 608 1996 673 Benedicto,

300 703 358 750 et
386 698 653 751 omnibus
684 698 1012 751 monasticae
1062 695 1354 768 religionis
1401 696 1716 750 cultoribus
1780 695 2002 748 studuit

299 786 606 851 deservire,
659 790 715 840 et
756 786 817 840 in
852 785 1272 855 ampliﬁcandis
1321 800 1384 838 ac
1434 783 1795 854 protegendis
1829 782 1998 835 rebus

301 874 702 928 ecclesiasticis
760 874 1046 941 benignus
1102 890 1166 927 ac
1217 873 1452 927 devotus
1520 874 1684 926 Pater
1731 871 1994 924 existere.

305 964 436 1017 Haec
464 961 524 1014 in
549 961 778 1016 Cassino
810 967 1005 1015 monte
1034 961 1240 1030 scripta
1265 959 1660 1025 inveniuntur,
1694 963 1756 1013 ut
1791 963 1847 1013 et
1882 974 2001 1012 mo-

305 1049 464 1103 derni
519 1049 807 1119 magnalia
847 1049 947 1104 Dei
999 1049 1058 1102 in
1089 1049 1368 1102 memoria
1400 1048 1670 1116 habeant,
1703 1047 1795 1116 let
1847 1048 2000 1117 apud

303 1143 566 1208 posteros
596 1154 700 1208 per
739 1138 1141 1208 antiquitatem
1198 1137 1474 1205 temporis
1533 1135 1593 1189 in
1647 1136 2000 1190 oblivionem

307 1243 424 1280 non
457 1227 709 1280 veniant.
747 1228 829 1292 Et,
882 1226 928 1279 si
972 1226 1100 1295 quis
1153 1225 1294 1278 scire
1330 1224 1617 1279 desiderat
1666 1241 1843 1295 quare
1875 1225 1996 1294 glo-

301 1315 651 1369 riosissimus
691 1315 1004 1386 imperator
1035 1313 1332 1368 Heinricus
1387 1313 1808 1377 claudicaverit,
1871 1329 1999 1366 cum

302 1404 561 1473 primum
592 1419 833 1474 corpore
874 1407 991 1456 toto
1033 1419 1204 1456 sanus
1230 1402 1406 1457 fuerit
1431 1403 1578 1457 hanc
1607 1418 1838 1456 causam
1897 1418 2001 1455 no-

305 1493 472 1545 verit.

297 1647 303 1655 _
373 1583 462 1634 28.
504 1580 645 1635 Cum
686 1579 808 1649 ipse
839 1579 1090 1649 quodam
1143 1583 1406 1649 tempore
1437 1579 1682 1634 venisset
1730 1579 1790 1633 in
1843 1581 2000 1649 Apu-

303 1669 458 1732 liam,
538 1684 644 1737 pro
707 1667 1082 1738 disponendis
1138 1668 1468 1739 reipublicae
1527 1668 1792 1738 negotiis,
1872 1684 2001 1738 per-

303 1758 460 1811 venit
516 1757 575 1810 in
652 1762 908 1811 montem
984 1759 1334 1827 Garganum,
1415 1757 1476 1810 in
1515 1757 1638 1827 ejus
1708 1757 2002 1827 crepidine

303 1846 411 1899 sita
498 1849 582 1898 est
629 1845 883 1910 laevitas,
963 1849 1019 1899 et
1099 1845 1154 1898 in
1201 1845 1379 1899 latere
1457 1845 1655 1898 mortis
1716 1844 1774 1898 in
1859 1861 2001 1915 rupe

303 1949 568 1997 concava,
604 1938 686 1987 est
734 1933 969 1986 basilica
1029 1949 1142 1986 non
1199 1934 1269 1987 ab
1328 1933 1660 1987 hominibus
1708 1933 2001 1998 fabricata,

304 2037 492 2093 neque
549 2035 650 2093 per
689 2021 987 2075 hominem
1039 2020 1319 2087 dedicata,
1381 2021 1480 2074 sed
1531 2019 1864 2090 operatione
1917 2019 2002 2073 di-

304 2110 438 2164 vina
483 2111 569 2164 vel
602 2110 812 2163 virtute
869 2115 1155 2164 exstructa
1203 2109 1588 2163 :mirabiliter
1651 2109 1865 2162 etenim
1919 2108 2002 2162 di-

305 2199 439 2252 vina
506 2198 907 2254 benedictione
1009 2198 1412 2253 venerabiliter
1485 2203 1812 2252 consecrata
1901 2202 1998 2250 est.

312 2287 490 2355 Hujus
555 2287 804 2341 basilicae
885 2291 1063 2341 exstat
1113 2293 1390 2358 patronus
1462 2287 1696 2342 Michael
1751 2286 2004 2341 Archan-

309 2375 494 2443 gelus.
528 2377 590 2430 In
626 2376 732 2430 hac
767 2376 983 2430 etenim
1015 2376 1268 2440 ecclesia,
1329 2376 1584 2446 qualibet
1648 2375 2008 2430 hebdomada

308 2469 512 2518 cantus
543 2465 859 2533 angelicus,
897 2465 964 2520 ab
992 2465 1082 2519 his
1115 2465 1214 2535 qui
1267 2465 1441 2536 digna
1471 2468 1626 2530 sunt,
1657 2464 1843 2519 audiri
1873 2481 2004 2534 per-

309 2554 560 2607 hibetur.
625 2555 780 2608 Hanc
837 2555 1032 2623 itaque
1109 2553 1420 2620 basilicam,
1480 2553 1756 2607 orationis
1816 2569 2004 2618 causa,

308 2659 440 2697 cum
494 2642 697 2696 ceteris
755 2643 961 2697 Christi
1018 2643 1284 2696 fidelibus
1333 2643 1418 2696 vir
1457 2644 1571 2696 Deo
1625 2643 1867 2695 devotus
1923 2647 2010 2696 est

309 2731 619 2800 ingressus.
657 2731 914 2802 Cumque
938 2732 1134 2784 laudes
1165 2731 1385 2785 divinas
1426 2731 1570 2784 inibi
1601 2730 2005 2796 celebrassent,

311 2823 366 2871 et
409 2824 540 2872 vota
606 2835 842 2888 precum
892 2835 1126 2872 suarum
1176 2835 1306 2873 cum
1356 2819 1538 2872 multa
1571 2818 1870 2871 devotione
1900 2819 2008 2871 Leo

312 2907 725 2961 reddidissent:
757 2914 985 2977 tempus
1011 2909 1129 2977 jam
1159 2907 1373 2973 aderat,
1403 2922 1517 2976 quo
1549 2906 2011 2960 czelestisexerci-

311 3002 404 3049 tus
434 2996 505 3049 ad
538 2996 734 3048 laudes
757 2997 868 3049 Deo
900 2995 1319 3064 persolveudas,
1354 2996 1633 3064 templum
1655 2995 1764 3049 hoc
1784 3011 2006 3049 sacrum

312 3085 499 3138 fuerat
535 3084 845 3153 ingressus.
900 3085 1096 3155 Itaque
1145 3101 1274 3138 cum
1317 3101 1518 3136 omnes
1577 3085 2007 3152 egrederentur,
2041 3088 2081 3142 C

313 3180 374 3227 et
403 3172 502 3242 qui
533 3189 753 3226 moram
792 3174 1042 3227 facerent
1075 3174 1496 3242 expellerentur
1543 3172 1724 3238 exire;
1759 3173 1846 3225 vir
1879 3189 2007 3225 san-

313 3267 439 3314 ctus
463 3262 791 3331 postulabat
829 3267 896 3315 ut
953 3263 1002 3314 ei
1027 3262 1180 3315 intus
1235 3261 1573 3314 remanendi
1612 3261 1850 3314 facultas
1875 3277 2009 3314 con-

312 3349 633 3403 cederetur.
687 3349 867 3419 Igitur
896 3351 1164 3403 omnibus
1207 3349 1471 3417 egressis,
1505 3349 1656 3402 solus
1704 3349 1845 3418 ipse,
1879 3365 2010 3418 spe-

313 3453 446 3490 rans
479 3437 539 3490 in
571 3437 962 3491 misericordia
1007 3438 1124 3499 Dei,
1159 3437 1302 3491 inihi
1355 3452 1585 3490 manere
1622 3437 2012 3505 praesumpsit,

314 3531 370 3580 et
398 3542 596 3596 preces
625 3527 890 3596 precibus
929 3526 1300 3591 continuavit,
1352 3531 1407 3579 et
1437 3542 1690 3593 genuum
1744 3526 2016 3579 ﬂexiones

313 3615 546 3669 iteravit
578 3633 590 3669 :
623 3617 682 3670 in
715 3633 827 3686 quo
860 3618 1052 3670 multis
1074 3614 1338 3684 lacrymis
1377 3615 1586 3668 divinae
1643 3631 1701 3667 se
1731 3614 2017 3668 commisit

314 3704 661 3772 clementiae,
714 3710 769 3758 et
829 3705 1081 3758 animam
1143 3719 1303 3756 suam
1363 3703 1530 3756 beato
1601 3703 1859 3756 Michaeli
1911 3707 2018 3757 Ar-

314 3793 594 3862 changelo
625 3809 755 3848 cum
778 3795 961 3848 multa
1007 3792 1421 3864 supplicatione
1453 3792 1672 3846 studuit
1711 3808 2016 3846 commen-

317 3881 473 3935 dare.

387 3970 474 4020 29.
511 3966 768 4036 Cumque
817 3966 900 4036 pii
961 3967 1111 4036 regis
1165 3967 1463 4021 incensum
1510 3967 1620 4036 (60)
1687 3966 2018 4020 ascenderet

319 4070 443 4108 ram
469 4055 734 4121 Domino,
770 4056 918 4108 Deus
946 4056 1141 4121 Israel,
1171 4055 1272 4125 qui
1302 4056 1362 4108 in
1387 4055 1609 4109 Sanctis
1635 4055 1752 4108 suis
1794 4071 2019 4126 semper

318 4148 405 4196 est
457 4142 759 4206 mirabilis,
806 4142 1129 4196 mirabilem
1174 4142 1227 4195 ei
1287 4142 1557 4212 dignatus
1587 4149 1671 4196 est
1718 4143 2019 4197 ostendere

318 4230 618 4284 visionem.
663 4229 814 4284 Vidit
860 4229 1014 4284 enim
1051 4232 1386 4300 angelorum
1449 4229 1880 4283 multitudinem
1919 4247 2014 4283 en-

320 4320 565 4391 piosam,
598 4319 854 4373 adinstar
879 4318 1015 4372 solis
1035 4318 1413 4390 splendidam,
1443 4319 1724 4388 templum
1756 4324 2014 4372 sanctum

320 4409 774 4478 ingredientem;
825 4424 891 4462 ex
927 4408 1136 4478 quibus
1166 4407 1279 4462 duo
1331 4406 1647 4478 principale
1696 4396 2018 4461 ‘solenniter

319 4499 681 4554 adornabant
709 4498 908 4552 altare.
943 4496 1156 4552 Deinde
1188 4496 1332 4550 vidit
1380 4495 1520 4549 alias
1549 4496 1861 4549 caelestium
1893 4497 2014 4549 Vir-

320 4592 511 4641 tutum
550 4588 812 4640 cohortes
842 4587 1194 4650 innumeras,
1230 4585 1290 4638 in
1317 4583 1754 4638 similitudinem
1777 4584 2019 4654 fulguris

322 4676 674 4728 coruscantis
713 4675 1016 4745 fulgentes,
1051 4679 1108 4729 et
1139 4673 1302 4745 quasi
1328 4674 1632 4744 primatem
1667 4689 1835 4727 suum
1887 4689 2018 4727 eum

323 4763 510 4833 gloria
541 4763 792 4816 maxima
820 4763 1165 4817 deducentes
1199 4779 1211 4816 :
1246 4779 1350 4816 nec
1393 4762 1632 4817 dubium
1664 4762 1817 4816 hunc
1843 4761 2020 4816 fuisse

322 4850 567 4904 caelestis
614 4849 836 4903 militiae
867 4850 1230 4919 signiferum.
1288 4850 1606 4904 Novissime
1640 4865 1774 4902 vero
1809 4848 2022 4903 meruit

325 4938 518 4992 videre
551 4937 738 5006 ipsum
771 4938 981 5007 Regem
1013 4938 1349 5008 angelorum
1384 4939 1708 4993 venientem
1755 4954 1884 4992 cum
1913 4953 2018 5008 po-

323 5031 531 5082 testate
561 5040 773 5094 magna
802 5029 860 5079 et
899 5026 1131 5080 virtute.
1167 5027 1230 5079 In
1279 5027 1443 5094 cujus
1475 5027 1752 5096 obsequio
1780 5027 2022 5082 caelestis

323 5111 1092 5180 exercitusinnumerabilis,
1125 5117 1184 5166 et
1222 5114 1495 5181 splendor
1542 5114 1666 5183 ejus
1718 5114 2018 5185 incompa-

323 5203 518 5258 rabilis
548 5218 562 5256 :
595 5200 759 5270 cujus
808 5199 1021 5254 etenim
1053 5205 1198 5254 nutu
1231 5205 1514 5269 reguntur
1543 5201 1739 5254 omnia
1777 5202 2025 5256 caelestia

325 5297 382 5346 et
443 5289 759 5346 terrestria.
815 5288 1071 5358 Denique
1109 5289 1320 5342 chorus
1350 5305 1511 5341 novae
1569 5289 1924 5343 Hierusalem
1967 5291 2024 5345 in

328 5381 602 5450 praedicta
629 5379 901 5434 collectus
965 5376 1200 5431 basilica
1229 5376 1491 5430 divinum
1535 5376 1849 5431 solenniter
1878 5379 2022 5432 cele-

331 5469 518 5522 bravit
547 5467 912 5538 obsequium.
945 5465 1068 5529 Quo
1101 5464 1332 5519 tandem
1398 5465 1704 5534 completo,
1759 5482 1907 5520 unus
1957 5485 2026 5522 ex

403 5573 511 5652 (QQ)
533 5573 806 5652 Intelligo
836 5571 1185 5652 orationum,
1217 5571 1460 5652 quaead
1511 5573 1694 5652 Deum
1732 5571 2022 5652 fundebat.

403 5646 509 5713 (61)
533 5644 674 5697 Tota
701 5644 824 5697 haec
850 5642 1283 5698 claudicationis
1327 5642 1569 5698 historia
1597 5643 1818 5714 adjecta
1846 5647 1932 5700 est
1961 5660 2026 5700 ex

2052 4365 2092 4418 Ῑ)
2196 4382 2348 4449 peric
2389 4383 2558 4447 gesta,

2113 608 2359 662 maxima
2404 609 2728 663 reverentia
3067 610 3277 664 detulit
3343 627 3640 681 personae;
3709 629 3828 682 quo

2110 697 2274 751 illum
2307 698 2668 752 deosculante
2701 698 2933 752 :innuit
2989 699 3216 768 angelo,
3275 704 3337 752 ut
3389 700 3662 754 eumdem
3717 701 3820 754 de-

2111 786 2486 840 osculandum
2515 787 2764 840 deferret
2796 787 3160 856 Imperatori,
3193 788 3251 841 in
3285 789 3657 856 ongulo.......
3709 792 3827 843 An-

2111 875 2239 944 gelo
2282 891 2415 928 vero
2458 875 2623 944 jussu
2672 875 2778 928 sibi
2838 875 3187 945 complente,
3241 876 3550 946 praedictus
3607 876 3823 931 Christi

2110 963 2359 1017 famulus
2388 963 2458 1016 ad
2489 963 2780 1016 insolitam
2829 968 3003 1016 tanta:
3034 964 3348 1032 majestatis
3381 970 3437 1017 et
3469 965 3670 1035 gloriae
3737 965 3826 1018 vi-

2111 1055 2333 1106 sionem
2361 1051 2532 1121 coepit
2562 1051 2754 1106 animo
2787 1068 3109 1121 pavescere,
3155 1057 3213 1106 et
3242 1053 3513 1106 omnibus
3543 1053 3828 1106 membris

2110 1140 2580 1205 contremiscere;
2652 1145 2947 1210 tamquam
3004 1141 3218 1194 diceret
3265 1157 3396 1194 cum
3473 1141 3760 1211 Propheta
3808 1159 3823 1194 :

2114 1228 2430 1282 Contritum
2456 1233 2541 1282 est
2565 1245 2662 1281 cor
2694 1244 2887 1282 meum
2920 1228 2979 1282 in
3022 1228 3215 1282 medio
3268 1229 3402 1290 mei,
3445 1233 3827 1282 contremue—

2112 1323 2249 1370 runt
2277 1316 2473 1370 omnia
2503 1332 2632 1369 ossa
2664 1332 2812 1370 mea.

2183 1407 2270 1459 30.
2325 1407 2454 1459 Haec
2525 1405 2762 1475 angelus
2812 1404 2906 1459 ille
2977 1404 3208 1472 videns;
3283 1405 3540 1460 modeste
3628 1406 3826 1460 femur

2114 1493 2238 1563 ejus
2267 1494 2471 1564 tetigit,
2505 1493 2769 1563 inquiens
2805 1510 2817 1548 :
2854 1495 2932 1548 Ne
2962 1493 3190 1560 timeas,
3221 1494 3399 1548 electe
3456 1493 3574 1559 Dei,
3639 1510 3818 1564 surge

2112 1580 2403 1646 velociter,
2459 1581 2722 1651 {signum
2796 1580 2954 1651 pacis
3017 1580 3295 1635 divinitus
3344 1581 3454 1635 sibi
3519 1582 3826 1635 transmis-

2113 1684 2241 1723 sum
2290 1668 2604 1740 suscipiens
2630 1670 2927 1735 alacriter;
2955 1670 3242 1740 extemplo
3274 1675 3332 1724 et
3379 1669 3572 1724 statim
3624 1671 3821 1725 femur

2113 1758 2237 1828 ejus
2269 1758 2576 1824 emarcuit;
2619 1765 2676 1812 et
2714 1759 2920 1813 exinde
2978 1759 3138 1813 omni
3186 1764 3448 1829 tempore
3504 1760 3636 1814 vitae
3700 1777 3826 1813 suae

2113 1846 2471 1903 claudicavit.
2507 1847 2722 1902 Similis
2774 1863 2878 1917 per
2916 1847 3113 1901 omnia
3139 1853 3376 1901 eventus
3426 1847 3497 1902 de
3527 1847 3697 1902 beato
3727 1850 3824 1902 Ja-

2114 1935 2216 1990 cob
2278 1936 2512 2006 legitur,
2570 1935 2733 2005 cujus
2764 1935 2953 1989 femur
2984 1936 3059 1990 ad
3114 1940 3331 1990 tactum
3375 1936 3566 2006 angeli
3621 1952 3824 1990 secum

2111 2024 2381 2078 luctantis
2411 2025 2707 2078 emarcuit.
2734 2026 2862 2079 Haec
2892 2024 3149 2096 quidem,
3182 2028 3243 2078 ut
3293 2039 3491 2078 verum
3521 2024 3724 2090 fatear,
3760 2026 3825 2079 in

2114 2113 2411 2183 scripturis
2434 2130 2549 2168 non
2599 2113 2814 2175 inveni,
2877 2113 2974 2167 sed
3013 2113 3199 2166 relatu
3228 2113 3518 2166 veracium
3567 2119 3624 2167 et
3651 2129 3826 2167 vene-

2115 2202 2388 2256 rabilium
2435 2202 2716 2267 virorum,
2756 2201 2878 2256 hasc
2927 2217 3058 2254 vera
3085 2217 3224 2264 esse,
3259 2202 3318 2255 in
3378 2203 3616 2256 veritate
3646 2217 3821 2255 com-

2114 2290 2260 2360 peri.
2292 2290 2572 2361 Equidem
2604 2295 2933 2361 praspotcns
2973 2290 3360 2345 Cancellarius
3393 2289 3649 2361 episcopi
3680 2291 3827 2344 Her-

2115 2377 2448 2447 bipolensis,
2503 2379 2797 2433 Conradus
2858 2379 3112 2443 nomine,
3190 2378 3290 2449 qui
3354 2379 3827 2449 persecutionem

2116 2483 2315 2538 passus
2345 2472 2429 2521 est
2459 2472 2694 2538 prepter
2747 2468 3049 2537 justitiam,
3109 2468 3251 2533 hec,
3303 2484 3433 2538 quae
3463 2467 3612 2521 dicta
3661 2473 3826 2534 sunt,

2117 2573 2175 2609 se
2218 2556 2442 2624 legisse,
2485 2561 2810 2610 constanter
2871 2556 3200 2615 afﬁrmavit.
3233 2561 3288 2609 et
3336 2556 3394 2610 in
3427 2555 3678 2610 Ecclesia
3711 2557 3827 2610 Ba—

2117 2644 2499 2714 benbergeusi
2545 2645 2783 2713 positus,
2836 2645 3032 2698 multis
3082 2643 3448 2698 audientibus
3498 2645 3832 2710 enarravit;

2119 2750 2186 2788 ex
2218 2733 2424 2803 quibus
2471 2749 2622 2786 unus
2681 2733 2820 2786 mihi
2878 2733 3196 2798 familiaris,
3259 2739 3315 2788 et
3345 2734 3465 2804 ipse
3525 2721 3698 2804 plane
3739 2735 3835 2787 vir

2119 2821 2424 2888 veridicus,
2462 2821 2604 2874 mihi
2637 2822 2886 2875 fideliter
2923 2822 3232 2885 iutimavit,
3289 2827 3345 2875 et
3373 2823 3597 2874 volente
3633 2837 3722 2875 me
3757 2824 3835 2876 si-

2118 2912 2295 2964 lentio
2343 2911 2723 2980 supprimere,
2771 2911 2980 2963 obnixe
3029 2911 3275 2980 rogavit,
3323 2915 3385 2965 ut
3433 2911 3744 2965 scriberem
3809 2929 3824 2966 :

2117 2999 2351 3051 tandem
2375 3013 2480 3067 ego
2511 2998 2762 3068 petentis
2789 2999 3084 3063 instantia,
3133 3004 3189 3051 et
3243 2999 3547 3052 sedulitate
3579 3015 3832 3052 monen-

2121 3086 2193 3140 tis
2237 3086 2519 3147 inductus,
2580 3086 2832 3140 ﬁdeliter
2879 3086 3214 3155 conscripsi,
3272 3092 3558 3156 quatenus
3589 3087 3648 3140 in
3682 3104 3834 3156 pro-

2123 3174 2289 3245 genie
2325 3175 2502 3227 altera
2525 3174 2646 3228 haec
2701 3179 3064 3228 enarrantur.
3112 3175 3335 3227 Mallem
3395 3191 3598 3228 somno
3651 3177 3833 3230 modo

2125 3262 2439 3332 quiescere,
2484 3278 2657 3332 quam
2685 3262 2816 3316 ﬁcta
2845 3264 2932 3316 vel
2954 3262 3158 3316 frivola
3203 3264 3272 3318 de
3303 3263 3519 3317 Sanctis
3554 3263 3654 3318 Dei
3685 3263 3833 3317 scri-

2123 3351 2278 3416 bere,
2313 3351 2634 3419 pra>sertim
2669 3351 2805 3405 dum
2831 3367 2974 3421 Opus
3006 3367 3119 3405 non
3143 3352 3356 3406 habent
3385 3351 3537 3405 falsis
3561 3352 3833 3406 laudibus

2125 3439 2390 3505 exaltari;
2425 3440 2523 3509 qui
2562 3439 2740 3508 signis
2784 3445 2839 3493 et
2897 3440 3176 3510 prodigiis
3233 3457 3493 3494 meruere
3545 3441 3830 3494 decorari.

2127 3531 2255 3583 Haac
2288 3530 2356 3582 de
2387 3534 2502 3581 tam
2563 3529 2810 3598 glorioso
2863 3529 3138 3581 miraculo
3186 3528 3332 3581 dicta
3390 3528 3697 3582 sufﬁciant.
3765 3529 3837 3582 Et

2127 3619 2181 3670 id
2206 3617 2439 3670 evidens
2471 3615 2807 3686 bujussigni
2838 3615 3232 3668 testimonium
3288 3615 3467 3684 ipsius
3522 3616 3583 3669 S.
3652 3615 3834 3670 IIeiu-

2127 3706 2228 3760 rici
2262 3706 2455 3775 imago
2488 3711 2616 3758 ante
2645 3707 2886 3773 januam
2920 3704 3254 3758 monasterii
3277 3704 3347 3756 ad
3381 3704 3646 3758 dextrum
3679 3705 3836 3757 latus

2126 3811 2301 3866 penes
2321 3795 2559 3848 chorum
2577 3794 2628 3848 S.
2652 3793 2882 3864 Georgii
2913 3809 3006 3847 ex.
3200 3792 3339 3862 pillo
3364 3809 3479 3846 uno
3503 3793 3834 3862 supposito,

2125 3900 2193 3939 ex
2244 3883 2509 3953 opposito
2565 3882 2887 3953 imaginum
2954 3881 3092 3935 Adae
3131 3888 3186 3935 et
3234 3883 3360 3935 Eva:
3405 3881 3608 3935 lucidas
3648 3897 3836 3951 appa-

2127 3977 2214 4025 ret
2237 3972 2364 4041 (6t).

2790 4093 3016 4148 CAPUT
3059 4093 3146 4146 IV.

2127 4202 2408 4258 Adventus
2454 4200 2737 4255 Benedicit
2766 4202 2871 4255 PP.
2947 4201 3075 4255 VIII
3130 4201 3189 4252 in
3239 4199 3614 4261 Germaniam,
3653 4201 3846 4252 sancti

2198 4292 2567 4360 peregrinatio
2637 4291 2976 4351 Cluniacum,
3026 4289 3139 4356 ejus
3168 4302 3269 4357 pro
3326 4287 3576 4340 Ecclesia
3632 4290 3682 4339 et
3727 4289 3840 4339 im-

2644 4377 3000 4444 felicissimus
3055 4376 3233 4429 obitus
3263 4379 3311 4428 et
3360 4374 3425 4428 de
3462 4373 3642 4428 eodem
3687 4377 3845 4428 mira

2195 4482 2351 4520 υιειο.

2201 4592 2288 4644 3t.
2322 4589 2583 4642 Indeiter
2605 4588 2818 4643 faciens
2842 4589 3082 4642 Romam
3108 4586 3389 4657 pervenit,
3409 4586 3509 4640 ubi
3537 4602 3572 4639 a
3605 4587 3846 4641 Benedi-

2129 4684 2218 4732 cto
2243 4679 2392 4747 Papa
2417 4677 2664 4747 benigne
2692 4682 2750 4730 et
2779 4674 3097 4730 honorifice
3119 4679 3434 4743 susceptus,
3456 4680 3698 4744 quantas
3732 4676 3848 4730 mi-

2129 4765 2446 4820 serationes
2476 4769 2532 4818 et
2561 4764 2809 4834 benigne
2843 4779 2947 4833 per
2976 4763 3031 4816 S.
3065 4762 3437 4817 Benedictum
3472 4761 3522 4816 ei
3557 4762 3848 4818 Dominus

2129 4851 2460 4917 contulerit,
2493 4850 2784 4905 indicavit.
2849 4849 3188 4904 Benedictus
3235 4865 3368 4902 vero
3425 4851 3578 4920 Papa
3618 4852 3849 4919 gratias

2131 4940 2252 5010 egit
2300 4942 2412 4993 Deo
2458 4955 2562 5010 pro
2595 4939 2863 4992 omnibus
2901 4937 3193 4993 beneﬁciis
3223 4937 3360 5002 suis,
3411 4942 3469 4991 et
3515 4953 3619 5007 pro
3650 4938 3849 4994 salute

2137 5027 2324 5098 Regis,
2349 5033 2406 5082 et
2444 5027 2622 5081 totius
2683 5025 2884 5098 populi
2932 5025 3208 5080 Catholici
3241 5025 3450 5079 obtulit
3486 5024 3847 5083 sacriﬁcium

2132 5117 2333 5171 laudis.
2384 5116 2592 5170 Eodem
2624 5121 2906 5185 tempore,
2940 5114 3088 5168 sicut
3116 5130 3291 5185 supra
3321 5113 3535 5168 dictum
3560 5117 3664 5180 est,
3721 5115 3848 5171 Rex

2134 5209 2364 5258 sanctus
2432 5204 2963 5273 Babenbergensem
3041 5202 3283 5256 fundum
3357 5217 3488 5255 cum
3564 5202 3852 5259 omnibus

2132 5291 2499 5363 pertinentiis
2529 5291 2647 5345 suis
2666 5291 2833 5346 beato
2873 5292 3042 5345 Petro
3102 5289 3470 5355 contradidit,
3501 5295 3558 5344 et
3584 5293 3852 5360 Aposto-

2133 5381 2241 5434 lico
2273 5380 2507 5434 Prmsuli
2537 5396 2607 5435 ex
2646 5384 2782 5434 tunc
2814 5384 2872 5432 et
2899 5394 3128 5449 semper
3183 5377 3612 5432 defendendum
3672 5395 3853 5434 com-

2137 5468 2443 5533 mendavit,
2477 5473 2533 5522 et
2561 5468 2622 5522 in
2651 5467 3265 5522 commemorationem
3310 5466 3482 5536 hujus
3530 5466 3850 5536 pactionis,

2138 5575 2591 5648 notisGretseri,
2633 5574 2730 5648 ubi
2797 5578 2853 5628 et
2888 5573 3009 5644 ipse
3039 5573 3168 5648 alia
3207 5573 3491 5645 adjungit,
3525 5573 3595 5627 de
3627 5575 3854 5648 quibus

2140 5645 2274 5700 satis
2291 5644 2541 5700 diximus
2573 5645 2633 5699 in
2667 5645 3114 5700 Commentario.
