3976 6440
200 434 301 485 l'25

1878 430 2069 485 ACTA.
3633 431 3726 482 l26

183 554 434 625 singulis
465 555 634 610 anuis
673 556 869 609 album
902 555 1330 610 ambulatorem
1357 558 1466 625 (62)
1500 571 1630 610 cuni
1662 556 1911 628 phaleris
1943 559 1988 610 Α
2029 555 2207 627 lisper
2247 555 2487 625 digressi
2519 571 2737 624 sumus,
2770 561 3081 627 postquam
3111 555 3199 609 vir
3245 561 3472 612 sanctus
3525 559 3721 614 Romae

188 644 721 698 Romano'Prass-uli
748 644 874 699 dari
903 643 1218 698 constituit.
1261 645 1373 698 Hoc
1404 660 1637 715 quoque
1668 644 1902 700 humili-

189 737 302 784 tate
332 736 392 784 et
423 732 736 786 devotione
763 732 916 802 apud
950 732 1257 786 Dominum
1290 735 1499 803 Papam
1533 732 1804 800 obtinuit,
1844 738 1907 786 ut

190 821 258 873 ad
314 821 723 875 Alemanniam
783 821 1099 887 accederet,
1156 826 1214 875 et
1259 822 1593 892 Babenberg
1639 822 1905 881 fundum,

194 926 405 962 novam
468 911 885 980 plantationem
930 910 1205 963 visitaret.
1250 910 1413 974 Quod
1474 916 1532 963 et
1568 909 1649 963 ita
1694 910 1906 963 factum

194 999 474 1052 95LNillll
531 999 593 1052 in
644 1000 904 1070 proximo
955 1000 1136 1067 Aprili
1188 998 1587 1052 Alemanniam
1652 998 1908 1065 intravit,

198 1086 591 1158 omnibusque
645 1087 971 1141 civitatibus
1025 1087 1176 1140 illius
1239 1087 1494 1156 regionis
1569 1088 1909 1158 peragratis,

198 1180 487 1244 tempore,
540 1192 657 1245 quo
712 1176 1060 1241 condixerat,
1127 1176 1462 1246 Babenberg
1508 1177 1696 1230 locum
1753 1177 1913 1229 adire

202 1264 509 1333 disposuit.
568 1263 730 1317 Venit
779 1281 916 1335 ergo
957 1281 985 1314 v
1042 1266 1182 1319 feria
1239 1266 1464 1334 Majoris
1506 1266 1911 1334 Hebdomadm,

200 1353 344 1405 hora
366 1358 547 1421 sexta,
582 1354 756 1407 sacris
787 1354 1223 1408 Pontiﬁcalibus
1264 1354 1622 1407 vestimentis
1651 1354 1911 1423 indutus,

203 1442 349 1495 sicut
390 1444 517 1511 jam
561 1443 631 1496 ad
678 1443 1008 1513 peragenda
1058 1444 1333 1513 mysteria
1387 1444 1508 1508 Dei,
1566 1461 1629 1497 ac
1679 1444 1914 1497 solenne

205 1530 361 1584 illius
414 1531 532 1585 diei
574 1532 827 1585 officium
867 1548 1240 1602 processurus
1285 1539 1453 1586 erat:
1498 1538 1551 1586 et
1607 1534 1917 1603 suscipitur

208 1619 625 1689 gloriosissime
664 1621 735 1673 ab
796 1622 1173 1691 Imperatore,
1234 1627 1403 1691 atque
1456 1620 1759 1688 universis,
1812 1622 1911 1692 qui

205 1708 471 1773 aderant,
533 1709 913 1779 Principibus,
983 1710 1262 1780 omnique
1312 1711 1483 1775 clero,
1546 1716 1602 1765 et
1677 1713 1913 1781 populo,

208 1796 606 1849 inaestimabili
633 1796 1057 1850 exultatationis
1089 1798 1363 1867 tripudio.

281 1906 370 1956 3’2.
430 1904 501 1957 Ut
553 1908 748 1956 autem
797 1902 857 1956 in
915 1902 1167 1957 adventu
1225 1908 1343 1957 tam
1388 1903 1622 1969 insoliti,
1686 1909 1920 1976 tamque

213 1992 464 2061 exoptati
498 1991 742 2062 hospitis
777 1992 889 2045 Deo
920 1996 1118 2045 nostro
1149 1992 1402 2060 jucunda
1440 1992 1761 2064 decoraque
1798 1995 1920 2047 lau-

215 2080 366 2134 datio
397 2080 791 2147 exhiberetur,
832 2080 1315 2150 prudentissimus
1336 2097 1537 2151 regum
1567 2087 1817 2152 quatuor
1861 2082 1921 2136 in

214 2184 517 2223 occursum
543 2170 667 2240 ejus
693 2170 895 2223 choros
928 2170 1297 2240 psallentium
1332 2170 1600 2224 decenter
1635 2170 1923 2225 ordinavit

221 2257 475 2310 Primum
501 2258 559 2312 in
611 2258 866 2312 ﬂuminis
923 2259 1068 2329 ripa,
1104 2259 1305 2325 alium,
1353 2259 1413 2313 in
1470 2260 1740 2325 citeriori,
1808 2265 1922 2314 ter-

219 2347 385 2414 tium,
418 2352 555 2401 ante
581 2353 801 2417 portam
834 2348 1079 2403 civitatis
1112 2364 1125 2402 :
1156 2354 1447 2419 quartum,
1486 2350 1544 2402 in
1576 2350 1720 2403 atrio
1747 2352 1923 2404 eccle-

220 2437 345 2501 siae;
378 2436 479 2490 ubi
511 2438 735 2506 primus
764 2437 1024 2491 omnium
1060 2438 1175 2492 Rex
1211 2438 1351 2508 ipse,
1387 2438 1518 2492 data
1557 2455 1750 2492 manu.
1816 2441 1926 2492 Pa-

221 2540 336 2577 sam
381 2524 443 2577 in
498 2526 735 2579 domum
792 2526 1024 2579 Domini
1076 2528 1468 2592 introducens,
1528 2527 1738 2581 divinis
1792 2528 1925 2581 hinc

227 2614 368 2667 unde
408 2614 642 2684 hymnis
672 2630 885 2668 canora
915 2615 1195 2669 suavitate
1244 2616 1670 2681 resonantibus,
1712 2616 1769 2670 in
1804 2616 1924 2686 epi-

224 2701 433 2770 scopali
456 2702 733 2755 cathedra
764 2702 988 2755 locavit.
1034 2702 1300 2756 Debitum
1330 2704 1501 2772 hujus
1529 2702 1926 2769 secretissimae

226 2788 335 2842 diei
357 2789 612 2843 efticium
639 2807 770 2843 cum
789 2791 1075 2845 duodenis
1128 2791 1423 2862 EpiscOpis
1454 2793 1926 2861 cooperatoribus

224 2879 582 2947 Apostolicus
604 2880 868 2933 Pontifex
895 2879 1162 2933 similiter
1189 2884 1246 2933 et
1276 2880 1521 2933 aliorum
1554 2880 1776 2934 dierum
1838 2898 1924 2933 se-

227 2968 523 3036 quentium
557 2984 783 3021 summa
813 2968 1113 3023 devotione
1140 2970 1464 3023 celebravit.
1494 2971 1559 3021 In
1592 2976 1784 3023 sancta
1819 2987 1921 3021 au-

227 3062 336 3109 tem
409 3056 711 3109 Dominica
751 3058 982 3111 Paschce
1039 3073 1169 3110 cum
1237 3057 1295 3110 in
1354 3057 1682 3111 matutinali
1740 3059 1927 3112 oflicio

232 3145 613 3215 Aquileiensis
660 3146 985 3200 Patriarcha
1024 3147 1329 3201 lectionem
1393 3148 1660 3216 primam,
1723 3148 1925 3201 Archi-
1960 3124 1999 3177 Ο

231 3234 530 3304 episcopus
561 3240 756 3288 autem
795 3236 1093 3289 Ravennas
1123 3235 1467 3301 secundam;
1494 3236 1760 3305 ipseque-
1785 3240 1928 3306 Apo-

236 3323 459 3375 stolicus
501 3323 771 3376 recitaret
800 3322 1025 3376 tertiam
1061 3338 1074 3376 :
1134 3324 1293 3376 omni
1347 3324 1595 3394 denique
1628 3330 1833 3378 ornatu
1877 3330 1932 3377 et

236 3410 518 3479 elegantia
596 3411 984 3480 processionis
1048 3413 1307 3465 solennia
1369 3418 1697 3482 agerentur,
1756 3414 1931 3467 veluti

236 3500 526 3552 condecuit
560 3500 947 3568 Apostolicam
991 3499 1351 3571 dignitatem,
1393 3502 1751 3571 lmperialem
1804 3518 1933 3555 ma-

235 3588 627 3655 gniﬁcentiam
672 3589 731 3641 in
764 3589 1109 3643 solennitate
1156 3590 1590 3657 solennitatum,
1634 3590 1761 3660 quis
1814 3607 1932 3644 non

229 3676 439 3745 judicet
477 3683 597 3730 tam
634 3677 977 3747 religiosam,
1006 3677 1333 3747 nostrisque
1366 3677 1697 3731 inusitatam
1750 3679 1809 3731 in
1849 3696 1934 3732 re-

239 3765 498 3834 gionibus
528 3766 945 3832 celebritatem,
972 3765 1178 3819 merito
1205 3766 1264 3819 in
1290 3766 1489 3819 notitia
1533 3767 1793 3820 omnium
1830 3769 1933 3820 Ba-

240 3853 644 3925 benbergensis
695 3856 977 3908 eccclesiaa
1020 3854 1271 3908 iiliorum
1305 3861 1584 3925 perpetuo
1619 3856 1837 3924 haberi,
1880 3861 1935 3910 et

240 3945 569 3998 memoriale
606 3945 731 4013 ejus
780 3944 839 3997 in
889 3944 1163 3997 saeculum
1212 3960 1329 3996 non
1396 3944 1763 4015 derelinqui?
1820 3946 1933 3999 Sub

239 4030 443 4085 eisdem
482 4032 689 4085 diebus
732 4031 1021 4085 basilicam
1052 4032 1111 4085 in
1144 4033 1359 4086 honore
1410 4033 1462 4086 S.
1521 4033 1795 4103 Stephani
1820 4035 1932 4101 (63)

240 4134 326 4172 vui
349 4120 585 4174 Kalend.
632 4120 763 4173 Maii
798 4120 951 4173 idem
994 4120 1338 4174 venerabilis
1374 4122 1525 4190 Papa
1572 4138 1930 4189 consecrans,

242 4206 492 4273 pretiosis
535 4208 893 4275 muneribus,
919 4224 1049 4279 qua:
1082 4208 1267 4262 adhuc
1292 4208 1369 4262 ibi
1411 4216 1728 4273 servantur,
1762 4211 1932 4264 ador-

244 4294 430 4349 navit:
490 4296 593 4350 ubi
650 4296 800 4350 inter
832 4298 1129 4351 Missarum
1183 4298 1466 4365 solennia,
1524 4300 1932 4368 cooperatione

245 4397 374 4437 Lxxu
406 4385 843 4455 Episcoporum,
886 4391 941 4439 et
973 4386 1235 4439 unanimi
1265 4403 1544 4440 consensu
1580 4388 1932 4458 Principum,
1974 4415 2014 4468 υ

246 4472 633 4543 episcopatum
689 4474 760 4528 ab
811 4475 971 4528 omni
1018 4475 1278 4529 saeculari
1330 4482 1609 4546 potestate
1694 4477 1938 4531 liberum

249 4574 359 4615 esse
388 4565 709 4627 constituit,
745 4570 802 4619 et
842 4571 1065 4633 cuncta,
1113 4583 1243 4637 quae
1298 4567 1614 4637 pontiﬁcali
1675 4568 1941 4639 dignitati

250 4654 299 4702 et
326 4653 557 4706 utilitati
594 4662 1000 4723 congruerent,
1040 4656 1361 4725 praesentia:
1417 4673 1534 4710 sum
1590 4658 1941 4725 auctoritate,

252 4742 304 4791 et
348 4742 642 4813 privilegii
720 4743 807 4796 sui
866 4745 1250 4810 attestatione,
1299 4745 1591 4815 bannique
1667 4746 1943 4800 ﬁrmitate

251 4828 543 4884 roboravit.
632 4832 806 4901 Cujus
874 4832 1161 4902 privilegii
1215 4835 1574 4888 conﬁrmatio
1638 4836 1765 4888 talis
1817 4840 1939 4890 est:

250 4917 410 4981 primo
437 4919 547 4973 loco
582 4922 643 4973 in
684 4921 982 4989 appendice
1011 4922 1354 4991 reperienda.

313 5027 394 5078 33.
429 5026 495 5080 Ut
538 5031 737 5081 autem
782 5027 854 5081 ad
900 5028 1201 5098 superiora
1259 5028 1561 5083 redeamus
1606 5030 1759 5085 unde
1803 5047 1943 5102 pau-

253 5269 261 5277 .
313 5204 416 5271 (6'2)
444 5204 663 5277 Nempe
689 5219 903 5274 equum
924 5204 1143 5277 album,
1162 5205 1232 5277 de
1256 5220 1379 5277 quo
1402 5206 1565 5274 plura
1583 5206 1941 5260 Hofmannus

252 5276 298 5323 in
329 5276 663 5339 Annalibus,
707 5282 914 5329 notans
947 5276 1119 5329 etiam
1161 5276 1454 5330 addendas
1511 5277 1687 5331 fuisse
1745 5284 1940 5331 cente-

254 5357 341 5417 nas
368 5360 585 5400 marcas
642 5346 904 5415 argenti;
946 5346 1041 5400 sed
1091 5363 1219 5400 eam
1277 5347 1616 5417 pensionem
1662 5366 1695 5401 a
1752 5350 1940 5403 Leone

254 5413 345 5467 PP.
403 5417 467 5470 IX
522 5433 627 5487 per
680 5413 1211 5471 communationem
1278 5413 1604 5471 remissam.
1678 5420 1738 5472 In
1800 5426 1940 5472 tem-

255 5498 376 5559 pore
428 5486 710 5541 adventus
765 5490 930 5559 Papa:
966 5489 1023 5542 in
1074 5488 1465 5557 Germaniam,
1532 5489 1696 5542 solita
1745 5490 1940 5543 alluci-

255 5558 410 5609 natio.

316 5628 416 5692 (63)
447 5628 616 5683 Recte
649 5629 743 5683 hic
779 5632 1120 5699 Anonymus
1166 5635 1367 5683 contra
1414 5630 1657 5683 Leonem
1718 5630 1938 5683 Ostien—

258 5710 382 5761 sem,
399 5699 494 5769 qui
521 5701 679 5754 velut
700 5701 981 5771 templum
1001 5700 1060 5754 in
1082 5701 1365 5756 honorem
1381 5700 1433 5756 S.
1460 5700 1687 5771 Georgii
1709 5718 1741 5753 a
1767 5702 1936 5756 Bene-

2019 646 2256 715 positus,
2283 645 2497 713 omnia,
2532 662 2659 716 qua:
2684 645 2933 715 petebat,
2959 662 2992 699 a
3046 644 3289 699 Domino
3325 648 3477 716 Papa
3525 647 3714 717 impe-

2016 734 2206 792 travit.
2263 734 2632 789 confirmatus
2684 734 3009 805 Apostolica
3068 734 3487 796 benedictione,
3550 737 3720 807 Alpes

2019 823 2353 893 Apenninas
2384 823 2756 888 transcendit,
2789 833 2846 877 et
2877 824 3111 876 dimisso
3145 824 3399 877 exercitu
3422 825 3482 877 in
3509 828 3722 879 terram

2021 928 2204 979 suam,
2253 912 2587 966 Cluniacum
2620 914 2755 982 (64),
2782 929 2848 965 eo
2874 912 3028 983 quod
3088 913 3270 966 multa
3328 914 3397 968 de
3445 914 3726 984 religione

2023 1005 2081 1054 et
2109 1004 2255 1075 statu
2287 1001 2421 1054 locis
2440 1002 2592 1055 illius
2614 1002 2858 1064 audiret,
2888 1000 3166 1054 orationis
3184 1017 3354 1055 causa
3373 1018 3504 1055 cum
3530 1003 3725 1072 paucis

2024 1089 2403 1144 familiaribus
2434 1091 2701 1160 perrexit.
2758 1090 2859 1145 Ubi
2884 1106 3015 1144 cum
3065 1090 3315 1161 plurima
3370 1090 3539 1159 signa
3597 1090 3723 1142 reli-

2027 1179 2214 1248 gionis
2262 1185 2317 1233 et
2390 1179 2703 1234 sanctitatis
2760 1180 3013 1245 vidisset,
3064 1180 3242 1231 sancti
3299 1179 3545 1249 Spiritus
3590 1178 3723 1247 igne

2027 1284 2352 1333 succensus,
2412 1284 2681 1323 coronam
2737 1284 2971 1322 auream
3003 1268 3432 1337 pretiosissimis
3481 1266 3725 1336 gemmis

2027 1356 2389 1422 adcrnatam,
2450 1358 2516 1410 ad
2572 1356 2821 1423 Missam,
2867 1373 2996 1427 quae
3066 1356 3135 1410 de
3203 1355 3475 1409 cathedra
3536 1354 3717 1408 sancti

2028 1445 2179 1499 Petri
2211 1445 2626 1511 celebrabatur,
2670 1445 2898 1510 obtulit,
2940 1450 2997 1498 et
3049 1444 3471 1498 fraternitatem
3515 1459 3717 1497 mona-

2028 1533 2264 1587 chorum
2299 1534 2637 1603 suscipiens,
2670 1550 2801 1587 cum
2832 1533 3081 1587 maxima
3126 1532 3453 1586 humilitate
3496 1535 3551 1584 et
3596 1546 3730 1586 cou-

2028 1623 2257 1675 tritione
2295 1623 2503 1689 cordis,
2538 1622 2897 1675 orationibus
2924 1637 3125 1674 eorum
3181 1637 3240 1673 se
3278 1618 3723 1683 commendavit,

2030 1715 2087 1764 et
2119 1710 2177 1764 in
2208 1710 2675 1780 supplementum
2702 1709 3147 1763 necessariarum
3183 1724 3399 1771 rerum,
3430 1708 3487 1760 in
3516 1706 3729 1760 Alsatia

1962 1837 2001 1890 Β
2032 1799 2251 1868 optima
2281 1799 2495 1869 praedia
2513 1799 2696 1851 eidem
2728 1797 3159 1868 congregationi
3180 1795 3551 1850 contradidit.
3589 1795 3725 1849 lnde

2030 1888 2138 1942 iter
2168 1887 2378 1941 faciens
2400 1903 2502 1956 per
2537 1886 2811 1941 Leodium
2845 1892 2902 1940 et
2918 1886 3208 1940 Treverim
3234 1886 3540 1938 transitum
3572 1883 3725 1948 fecit,

2029 1982 2083 2031 et
2116 1975 2593 2047 congregationes
2617 1976 2693 2029 ibi
2726 1976 2840 2029 Deo
2870 1976 3214 2030 famulantes
3244 1973 3511 2043 plurimis
3549 1972 3720 2043 largi-

2032 2066 2289 2121 tionibus
2311 2068 2367 2119 et
2400 2065 2630 2135 praediis
2658 2064 2881 2118 ditavit.

2105 2174 2189 2226 3i.
2230 2173 2294 2226 Et
2328 2172 2539 2225 mirum
2597 2172 2749 2242 quod
2796 2171 2969 2225 homo
3000 2169 3124 2238 Dei,
3181 2168 3280 2239 qui
3339 2168 3489 2222 circa
3546 2168 3728 2221 eccle-

2033 2261 2285 2315 siasticas
2337 2261 2607 2315 utilitates
2654 2266 2815 2316 tanto
2873 2260 3062 2314 studio
3113 2259 3184 2313 ob
3224 2260 3468 2313 salutem
3518 2258 3729 2311 animas

2034 2368 2151 2404 sua:
2192 2351 2490 2421 ﬂagrabat,
2515 2350 2571 2403 in
2594 2351 2751 2403 nullo
2774 2349 3094 2419 profectum
3132 2349 3297 2418 regni
3354 2347 3681 2417 negligebat
3716 2364 3728 2400 :

2035 2439 2174 2511 quin
2205 2439 2322 2493 imo
2340 2440 2463 2493 sine
2492 2439 2773 2493 effusione
2796 2439 3115 2509 sanguinis,
3148 2438 3361 2508 pietate
3385 2443 3441 2489 et
3496 2436 3717 2506 sapien-

2034 2529 2110 2582 tia
2138 2528 2415 2581 terminos
2438 2527 2601 2599 regni
2630 2527 2716 2581 sui
2755 2528 3031 2595 dilatavit,
3065 2532 3120 2581 et
3144 2526 3506 2597 imperialem
3549 2524 3733 2595 digni—

2035 2621 2211 2671 tatem
2242 2617 2424 2686 gloria
2453 2620 2509 2669 et
2539 2617 2754 2670 honore
2794 2616 3164 2686 ampliﬁcavit
3207 2621 3264 2669 et
3314 2615 3554 2669 ornavit.
3603 2615 3733 2666 Boe-

2037 2707 2212 2758 miam
2243 2705 2375 2758 vicit
2403 2709 2457 2757 et
2479 2704 2839 2774 subjugavit:
2878 2704 3267 2774 Burgundiam
3299 2703 3358 2756 in
3379 2702 3733 2756 deditionem

2037 2792 2254 2862 recepit
2288 2809 2300 2845 :
2335 2793 2691 2846 Pannoniam
2716 2809 2948 2863 quoque
2973 2792 3275 2846 Catholicae
3328 2791 3482 2854 iiuiei,
3521 2794 3576 2843 et
3620 2790 3732 2843 Ro-

2039 2896 2209 2933 mano
2270 2882 2521 2951 Imperio
2575 2881 2957 2934 coadunavit:
3008 2882 3187 2933 victor
3246 2885 3440 2932 autem
3490 2878 3733 2931 aliarum

2039 2968 2359 3033 nationum,
2391 2969 2696 3038 Apostolus
2724 2969 2787 3021 ﬁt
2812 2970 3189 3038 Ungarorum.
3217 2968 3354 3020 Cum
3391 2966 3545 3019 enim
3604 2980 3735 3018 om-

2038 3071 2138 3107 nes
2167 3055 2350 3107 adhuc
2400 3054 2661 3107 infideles
2716 3059 2925 3120 essent,
2966 3053 3239 3108 Henricus
3298 3054 3615 3122 In'iperator
3665 3050 3737 3104 ad

2042 3142 2177 3196 lidei
2209 3143 2653 3197 confesssionem
2710 3143 2834 3196 illos
2884 3142 3132 3196 attraxit.
3179 3132 3341 3205 Quod
3391 3145 3452 3193 ut
3516 3139 3739 3194 facilius

2041 3232 2222 3294 ﬁeret,
2259 3247 2509 3285 sororem
2540 3248 2701 3285 suam
2752 3232 2995 3287 Uiselam
3046 3232 3336 3301 Stephano
3368 3228 3506 3299 Regi
3542 3227 3739 3281 matri-

2045 3320 2239 3373 monia
2285 3320 2593 3390 copulavit,
2654 3322 2967 3374 secundum
3008 3321 3347 3389 Apostolum
3404 3319 3735 3371 dicentem:

2041 3409 2437 3463 Sanctilicatur
2468 3411 2550 3462 vir
2599 3409 2849 3463 intidelis
2880 3426 2983 3480 per
3036 3410 3339 3463 mulierem
3385 3407 3650 3473 ﬁdelem;
3684 3408 3740 3457 et

2043 3497 2427 3551 sanctiticatur
2481 3500 2691 3552 mulier
2746 3499 2994 3553 intidelis
3069 3515 3171 3569 per
3231 3498 3418 3550 virum
3488 3497 3736 3549 iidelem.

2042 3588 2332 3656 Stephano
2367 3587 2559 3657 itaque
2593 3588 2743 3658 Rege
2773 3588 3060 3657 baptizato
3086 3587 3223 3656 (63),
3273 3586 3541 3640 universa
3591 3586 3736 3638 Pan-

2045 3676 2219 3729 nonia
2249 3675 2484 3729 verbum
2518 3678 2644 3729 vitae
2674 3678 2940 3747 suscepit,
2965 3683 3021 3730 et
3046 3678 3190 3729 mira
3241 3692 3433 3729 rerum
3490 3674 3742 3728 novitate

2047 3779 2148 3833 per
2178 3764 2359 3833 Reges
2382 3765 2666 3833 apostolos
2733 3771 2941 3817 sanctm
2986 3764 3291 3818 Catholicae
3334 3762 3592 3817 Ecclesiae
3653 3763 3739 3814 in-

2045 3858 2347 3921 corporata
2377 3857 2477 3904 est.
2512 3853 2691 3916 Quam
2751 3854 3023 3922 praeclara
3067 3852 3212 3905 tanti
3258 3853 3613 3921 apostolatus
3657 3867 3742 3903 so-

2046 3940 2243 4007 cietas;
2282 3956 2456 4010 quam
2509 3941 2746 3995 colenda
2800 3947 2855 3994 et
2883 3941 3208 3994 veneranda
3268 3940 3567 4007 utriusque
3621 3954 3745 3989 san-

2046 4029 2231 4095 ctitas,
2266 4045 2368 4099 per
2402 4046 2543 4100 quos
2572 4034 2656 4083 tot
2686 4031 2957 4084 salvatiet
3010 4030 3344 4084 sanctiticati
3402 4034 3552 4081 sunt.
3586 4028 3741 4081 Prte-

2048 4117 2196 4170 fatus
2226 4123 2416 4171 autem
2450 4119 2562 4173 Rex
2597 4119 2980 4190 Ungarorum,
3014 4119 3315 4189 religiosus
3364 4118 3595 4188 Deoque
3641 4115 3745 4168 de-

2050 4211 2234 4273 votus,
2316 4214 2515 4278 postea
2590 4208 2648 4261 in
2727 4211 3063 4263 executione
3149 4208 3436 4261 bonorum
3499 4218 3741 4275 operum

2049 4299 2393 4365 permansit;
2455 4299 2608 4370 quod
2658 4298 2851 4352 divina
2917 4299 3098 4368 pietas
3150 4301 3277 4367 post
3341 4300 3583 4349 mortem
3626 4294 3747 4362 ejus

2055 4389 2414 4446 evidentibus
2469 4385 2695 4441 indiciis
2740 4387 2813 4441 ad
2870 4388 3197 4457 sepulcrum
3235 4384 3394 4440 factis
3442 4383 3739 4453 signorum

2060 4480 2349 4534 miraculis
2373 4476 2808 4531 demonstravit.

2128 4589 2215 4641 35.
2273 4584 2738 4655 Burgundiorum
2777 4598 3010 4653 quoque
3062 4596 3177 4633 non
3234 4580 3489 4633 humana
3530 4578 3623 4632 sed
3664 4576 3749 4631 di-

2056 4674 2187 4728 vina
2239 4674 2345 4728 fuit
2394 4672 2648 4737 victoria,
2710 4672 2811 4743 qui
2880 4686 3011 4724 cum
3057 4669 3232 4723 armis
3291 4668 3559 4721 omnibus
3617 4666 3751 4721 belli

2055 4763 2235 4832 copiis
2266 4768 2455 4815 essent
2482 4761 2764 4823 instructi,
2802 4759 2905 4813 viri
2930 4760 2999 4812 ad
3027 4758 3177 4812 bella
3207 4757 3544 4824 doctissimi,
3574 4755 3749 4810 armis

2056 4850 2272 4919 positis,
2311 4865 2427 4902 non
2466 4847 2719 4902 hominis
2753 4852 2929 4913 metu,
2973 4846 3071 4900 sed
3127 4845 3226 4899 Dei
3259 4850 3423 4911 nutu,
3488 4849 3752 4915 rogantes

2054 4956 2139 5003 ea,
2171 4954 2302 5010 qua:
2354 4937 2509 5009 pacis
2552 4942 2705 5003 sunt,
2744 4936 2971 4991 dextras
2998 4936 3303 4990 dederunt.
3367 4934 3746 4999 Quemadmo—

2052 5028 2190 5083 dum
2219 5027 2291 5081 ad
2329 5026 2669 5081 celebranda
2705 5026 2858 5080 beati
2905 5024 3129 5079 Martini
3175 5023 3517 5078 confessoris
3550 5024 3752 5076 merita

2052 5206 2202 5260 dicto
2231 5208 2381 5277 Papa
2412 5210 2825 5267 consecratum,
2858 5222 2987 5260 cum
3048 5204 3104 5259 id
3148 5206 3371 5277 pridem
3427 5204 3753 5258 dedicatum

2054 5284 2222 5342 esset,
2252 5276 2404 5332 nt’ex
2439 5278 2853 5331 commentario
2889 5277 3117 5347 plenius
3158 5276 3463 5343 intelliges.

2124 5349 2233 5417 (64)
2266 5349 2598 5403 Cluniacum
2629 5349 2938 5419 aliquanto
2970 5348 3136 5401 ivisse
3173 5349 3229 5401 S.
3285 5348 3574 5399 Mauricum
3628 5361 3747 5419 non

2052 5421 2314 5473 videatur
2335 5419 2533 5488 negari
2566 5417 2752 5488 posse,
2783 5420 2883 5473 sed
2915 5434 3089 5487 quam
3116 5432 3321 5488 parum
3360 5420 3591 5488 apteet
3628 5417 3748 5469 haec

2052 5496 2109 5569 et
2136 5491 2248 5569 alia
2276 5486 2621 5569 disposuerit
2647 5490 2893 5569 scriptor
2912 5486 3132 5553 noster,
3156 5488 3291 5569 satis
3318 5486 3455 5541 alibi
3478 5486 3751 5554 diximus,

2049 5567 2111 5615 ut
2137 5562 2301 5630 plura
2326 5558 2417 5615 hic
2445 5558 2800 5615 observanda
2827 5575 2943 5613 non
2975 5558 3292 5626 supersint.

2123 5626 2231 5699 (65)
2266 5632 2391 5686 llaac
2418 5632 2591 5685 etiam
2633 5632 2701 5685 ad
2758 5630 3127 5685 commodum
3160 5644 3391 5683 sensum
3438 5627 3496 5680 in
3565 5626 3740 5681 Com~

2050 5703 2332 5757 mentario
2368 5703 2603 5757 reducta
2620 5706 2771 5755 sunt.
