3944 6418
230 398 327 450 127
1524 392 1579 447 s.
1626 387 1913 445 HENRICI
1949 358 2421 447 iureuaroms
3635 396 3732 449 ηε

235 518 510 576 Dominus
533 514 841 588 paciﬁcum
865 514 1005 570 belli
1030 513 1189 570 dedit
1224 512 1444 569 exitum
1473 529 1487 568 :
1541 512 1620 567 ita
1675 515 1732 566 et
1765 526 1918 567 nunc
1952 515 1999 567 Α
2029 528 2133 583 per
2161 513 2488 585 corporales
2521 511 3226 583 exprimunturimagines
3254 528 3268 567 :
3299 529 3545 585 cumque
3577 513 3731 568 aliud

236 609 382 664 servi
401 607 491 662 sui
521 606 742 662 meritis
785 604 1142 659 consimilem
1172 603 1440 657 virtutem
1491 601 1787 656 ostendere
1842 600 1922 655 di-
2031 602 2169 656 foris
2200 602 2393 673 agitur
2420 603 2771 662 autdicitur.
2804 602 2961 656 intus
2991 602 3147 657 aliud
3180 603 3302 672 geri
3354 603 3726 671 significatur.

232 703 441 768 gnatus
477 701 582 751 est.
616 695 875 751 Similem
896 693 1215 764 ergoillum
1263 691 1398 746 fecit
1435 690 1630 762 gloria!
1687 690 1919 745 Sancto-
2030 691 2516 746 Prasmemoratus
2544 699 2600 745 et
2629 708 2781 762 saepe
2824 693 3297 745 rememorandus
3331 692 3428 746 Dei
3482 694 3729 746 famulus

234 802 384 841 rum.
424 786 489 840 Et
538 784 686 839 sicut
730 784 951 852 Moyses
1000 780 1263 852 precibus
1294 780 1476 850 magis
1523 794 1693 850 quam
1744 778 1920 832 armis
2028 781 2265 835 calicem
2293 796 2533 835 aureum
2576 780 2634 834 in
2667 781 2946 835 honorem
2993 779 3092 834 Dei
3141 786 3195 833 et
3232 780 3727 834 commemoratio-

227 874 624 945 triumphavit,
669 873 750 926 ita
796 870 1240 941 gloriosissimus
1296 869 1563 936 Princeps
1598 883 1703 937 per
1757 883 1921 921 arma
2028 884 2162 922 nem
2215 869 2270 922 S.
2329 869 2617 923 Laurentii
2656 869 2926 938 martyris
2974 868 3228 922 ecclesia:
3277 869 3727 938 Merscburgensi

225 962 466 1033 justitim
483 962 680 1016 omnia
705 961 850 1015 bella
869 959 1112 1015 feliciter
1129 956 1561 1019 consummavit,
1585 971 1650 1010 ac
1679 955 1918 1009 minime
2027 959 2370 1023 contulerat,
2402 957 2565 1026 cujus
2595 958 2830 1026 speciali
2864 957 3186 1026 patrocinio
3216 972 3407 1010 coram
3469 957 3581 1011 Deo
3629 958 3727 1011 ad-

227 1049 512 1104 funestam
569 1054 623 1103 et
679 1049 1038 1103 incruentam
1081 1046 1371 1101 victoriam
1420 1061 1647 1115 semper
1692 1045 1915 1101 habuit.

233 1137 492 1208 Denique
521 1136 926 1190 consummatis
946 1134 1352 1205 gloriosissime
1377 1133 1548 1201 hujus
1596 1132 1727 1186 vitae
1760 1132 1915 1185 labo-

234 1225 417 1291 ribus,
444 1231 741 1296 postquam
792 1224 958 1277 bonas
988 1222 1276 1294 opinionis
1305 1222 1542 1276 odorem
1583 1222 1753 1291 longe
1777 1220 1913 1274 late-

231 1330 342 1385 que
385 1314 641 1368 redolere
696 1314 920 1378 fecerat,
956 1312 1261 1381 locumque
1314 1309 1421 1365 sibi
1467 1310 1737 1364 dilectum
1785 1324 1915 1364 cum

230 1402 429 1456 ceteris
456 1400 813 1454 monasteriis
839 1399 1098 1466 ditando,
1120 1405 1178 1454 et
1202 1399 1483 1464 ornando,
1517 1404 1576 1452 et
1605 1397 1916 1452 excolendo

230 1490 297 1544 ad
330 1490 639 1561 perfectum
662 1489 998 1551 adduxerat,
1019 1488 1088 1543 ad
1112 1487 1540 1560 percipiendam
1582 1488 1913 1543 immarces-

230 1577 453 1633 cibilem
486 1593 753 1633 coronam
786 1578 858 1632 ab
898 1578 1185 1647 ergastulo
1215 1577 1402 1631 carnis
1456 1593 1489 1631 a
1529 1575 1772 1630 Domino
1830 1579 1916 1629 est

227 1673 480 1722 vocatus.
529 1667 637 1731 Qui
691 1682 820 1721 cum
884 1670 1144 1721 cerneret
1195 1664 1499 1720 imminere
1551 1664 1663 1718 sibi
1711 1664 1915 1719 mortis

228 1755 400 1822 diem,
426 1755 611 1845 citatis
642 1755 711 1809 ad
741 1771 800 1809 se
831 1754 1165 1825 parentibus
1195 1758 1253 1808 et
1290 1753 1547 1823 cognatis
1566 1752 1912 1807 beatissima:
1946 1791 1986 1845 Β

228 1844 608 1916 lmperatricis
652 1843 1086 1914 Chunegundas,
1143 1842 1435 1897 nonnullis
1514 1842 1689 1896 etiam
1751 1841 1917 1913 regni

225 1933 595 2005 primoribus,
623 1948 799 1988 manu
833 1947 962 1986 eam
996 1932 1417 2002 apprehensam
1448 1930 1561 1984 illis
1618 1946 1914 1985 commen-

227 2021 377 2076 davit
402 2020 732 2092 hujusmodi
756 2018 942 2074 verbis
971 2017 1252 2073 memoria
1291 2016 1481 2087 dignis
1514 2033 1528 2071 :
1585 2018 1741 2071 Hanc
1765 2033 1911 2083 ecce,

223 2109 432 2180 inquit,
469 2109 614 2163 mihi
654 2125 689 2163 a
734 2108 898 2163 vobis
923 2108 1043 2162 imo
1059 2123 1164 2178 per
1192 2106 1482 2161 Christum
1518 2106 1912 2177 consignatam

225 2197 348 2268 ipso
390 2198 616 2255 Christo
672 2197 913 2252 Domino
972 2202 1191 2262 nostro,
1252 2199 1309 2249 et
1356 2194 1516 2249 vobis
1572 2195 1913 2266 reconsigno

223 2287 507 2357 virginem
529 2291 800 2341 vestram.

295 2379 383 2431 36.
423 2376 488 2430 In
517 2376 640 2446 ejus
680 2390 814 2428 vero
873 2371 1137 2440 transitu,
1183 2376 1334 2426 terra
1379 2372 1664 2444 plorante,
1704 2373 1910 2427 celum

229 2463 524 2525 exultavit,
583 2463 727 2517 sicut
769 2461 1045 2517 Dominus
1097 2477 1204 2532 per
1243 2477 1404 2515 suam
1465 2460 1914 2515 misericordiam

225 2555 481 2609 revelare
508 2554 776 2624 dignatus
799 2557 930 2623 est,
953 2551 1068 2607 Sub
1098 2551 1223 2623 ipsa
1266 2551 1479 2605 etenim
1536 2552 1679 2605 hora
1732 2552 1916 2605 exitus

226 2643 383 2697 illius
414 2643 639 2698 cuidam
690 2658 850 2696 servo
892 2640 990 2696 Dei
1045 2641 1107 2695 in
1150 2640 1458 2695 solitudine
1512 2641 1911 2703 commoranti,

225 2730 483 2786 diabolus
525 2732 631 2785 sub
662 2732 915 2786 humana
943 2728 1132 2801 specie
1154 2728 1397 2784 traditur
1423 2728 1754 2799 apparuisse
1776 2732 1911 2799 (63).

224 2818 405 2883 Quem
431 2819 516 2872 vir
548 2818 643 2874 Dei
675 2835 776 2890 per
804 2817 1075 2890 spiritum
1107 2819 1370 2888 protinus
1395 2818 1647 2889 agnovit,
1679 2824 1736 2872 et
1785 2818 1865 2873 ait
1894 2836 1908 2872 :

224 2907 346 2972 Quo
378 2907 577 2962 vadis?
614 2907 718 2963 Cui
745 2907 843 2961 ille
875 2923 889 2962 :
920 2907 1006 2962 Ad
1044 2907 1337 2976 exequias,
1368 2906 1578 2979 inquit,
1633 2907 1913 2978 Principis

227 3012 422 3067 pergo.
454 2996 624 3051 Atille
656 2996 991 3067 respondit:
1026 2996 1195 3063 Vade,
1221 2994 1430 3067 inquit,
1460 3001 1518 3050 et
1563 2998 1785 3067 comple
1816 3012 1912 3050 ne-

2020 1045 2205 1115 jutus,
2229 1050 2287 1099 et
2328 1046 2387 1099 in
2426 1046 2551 1115 ipsa
2575 1044 2665 1098 sui
2701 1045 2906 1109 exitus,
2937 1044 3081 1097 hora
3133 1045 3383 1098 creditur
3427 1045 3720 1099 liberatus.

2028 1134 2196 1189 Omni
2226 1149 2361 1187 vero
2392 1132 2759 1187 veneratione
2790 1138 2845 1186 et
2890 1132 3273 1187 admiratione
3308 1132 3546 1201 dignum
3601 1149 3722 1186 esse

2028 1222 2424 1293 perpenditur.
2458 1222 2608 1293 quod
2642 1222 2842 1275 eadem
2872 1222 3013 1275 hora
3045 1222 3185 1275 calix
3217 1222 3278 1274 in
3331 1227 3483 1275 certa
3525 1228 3722 1275 custo-

2023 1312 2118 1366 dia
2148 1312 2373 1365 clausus
2398 1311 2735 1375 habebatur,
2786 1326 2890 1364 nec
2935 1311 3126 1364 minus
3184 1315 3377 1365 tamen
3434 1312 3721 1382 przrdictaa

2022 1400 2332 1454 collisionis
2354 1400 2650 1453 materiale
2682 1400 2912 1467 signum
2938 1398 3178 1467 excepit.

2094 1492 2180 1544 38.
2235 1490 2314 1543 De
2361 1489 2564 1542 eodem
2595 1505 2725 1541 vero
2759 1489 2953 1553 calice,
2996 1488 3135 1559 quid
3186 1487 3587 1558 religiosorum
3638 1487 3719 1541 vi-

2024 1594 2217 1632 rorum
2251 1577 2529 1632 relatione
2561 1577 2620 1631 in
2664 1578 2901 1631 veritate
2951 1578 3331 1643 audierimus,
3392 1578 3718 1631 futurorum

2023 1666 2317 1721 memoriis
2344 1666 2615 1720 intimare
2641 1681 2832 1736 Opera:
2861 1665 3114 1736 pretium
3143 1666 3383 1735 dignum
3427 1664 3715 1718 duximus.

2025 1756 2168 1810 Cum
2221 1756 2377 1809 enim
2434 1755 2744 1825 praedictus
2795 1754 3005 1809 Christi
3060 1754 3353 1807 confessor
3407 1753 3720 1820 Heinricus,

2027 1860 2130 1915 pro
2157 1844 2529 1915 disponendis
2559 1844 2722 1913 regni
2761 1843 3008 1913 negotiis
3056 1843 3403 1912 Marsipolim
3452 1843 3721 1908 venisset,

2024 1931 2249 1997 accidit,
2284 1936 2347 1985 ut
2373 1931 2623 2002 quadam
2648 1931 2739 1985 die
2770 1931 2839 1984 ad
2872 1932 3076 1984 altare.
3109 1931 3165 1984 S.
3205 1929 3495 1985 Laurentii
3528 1935 3718 1984 atten-

2022 2020 2242 2075 tissime
2280 2021 2505 2075 Missam
2532 2020 2775 2074 audiret.
2810 2020 2930 2084 Qua
2961 2020 3265 2090 completa,
3304 2018 3446 2073 sicut
3495 2035 3724 2089 semper

2022 2108 2205 2163 facere
2222 2114 2621 2173 consueverat,
2663 2108 3018 2161 ablutionem
3051 2107 3242 2161 calicis
3281 2123 3507 2161 sumere
3559 2109 3722 2160 vole-

2021 2197 2137 2264 bat,
2175 2198 2272 2251 sed
2294 2196 2710 2250 interveniente
2743 2211 2952 2264 magno
2986 2195 3219 2264 negotio
3251 2194 3433 2265 regni,
3458 2193 3613 2266 quod
3635 2194 3722 2248 vir

2024 2292 2255 2339 sanctus
2292 2285 2614 2355 proposuit,
2638 2290 2775 2338 tunc
2831 2285 3112 2355 temporis
3170 2283 3296 2339 tieri
3347 2300 3460 2338 non
3509 2282 3716 2354 potuit,

2024 2373 2232 2425 Vocato
2290 2372 2482 2443 itaque
2535 2372 2769 2425 custode
2828 2372 3101 2439 ecclesiae,
3176 2370 3401 2442 rogavit
3451 2387 3606 2437 eum,
3657 2375 3722 2426 ut

2021 2462 2252 2516 calicem
2276 2478 2407 2516 cum
2438 2461 2733 2515 ablutiune
2760 2461 2815 2513 in
2852 2460 3068 2513 mundo
3116 2460 3242 2514 loco
3293 2464 3613 2530 reponeret,
3661 2465 3722 2513 et

2022 2565 2155 2604 eum
2222 2551 2382 2604 omni
2438 2550 2737 2620 diligentia
2804 2554 3091 2602 servaret:
3171 2549 3541 2621 quoadusque
3594 2549 3719 2618 ipse

2023 2646 2399 2710 exoccupatus
2428 2646 2626 2710 aptum
2651 2645 2877 2709 tempus
2908 2643 2965 2693 et
3006 2638 3194 2692 locum
3248 2638 3320 2693 ad
3380 2637 3719 2692 sumendam

2024 2730 2184 2783 illam
2211 2708 2516 2782 inieniret.
2554 2728 3018 2782 Excrescentibus
3043 2733 3235 2781 autem
3266 2730 3449 2781 causis
3477 2732 3532 2781 et
3596 2727 3719 2796 pla-

2021 2817 2169 2885 citis,
2197 2823 2313 2873 tota
2338 2816 2431 2871 die
2480 2816 2579 2871 illa
2616 2816 2898 2881 turbatus,
2932 2832 3045 2869 non
3096 2816 3282 2886 potuit
3324 2832 3380 2869 se
3430 2815 3716 2885 expedire.

2022 2908 2256 2962 Postera
2282 2921 2412 2959 vero
2441 2905 2554 2971 die,
2588 2911 2717 2974 post
2756 2904 3087 2968 matutinas,
3117 2919 3248 2958 cum
3296 2903 3492 2973 paucis
3534 2918 3718 2956 secre-

2021 2995 2184 3049 tariis
2211 2995 2349 3059 suis,
2381 2995 2640 3048 clanculo
2684 2992 3097 3047 monasterium
3151 2992 3431 3058 introivit,
3480 2996 3536 3047 et
3589 2991 3719 3045 diu-

223 3085 443 3153 gotium
476 3090 660 3151 tuum,
690 3084 752 3138 in
782 3090 1064 3156 quantum
1085 3084 1190 3139 tibi
1220 3101 1253 3139 a
1285 3084 1525 3140 Domino
1559 3084 1913 3155 permittitur
1943 3079 1984 3135 C
2022 3084 2136 3138 tius
2183 3083 2341 3138 ﬂexis
2378 3084 2624 3154 genibus
2678 3087 2735 3137 et
2781 3082 3030 3153 profusis
3064 3082 3327 3152 lacrymis
3358 3082 3535 3135 Deum
3588 3096 3719 3134 exo-

222 3174 628 3227 Verumtamen
657 3178 1054 3227 consummato
1078 3172 1267 3225 ofticio
1305 3178 1428 3238 tuo,
1459 3172 1757 3243 adjuratus
1815 3189 1916 3243 per

223 3261 406 3316 Deum
434 3260 650 3324 vivum,
683 3260 757 3314 ad
788 3274 881 3314 me
901 3265 1205 3326 revertere,
1252 3265 1319 3314 ut
1359 3276 1463 3331 per
1502 3268 1553 3313 te
1584 3260 1665 3313 rei
1695 3260 1907 3315 exitum

223 3364 588 3421 cognoscam.
651 3349 784 3403 Post
840 3349 1128 3404 modicum
1203 3364 1335 3403 vero
1409 3365 1668 3403 reversus
1721 3367 1911 3405 coram

225 3451 390 3489 servo
422 3434 525 3491 Dei
544 3434 943 3505 gemebundus
964 3433 1198 3499 adstitit,
1252 3440 1308 3490 et
1350 3452 1485 3490 voce
1540 3437 1804 3507 querula,
1860 3443 1916 3492 et

226 3522 455 3594 ingenti
478 3522 703 3577 ululatu
720 3521 865 3577 dixit
900 3523 1057 3577 :Heu
1084 3522 1230 3579 heu!
1260 3524 1442 3579 delusi
1481 3541 1699 3591 sumus,
1733 3526 1793 3580 in
1824 3542 1915 3580 va-

226 3628 368 3666 num
399 3610 811 3680 laboravimus,
841 3611 979 3683 quin
1012 3612 1186 3666 etiam
1214 3612 1284 3667 ab
1314 3613 1535 3682 angelis
1562 3614 1659 3670 Dei
1694 3615 1914 3669 confusi

220 3699 599 3756 discessimus.
639 3698 1051 3755 Assisteutibus
1081 3700 1232 3755 enim
1263 3700 1398 3756 hinc
1453 3707 1512 3756 et
1556 3701 1692 3757 inde
1749 3703 1913 3758 nobis

222 3795 279 3843 et
303 3788 601 3861 spiritibus
621 3787 918 3860 angelicis,
940 3789 1146 3844 merita
1181 3789 1389 3845 animae
1432 3791 1583 3860 juste
1613 3790 1675 3846 in
1703 3795 1915 3847 statera

221 3895 473 3951 appensa
493 3884 655 3946 sunt;
685 3883 744 3934 et
770 3878 1052 3934 fasciculis
1107 3884 1469 3950 peccatorum
1527 3880 1914 3951 deprimenti-

220 3965 349 4031 bus,
367 3967 489 4037 jam
518 3983 664 4038 pene
692 3983 827 4038 pars
843 3972 1038 4022 nostra
1060 3968 1625 4039 praeponderaverat.

297 4058 384 4110 37.
453 4056 612 4111 Tunc
668 4054 858 4111 subito
931 4056 1170 4110 adustus
1234 4055 1471 4126 quidam
1511 4057 1917 4128 superveniens

222 4158 354 4198 cum
386 4143 577 4199 catino
614 4160 815 4210 aureo,
855 4145 1034 4215 partis
1095 4144 1307 4199 dextras
1360 4145 1584 4201 lancem
1637 4149 1912 4212 oneravit,

226 4233 559 4303 mirumque
586 4231 645 4286 in
677 4233 915 4287 modum
946 4232 1094 4303 parti
1119 4238 1329 4287 nostra:
1388 4233 1531 4289 adeo
1578 4238 1915 4307 praeponde-

2023 3172 2202 3239 ravit;
2235 3172 2624 3243 accersitoque
2665 3171 2921 3236 custode,
2951 3170 3185 3224 calicem
3243 3187 3371 3224 cum
3426 3168 3718 3223 ablatione

2023 3260 2131 3315 sibi
2177 3261 2370 3315 atferri
2432 3259 2726 3331 praecepit.
2790 3250 3083 3329 Cumque.
3119 3260 3325 3312 allatus
3382 3258 3580 3313 fuisset
3662 3263 3719 3311 et

2024 3350 2433 3419 discoopertus,
2457 3350 2804 3403 invenerunt
2828 3349 3180 3402 ablutionem
3212 3348 3366 3401 illam
3394 3347 3449 3402 in
3474 3347 3715 3401 formam

2022 3439 2140 3493 veri
2169 3438 2465 3509 sanguinis
2494 3442 2956 3492 transmutatam.
2985 3436 3144 3501 Quod
3192 3438 3404 3490 factum
3454 3434 3716 3489 mirabile

2022 3543 2155 3582 mox
2217 3527 2517 3593 universis,
2571 3526 2673 3598 qui
2729 3527 2991 3593 aderant,
3045 3525 3314 3588 innotuit,
3376 3529 3434 3579 et
3477 3529 3611 3578 tunc
3657 3530 3718 3578 et

2022 3630 2253 3685 semper
2282 3614 2600 3669 inlaudem
2653 3613 2775 3679 Dei,
2837 3618 2895 3667 et
2937 3613 3178 3682 gloriam
3237 3611 3579 3665 confessoris
3626 3610 3717 3663 sui

2023 3703 2213 3757 omnis
2243 3702 2487 3757 Ecclesia
2518 3700 2937 3755 successoribus
2962 3701 3079 3754 suis
3118 3700 3428 3754 enarrabit.

2092 3795 2181 3848 39.
2217 3792 2425 3846 Discite
2453 3808 2589 3861 ergo
2620 3792 2825 3847 divites
2854 3790 3025 3861 hujus
3073 3789 3260 3844 facere
3309 3788 3501 3843 saeculi
3557 3787 3719 3842 vobis

2023 3881 2239 3936 amicos
2270 3880 2341 3935 de
2373 3896 2706 3936 mammona
2734 3879 3073 3952 iniquitatis,
3096 3884 3179 3943 ut,
3212 3894 3341 3932 cum
3374 3877 3717 3941 defeceritis,

2022 3970 2133 4041 ipsi
2152 3986 2251 4024 vos
2282 3970 2343 4023 in
2372 3974 2585 4024 aeterna
2617 3968 2927 4040 rescipiant
2955 3968 3340 4022 tabernacula.
3380 3967 3558 4037 Hujus
3586 3982 3720 4021 vero

2025 4057 2424 4130 gloriosissimi
2452 4075 2516 4113 ac
2546 4057 2862 4113 beatissimi
2894 4057 3074 4112 Patris
3122 4055 3409 4127 praeconia
3461 4055 3719 4126 linguam

2021 4149 2210 4203 carnis
2237 4147 2476 4203 reticere
2515 4165 2628 4202 nou
2659 4147 2939 4210 convenit,
2992 4146 3049 4199 in
3082 4147 3247 4216 cujus
3277 4144 3516 4199 transitu
3549 4160 3723 4214 ange-

2025 4238 2095 4292 lis
2116 4237 2609 4309 triumphantibos
2639 4237 2845 4290 caelum
2875 4235 3162 4289 exultavit.
3198 4233 3474 4289 Defuncto
3526 4232 3721 4304 itaque

222 4321 602 4419 ut-et.
635 4321 762 4392 ipso
809 4322 997 4419 catino
1040 4322 1109 4375 ad
1169 4326 1381 4377 terram
1429 4324 1696 4395 collapsa,
1746 4328 1985 4419 ruinaD
2023 4326 2356 4382 beatissimo
2394 4326 2491 4381 Dei
2547 4325 2765 4380 famulo
2822 4341 2972 4379 anno
3025 4323 3187 4394 regni
3246 4322 3334 4377 sui
3391 4339 3536 4389 xxiv,
3589 4323 3753 4405 Yii8\

222 4408 538 4464 collisionis
557 4408 790 4481 signum
812 4409 1184 4482 impresserit.
1220 4412 1416 4482 Itaque
1447 4410 1685 4469 victores
1725 4416 1914 4487 angeli

221 4497 475 4553 animam
507 4497 675 4553 nobis
699 4504 955 4570 ereptam
1010 4499 1326 4571 gaudentes
1354 4500 1413 4555 in
1464 4518 1634 4558 suum
1684 4520 1916 4560 consor-

2026 4415 2510 4488 quinquagesimo
2557 4414 2829 4480 secundo,
2892 4413 3128 4483 Imperii
3207 4428 3342 4466 vero
3392 4410 3716 4474 undecimo.

2025 4521 2236 4573 corpus
2260 4504 2383 4575 ejus
2405 4504 2466 4558 in
2492 4502 2731 4558 ecclesia
2759 4502 3061 4557 beatorum
3099 4501 3507 4571 Apostolorum
3568 4498 3721 4555 Petri

223 4586 370 4641 tium
424 4586 806 4642 abduxerunt.
874 4588 1005 4642 Haec
1054 4604 1188 4643 vero
1254 4590 1481 4645 tametsi
1545 4593 1921 4662 corporaliter
2021 4597 2079 4648 et
2136 4593 2298 4648 Pauli
2350 4591 2736 4662 Babenberga:
2771 4589 3088 4645 honoritice
3140 4588 3429 4660 sepultum
3503 4591 3588 4641 est
3655 4603 3724 4640 ac

223 4679 382 4745 gesta
415 4673 754 4747 referantur,
790 4692 1017 4731 necesse
1065 4682 1253 4731 tanien
1301 4683 1386 4733 est
1442 4684 1504 4734 ut
1551 4680 1759 4735 virtute
1798 4682 1915 4753 spi-

222 4761 423 4818 rituali
443 4763 727 4834 completa
754 4762 1169 4836 intelligantur.
1204 4767 1313 4821 Res
1342 4767 1554 4823 etenim
1586 4768 1918 4839 spirituales

2025 4680 2393 4755 postmodum
2417 4680 2609 4735 multis
2639 4678 3052 4734 miraculorum
3084 4676 3385 4731 virtutibus
3418 4694 3448 4730 a
3480 4674 3726 4730 Domino

2026 4770 2407 4841 gloriﬁcatum
2438 4773 2542 4823 est.

778 4956 892 5021 AD
953 4957 1302 5024 LIBRUM
1358 4960 2037 5028 MIRACULORUM
2100 4963 2691 5029 OBSERVATIO
2754 4962 3160 5027 PRIEVIA.

293 5089 519 5178 {iciticit
547 5090 866 5178 ’rﬁretserus
912 5107 1041 5178 pag.
1116 5096 1208 5178 ξι,
1272 5096 1333 5178 in
1383 5097 1711 5178 apogrgpho
1753 5099 2161 5178 Barabefgensi
2211 5102 2349 5178 Vita:
2393 5101 2455 5178 S.
2519 5102 2745 5178 Henrici
2773 5103 2947 5178 _hunc_
2981 5117 3039 5157 se
3098 5102 3317 5156 titulum
3340 5173 3354 5178 μ
3390 5102 3663 5171 reperisse
3704 5115 3719 5153 :

220 5179 248 5211 α
280 5161 491 5229 Incipit
541 5160 920 5241 liberprimus
1070 5160 1201 5241 vita
1234 5170 1285 5219 et
1326 5160 1509 5241 ges-tisi
1544 5160 1613 5222 Sf
1654 5170 1885 5241 ⁸ἂστυ-ἰοί
1929 5160 2274 5237 Imperatoris
2325 5175 2646 5237 confessoris
2680 5195 2728 5239 ι,
2760 5176 2818 5227 in
2850 5173 3030 5227 eodem
3085 5173 3399 5241 apographo
3454 5160 3729 5239 nusquam

227 5247 517 5316 appzrere,
548 5253 575 5281 α
600 5237 697 5316 aut
719 5235 879 5316 ﬁnem
932 5237 1107 5303 primi
1161 5241 1280 5316 «ωε
1307 5238 1598 5291 exordium
1649 5239 1781 5316 libri
1835 5235 2085 5316 secundi;
2145 5264 2173 5292 ‹‹
2221 5245 2334 5298 nisi
2360 5235 2522 5310 forte,
2552 5235 2759 5314 inquit,
2816 5244 2877 5297 id
2918 5235 3236 5297 sumendum
3279 5235 3352 5298 sit
3408 5258 3441 5296 a
3497 5235 3725 5296 comme-

226 5306 521 5382 moratione
585 5306 993 5382 miraculorum,
1058 5321 1178 5376 qua
1245 5309 1394 5382 Deus
1444 5323 1546 5382 per
1610 5314 1859 5364 sanctum
1914 5306 2317 5380 Imperatorem,
2360 5306 2650 5382 'jam'oita
2714 5317 2963 5381 functum
3044 5315 3307 5381 patravit.
3359 5315 3443 5369 Ita
3500 5328 3729 5380 prorsus

225 5374 542 5459 censendum
592 5379 892 5459 putamus;
949 5374 1084 5459 cum:
1122 5382 1288 5446 caput
1338 5380 1406 5433 30
1418 5374 1682 5459 gdicatur
1748 5374 2043 5459 parmai:
2097 5390 2170 5459 et‘
2205 5374 2446 5459 epilogus
2482 5398 2495 5439 :
2545 5374 2771 5455 sequens
2820 5402 2963 5459 vero
3004 5374 3064 5440 3i
3150 5401 3187 5438 a
3243 5374 3520 5459 miraculis
3589 5387 3729 5437 inci-

223 5446 363 5513 piat,
441 5460 631 5515 nempe
699 5446 769 5501 ab
834 5462 896 5501 ea
965 5449 1190 5515 visione,
1249 5464 1355 5517 quo
1412 5451 1598 5504 Bruno
1640 5446 1997 5520 Audustanus
2049 5446 2297 5522 antistes,
2346 5446 2565 5512 ’δανισιί
2614 5446 2837 5524 Τνιιιιτ,
2908 5456 2976 5510 ab
3068 5456 3349 5511 evertenda
3413 5458 3733 5525 episcopatu

292 5567 398 5637 (65)
422 5569 502 5625 De
532 5570 638 5626 hac
658 5570 1069 5642 qualicumque
1110 5570 1329 5627 visione
1350 5574 1734 5632 consulendus
1760 5577 1917 5633 Cret-

225 5672 382 5712 serus
409 5674 444 5713 a
465 5674 600 5731 pag.
632 5660 701 5713 94
732 5676 746 5714 :
779 5675 885 5713 nos
916 5658 1138 5732 reliqua
1166 5676 1297 5733 quin
1343 5662 1416 5720 ad
1443 5663 1636 5719 Sancti
1658 5664 1915 5721 felicissi-

2023 5596 2186 5635 mum
2226 5580 2441 5635 exitum
2467 5581 2781 5653 pertinent,
2811 5597 2915 5636 suo
2946 5581 3067 5636 loco
3096 5580 3482 5653 exposuimus.
