3944 6450
134 430 218 483 1'29

2684 450 2688 453 ’
3515 440 3611 490 130

128 549 511 626 Bambergensi
572 551 902 605 absterritus
945 557 1039 605 est.
1092 552 1476 607 Extenduntur
1550 570 1711 622 porro
1782 555 2051 608 miracula
2134 570 2167 605 (ι
2252 552 2395 606 dicto
2439 569 2557 621 cap.
2626 555 2681 606 3t
2749 554 2821 607 ad
2873 557 2956 616 5i.
3017 561 3076 608 ut
3130 572 3354 613 numero
3430 574 3605 626 xxxv,

127 637 341 688 quorum
399 625 641 689 primnx
690 630 814 674 ante
865 626 1324 676 aanonizationem
1364 627 1647 690 contigisse
1694 626 1991 679 videntur:
2042 640 2173 677 nam
2233 627 2406 691 capiti
2457 626 2515 676 41
2580 626 2882 691 prae/igitur
2932 626 3017 677 hic
3067 630 3292 680 titulus:
3342 650 3362 675 ε
3419 631 3606 681 Prooe-

125 695 279 745 mium
346 694 405 765 in
455 694 720 745 miracula
760 709 877 761 qum
930 697 987 745 in
1040 699 1360 747 tractatione
1414 694 1467 748 S.
1547 696 1771 748 Henrici
1828 698 1972 763 Imp.
2025 700 2251 762 patrata
2294 699 2417 747 sunt
2451 714 2525 758 ,‘n
2584 699 2887 765 transiulas
2939 702 3116 749 autem
3157 700 3273 764 ejus
3329 699 3606 765 reliquias

124 779 262 815 nemo
322 763 544 820 (fuerit.

614 770 906 831 antequam
978 779 1190 817 sacrum
1258 780 1448 833 corpus
1501 781 1527 817 e
1582 772 1729 819 terra
1796 767 2031 818 levatum
2089 768 2278 831 fuerit,

2353 765 2496 831 quod
2551 780 2719 832 supra
2761 764 2793 832 §
2838 768 2867 818 3
2924 766 3183 819 accidisse
3267 764 3606 821 ostendimus

123 848 251 885 anno
320 837 473 885 1147.
526 835 643 888 Νυη
696 836 884 898 ignoro
924 836 1329 888 translationem
1389 836 1448 889 S.
1524 836 1746 889 Henrici
1809 838 1971 889 etiam
2041 836 2216 903 accipi
2280 850 2456 902 posse,
2501 841 2562 887 ut
2616 837 2881 888 miracula
2933 841 3055 903 quis
3126 840 3279 902 facta
3329 845 3484 905 putet
3550 855 3612 891 eo

123 914 346 970 tempore
376 918 481 970 quo
528 919 740 956 sacrum
770 906 886 971 ejus
944 920 1135 972 corpus
1180 921 1246 957 ex
1295 906 1403 959 loco
1453 906 1549 958 ubi
1606 912 1825 959 mortem
1880 906 2105 970 obierat,
2162 906 2513 971 Bambergam
2556 908 2896 969 referretur:
2958 922 3141 959 verum
3178 910 3608 961 circumstantia

124 978 192 1026 ita
246 974 565 1041 loquuntur,
614 980 671 1026 ut
738 975 1117 1038 restringenda
1172 976 1463 1028 videantur
1517 976 1589 1028 ad
1636 978 2043 1029 translationem
2085 977 2347 1042 aliquam
2400 976 2756 1041 reliquiarum
2809 979 3016 1041 factum
3067 982 3185 1045 post
3240 976 3435 1031 Sancti
3496 995 3605 1032 ca-

120 1046 529 1097 nonizationem.
606 1046 793 1097 Visum
868 1045 1097 1112 proinde
1152 1050 1229 1098 est
1301 1050 1467 1098 totum
1539 1049 1923 1100 miraculorum
1994 1046 2297 1106 historiam,
2369 1045 2443 1098 ad
2516 1061 2759 1099 normam
2836 1051 3113 1111 nostram,
3188 1049 3269 1099 ita
3325 1048 3600 1113 dividere,

120 1121 173 1167 ut
224 1113 403 1165 decem
450 1115 550 1166 illa
609 1120 797 1181 priora
844 1116 1172 1167 constituant
1216 1123 1427 1184 partem
1482 1120 1741 1183 primam,
1812 1117 2024 1183 reliqua
2098 1122 2309 1184 partem
2367 1117 2592 1168 alterum
2651 1131 2663 1167 :

121 1186 322 1237 omissis
354 1184 717 1237 Gretserionis
746 1187 986 1252 capitum
1016 1185 1396 1239 divisionibus.
1422 1187 1503 1240 Sit
1536 1186 1727 1255 itaque

2722 1131 2888 1182 eaque
2956 1132 3023 1170 ea:
3077 1118 3238 1172 Surio
3294 1118 3601 1172 describere

372 1371 1439 1476 MIRACULOBUM
1535 1372 1632 1474 S.
1734 1371 2325 1473 HENRICI
2415 1371 2776 1473 PARS
2865 1372 3347 1473 PRIMA.

185 1601 227 1650 t.
301 1601 471 1651 Anno
531 1598 837 1651 Dominicm
886 1597 1294 1652 incarnationis
1347 1615 1510 1663 uxxv,
1546 1599 1613 1652 ab
1654 1598 1798 1653 Urbe
1828 1602 1873 1652 Α
1912 1598 2056 1651 bene
2096 1602 2343 1667 coeptum
2393 1602 2493 1664 est,
2542 1598 2954 1663 confirmando,
3014 1614 3239 1669 semper
3286 1600 3490 1655 exinde
3535 1603 3605 1655 ad

115 1685 335 1739 condita
370 1685 673 1738 millesimo
692 1685 1196 1756 septingentesimo
1209 1687 1625 1757 septuagesimo
1647 1691 1801 1740 sexto

116 1774 441 1827 Chuuradus
485 1789 551 1826 ex
583 1774 742 1843 regni
775 1775 1123 1843 primoribus
1155 1790 1319 1831 unus.
1374 1776 1470 1828 sed
1501 1791 1677 1844 regno
1701 1791 1800 1828 an-

113 1869 196 1915 tea
228 1878 329 1931 per
388 1861 761 1914 rebellionem
811 1863 1097 1925 adversus,
1134 1863 1495 1932 Principibus
1550 1879 1653 1932 pro
1681 1863 1802 1931 ejus

113 1949 379 2003 electione
406 1950 882 2016 discordantibus,
940 1950 1190 2004 Aribone
1223 1956 1413 2003 autem
1470 1952 1800 2020 Moguntino

111 2036 562 2106 Archiepiscopo,
605 2042 659 2089 et
690 2037 1014 2090 Eberliardo
1072 2038 1522 2108 Babenbergensi
1556 2039 1800 2091 Prmsule

112 2125 211 2178 sibi
239 2125 579 2190 faventibus,
611 2124 975 2195 {octogesimo
1023 2126 1221 2195 quinto
1252 2127 1375 2179 loco
1420 2126 1491 2179 ab
1546 2129 1800 2195 Augusto

109 2229 343 2283 regnum
394 2213 645 2283 suscepit
694 2217 750 2265 et
793 2214 958 2265 annis
1010 2230 1077 2266 xv
1129 2214 1405 2283 regnavit.
1456 2214 1801 2268 Sublimatus

110 2310 291 2355 autem
334 2302 395 2354 in
426 2301 592 2371 regni
638 2301 787 2366 sede,
820 2299 1059 2354 consilio
1118 2301 1401 2355 Brunonis
1429 2301 1801 2371 Augustensis

111 2389 383 2459 Episcopi,
416 2388 608 2441 fratris
640 2388 883 2441 Heiurici
914 2388 1293 2458 imperatoris,
1329 2388 1429 2458 qui
1462 2404 1707 2457 semper,
1741 2393 1801 2441 ut

109 2493 271 2546 supra
310 2477 531 2530 dictum
578 2482 681 2538 est,
739 2476 996 2529 felicibus
1053 2475 1176 2545 ejus
1220 2476 1511 2529 invidebat
1559 2475 1795 2543 actibus,

108 2566 632 2634 Bsbenbergensem
655 2565 1043 2635 episcopatum
1077 2564 1455 2617 meditabatur
1485 2565 1796 2628 destruere,

104 2654 237 2715 Quia
269 2655 423 2706 idem
462 2654 649 2706 Bruno
679 2654 987 2722 Episcopus
1033 2652 1299 2723 promisit
1338 2652 1548 2722 reginae
1590 2652 1799 2719 Gisilas,

103 2743 290 2793 omnia
340 2742 561 2810 preedia
617 2740 963 2793 hereditario
1013 2741 1144 2809 jure
1204 2740 1270 2793 ad
1320 2757 1377 2792 se
1434 2740 1797 2809 pertinentia,

101 2828 211 2880 tilio
239 2831 364 2897 ejus
398 2827 663 2881 Heinrico
692 2827 1043 2881 contradere.
1083 2828 1256 2881 Locus
1282 2826 1457 2896 igitur
1479 2828 1557 2896 {et
1576 2831 1799 2897 tempus
1833 2867 1870 2919 Β

100 2916 396 2970 conventui
430 2916 720 2981 statuitur,
765 2914 866 2967 ubi
914 2916 1034 2967 haec
1077 2931 1169 2967 res
1217 2914 1283 2967 ad
1342 2914 1558 2967 exitum
1588 2915 1795 2983 perdu-

98 3004 257 3058 citur.
310 3007 488 3058 Nocte
539 3020 696 3069 vero,
750 3019 879 3073 qum
930 3003 1081 3055 diem
1128 3008 1516 3073 praecesserat,
1561 3003 1618 3055 in
1686 3019 1798 3072 qua

96 3092 211 3145 hzec
236 3092 570 3147 ventilanda
625 3097 806 3155 erant,
857 3090 1212 3143 Eberhardus
1252 3090 1547 3159 episcopus
1578 3090 1647 3143 ad
1673 3094 1798 3143 ten-

93 3180 293 3233 torium
342 3179 612 3250 prazdicti
662 3178 945 3231 Bruuonis
1012 3178 1155 3229 clam
1234 3177 1485 3240 accessit,
1538 3176 1794 3244 lectoque

94 3268 207 3335 ejus
237 3268 520 3333 assidens,
574 3269 754 3320 multa
804 3281 976 3335 super
1017 3267 1119 3318 hac
1159 3281 1218 3319 re
1273 3263 1579 3327 monendo,
1624 3264 1794 3317 obse-

90 3358 316 3418 crando,
380 3356 725 3409 memoriam
784 3355 973 3408 fratris
1028 3354 1219 3407 animo
1273 3352 1610 3406 inculcanda
1664 3368 1793 3404 cum

90 3445 283 3499 eodem
329 3445 616 3497 sollicitus
678 3443 811 3513 egit.
846 3442 989 3506 Quia
1040 3458 1172 3494 vero
1212 3442 1331 3510 jam
1392 3444 1569 3494 multa
1618 3440 1795 3493 noctis

87 3534 221 3586 hora
250 3538 547 3586 transacta
583 3538 912 3593 recesserat,
972 3535 1029 3583 et
1059 3530 1395 3600 Episcopum
1452 3545 1554 3598 pro
1586 3529 1793 3581 auditis

87 3622 455 3675 sollicitatum
505 3636 742 3673 somnus
781 3624 1162 3690 oppresserat,
1206 3619 1356 3670 visus
1400 3623 1487 3671 est
1537 3606 1793 3670 ei'frater

86 3726 213 3763 suus
247 3713 583 3780 Imperator
629 3708 922 3761 Heiuricus
949 3708 1091 3761 lecto
1120 3723 1222 3759 suo
1277 3706 1521 3772 adstare,
1562 3705 1789 3759 faciem-

86 3812 189 3866 que
244 3814 411 3867 suam
477 3796 658 3850 barba
711 3810 778 3847 ex
832 3809 947 3847 una
990 3798 1146 3862 parte
1198 3792 1446 3861 depilata
1503 3796 1785 3861 turpatam

83 3886 382 3955 objectare;
418 3886 572 3940 Cum
604 3899 777 3952 super
805 3882 909 3935 hac
942 3898 1000 3934 re
1028 3881 1254 3950 stupido
1285 3885 1341 3933 et
1368 3879 1693 3943 admiranti,
1726 3896 1789 3932 ac

83 3974 203 4041 quis
260 3979 381 4027 tam
430 3972 776 4027 temerarios
854 3986 1025 4023 ausus
1073 3969 1130 4023 in
1203 3985 1336 4022 eum
1395 3972 1785 4038 praesumeret,

78 4059 459 4131 interroganti
521 4078 536 4115 :
608 4062 712 4124 Tu,
768 4059 868 4126 ait,
930 4059 1049 4111 hmo
1107 4056 1289 4110 fecisti
1342 4072 1355 4109 :
1407 4056 1506 4126 qui
1570 4071 1682 4122 me,
1730 4060 1787 4107 et

80 4158 294 4205 sanctos
327 4152 457 4235 Dei,
491 4165 643 4219 quos
668 4148 837 4201 rebus
866 4146 1006 4200 mihi
1044 4162 1075 4199 a
1108 4147 1220 4199 Deo
1266 4144 1545 4198 concessis
1576 4143 1782 4209 dotavi,
1817 4154 1855 4205 (ξ

76 4237 391 4308 despoliare
420 4233 804 4308 'disposuisti.
864 4238 1005 4290 Cave
1050 4235 1168 4303 jam
1202 4233 1437 4287 ulterius
1486 4248 1657 4302 super
1685 4233 1789 4285 hac

74 4328 415 4390 temeritate,
474 4342 553 4380 ne
612 4324 838 4395 incepta
886 4323 1009 4375 luas
1066 4337 1272 4391 magna
1329 4319 1674 4373 infelicitate.
1704 4319 1785 4372 Ad

75 4412 184 4467 ba'c
232 4416 328 4469 ille
379 4411 851 4484 expergefactus,
899 4426 962 4462 ac
1017 4409 1086 4462 de
1142 4407 1359 4460 visione
1410 4422 1523 4460 non
1583 4408 1785 4475 parum

74 4504 425 4569 perterritus,
464 4499 869 4554 membrorum
908 4511 1136 4567 quoque
1194 4497 1428 4549 horrore
1486 4510 1548 4547 ac
1579 4495 1784 4547 timore

73 4604 177 4645 non
208 4591 415 4646 leviter
450 4594 545 4644 est
579 4592 841 4641 attactus.
889 4585 1048 4638 Mane
1083 4589 1272 4637 autem
1300 4584 1468 4647 facto,
1510 4598 1639 4635 cum
1688 4582 1782 4635 diu

71 4686 422 4748 exspectatus
481 4677 561 4731 ad
626 4678 971 4729 conventum
1033 4688 1335 4742 procerum
1388 4670 1781 4735 non'veuiret,

69 4769 254 4837 regina
280 4785 389 4839 pro
456 4766 590 4821 filio
624 4763 860 4828 solicita,
895 4761 1112 4815 nuntiis
1143 4760 1349 4826 missis,
1382 4759 1586 4812 obnixe
1612 4774 1782 4827 roga-

70 4856 174 4920 bat,
222 4864 286 4911 ut
336 4855 674 4911 adveniens
751 4851 1028 4920 promissa
1089 4849 1402 4918 perliceret.
1490 4848 1587 4899 Ille
1655 4862 1784 4899 vero

71 4944 376 4999 afﬁrmabat
443 4961 507 4997 se
564 4945 735 4994 tanta
817 4937 1147 4992 inﬁrmitate
1187 4935 1427 5006 gravari,
1472 4941 1534 4987 ut
1581 4950 1683 4987 nec
1713 4933 1782 4987 de

70 5031 199 5084 lecto
226 5049 495 5103 surgere,
550 5045 664 5083 nec
694 5027 900 5095 pedem
959 5030 1151 5095 posset
1196 5038 1485 5093 quoquam
1532 5036 1778 5075 movere.

69 5118 197 5174 Cum
223 5126 540 5191 rogaretur
573 5122 645 5171 ut
673 5132 732 5169 se
788 5116 845 5169 in
892 5115 1035 5167 lecto
1067 5113 1137 5166 ad
1188 5116 1527 5164 conventum
1574 5110 1781 5179 depor-

70 5211 165 5261 tari
212 5216 544 5279 putaretur,
614 5221 736 5276 quo
782 5205 866 5256 vel
901 5204 979 5256 sic
1034 5200 1337 5270 promissio
1389 5199 1778 5268 perficeretur,

68 5299 285 5352 omnino
327 5296 665 5360 abdicavit,
716 5307 888 5362 seque
934 5291 996 5343 in
1041 5290 1219 5342 Deum
1252 5293 1307 5341 et
1360 5288 1596 5341 Sanctus
1658 5286 1780 5353 ejus

68 5401 330 5455 peccasse,
366 5389 563 5441 libera
592 5382 833 5436 tandem
882 5394 1013 5432 voce
1043 5375 1431 5447 proclamavit.
1467 5374 1555 5428 Sic
1586 5372 1775 5443 itaque

70 5473 238 5529 divina
268 5478 460 5547 pietas
498 5488 616 5545 per
648 5469 859 5523 merita
889 5467 1099 5519 famula
1138 5464 1246 5528 sui,
1275 5480 1345 5516 ne
1387 5478 1484 5532 spe
1511 5477 1684 5532 quam
1716 5461 1775 5514 in

69 5578 119 5614 se
146 5567 329 5632 posuit
354 5564 773 5623 fraudaretur,
817 5555 1011 5609 omnia
1035 5554 1133 5607 illa
1183 5567 1372 5621 pravae
1401 5549 1779 5620 conspiratio-

71 5650 147 5703 nis
188 5653 673 5709 machinamenta
732 5643 1054 5714 repressit:
1103 5641 1315 5711 itaque,
1380 5639 1526 5711 quod
1586 5637 1656 5691 ab
1710 5653 1777 5691 eo

1914 1684 2155 1738 meliora
2183 1685 2455 1754 provexit.

1982 1776 2034 1825 '2.
2066 1772 2174 1827 Sed
2216 1773 2334 1841 jam
2376 1789 2524 1826 nunc
2571 1773 2641 1825 ad
2692 1772 2984 1838 miracula,
3028 1790 3156 1844 qum
3203 1779 3332 1843 post
3383 1775 3603 1830 felicem

1912 1858 2064 1912 illius
2086 1860 2383 1913 transitum
2428 1860 2723 1925 Dominus,
2774 1861 2840 1914 ad
2883 1862 3222 1915 declaranda
3265 1863 3601 1917 meritorum

1911 1947 2065 2000 illius
2095 1948 2359 2016 insignia,
2393 1948 2540 2001 circa
2561 1948 2793 2016 gloriosi
2824 1949 3078 2017 corporis
3099 1950 3221 2018 ejus
3251 1951 3603 2019 sepulturam

1912 2041 2183 2104 operatus
2206 2041 2307 2100 est,
2339 2035 2634 2088 veniamus
2662 2053 2675 2100 ;
2707 2052 2887 2105 pauca
2924 2053 2989 2089 ex
3020 2038 3109 2089 his
3141 2038 3210 2090 ad
3241 2043 3601 2107 posterorum

1911 2124 2173 2176 notitiam
2229 2124 2675 2187 transferentes;
2716 2139 2843 2193 quas
2894 2128 2991 2175 aut
3038 2124 3221 2176 veraci
3252 2130 3349 2178 aut
3377 2125 3602 2179 indubi-

1908 2215 2024 2264 tata
2058 2212 2338 2281 majorum
2370 2211 2648 2265 relatione
2701 2211 2769 2264 ad
2808 2227 2912 2263 nos
2965 2211 3151 2263 delata
3183 2215 3335 2277 sunt,
3368 2219 3468 2265 aut
3496 2214 3604 2283 ipsi

1911 2298 2197 2352 modernis
2226 2299 2580 2367 temporibus
2618 2304 2773 2368 gesta
2816 2298 3200 2368 probavimus,
3252 2304 3309 2351 et
3340 2299 3600 2354 vidimus.

1908 2385 2107 2438 Mulier
2133 2384 2392 2455 quaedam
2452 2388 2738 2438 contracta
2785 2385 2843 2436 iu
2892 2384 3013 2453 ipsa
3057 2383 3277 2437 civitate
3318 2386 3601 2451 manebat,

1911 2472 2051 2526 adeo
2079 2472 2393 2538 incurvata,
2442 2478 2504 2526 ut
2558 2472 2627 2526 ad
2684 2471 3064 2542 gradiendum
3098 2472 3242 2541 erigi
3274 2473 3603 2527 nullatenus

1909 2560 2204 2629 potuisset,
2239 2560 2333 2612 sed
2383 2564 2632 2630 reptaret
2684 2559 2872 2628 potius
2923 2560 3186 2625 manibus
3237 2577 3409 2630 quam
3441 2562 3601 2631 pedi-

1911 2649 2017 2701 bus
2057 2647 2393 2702 ambularet.
2458 2647 2595 2700 Huic
2638 2647 2987 2701 orationibus
3019 2648 3347 2716 frequenter
3387 2648 3603 2702 incum-

1910 2736 2068 2789 benti
2128 2735 2399 2789 divinitus
2446 2735 2788 2805 inspiratum
2867 2740 2967 2799 est,
3024 2742 3086 2789 ut
3134 2737 3203 2789 ad
3265 2736 3598 2789 memoriam

1914 2822 2224 2877 beatissimi
2272 2824 2377 2876 viri
2435 2823 2745 2889 accederet,
2809 2827 2977 2893 atque
3035 2822 3442 2892 omnipotentis
3503 2825 3601 2877 Dei

1912 2910 2357 2963 misericordiam
2413 2909 2678 2964 obnixius
2735 2910 3087 2979 imploraret.
3145 2910 3359 2963 Accidit
3410 2916 3599 2964 autem

1905 3002 1970 3051 ut
2007 2998 2125 3052 dies
2181 2998 2599 3051 anniversarias
2656 2997 2875 3067 praefati
2930 2997 3106 3051 Patris
3145 2998 3371 3051 Domini
3425 2998 3600 3050 nostri

1906 3102 2156 3156 congrua
2240 3085 2635 3139 observatione
2708 3084 2983 3138 celebrari
3064 3085 3315 3139 deberet.
3374 3086 3591 3154 Populo

1906 3190 2061 3243 ergo,
2098 3190 2252 3227 more
2276 3173 2465 3235 solito,
2512 3173 2583 3226 ad
2626 3172 2922 3226 ecclesiam
2979 3172 3323 3239 confluente,
3356 3177 3411 3225 et
3439 3174 3591 3226 clero

1906 3261 2124 3331 vigilias
2180 3261 2541 3331 vespertinas
2574 3259 2917 3323 celebrante,
2978 3261 3183 3313 mulier
3240 3276 3468 3330 quoque
3520 3261 3597 3313 ila

1903 3350 2197 3403 incurvata
2245 3355 2301 3403 et
2329 3354 2620 3403 contracta
2648 3348 2894 3409 advenit,
2929 3353 2985 3401 et
3038 3350 3206 3417 plena
3238 3349 3347 3401 fide
3383 3365 3446 3402 ac
3492 3349 3596 3401 de-

1906 3438 2131 3491 votione
2191 3452 2370 3506 usque
2413 3436 2485 3489 ad
2560 3437 2743 3489 locum
2808 3436 3052 3505 sepulcri
3099 3436 3350 3502 accessit,
3401 3436 3594 3490 dicens

1903 3541 2031 3579 cum
2080 3524 2397 3593 Pr0pheta:
2450 3524 2591 3577 Vota
2639 3539 2764 3577 mea
2806 3522 3047 3577 Domino
3094 3523 3325 3577 reddam
3368 3524 3427 3577 in
3457 3540 3594 3577 con-

1901 3621 2095 3687 spectu
2134 3618 2320 3671 omnis
2378 3618 2577 3687 populi
2617 3618 2759 3686 ejus,
2807 3618 2869 3669 in
2911 3617 3068 3669 atriis
3104 3618 3305 3671 domus
3346 3618 3591 3670 Domini.

1902 3706 2116 3760 Ibidem
2185 3722 2320 3775 ergo
2377 3710 2714 3775 pernoctans
2790 3705 2849 3758 in
2912 3705 3188 3766 oratione,
3266 3706 3593 3758 universum

1899 3793 2048 3862 quod
2079 3793 2347 3857 habebat,
2391 3792 2446 3845 id
2492 3796 2574 3845 est
2630 3808 2726 3844 cor
2773 3793 3079 3845 contritum
3126 3804 3182 3845 et
3225 3792 3587 3846 humiliatum

1901 3881 2141 3934 Domino
2174 3880 2399 3945 obtulit,
2444 3885 2499 3932 et
2553 3880 2612 3933 in
2669 3879 2778 3933 fide
2830 3879 3038 3933 Christi
3078 3880 3342 3949 lacrymis
3388 3881 3593 3951 rigavit

1898 3969 2071 4038 pedes
2101 3970 2241 4037 ejus,
2292 3972 2347 4020 et
2399 3967 2613 4036 capillis
2655 3967 2855 4036 capitis
2900 3967 2987 4019 sui
3032 3968 3308 4036 tergebat,
3358 3975 3415 4021 et
3480 3985 3590 4021 un-

1896 4059 2111 4125 guento
2142 4055 2412 4124 ungebat.
2445 4056 2511 4107 Et
2534 4054 2804 4124 quoniam
2856 4055 3099 4107 multum
3131 4057 3277 4108 valet
3321 4057 3589 4125 depreca-

1898 4142 2134 4212 tiojusti
2166 4142 2410 4207 assidua,
2439 4157 2566 4194 cum
2599 4140 2879 4194 indefessa
2921 4157 3098 4210 usque
3129 4144 3185 4194 in
3216 4142 3364 4196 diem
3386 4143 3591 4195 talibus

1898 4230 2185 4283 sacrificiis
2234 4230 2522 4283 insisteret
2556 4248 2571 4294 ;
2620 4230 2768 4282 circa
2799 4230 2998 4282 horam
3023 4229 3137 4283 diei
3170 4230 3395 4283 tertiam
3444 4231 3591 4283 inter

1897 4319 2019 4387 ipsa
2074 4318 2365 4371 Missarum
2412 4316 2704 4381 solemnia,
2763 4316 2898 4369 dum
2946 4317 3006 4370 in
3040 4317 3287 4371 secunda
3313 4319 3472 4371 Missa
3496 4320 3590 4371 Al-

1899 4404 2065 4458 leluia
2107 4405 2349 4470 canitur,
2394 4406 2537 4457 Laus
2596 4405 2693 4456 Dei
2733 4404 2795 4457 in
2836 4404 3183 4469 hominibus,
3232 4405 3352 4472 ipso
3401 4407 3588 4474 operis

1895 4494 2096 4546 ell'ectu
2149 4493 2513 4562 adimpletur.
2565 4491 2761 4544 Subito
2814 4492 2989 4555 enim,
3046 4493 3404 4544 cernentibus
3448 4509 3585 4545 cun-

1894 4581 1995 4634 ctis
2027 4579 2125 4649 qui
2165 4580 2417 4643 aderant,
2472 4578 2679 4631 mulier
2734 4577 2896 4647 quasi
2950 4578 3010 4629 in
3068 4578 3267 4630 ecstasi
3308 4579 3452 4631 facta
3483 4585 3583 4643 est,

1894 4683 1956 4720 ac
1972 4666 2178 4720 deinde
2208 4666 2417 4718 sensim
2465 4665 2641 4728 nervi,
2692 4665 2791 4732 qui
2840 4664 3217 4732 diriguerant,
3248 4665 3507 4734 dissolvi,
3534 4673 3587 4720 et

1894 4754 2154 4806 universa
2206 4752 2457 4821 corporis
2501 4751 2758 4805 membra
2829 4752 3230 4822 concrepantia
3293 4760 3588 4823 cmperunt

1892 4840 2117 4895 extendi
2151 4856 2252 4905 ;ac
2313 4841 2391 4893 sic
2448 4839 2647 4893 ordine
2695 4856 2796 4892 suo
2833 4844 2947 4892 tota
3003 4840 3284 4894 incurvati
3330 4843 3587 4912 corporis

1890 4928 2216 4983 deformitas
2241 4928 2301 4981 in
2321 4944 2481 4981 suam
2519 4927 2999 4997 pulchritudinem
3033 4929 3337 4982 reformata
3367 4935 3470 4995 est,
3530 4935 3586 4983 et

1891 5016 2097 5069 mulier
2126 5021 2331 5081 erecta,
2358 5021 2415 5068 et
2456 5031 2625 5068 usum
2676 5014 3028 5077 ambulandi,
3060 5022 3112 5069 et
3140 5016 3359 5086 reliqua
3392 5033 3582 5070 mem-

1889 5105 2119 5157 brorum
2160 5104 2346 5157 oflicia
2398 5120 2526 5156 cum
2565 5102 2719 5156 omni
2778 5102 3103 5171 integritate
3164 5107 3458 5173 reciperet.
3523 5105 3581 5157 ld

1889 5199 2079 5247 autem
2129 5192 2439 5246 certissima
2507 5192 2616 5245 fide
2682 5190 2975 5259 cognitum
3031 5197 3135 5256 est,
3208 5191 3582 5244 referentibus

1888 5281 2023 5335 boni
2053 5279 2363 5334 testimonii
2410 5279 2698 5343 fratribus,
2752 5279 2851 5348 qui
2892 5285 3200 5348 praesentes
3237 5278 3369 5331 huic
3416 5278 3584 5331 mira-

1889 5376 2016 5428 culo
2046 5390 2104 5427 se
2130 5373 2452 5427 interfuisse
2483 5378 2541 5427 et
2567 5372 2773 5426 vidisse
2805 5372 2992 5425 testati
3023 5375 3172 5425 sunt.

1979 5465 2029 5516 3.
2077 5463 2268 5532 Neque
2339 5462 2442 5514 hoc
2523 5460 2928 5530 negligendum
2980 5462 3075 5510 aut
3154 5458 3379 5511 silentio
3431 5474 3578 5528 prae-

1885 5549 2228 5603 tereundum
2260 5549 2501 5613 videtur,
2536 5548 2687 5618 quod
2743 5546 3054 5616 antiquitas
3110 5546 3359 5611 tradidit,
3393 5552 3450 5600 et
3480 5563 3577 5599 ve-

1887 5637 2061 5691 ridica
2107 5637 2381 5690 relatione
2437 5636 2746 5688 multorum
2787 5632 3075 5687 memoriae
3123 5634 3575 5688 commendavit.
