3976 6420
317 380 408 432 i3l
646 405 651 412 -
1627 374 1679 425 S.
1727 369 2015 426 HENRICI
2055 369 2523 423 IMPEllATORlS
3734 371 3831 421 132

306 499 551 564 Quidam
611 497 856 552 aedituus
901 495 960 551 in
1011 496 1213 550 ordine
1263 495 1407 549 laico
1459 494 1528 548 ad
1565 491 1880 547 custodiam
1922 508 2010 544 ec-
2042 495 2080 544 Α
2127 491 2194 544 ad
2230 491 2519 544 dexteram
2584 490 2789 553 Patris,
2822 491 3027 545 eodem
3089 489 3353 544 invocato
3399 490 3700 557 miraculo,
3735 507 3841 560 per

307 588 492 642 clesiae
521 587 847 656 deputatus,
881 584 1046 638 fortis
1075 584 1249 653 cmpit
1305 598 1689 642 consuescere,
1726 586 1781 634 et
1810 580 1866 632 in
1890 579 2011 648 ipsa

307 674 568 742 ecclesia,
601 689 980 744 quaecumque
1030 676 1273 742 poterat,
1327 671 1584 724 clanculo
1634 667 2007 722 decrustabat.

307 764 415 817 Sed
449 761 934 834 quemadmodum
963 759 1130 814 bonis
1153 761 1251 814 Dei
1286 761 1432 812 male
1468 757 1698 822 utendo,
1734 756 1866 808 mali
1889 755 2012 824 ipsa

309 853 463 907 bona
515 851 636 914 Dei,
693 854 974 919 quantum
1028 848 1088 901 in
1145 864 1203 900 se
1251 853 1352 912 est,
1407 844 1829 915 quodammodo
1874 859 2012 897 con-

309 944 541 992 vertunt
578 937 697 990 imo
753 939 1086 1006 pervertunt
1135 934 1194 987 in
1251 934 1506 997 malum;
1554 932 1628 984 ita
1661 947 1690 983 e
1722 933 2008 984 contrario

309 1041 570 1079 summus
619 1025 816 1078 artifex
851 1023 999 1076 mala
1029 1022 1308 1076 malorum
1364 1019 1709 1091 quandoque
1747 1019 1919 1072 etiam
1949 1020 2010 1071 in

307 1114 526 1167 bonum
566 1112 845 1166 convertit
879 1111 1157 1180 ipsorum.
1212 1110 1280 1162 Ut
1312 1108 1468 1162 enim
1515 1109 1582 1162 ad
1647 1108 2008 1179 propositum

307 1203 632 1266 redeamus,
665 1201 757 1252 ille
786 1199 1088 1268 praedictus
1141 1197 1536 1272 ecclesiasticae.
1584 1197 1854 1249 custodiae
1910 1195 2008 1249 de-

311 1295 568 1360 putatur,
601 1304 728 1341 cum
755 1287 873 1356 jam
903 1287 1101 1340 inolita
1143 1285 1411 1339 vitiorum
1470 1284 1884 1338 consuetudine
1917 1284 2010 1354 ip-

306 1395 424 1432 sam
472 1376 878 1431 consuetudine
939 1375 1207 1445 peccandi
1265 1373 1372 1428 sibi
1451 1374 1613 1445 quasi
1684 1374 1869 1443 legem
1927 1374 2009 1426 fe-

306 1467 491 1526 cisset,
571 1463 1012 1518 misericorditer
1069 1480 1101 1516 a
1183 1462 1424 1516 Domino
1495 1461 1754 1514 visitatus
1837 1469 2009 1532 atque

307 1558 603 1623 correptus
633 1558 735 1618 est,
776 1553 939 1620 juxta
964 1551 1152 1605 illud:
1201 1551 1257 1606 Si
1303 1550 1558 1621 justitias
1605 1566 1763 1604 meas
1817 1552 2009 1620 profa-

307 1642 588 1707 naverint,
626 1647 682 1695 et
705 1641 971 1694 mandata
993 1656 1119 1694 mea
1179 1655 1293 1693 non
1338 1639 1734 1704 custodierint,
1769 1639 2008 1693 visitabo

304 1732 363 1784 in
395 1731 555 1801 virga
583 1729 914 1800 iniquitates
944 1743 1164 1794 eorum,
1208 1733 1263 1781 et
1314 1727 1373 1781 in
1406 1727 1737 1781 verberibus
1780 1733 2008 1798 peccata

304 1835 523 1874 eorum.
585 1820 757 1871 Nocte
789 1817 966 1887 igitur
1012 1816 1282 1888 quadam,
1325 1817 1461 1870 dum
1508 1815 1569 1869 in
1623 1815 1748 1886 ipsa
1775 1816 2008 1869 ecclesia

300 1922 568 1961 somnum
619 1910 870 1975 caperet,
916 1920 1114 1957 servus
1145 1903 1242 1958 Dei
1292 1908 1520 1973 aspectu
1577 1904 1854 1957 terribilis
1923 1904 2006 1957 illi

302 1996 592 2066 apparuit,
627 1994 725 2064 qui
749 1999 802 2048 et
836 2009 1035 2063 aspere
1082 1992 1338 2046 invectus
1362 1993 1421 2046 in
1471 2008 1602 2046 eum
1635 1993 1778 2045 dixit
1819 2009 1831 2045 :
1865 1992 2005 2062 Spe-

301 2085 413 2138 cies
443 2083 655 2153 decipit
683 2089 758 2144 te,
793 2087 850 2136 et
873 2081 1331 2151 concupiscentia
1365 2080 1638 2134 subvertit
1681 2097 1778 2134 cor
1816 2086 2001 2146 tuum,

301 2173 485 2236 Quare
525 2172 633 2224 hoc
653 2176 709 2224 et
747 2170 854 2223 hoc
904 2169 1134 2222 fecisti?
1187 2169 1336 2222 Scito
1389 2169 1523 2239 quia
1580 2184 1698 2222 rem
1745 2169 2003 2239 iniquam

301 2267 570 2332 operatus
603 2276 681 2313 es.
717 2261 826 2313 Hoc
853 2258 1021 2321 dicto,
1055 2257 1216 2311 illum
1241 2258 1309 2310 de
1341 2262 1520 2310 stratu
1553 2274 1655 2310 suo
1708 2258 2002 2328 protraxit,

301 2356 359 2402 et
393 2348 587 2402 multis
607 2346 937 2400 verberibus
967 2361 1198 2409 caesum,
1259 2351 1622 2399 cruentatum
1673 2346 1999 2416 dereliquit.

303 2438 429 2491 Haec
483 2436 716 2506 quidem
767 2434 1058 2487 somnians
1102 2435 1354 2503 pertulit,
1416 2433 1517 2487 sed
1573 2434 2002 2503 expergefactus

299 2527 463 2594 signa
493 2526 792 2595 plagarum
862 2522 1146 2575 evidentia
1223 2522 1654 2587 demonstravit,
1715 2529 1772 2575 et
1833 2522 2002 2575 verba

297 2614 598 2666 verberum
652 2609 1007 2681 argumentis
1054 2609 1465 2679 comprobavit.
1527 2610 1737 2663 Taliter
1797 2611 1869 2663 ab
1901 2611 2003 2663 im-

298 2702 452 2755 mani
475 2700 792 2771 praecipitio
837 2702 1134 2762 retractus,
1193 2698 1346 2751 idem
1379 2698 1501 2767 ipse
1549 2698 1914 2766 postmodum
1943 2699 2000 2752 in

297 2806 400 2844 suo
451 2788 767 2842 ministerio
823 2802 1006 2857 usque
1061 2785 1132 2838 ad
1193 2786 1605 2854 provectiorem
1659 2791 1884 2839 aetatem
1943 2787 1998 2841 iu

297 2879 531 2932 ecclesia
560 2875 892 2946 permansit,
945 2881 1002 2928 et
1047 2873 1104 2927 in
1137 2875 1260 2944 ejus
1297 2874 1648 2928 correctione
1683 2875 1847 2928 multi
1877 2891 2000 2928 cor-

296 2966 435 3019 recti
465 2972 614 3032 sunt,
649 2965 1038 3034 gloriﬁcantes
1067 2964 1268 3020 Deum.
1316 2963 1418 3033 qui
1447 2980 1550 3032 per
1576 2978 1801 3016 servum
1833 2980 1999 3016 suum

2122 580 2326 632 merita
2354 579 2545 633 dilecti
2585 578 2693 644 sui,
2729 579 3046 648 supplicem
3107 579 3279 632 istum
3333 578 3617 633 liberavit.
3651 579 3837 633 Sanus

2121 669 2390 738 equidem
2425 668 2493 721 ab
2531 667 2792 720 oratione
2832 669 3100 732 surrexit,
3157 676 3214 721 et
3265 669 3446 722 Deum
3497 667 3838 738 propitiato-

2121 774 2241 811 rem
2276 756 2336 810 in
2381 756 2930 810 commemoratione
2975 756 3165 809 Sancti
3197 757 3282 810 sui
3327 757 3687 827 gloriﬁcavit.
3724 755 3843 810 Cia-

2119 862 2248 900 mor
2299 846 2364 899 ad
2422 847 2622 899 cmlum
2668 845 2930 898 attolitur
2975 850 3032 898 et
3084 861 3214 898 cum
3265 845 3458 900 debita
3513 846 3832 916 gratiarum

2119 935 2343 988 actione
2375 934 2624 1003 hymnus
2656 932 2856 1003 gloria:
2873 932 3260 1004 omnipotenti
3295 934 3408 987 Deo
3440 934 3510 988 ab
3549 933 3835 988 universis

2118 1023 2510 1078 assistentibus
2540 1022 2892 1076 decantatur.

2189 1115 2240 1165 6.
2330 1112 2446 1165 Hoc
2519 1127 2749 1182 quoque
2813 1109 3234 1163 successoribus
3296 1110 3505 1164 nostris
3573 1110 3831 1164 indicare

2118 1200 2464 1263 curavimus,
2513 1199 2666 1271 quod
2715 1199 2773 1252 in
2821 1199 3022 1252 diebus
3078 1199 3459 1268 Rogationum
3507 1198 3581 1253 ad
3629 1201 3832 1269 sepul-

2118 1306 2278 1343 crum
2330 1289 2587 1358 prtedicti
2629 1287 2986 1341 Confessoris
3028 1287 3335 1357 contigisse
3384 1287 3663 1340 veraciter
3691 1303 3830 1357 cog-

2117 1379 2400 1433 novimus.
2444 1377 2683 1440 Quidam
2753 1376 2908 1429 enim
2947 1376 3210 1429 sacerdos
3266 1391 3396 1430 cum
3443 1377 3658 1446 populo
3707 1392 3828 1429 suae

2119 1466 2510 1538 procurationi
2569 1464 2876 1518 commisso
2921 1463 2979 1517 in
3027 1464 3228 1518 diebus
3265 1465 3653 1534 Rogationum
3702 1480 3833 1518 cru-

2119 1573 2242 1610 cem
2274 1571 2403 1611 cum
2464 1553 2694 1624 hymnis
2747 1558 2806 1607 et
2856 1552 3090 1606 canticis
3121 1553 3187 1607 ad
3240 1553 3660 1606 monasterium
3711 1553 3831 1606 sci-

2121 1645 2248 1698 licet
2279 1642 2457 1696 sancti
2505 1642 2653 1695 Petri
2688 1646 2744 1694 et
2789 1641 2842 1695 S.
2888 1641 3116 1710 Georgii
3175 1641 3468 1695 deferebat
3497 1657 3510 1695 :
3545 1658 3674 1696 cum
3709 1659 3831 1711 quo

2043 1775 2080 1828 Β
2118 1734 2350 1804 quidam
2405 1747 2607 1795 caacus,
2654 1729 2888 1782 alterius
2940 1745 3114 1783 manu
3172 1731 3398 1790 ductus,
3445 1729 3730 1783 veniebat.
3776 1731 3836 1782 Is

2118 1838 2247 1875 cum
2293 1821 2364 1874 ad
2404 1820 2731 1890 sepulcrum
2792 1817 3142 1872 Confessoris
3189 1817 3398 1871 Christi
3456 1817 3725 1881 venisset,
3761 1834 3832 1871 ex

2117 1915 2239 1964 toto
2290 1909 2458 1962 corde
2504 1925 2608 1961 suo
2653 1906 2872 1976 rogavit
2923 1912 3181 1959 sanctum
3232 1905 3582 1971 Heinricum,
3631 1911 3697 1960 ut
3725 1922 3837 1977 per

2117 1999 2240 2069 ejus
2287 1999 2695 2061 interventum,
2745 1995 3141 2049 restitueretur
3191 1995 3242 2048 ei
3276 1996 3470 2048 lumen
3503 1995 3829 2049 oculorum.

2117 2090 2374 2158 Cumque
2405 2086 2502 2140 diu
2534 2085 2800 2155 precibus
2829 2089 2884 2137 et
2914 2083 3181 2154 lacrymis
3211 2084 3464 2153 pulsaret
3491 2083 3560 2137 ad
3613 2084 3829 2137 ostium

2114 2177 2195 2248 pii
2227 2175 2602 2242 Confessoris,
2646 2172 2864 2226 cunctis
2904 2172 3228 2225 videntibus
3274 2177 3333 2225 et
3373 2171 3431 2224 iu
3464 2171 3689 2224 laudem
3727 2171 3830 2224 Dei

2116 2263 2579 2330 acclamantibus,
2642 2261 2898 2314 redditus
2949 2265 3033 2312 est
3101 2259 3153 2312 ei
3211 2259 3364 2312 visus
3427 2275 3531 2329 per
3577 2260 3829 2329 gratiam

2114 2351 2558 2422 Omnipotentis.
2615 2350 2681 2402 Et
2728 2349 2940 2402 mirum
3007 2347 3068 2400 in
3119 2347 3376 2415 modum,
3439 2347 3538 2416 qui
3587 2347 3833 2400 alterius

2115 2457 2288 2494 manu
2314 2440 2514 2493 ductus
2561 2452 2787 2489 crucem
2842 2434 3070 2489 Domini
3103 2439 3350 2502 secutus,
3400 2434 3588 2488 fuerat
3615 2451 3828 2503 carens,

2113 2529 2284 2582 modo
2325 2527 2574 2599 propriis
2625 2525 2888 2578 manibus
2941 2540 3165 2577 crucem
3239 2523 3427 2576 ferens
3504 2539 3633 2576 cum
3694 2524 3826 2576 lau-

2111 2619 2278 2671 dibus
2335 2615 2563 2679 Christi,
2588 2613 2802 2684 populo
2833 2613 3071 2667 domum
3106 2610 3366 2665 redeunti
3395 2612 3628 2664 ductum
3679 2627 3836 2681 prm-

2111 2707 2235 2760 buit
2264 2705 2650 2758 illuminatus.

2185 2799 2235 2847 7.
2270 2793 2436 2847 Aliud
2486 2805 2715 2862 quoque
2771 2789 2980 2844 divinae
3043 2787 3270 2841 virtutis
3337 2787 3680 2840 miraculum
3741 2803 3840 2841 ce-

2112 2881 2256 2935 lebri
2310 2879 2854 2934 commemoratione
2905 2883 2962 2930 et
3019 2881 3172 2930 certa
3222 2875 3335 2929 tide
3384 2875 3678 2942 cognitum
3717 2879 3835 2930 est.

2114 2971 2244 3023 Erat
2309 2968 2540 3039 quidam
2597 2967 2904 3035 languidus
2941 2965 3063 3036 ipsa
3129 2964 3188 3017 in
3250 2964 3478 3017 civitate
3553 2963 3837 3017 omnibus

290 3053 411 3122 jam
465 3059 803 3107 coronatum
861 3052 921 3106 in
977 3051 1134 3105 CCBliS
1188 3051 1326 3104 talia
1373 3057 1645 3120 ορετειωι·
1701 3052 1889 3106 adhuc
1945 3052 2074 3112 inC
2112 3056 2398 3126 cognitus,
2442 3055 2605 3125 cujus
2653 3054 2926 3107 inferiora
2952 3051 3146 3106 omnia
3201 3069 3234 3105 a
3279 3051 3488 3105 lumbis
3563 3057 3617 3104 et
3673 3052 3838 3106 infra

295 3141 489 3195 terris.

370 3229 403 3280 4
459 3227 716 3291 Quadam
773 3226 894 3280 vice
957 3225 1176 3279 incerto
1233 3241 1362 3278 casu
1411 3225 1634 3278 cuidam
1682 3226 1905 3289 accidit,
1939 3232 2002 3281 ut

297 3314 616 3370 dissociatis
693 3314 763 3367 ab
851 3313 1096 3367 invicem
1182 3313 1538 3367 naturalibus
1580 3313 1998 3381 instrumentis,

296 3403 629 3457 mandihula
658 3402 784 3455 loco
838 3417 940 3455 suo
975 3401 1211 3466 dimota,
1245 3405 1302 3456 et
1360 3400 1473 3454 oris
1516 3401 1825 3472 impediret
1872 3403 2002 3457 ofti-

296 3491 474 3556 cium,
507 3497 563 3545 et
601 3491 921 3544 naturalem
977 3489 1216 3543 humani
1273 3489 1490 3543 decoris
1523 3491 2001 3560 compositionem

295 3578 637 3632 deformare.
691 3578 931 3642 Doloris,
988 3583 1045 3630 et
1104 3577 1487 3631 deformitatis
1535 3578 1834 3632 accedebat
1877 3595 1999 3632 mo-

293 3668 480 3733 lestia,
539 3683 710 3738 quam
766 3667 1122 3737 perpendere
1165 3666 1224 3720 in
1255 3667 1366 3720 alio
1433 3666 1731 3720 commode
1789 3667 1997 3722 valebi-

295 3772 443 3819 mus,
479 3756 526 3810 si
576 3755 644 3810 ad
693 3755 872 3809 nostri
935 3755 1194 3825 corporis
1253 3755 1645 3810 inﬁrmitatem
1690 3755 1884 3810 animo
1917 3773 2001 3810 re-

295 3860 613 3898 curramus.
670 3845 900 3898 Talibus
969 3843 1388 3897 circumventus
1443 3844 1821 3899 incommodis
1885 3847 1998 3899 cla-

296 3933 472 3986 mavit
501 3933 570 3986 ad
603 3933 932 3999 Dominum,
969 3937 1024 3985 et
1048 3932 1255 3986 divinae
1289 3932 1517 4001 pietatis
1571 3932 1848 3987 obnoxius
1887 3933 1998 3988 im-

296 4019 543 4090 ploravit
601 4019 898 4074 auxilium.
954 4021 1023 4072 Ut
1075 4036 1212 4090 ergo
1268 4036 1443 4090 opera
1503 4022 1604 4074 Dei
1670 4021 1998 4075 manifesta-

295 4113 496 4162 rentur
519 4107 578 4161 in
604 4106 727 4175 illo,
775 4106 970 4160 multis
1004 4107 1398 4161 assistentibus
1455 4111 1510 4161 et
1554 4108 1900 4176 videntibus,
1926 4110 1998 4164 ad

295 4196 558 4250 tumbam
583 4195 738 4250 Beati
782 4195 1034 4262 accessit,
1091 4199 1146 4248 et
1174 4195 1356 4265 capite
1386 4196 1846 4267 superimposito,
1877 4201 1995 4252 tam

297 4285 396 4339 diu
438 4284 704 4354 precibus
759 4283 986 4346 institit,
1031 4283 1404 4355 quoadusque
1444 4301 1547 4355 per
1601 4285 1808 4339 merita
1848 4286 1994 4339 servi

297 4374 396 4428 Dei
440 4343 770 4434 sanitatem,
853 4343 1462 4443 quam.desider.abat.,
1520 4373 1759 4444 accepit.
1848 4373 1994 4438 Quid
2028 4343 2069 4396 Β

293 4463 448 4518 enim
481 4463 509 4518 ?
537 4462 928 4517 Necessarium
971 4462 1125 4516 enim
1185 4467 1271 4516 est
1322 4464 1400 4529 ut,
1436 4462 1536 4532 qui
1592 4463 1836 4516 Domino
1869 4464 2000 4517 uni-

293 4567 470 4609 versae
496 4557 768 4606 creaturae
816 4551 1111 4617 obediunt,
1170 4551 1282 4604 illis
1329 4555 1589 4604 creatura
1619 4552 1806 4605 omnis
1831 4552 2000 4606 certis

292 4639 515 4708 legibus
546 4640 786 4694 rationis
814 4657 918 4711 per
963 4640 1374 4711 omnipotentis
1407 4640 1505 4694 Dei
1566 4639 1833 4695 virtutem
1867 4642 1999 4695 obe-

295 4727 431 4780 diat.

367 4817 419 4866 εἰ.
481 4814 620 4867 Item
669 4814 728 4867 in
787 4816 898 4868 alio
947 4821 1210 4885 tempore
1267 4815 1570 4885 contigisse
1642 4815 1700 4870 in
1759 4817 1995 4871 veritate

295 4901 637 4967 audivimus,
671 4906 736 4954 ut
786 4903 1019 4972 quidam
1049 4920 1081 4955 a
1127 4904 1376 4972 paralysi
1411 4921 1592 4974 usque
1648 4906 1789 4958 adeo
1824 4922 1994 4960 vexa-

295 4995 472 5054 retur,
508 4993 566 5042 ut
623 4988 825 5042 exinde
885 5004 1052 5043 usum
1107 4990 1328 5043 brachii
1406 4992 1794 5059 perdidisset:
1851 4998 1994 5046 nutu

291 5079 486 5133 divino
535 5077 861 5132 admonitus
918 5082 1002 5130 est
1057 5083 1120 5130 ut
1164 5078 1233 5131 ad
1267 5078 1618 5148 sepulturam
1651 5080 1842 5134 Sancti
1873 5097 1994 5134 cor-

293 5168 449 5237 poris
512 5165 826 5231 accederet,
895 5170 950 5218 et
994 5169 1312 5234 prostratus
1393 5166 1452 5218 in
1533 5166 1810 5233 oratione,
1893 5169 1994 5222 Dei

296 5256 714 5327 omnipotentis
772 5253 1223 5308 misericordiam
1275 5269 1378 5324 per
1419 5254 1735 5307 beatissimi
1762 5255 1868 5308 viri
1894 5255 1996 5307 ibi-

296 5353 424 5406 dcm
481 5349 892 5423 requiescentis
961 5349 1166 5402 merita
1219 5349 1525 5403 invocaret.
1603 5351 1740 5404 Toto
1800 5351 1993 5421 itaque

290 5456 529 5509 corpore
553 5444 870 5509 prostratus
923 5437 1271 5491 orationibus
1328 5438 1610 5491 incubuit.
1641 5437 1786 5501 Quid
1819 5440 1994 5509 ergo?

294 5527 548 5580 Christus
581 5528 756 5581 Filius
807 5526 926 5593 Dei,
983 5525 1082 5596 qui
1128 5542 1299 5597 super
1327 5531 1539 5580 terram
1571 5527 1836 5594 gradiens
1879 5544 1993 5582 ma-

296 5630 434 5668 num
466 5615 685 5669 aridam
737 5614 1045 5669 habentem
1078 5616 1296 5669 sanavit
1344 5632 1358 5681 ;
1390 5616 1544 5672 idem
1605 5631 1759 5670 nunc
1785 5616 1992 5671 sedens

2115 3145 2352 3199 omnino
2407 3148 2757 3214 praemortua
2800 3141 3050 3203 fuerunt,
3098 3139 3238 3193 adeo
3297 3144 3361 3191 ut
3410 3153 3515 3191 nec
3579 3135 3835 3206 pedibus

2113 3235 2232 3288 solo
2271 3233 2376 3287 niti
2431 3233 2667 3298 valeret,
2719 3229 2817 3284 sed
2881 3229 3264 3283 instrumento
3331 3225 3558 3280 cuidam
3614 3225 3832 3277 rotulis

2112 3328 2362 3393 quatuor
2391 3325 2651 3393 coaptato
2710 3319 2994 3391 pendulus
3040 3315 3375 3379 inhaerebat,
3437 3313 3640 3383 suique
3688 3328 3832 3365 cor-

2110 3411 2266 3482 poris
2298 3411 2509 3464 molem
2563 3409 2829 3462 manibus
2878 3405 3125 3477 propriis
3181 3421 3286 3475 pro
3329 3402 3704 3474 possibilitate
3730 3417 3833 3453 ar—

2111 3499 2279 3553 titicis
2303 3498 2610 3552 volutabat.
2657 3498 2811 3551 Idem
2868 3495 3117 3548 loculum
3173 3491 3518 3546 sanctissimi
3563 3489 3832 3559 corporis

2110 3587 2469 3658 frequentius
2514 3585 2745 3639 visitare
2796 3583 3061 3638 solebat:
3097 3587 3153 3636 et
3201 3598 3304 3652 per
3349 3580 3446 3634 Dei
3484 3579 3833 3634 misericor-

2111 3675 2288 3743 diam,
2336 3676 2404 3730 ad
2459 3673 2796 3728 celebranda
2851 3673 2998 3726 servi
3053 3671 3139 3725 sui
3185 3671 3411 3736 merita,
3443 3674 3661 3723 tantam
3694 3684 3836 3739 gra-

2109 3766 2248 3818 tiam
2304 3769 2387 3818 est
2443 3766 2798 3826 consecutus,
2849 3766 2912 3814 ut
2969 3759 3228 3814 membra
3284 3763 3638 3829 praemortua
3682 3757 3835 3812 vivi-

2111 3854 2434 3916 li«:arentur,
2471 3869 2535 3905 ac
2572 3850 2779 3906 deinde
2839 3849 3056 3904 baculis
3104 3853 3350 3918 utroque
3407 3847 3649 3901 humero
3682 3863 3836 3918 sup-

2109 3943 2330 4013 positis,
2380 3942 2622 4013 pedibus
2675 3944 2887 3994 terram
2952 3943 3216 4009 tangeret
3278 3942 3333 3991 et
3383 3941 3604 3990 erectus
3663 3935 3833 3990 ince-

2109 4033 2287 4085 deret.

2179 4123 2229 4175 8.
2283 4117 2566 4173 Modernis
2623 4117 2792 4171 etiam
2855 4115 3212 4186 temporibus
3288 4113 3518 4185 quidam
3588 4117 3834 4167 contra-

2106 4213 2249 4274 ctus,
2275 4207 2409 4278 quia
2455 4207 2644 4262 adhuc
2701 4206 2762 4259 in
2813 4221 2982 4259 carne
3037 4206 3320 4274 superest,
3360 4203 3417 4255 in
3469 4201 3669 4254 eodem
3695 4201 3835 4254 loco

2108 4301 2342 4349 sanatus
2371 4299 2473 4360 est,
2531 4299 2588 4348 et
2639 4294 2962 4348 naturalem
2995 4308 3163 4347 usum
3214 4289 3546 4345 ambulandi
3576 4289 3830 4359 recepit.

2114 4386 2323 4438 Praeter
2391 4384 2515 4437 haec
2577 4383 2761 4436 multa
2830 4382 2942 4435 alia
3004 4380 3318 4436 sanctitatis
3372 4382 3712 4448 argumenta
3763 4384 3837 4432 et

2111 4472 2506 4542 experimenta
2577 4470 2912 4540 frequenter
2997 4469 3056 4522 in
3139 4468 3343 4522 eodem
3427 4467 3550 4520 loco
3638 4469 3831 4519 sunt:

2110 4561 2325 4615 debiles
2380 4559 2582 4620 curati,
2639 4558 2771 4612 caeci
2851 4557 3202 4624 illuminati;
3263 4555 3560 4610 daemones
3605 4569 3670 4606 ex
3719 4552 3838 4607 ob-

2107 4649 2274 4701 scssis
2306 4642 2644 4718 corporibus
2683 4645 2984 4701 visibiliter
3015 4645 3193 4715 fugati
3230 4661 3243 4698 :
3280 4642 3445 4696 multi
3478 4658 3544 4694 ex
3578 4641 3837 4694 diversis

2105 4737 2535 4791 infirmitatibus
2582 4735 2800 4790 ibidem
2851 4732 3314 4804 frequentissime
3381 4729 3612 4785 liberati
3658 4734 3833 4795 sunt,

2108 4825 2347 4878 Domino
2403 4823 2765 4886 testificante,
2851 4827 3066 4894 quanta
3123 4822 3462 4875 Sanctorum
3521 4817 3707 4888 gloria
3762 4817 3840 4872 in

2106 4913 2258 4965 caelis
2316 4912 2410 4982 sit,
2470 4929 2615 4983 quos
2687 4911 2863 4965 tantis
2922 4911 3334 4964 miraculorum
3393 4906 3706 4960 virtutibus
3761 4905 3841 4962 in

2105 5000 2272 5054 terris
2330 5015 2627 5054 coruscare
2679 4999 2986 5053 concedit:
3020 5015 3090 5051 ne
3144 4997 3298 5068 apud
3368 4995 3635 5049 homines
3690 4993 3841 5050 loco

2105 5089 2312 5142 humili
2342 5093 2677 5155 .teneantur,
2745 5087 2847 5158 qui
2904 5087 3054 5158 apud
3113 5087 3294 5140 Deum
3353 5083 3574 5138 meritis
3608 5083 3840 5137 excelsi

2105 5193 2227 5242 esse
2259 5175 2728 5246 comprobantur.

2175 5268 2226 5319 9.
2318 5267 2456 5320 Cum
2541 5264 2756 5318 etenim
2847 5263 3258 5318 miraculorum
3329 5258 3838 5329 attestationibus,

2105 5353 2461 5408 sanctitatem
2539 5352 2894 5407 Confessoris
2982 5351 3068 5404 sui
3119 5350 3397 5404 Dominus
3474 5348 3836 5419 declararet,

2106 5441 2590 5512 Babeubergensis
2665 5440 2926 5495 Ecclesiae
3014 5439 3238 5493 Praelati
3322 5436 3842 5493 crebrescentibus

2103 5529 2302 5599 signis,
2329 5546 2459 5584 cum
2489 5529 2777 5584 mandatis
2807 5534 2865 5582 et
2920 5528 3124 5582 litteris
3182 5526 3471 5581 Chunradi
3529 5523 3705 5596 Regis
3760 5545 3842 5584 ac

2103 5617 2437 5689 Principum
2470 5618 2713 5673 Romam
2746 5616 3012 5672 abierunt
3068 5631 3278 5686 magna
3339 5619 3395 5668 et
3425 5627 3598 5684 quam
3629 5612 3841 5669 mira—
