3976 6402
120 362 194 412 133
1755 363 1798 414 Α

3515 368 3613 420 134

115 480 220 536 bilia
252 481 397 534 Deus
429 496 536 551 per
565 480 961 535 Confessorem
1016 496 1183 535 suum
1216 486 1509 552 operetur,
1550 483 1792 537 Domino
1825 489 1868 539 A
1908 485 2260 555 tegritatem,
2318 486 2813 556 eleemosynarum
2867 486 3215 556 largitatem,
3271 489 3614 544 humilitatis

114 572 247 641 Papa:
292 571 574 641 Eugenio,
605 578 662 625 et
693 572 966 625 Romanae
996 571 1173 625 curiae
1227 572 1661 625 nuntiaverunt.
1725 575 1797 625 At

113 660 177 713 illi
204 660 537 729 gaudentes,
574 668 629 711 et
679 676 782 730 pro
834 665 1006 713 tantae
1051 660 1217 713 fama:
1277 660 1581 713 dulcedine
1614 660 1794 713 Deum

114 747 487 817 gloriﬁcantes,
532 748 600 801 de
631 748 1066 801 canonizatione
1096 747 1278 800 sancti
1338 748 1508 817 Regis
1566 748 1794 801 Henrici

114 842 383 906 cmperunt
411 836 651 890 sollicite
707 853 770 889 ac
796 835 1106 907 diligenter
1137 837 1204 889 ad
1240 835 1481 889 invicem
1513 837 1793 903 conferre,

115 932 371 995 quatenus
424 924 483 978 in
550 925 821 995 Catalogo
904 924 1363 979 conscriberetur
1430 924 1790 992 Sanctorum,

122 1015 200 1085 qui
240 1014 549 1068 virtutibus
579 1021 636 1069 et
686 1015 867 1085 signis
907 1016 1254 1086 probaretur
1305 1021 1633 1085 assumptus
1675 1031 1796 1068 esse

116 1104 161 1156 in
190 1119 422 1173 regnum
453 1103 749 1157 caelorum.
786 1104 890 1158 Cui
931 1104 1350 1157 canonizationi
1380 1104 1615 1174 quidam
1654 1104 1793 1158 Car-

117 1192 311 1257 dinalis,
371 1193 619 1245 Joannes
675 1193 933 1259 nomine,
998 1194 1172 1263 coepit
1216 1192 1585 1246 vehementer
1641 1192 1794 1245 obsi-

116 1285 258 1345 stere,
294 1284 354 1332 et
383 1282 638 1349 projecto
670 1280 881 1334 timore
918 1280 1037 1344 Dei,
1076 1281 1133 1334 in
1183 1280 1645 1351 quibuscumque
1692 1297 1795 1350 po-

119 1369 227 1428 tuit,
271 1384 387 1421 non
428 1369 845 1422 verecundatus
889 1374 975 1422 est
1029 1369 1303 1439 praedicto
1339 1368 1666 1425 Confessori
1706 1370 1800 1422 de-

119 1456 334 1510 trahere.
372 1457 484 1510 Sed
534 1457 727 1511 divina
776 1458 921 1511 ultio
974 1457 1374 1512 detrahentem
1431 1456 1644 1511 caelesti
1670 1473 1796 1511 ver-

121 1548 233 1599 bere
284 1553 522 1615 repente
584 1547 855 1611 coercuit,
919 1553 976 1601 et
1004 1548 1141 1601 dum
1190 1547 1404 1600 famam
1464 1547 1616 1601 beati
1691 1546 1798 1600 viri

121 1637 389 1701 laceraret,
444 1641 693 1704 potestas
745 1636 844 1689 Dei
889 1636 1108 1689 lumine
1157 1637 1454 1689 oculorum
1502 1651 1633 1687 eum
1685 1634 1799 1704 pri-

123 1725 266 1777 vavit.
306 1725 495 1777 Atille
528 1724 674 1777 adeo
723 1740 1026 1794 percussus
1068 1730 1124 1778 et
1161 1724 1499 1778 humiliatus
1530 1723 1799 1777 czecitatis

119 1812 356 1865 molestia
408 1817 467 1866 et
504 1820 699 1866 reatus
752 1814 840 1865 sui
894 1814 1245 1867 conscientia
1295 1815 1469 1883 cmpit
1510 1812 1796 1882 torqueri;

120 1905 166 1953 et
215 1901 494 1971 quomodo
545 1902 691 1954 hanc
741 1902 969 1970 plagam
1032 1902 1090 1954 in
1132 1902 1525 1955 Confessorem
1591 1900 1798 1955 Christi

118 1990 380 2058 peccando
408 1990 732 2059 meruisset,
772 1992 1006 2060 publica
1049 2006 1181 2044 voce
1242 1989 1523 2056 conﬁteri,
1579 1991 1661 2060 [et
1700 1989 1798 2042 mi-

121 2093 231 2131 rum
260 2078 315 2131 in
382 2079 642 2147 modum,
690 2094 861 2149 quem
912 2079 1074 2149 prius
1114 2078 1387 2132 dentibus
1429 2078 1801 2132 detractionis

119 2168 783 2237 lacerabat,hunc{modo
834 2168 1101 2221 laudibus
1155 2172 1210 2221 et
1253 2167 1559 2237 praeconiis
1619 2183 1800 2236 usque

119 2259 176 2308 ad
206 2256 381 2309 sidera
434 2258 766 2310 extollebat.
811 2258 1128 2311 Conversus
1180 2256 1373 2327 itaque
1406 2258 1472 2310 ad
1518 2257 1800 2326 pceuiten-

122 2344 261 2412 tiam,
297 2346 538 2398 celerem
587 2351 925 2398 consecutus
957 2351 1036 2398 est
1088 2346 1532 2414 indulgentiam,
1588 2350 1642 2397 et
1698 2361 1803 2414 per

120 2434 561 2488 intercessionem
591 2434 944 2487 Confessoris
985 2434 1193 2488 Christi
1241 2434 1432 2486 denuo
1468 2439 1551 2486 est
1584 2434 1799 2486 illumi-

121 2528 284 2587 natus,
318 2524 389 2576 ob
448 2524 614 2593 cujus
669 2524 949 2577 ultionem
1005 2524 1165 2593 justo
1214 2523 1432 2592 judicio
1468 2522 1567 2577 Dei
1617 2522 1803 2576 fuerat

118 2618 426 2666 excmcatus.
1514 2602 1525 2608 ’

183 2701 258 2752 10.
309 2701 492 2755 Simili
537 2701 709 2754 modo
742 2717 872 2754 cum
911 2700 971 2753 in
1004 2701 1126 2753 loco
1192 2698 1669 2768 Babenbcrgensi,
1706 2700 1803 2752 ubi

119 2788 402 2856 praedictus
432 2791 734 2843 Confessor
773 2791 1087 2843 tumulatus
1120 2791 1325 2853 fuerat,
1388 2788 1455 2841 de
1498 2787 1800 2841 canoniza-

122 2878 255 2929 tione
284 2878 403 2948 ejus
436 2880 678 2932 celebris
718 2879 870 2932 fama
916 2879 1250 2943 haberetur,
1284 2878 1369 2929 vir
1401 2876 1635 2947 quidam
1671 2878 1801 2930 reli-

120 2965 294 3032 giosus
324 2968 391 3020 dc
424 2968 624 3037 signis,
677 2983 806 3038 quae
852 2983 956 3037 per
983 2984 1114 3020 eum
1155 2967 1389 3033 fiebant,
1421 2964 1592 3035 cmpit
1633 2964 1800 3018 dubi-

120 3058 244 3117 tare,
275 3061 329 3108 et
361 3056 431 3109 de
466 3056 894 3125 permutatione
926 3056 1320 3125 exequiarum,
1357 3070 1486 3124 quas
1526 3053 1584 3105 in
1636 3053 1806 3106 anni-
1839 3054 1877 3107 C

120 3144 347 3197 versario
391 3146 517 3214 ejus
572 3144 880 3197 celebriter
935 3144 1171 3208 ﬁebant,
1224 3142 1373 3195 intra
1429 3141 1804 3211 semetipsum

120 3229 338 3285 dolere:
390 3233 491 3303 qui
554 3249 680 3286 mox
736 3234 1037 3286 oculorum
1104 3230 1349 3300 caligine
1380 3229 1523 3284 adeo
1564 3235 1645 3283 est
1680 3230 1805 3299 pla-

117 3326 287 3387 gatus,
345 3326 406 3375 ut
462 3328 666 3393 postea
718 3338 822 3392 per
878 3322 1272 3376 Confessorem
1314 3319 1527 3374 Christi
1551 3323 1802 3384 sanatus,

117 3417 374 3475 quantum
402 3413 677 3465 sanctitas
705 3412 846 3481 fejus
876 3411 1029 3481 apud
1068 3412 1243 3464 Deum
1280 3413 1490 3479 posset,
1542 3408 1600 3462 iu
1633 3424 1801 3462 cura-

114 3495 250 3551 tione
295 3499 480 3569 ipsius
527 3500 903 3570 experiretur.
952 3501 1017 3554 Et
1088 3498 1419 3552 mirandum
1477 3501 1561 3550 est
1615 3497 1802 3564 valde,

114 3586 246 3653 quod
286 3588 354 3642 de
414 3589 720 3643 sanctitate
767 3589 910 3642 tanti
969 3587 1073 3641 viri
1106 3586 1317 3657 aliquis
1375 3585 1637 3640 dubitare
1694 3602 1797 3655 po-

112 3676 282 3740 tuerit,
317 3693 449 3732 cum
482 3678 940 3732 conversationis
980 3677 1366 3741 sanctitatem,
1411 3675 1684 3728 castitatis
1716 3675 1799 3727 in-

1904 574 2247 640 custodiam,
2307 579 2362 628 et
2390 574 2584 627 omnia
2619 590 2793 644 opera
2815 575 3061 645 justitiae
3109 593 3291 646 usque
3326 578 3384 630 in
3433 580 3607 633 tinem

1906 663 2035 716 vita:
2091 680 2209 717 suae
2258 680 2389 717 cum
2445 664 2753 717 devotione
2801 680 3028 718 summa
3085 666 3413 721 servaverit.
3472 667 3603 732 Sed,

1905 751 2053 804 sicut
2081 753 2359 822 scriptum
2391 757 2478 805 est
2510 768 2523 805 :
2562 752 2739 805 Nemo
2784 754 3071 822 propheta
3115 760 3381 824 acceptus
3419 761 3503 808 est
3550 756 3611 809 in

1905 840 2091 907 patria
2110 856 2230 893 sua.
2267 840 2361 893 Vir
2398 856 2535 909 ergo
2568 841 2897 909 praedictus,
2959 841 3181 895 defectu
3216 843 3422 896 lumini
3480 859 3609 913 gra-

1903 934 2088 993 vatus,
2113 928 2371 998 confugit
2400 928 2469 981 ad
2515 928 2829 999 patrocinia
2857 928 3223 995 Sanctorum,
3294 931 3611 1000 deprecans

1905 1021 1969 1069 ut
1998 1033 2099 1087 per
2130 1026 2328 1071 eerum
2382 1016 2656 1087 suffragia
2685 1017 2898 1071 sanitas
2942 1017 3048 1071 sibi
3082 1019 3421 1072 restituatur
3470 1036 3614 1073 ocn-

1905 1105 2115 1159 lorum.
2156 1107 2369 1160 Etcum
2407 1122 2471 1159 ex
2504 1107 2699 1159 dolore
2737 1114 2791 1159 et
2821 1106 3015 1159 labore
3047 1107 3276 1161 assidua
3335 1124 3612 1162 venarum

1904 1194 2298 1247 incurvatione
2330 1194 2600 1264 fatigatus
2624 1195 2840 1261 fuisset,
2868 1198 3135 1249 lassatum
3167 1212 3373 1267 corpus
3409 1213 3611 1250 somno

1906 1289 2209 1355 reparavnt.
2265 1283 2366 1337 Cui
2400 1284 2709 1337 dormienti
2739 1283 2793 1338 S.
2860 1284 3269 1355 Woltl‘gangus,
3330 1301 3399 1339 eo
3459 1286 3610 1355 quod

1908 1388 2041 1426 eum
2072 1372 2414 1426 familiarem
2448 1372 2506 1425 in
2566 1372 2925 1426 orationibus
2956 1374 3074 1427 suis
3107 1374 3392 1436 habuerit,
3430 1391 3614 1444 appa-

1907 1459 2043 1523 ruit,
2078 1466 2133 1513 et
2188 1460 2268 1515 ait
2311 1460 2363 1513 ei
2397 1476 2410 1513 :
2445 1460 2555 1515 Ora
2595 1460 2993 1514 Confessorem
3027 1461 3233 1515 Christi
3264 1462 3611 1527 Heinricum,

1910 1553 1963 1599 et
2003 1547 2270 1602 liberabit
2295 1554 2372 1614 te,
2405 1547 2562 1619 quia,
2595 1549 2749 1619 quod
2783 1550 2908 1619 ejus
2964 1550 3249 1604 sanctitati
3302 1552 3613 1621 derogasti,

1910 1635 2122 1689 idcirco
2172 1637 2295 1690 haec
2362 1638 2533 1707 plaga
2574 1637 2844 1690 caecitatis
2904 1638 3059 1691 venit
3124 1655 3298 1709 super
3356 1644 3429 1693 te.
3481 1641 3616 1695 Post

1909 1726 2055 1778 hanc
2096 1725 2375 1779 visionem
2433 1726 2861 1796 expergefactus
2917 1742 2981 1779 ex
3026 1727 3377 1790 conscientia
3421 1729 3617 1783 delicit

1911 1811 1999 1865 sui
2050 1814 2418 1879 contremuit,
2480 1820 2537 1867 et
2593 1815 2660 1867 ad
2707 1815 2965 1867 tumbam
3000 1816 3210 1869 Christi
3258 1817 3613 1870 Confessoris

1910 1902 2135 1954 concito
2166 1903 2349 1971 gradu
2373 1906 2429 1955 et
2485 1902 2686 1955 devota
2736 1908 2928 1956 mente
2986 1903 3330 1972 properavit.
3381 1904 3448 1957 Et
3473 1921 3616 1974 pro-

1910 1991 2187 2042 cumbens
2239 1994 2429 2056 terras,
2480 2007 2513 2044 a
2561 1990 2893 2044 Confessore
2951 1991 3159 2045 Christi
3236 1992 3502 2062 lacrymis
3559 1998 3615 2047 et

1909 2079 2198 2148 precibus,
2258 2079 2377 2131 suis
2446 2079 2769 2132 excessibus
2839 2080 3065 2133 veniam
3124 2081 3451 2149 postulavit.
3506 2082 3615 2146 Qui

1912 2167 2102 2220 statim
2176 2168 2499 2233 exauditus,
2565 2172 2619 2221 et
2674 2168 2932 2237 pristinae
2999 2169 3231 2222 sanitati
3290 2171 3607 2235 restitutus,

1911 2256 2230 2324 gratiarum
2288 2256 2540 2310 actiones
2575 2258 2690 2310 Deo
2731 2263 2786 2310 et
2842 2264 3037 2311 sancto
3096 2258 3357 2311 Heinrico
3390 2260 3611 2324 retulit;

1912 2350 1965 2397 et
1996 2344 2283 2413 magnalia
2330 2345 2452 2407 Dei,
2487 2362 2616 2415 quas
2665 2346 2813 2398 circa
2845 2346 3031 2415 ipsum
3068 2347 3216 2399 Deus
3256 2347 3485 2412 fecerat,
3526 2364 3614 2401 re-

1911 2433 2129 2502 ligiosis
2176 2432 2334 2498 viris,
2389 2434 2489 2503 qui
2547 2434 2712 2487 nobis
2800 2435 3070 2499 retulere,
3139 2435 3260 2504 ipse
3336 2436 3611 2489 narravit.

1912 2523 2160 2575 Caveant
2189 2521 2369 2591 igitur
2398 2522 2746 2575 habitatores
2778 2522 2973 2575 saeculi
3027 2522 3354 2575 domesticis
3404 2524 3503 2576 Dei
3563 2530 3619 2577 et

1911 2609 2128 2663 civibus
2191 2609 2525 2664 Sanctorum
2559 2610 2890 2675 detrahere;
2936 2610 3070 2680 quia
3124 2626 3355 2663 necesse
3409 2616 3492 2664 est
3523 2627 3616 2664 eos

1914 2698 2006 2751 hic
2048 2698 2182 2751 etin
2225 2704 2503 2751 aeternum
2538 2700 2746 2768 perire,
2781 2699 2880 2769 qui
2912 2698 3251 2752 Sanctorum
3275 2698 3441 2751 bonis
3473 2715 3617 2768 ope-

1914 2787 2072 2840 ribus
2103 2790 2288 2840 solent
2312 2787 2551 2858 obloqui
2587 2794 2643 2841 et
2670 2787 2943 2841 invidere.
2975 2786 3243 2849 Quamvis
3288 2802 3427 2855 ergo
3460 2803 3613 2840 nunc

1912 2882 2174 2945 tempora
2207 2877 2618 2929 miraculorum
2654 2892 2765 2929 non
2789 2876 2924 2939 sint,
2958 2877 3120 2944 signa
3147 2876 3303 2928 enim
3336 2876 3619 2929 debentur

1912 2981 2029 3017 non
2065 2963 2350 3032 ﬁdelibus,
2410 2964 2507 3017 sed
2566 2964 2936 3017 infidelibus:
2993 2970 3188 3015 tamen
3238 2979 3369 3017 cum
3419 2964 3615 3034 aliqua

1920 3053 2082 3106 nobis
2110 3058 2323 3123 prieter
2377 3053 2611 3106 solitum
2666 3069 2895 3106 cursum
2956 3052 3334 3121 ordinemque
3385 3059 3610 3106 natura:

1917 3142 2207 3208 eveniunt,
2238 3141 2397 3194 omni
2427 3142 2791 3194 veneratione
2831 3142 3231 3210 amplectenda
3258 3146 3390 3193 sunt
3419 3157 3431 3194 :
3475 3158 3615 3211 qua-

1916 3238 2082 3285 tenus
2112 3236 2169 3284 et
2194 3230 2336 3301 ipse,
2374 3231 2473 3301 qui
2506 3230 2565 3283 in
2600 3230 2816 3285 Sanctis
2873 3232 2990 3284 suis
3023 3230 3304 3285 mirabilis
3360 3238 3464 3299 est,
3523 3231 3619 3284 ho-

1916 3324 2174 3383 noretur,
2225 3324 2280 3372 et
2352 3319 2588 3373 tarditas
2666 3325 2862 3373 nostra
2914 3319 2986 3372 ad
3068 3320 3309 3373 meliora
3371 3336 3617 3389 quaeque

1916 3408 2089 3462 tantis
2126 3408 2429 3461 virtutibus
2450 3408 2826 3473 accendatur;
2862 3413 3169 3478 praestante
3201 3408 3444 3462 Domino
3500 3424 3612 3461 no-

1914 3503 2029 3550 stro
2059 3498 2188 3551 Jesu
2244 3498 2485 3558 Christo,
2521 3496 2781 3567 quicum
2818 3497 2976 3550 Patre
3035 3502 3092 3550 et
3142 3496 3358 3566 Spiritu
3419 3502 3616 3550 sancto

1914 3585 2052 3639 vivit
2080 3590 2135 3638 et
2172 3590 2375 3656 regnat
2407 3586 2555 3639 Deus
2593 3600 2698 3655 per
2739 3585 2935 3638 omnia
2966 3585 3176 3638 saecula
3228 3584 3607 3641 smcnlurum.

1913 3678 2091 3728 Amen
2109 3715 2121 3728 .

1312 3888 1677 3991 PARS
1781 3888 2381 3989 ALTERA.

172 4117 243 4165 lt.
272 4115 558 4184 Tempore
590 4113 713 4181 illo,
746 4128 860 4182 quo
892 4109 1235 4164 venerabilis
1268 4106 1445 4161 abbas
1477 4107 1793 4161 Mersebur-

108 4201 589 4272 gensisjEcclesim
646 4202 973 4254 Volcmarus
1022 4198 1298 4267 reliquias
1352 4197 1503 4249 beati
1549 4194 1797 4248 Heinrici

104 4287 429 4345 Confessoris
460 4290 761 4345 Saxonica:
796 4296 959 4342 terrae.
1009 4287 1244 4351 invexit,
1278 4302 1444 4340 sexus
1492 4284 1794 4354 utriusque

107 4378 271 4443 turba,
327 4382 481 4434 fama
546 4379 864 4448 divulgata,
927 4377 1152 4431 obviam
1212 4376 1422 4429 venit:
1474 4390 1537 4427 ex
1582 4372 1790 4444 quibus
1826 4375 1865 4428 D

104 4468 357 4533 quosdam
417 4468 839 4538 recuperanda:
895 4465 1188 4537 sospitatis
1259 4481 1447 4529 causa,
1518 4462 1795 4533 quosdam

107 4568 216 4608 vero
246 4560 429 4611 ferens
483 4558 773 4622 studium,
831 4557 983 4626 quod
1035 4556 1103 4608 ab
1155 4554 1395 4624 antiquo
1434 4552 1579 4606 circa
1642 4552 1793 4622 ejus-

103 4642 212 4697 dem
264 4647 429 4718 Regis
487 4662 716 4701 nomen
774 4645 1114 4708 habuerant,
1180 4642 1464 4697 attraxit:
1521 4658 1588 4696 eo
1642 4641 1793 4712 quod

102 4737 245 4786 terra:
298 4752 414 4789 sua:
476 4742 704 4789 statum
772 4733 1059 4803 frequenti
1120 4747 1483 4802 paganorum
1559 4730 1794 4783 incursu

100 4832 428 4888 quassatum.
465 4826 642 4879 illum
686 4823 1045 4888 reformasse,
1094 4821 1351 4892 priorum
1407 4819 1683 4873 relatione
1717 4819 1796 4872 di-

102 4910 347 4968 dicerant.
412 4915 525 4968 Sed
578 4912 928 4967 meritorum
995 4911 1118 4979 ejus
1176 4907 1462 4979 praaconia
1498 4911 1797 4975 cmperunt

102 4998 145 5051 in
191 5002 302 5071 ipso
356 5003 588 5058 itineris
650 5016 915 5072 processu
964 4997 1327 5053 evidentibus
1386 4996 1794 5050 miraculorum

103 5087 298 5145 indiciis
320 5092 609 5147 declarari
648 5108 661 5144 :
702 5105 758 5142 1n
794 5104 908 5159 quo
968 5086 1210 5141 diversis
1239 5085 1571 5139 morborum
1613 5098 1794 5153 gene-

101 5176 235 5232 ribus
270 5183 547 5252 oppressi,
586 5178 766 5233 saluti
816 5176 1074 5246 pristinae
1124 5173 1309 5247 [quot]
1367 5173 1581 5227 fuerint
1629 5170 1793 5225 resti-

98 5270 434 5333 tuti,referre
468 5286 579 5341 per
638 5267 888 5336 singula,
955 5264 1195 5318 tmdium
1224 5262 1498 5316 scribenti
1541 5265 1595 5313 et
1644 5259 1793 5313 fasti-

101 5352 233 5412 dium
287 5360 529 5414 forsitan
592 5359 907 5429 generaret
949 5352 1185 5424 legenti.
1240 5353 1455 5406 Tamen
1518 5350 1623 5403 hoc
1674 5364 1789 5401 non

100 5444 370 5515 silendum,
399 5450 558 5521 quod
606 5432 670 5501 in
730 5444 1023 5516 plerisque
1073 5442 1441 5497 curationum
1502 5440 1664 5504 locis,
1727 5436 1784 5489 in

104 5536 461 5594 testimonium
495 5535 785 5593 divinitus
827 5539 1071 5586 ostensa:
1104 5530 1352 5597 virtutis,
1395 5528 1611 5581 cumuli
1643 5527 1789 5579 hanc

104 5626 330 5693 grandes,
384 5627 547 5697 vulgi
603 5623 824 5687 studio,
878 5618 1133 5691 congesti
1173 5632 1512 5673 excrevere:
1569 5620 1633 5669 ut
1700 5612 1789 5667 his

1905 4108 2039 4161 visis
2096 4107 2400 4177 posteritas
2458 4105 2543 4159 illi
2608 4105 2985 4159 reverentiam
3072 4105 3393 4169 exhiberet,
3454 4107 3617 4176 cujus

1907 4197 2126 4249 meritis
2156 4201 2242 4249 tot
2272 4195 2425 4266 genti
2462 4211 2580 4248 suae
2622 4193 2902 4248 beneficia
2952 4195 3158 4248 collata
3212 4194 3452 4248 videret.
3506 4196 3613 4249 Ve-

1906 4290 2234 4339 rumtamen
2283 4285 2371 4337 his
2411 4284 2641 4336 interim
2674 4283 2920 4345 omissis,
2971 4300 3036 4335 ea
3102 4283 3400 4337 referenda
3459 4289 3612 4345 sunt,

1907 4391 2035 4445 qua:
2060 4374 2118 4427 in
2154 4372 2430 4427 memoria
2463 4372 2749 4441 hodieque
2778 4376 3045 4424 tenentur
3073 4387 3107 4424 a
3146 4371 3365 4425 multis.

1984 4465 2065 4516 l2.
2130 4463 2282 4516 lnter
2327 4477 2533 4525 aegros,
2567 4474 2813 4530 quorum
2872 4459 3181 4513 multitudo
3220 4459 3464 4511 salutem
3513 4473 3613 4527 pe-

1906 4555 2032 4604 tens
2087 4550 2489 4614 comitabatur,
2553 4548 2886 4600 adolescens
2938 4546 3174 4616 quidam
3233 4545 3613 4615 irrefragabili

1905 4639 2301 4693 membrorum
2334 4641 2629 4689 contractu
2662 4634 2949 4704 globatus,
2991 4650 3023 4687 a
3052 4635 3387 4704 parentibus
3418 4639 3607 4704 porta-

1903 4724 2278 4799 batur[sella]
2314 4725 2641 4793 gestatoria.
2666 4723 2794 4789 Qui,
2826 4724 2905 4776 nil
2938 4723 2997 4776 in
3032 4724 3120 4776 via
3158 4729 3518 4789 consecutus,
3545 4722 3615 4777 ad

1904 4817 2155 4871 ecclesia!
2187 4816 2363 4869 limen
2395 4829 2576 4883 usque
2600 4813 2947 4883 perducitur.
2986 4814 3245 4866 Procedit
3277 4814 3505 4867 obviam
3532 4828 3617 4865 re-

1904 4904 2099 4975 liquiis
2121 4904 2296 4974 digno
2314 4902 2470 4956 cultu
2491 4903 2700 4955 chorus
2726 4902 3139 4955 monachorum
3156 4917 3221 4955 ac
3249 4902 3614 4967 clericorum,

1903 5010 2019 5047 non
2054 4999 2168 5047 tam
2203 4993 2325 5062 ejus
2380 4990 2488 5045 loci
2544 5007 2717 5061 quam
2769 5007 2831 5043 ex
2856 4990 2981 5044 aliis
3008 4990 3279 5044 ccclesiis
3325 4991 3615 5043 confluen-

1901 5082 2071 5135 tium.
2107 5080 2343 5146 Deinde,
2380 5086 2442 5134 ut
2496 5080 2673 5133 moris
2719 5084 2821 5144 est,
2865 5084 3146 5134 concentu
3178 5079 3336 5149 vulgi
3390 5083 3445 5132 et
3476 5078 3613 5130 cleri

1904 5170 2128 5224 mixtim
2185 5172 2584 5239 concrepante,
2624 5167 2970 5237 regreditur.
3039 5168 3335 5221 Missarum
3380 5181 3610 5235 quoque

1902 5258 2214 5312 solennitas
2244 5257 2356 5311 ritu
2390 5256 2678 5310 festiviore
2735 5255 2803 5309 de
2838 5255 2962 5325 ipso
3012 5256 3176 5309 beato
3218 5254 3480 5308 Heinrico
3514 5253 3606 5304 in-

1901 5347 2161 5401 choatur.
2203 5350 2273 5399 At
2302 5345 2537 5398 claudus
2568 5344 2663 5397 ille
2706 5343 2853 5396 inter
2890 5342 3124 5413 agmina
3155 5339 3601 5409 constipantium

1901 5433 1988 5486 vix
2027 5433 2277 5486 ecclesiae
2304 5432 2519 5497 illatus,
2548 5432 2709 5501 juxta
2741 5430 2948 5496 altare,
2981 5429 3080 5483 ubi
3108 5427 3368 5497 reliquias
3418 5427 3606 5480 ferant

1897 5523 2208 5587 collocatae,
2241 5521 2570 5592 deponitur.
2615 5519 2847 5571 Videres
2874 5519 2933 5571 in
2953 5534 3022 5572 eo
3071 5516 3215 5572 illud
3247 5516 3405 5569 lsaim
3445 5531 3601 5567 com-

1899 5611 2045 5683 pleri
2073 5610 2249 5666 Saliet
2295 5610 2442 5663 sicut
2487 5622 2687 5662 cervus
2742 5607 3002 5671 claudus,
3065 5610 3121 5659 et
3161 5604 3313 5659 clara
3348 5603 3457 5657 erit
3485 5603 3603 5655 lin-
