3976 6394
363 377 460 427 135

1661 369 1716 422 8.
1762 367 2037 420 llENlthl
2084 365 2561 424 IMPERATORIS

3774 379 3873 428 131'.

358 513 470 566 gua
494 500 803 549 mutorum.
830 495 1140 564 Coeperunt
1169 489 1322 545 enim
1341 505 1648 544 nervorum
1671 489 1794 558 ejus
1825 488 2046 541 vincula
2079 489 2123 540 A
2162 489 2347 543 noctis
2377 506 2481 559 per
2531 494 2693 545 tuum
2761 491 3148 562 patrocinium
3202 495 3469 565 perfruar
3507 495 3723 567 quiete.
3776 499 3876 551 Hic

361 584 520 648 solvi,
560 585 756 655 pedes,
788 597 1070 651 cruraque
1104 581 1362 646 extendi;
1389 580 1600 649 illeque
1639 579 1697 632 in
1723 577 1900 630 oculis
1931 593 2055 630 om-

363 674 523 726 nium
556 671 874 744 prosiliens,
905 676 1119 741 quanto
1149 670 1340 740 potuit
1368 668 1518 720 vocis
1539 665 1858 731 conamine,
1883 665 2057 720 virtu-

357 766 474 815 tem
502 762 561 815 in
593 777 650 814 se
684 763 888 816 factam
923 758 1244 832 protestari.
1279 758 1482 827 Sicque
1523 756 1773 809 officium
1805 770 2052 824 gressus.

361 851 516 922 quod
551 867 688 903 usus
719 850 786 902 ab
813 849 937 919 ipso
978 846 1288 902 nativitatis
1321 846 1442 914 ejus
1470 843 1700 897 exordio
1725 849 2054 912 negaverat,

360 939 544 1009 gratia
575 937 782 993 Christi
812 953 915 1007 per
950 936 1151 990 merita
1205 935 1357 988 beati
1412 932 1660 987 Heinrici
1728 932 2049 1001 reparabat.

359 1029 474 1080 Vox
499 1027 557 1080 in
587 1026 753 1080 laude
783 1026 880 1079 Dei
911 1024 1212 1095 utriusque
1236 1038 1400 1075 sexus
1422 1021 1702 1074 attollitur
1742 1020 1802 1074 in
1834 1021 2012 1074 altum
2037 1037 2050 1073 :

359 1121 591 1169 sanatus
622 1121 755 1169 ante
785 1115 964 1167 altare
1014 1111 1541 1166 communicaturus
1571 1110 1826 1175 sistitur;
1859 1109 2054 1180 sicque

357 1203 423 1257 ad
455 1203 689 1274 propria
705 1219 832 1255 cum
857 1200 1188 1271 parentibus
1216 1197 1556 1268 regreditur.

431 1295 515 1345 13.
560 1290 903 1344 Daemoniaci
930 1293 1063 1353 tres,
1127 1304 1275 1341 unus
1324 1287 1612 1341 masculus
1677 1289 1732 1340 et
1785 1285 1913 1340 duae
1975 1285 2053 1339 fe-

360 1378 533 1432 minae
567 1379 624 1432 in
655 1379 854 1431 eodem
885 1377 1008 1430 loco
1041 1375 1223 1430 curati
1262 1380 1396 1428 sunt
1429 1391 1440 1428 :
1469 1373 1568 1445 qui
1609 1389 1822 1428 nomen
1882 1373 2049 1428 Hein-

356 1467 456 1520 rici
506 1464 958 1536 blasphemando
1035 1463 1459 1533 ingeminantes
1515 1462 1869 1532 frequenter,
1924 1465 2050 1513 tan-

356 1555 485 1609 dem
525 1571 654 1609 cum
689 1554 930 1608 stridore
968 1552 1259 1618 horrifico,
1299 1550 1482 1612 sedes,
1542 1565 1684 1620 quas
1713 1551 2044 1614 tenuerant,

356 1645 732 1715 reliquerunt.
805 1643 958 1696 Unus
1010 1657 1206 1694 eorum
1281 1638 1632 1710 pertinacior
1696 1635 1918 1704 ceteris,
1951 1636 2050 1690 diu

352 1732 529 1785 sancti
595 1730 846 1784 nominis
903 1729 1247 1782 invocationi
1307 1728 1580 1792 renitens,
1657 1742 1786 1779 cum
1844 1725 1912 1778 ad
1990 1741 2047 1776 se

350 1820 627 1890 reliquias
670 1817 880 1873 deferri
945 1823 1352 1888 cognosceret;
1414 1817 1606 1880 modo,
1647 1831 1776 1868 cum
1831 1831 1934 1884 per
1987 1830 2044 1866 se

353 1908 649 1962 Heiuricus
697 1907 871 1974 venit,
924 1923 1038 1960 non
1063 1906 1388 1970 subsistam,
1439 1904 1668 1975 inquit:
1717 1903 2042 1972 statimque,

350 2012 478 2049 cum
519 1998 766 2049 clamore
794 2011 1004 2064 magno
1053 1994 1348 2048 hominem
1389 2007 1714 2064 possessum
1770 1991 2042 2046 deseruit.

353 2086 482 2138 Haec
539 2085 660 2154 ipsa
703 2083 796 2137 die
848 2083 1127 2136 adventus
1189 2081 1564 2152 reliquiarum
1623 2079 1771 2134 infra
1817 2080 2044 2134 Missam

353 2178 515 2241 gesta
545 2177 695 2225 sunt.

428 2261 512 2312 14.
574 2259 706 2311 Erat
756 2257 813 2310 in
847 2256 1136 2310 territorio
1197 2254 1649 2325 Merscburgcnsi
1689 2254 1895 2308 mulier
1947 2254 2045 2307 diu

351 2363 520 2407 caeca.
550 2361 700 2416 quae,
749 2344 1128 2399 familiaribus
1178 2361 1403 2415 gressus
1430 2360 1560 2398 suos
1603 2345 1952 2414 regentibus,
1987 2344 2041 2397 in

352 2451 650 2488 occursum
713 2433 974 2504 reliquiis
1034 2434 1183 2486 ultra
1233 2432 1692 2503 possibilitatem,
1745 2449 1843 2501 spe
1883 2448 2043 2486 recu-

351 2523 590 2593 perandi
633 2523 824 2587 visus,
861 2522 1224 2592 properabat,
1279 2521 1541 2592 nihilque
1603 2520 1802 2573 salutis
1857 2520 1914 2573 in
1956 2520 2046 2574 via

352 2629 411 2666 se
453 2612 759 2682 recepisse,
807 2616 1168 2681 peccatorum
1221 2626 1456 2664 suorum
1507 2607 1795 2662 obstaculo
1834 2608 2044 2663 adscri-

349 2701 513 2760 bens,
548 2699 738 2752 triduo
771 2698 1012 2769 pervigil
1053 2703 1107 2751 et
1135 2698 1418 2752 indefessa
1462 2713 1646 2768 prece,
1685 2696 1890 2751 Christi
1935 2697 2044 2749 mi-

351 2787 925 2856 sericordiaejanuam
955 2787 1198 2857 pulsavit
1231 2803 1243 2840 :
1275 2787 1622 2857 tandemque
1668 2786 1808 2839 lucis
1841 2790 2048 2857 optatas

351 2875 686 2946 suffragium
715 2893 816 2946 per
868 2875 1071 2929 merita
1119 2876 1270 2929 beati
1321 2875 1565 2929 Heinrici
1619 2874 1884 2928 obtinuit.
1920 2875 2050 2928 Haec

350 2965 409 3019 in
449 2966 668 3029 eadem,
705 2981 816 3035 qua
865 2965 1042 3034 prius,
1101 2965 1253 3029 villa,
1319 2964 1416 3018 diu
1447 2963 1588 3017 vixit
1623 2980 1635 3017 :
1668 2969 1901 3034 tamque
1934 2963 2046 3016 cla-

2167 577 2354 647 dictis,
2413 596 2532 648 prae
2581 580 2772 646 tte-dio,
2832 586 3004 651 caput
3076 582 3146 635 ad
3218 583 3505 638 modicum
3565 585 3875 640 reclinanti

2167 681 2404 720 somnus
2435 668 2689 738 obrepsit
2720 686 2732 722 :
2767 670 3074 740 statimque
3105 672 3317 738 omnis,
3352 689 3466 744 quo
3511 673 3610 727 diu
3644 674 3875 728 labora-

2164 760 2343 820 verat,
2377 757 2544 809 dolor
2573 757 2830 810 funditus
2859 758 3147 813 abscessit.

2243 847 2328 896 17.
2362 844 2424 896 In
2483 845 2826 898 Monasterio
2885 847 3037 900 beati
3099 848 3276 916 Petri,
3331 850 3485 920 quod
3548 851 3875 905 Mersebur-

2166 931 2328 996 gensi
2359 933 2576 986 civitati
2624 934 2960 1004 contiguum
2993 942 3097 1002 est,
3130 953 3222 990 res
3254 937 3382 991 talis
3429 939 3654 1006 accidit,
3705 941 3878 1008 cujus

2164 1024 2282 1073 fere
2322 1021 2508 1075 omnis
2538 1023 2906 1093 congregatio
2947 1024 3255 1092 meminit;
3291 1025 3530 1096 ipseque
3578 1027 3777 1094 frater,
3804 1028 3879 1081 de

2165 1124 2280 1179 quo
2331 1125 2520 1164 sermo
2552 1116 2656 1173 est,
2710 1112 2897 1164 adhuc
2927 1117 3214 1182 superstes
3246 1113 3578 1184 inquisitus,
3617 1131 3750 1168 cum
3786 1130 3882 1184 ge-

2166 1197 2313 1251 mitu
2349 1201 2561 1252 referre
2609 1199 2918 1253 consuevit.
2968 1202 3107 1253 Cum
3152 1202 3363 1256 festum
3392 1201 3543 1256 beati
3594 1202 3874 1263 Heinrici,

2163 1286 2289 1356 pari
2317 1291 2468 1353 voto,
2502 1287 2673 1358 longe
2741 1288 2990 1359 lateque,
3048 1306 3246 1342 omnes
3286 1296 3454 1344 terras
3503 1291 3635 1344 illus
3687 1292 3877 1344 eccle-

2163 1375 2285 1444 siae,
2339 1375 2451 1429 ritu
2506 1376 2793 1430 festiviore
2851 1377 3154 1432 colendum
3229 1379 3588 1448 exciperent;
3640 1380 3877 1440 eadem,

2162 1469 2381 1534 quanto
2411 1464 2672 1532 vicinior,
2713 1469 2871 1518 tanto
2900 1466 2962 1519 in
3011 1467 3178 1520 laude
3228 1467 3384 1520 illius
3422 1472 3714 1538 prompta,
3765 1484 3877 1538 pro

2163 1568 2268 1605 suo
2300 1569 2487 1622 posse,
2523 1553 2695 1621 caspit
2720 1569 2841 1606 csse
2874 1553 3150 1608 ornatior.
3185 1554 3293 1608 Sed
3324 1553 3462 1625 quia
3505 1555 3876 1626 impossibile

2164 1645 2247 1693 est
2278 1646 2361 1706 ut,
2392 1642 2447 1694 in
2500 1642 2790 1710 prosperis
2834 1641 2982 1712 quis,
3035 1643 3298 1712 quamvis
3343 1644 3553 1712 justus,
3603 1645 3877 1714 quamvis

2164 1734 2412 1794 sanctus,
2471 1731 2706 1783 livorem
2767 1730 3024 1800 effugiat.
3093 1731 3271 1784 frater
3323 1732 3574 1802 quidam.
3633 1732 3876 1786 invidia:

2159 1817 2404 1871 stimulis
2435 1822 2611 1882 actus,
2658 1819 2780 1888 ejus
2839 1819 3122 1872 sanctitati
3158 1835 3273 1872 non
3328 1820 3521 1873 timuit
3559 1819 3870 1889 derogare,

2158 1911 2213 1959 et
2246 1906 2431 1960 modis
2471 1907 2760 1974 omnibus,
2793 1907 2916 1976 ejus
2956 1914 3238 1977 quantum
3273 1911 3332 1961 in
3362 1909 3486 1978 ipso
3531 1907 3658 1973 fuit,
3692 1908 3873 1962 reniti

2157 1993 2378 2063 glorim,
2411 1994 2469 2047 in
2501 1999 2748 2059 tantum,
2804 2000 2866 2048 ut
2894 2011 2960 2047 ea
3021 1995 3111 2049 die
3136 1996 3380 2049 cultiora
3409 2012 3656 2067 qumque
3708 1997 3873 2066 (quia

2155 2087 2292 2135 tunc
2331 2083 2579 2135 custodis
2623 2082 2810 2136 officio
2863 2082 3259 2153 fungebatur),
3295 2085 3626 2150 occultaret,
3661 2090 3719 2138 et
3788 2085 3868 2138 si-

2155 2185 2402 2240 gnorum
2456 2170 2762 2240 grandium
2819 2172 3254 2226 consonantiam
3317 2173 3685 2243 praepediret.
3751 2173 3866 2227 Sed

2158 2274 2273 2312 non
2324 2259 2420 2313 diu
2478 2260 2654 2313 frater
2683 2259 2780 2313 ille
2839 2260 3077 2330 impune
3139 2260 3257 2324 Dei,
3315 2267 3370 2314 et
3406 2261 3557 2315 beati
3606 2260 3869 2316 Heinrici

2155 2348 2289 2401 tulit
2343 2349 2648 2402 offensam.
2720 2350 2861 2402 Nam
2939 2350 3111 2419 coepit
3195 2349 3387 2404 subito
3443 2367 3684 2420 corpore
3740 2352 3868 2404 fere

2159 2437 2417 2508 quinque
2458 2453 2730 2491 sensuum
2763 2438 2953 2491 officio
2995 2438 3253 2509 privari:
3293 2439 3499 2493 deinde
3542 2439 3724 2493 animi
3781 2439 3865 2492 ri-

2158 2541 2294 2594 gore
2346 2526 2556 2589 laxato,
2593 2526 2782 2596 palam
2814 2526 3080 2580 omnibus
3119 2527 3217 2580 Dei
3242 2527 3522 2595 judicium
3551 2527 3609 2581 in
3639 2543 3697 2580 se
3731 2543 3870 2597 pro-

2157 2614 2376 2681 testari,
2419 2614 2614 2684 sicque
2667 2614 2904 2668 necdum
2957 2614 3023 2668 ad
3087 2616 3405 2685 perfectum
3466 2621 3719 2682 sanatus,
3757 2616 3866 2668 ali-

2158 2708 2500 2781 quantulum
2532 2708 2591 2762 in
2621 2709 2829 2762 melius
2867 2709 3141 2780 reparari.

2235 2800 2317 2850 18.
2354 2799 2489 2861 Hoc,
2527 2797 2680 2867 quod
2714 2796 3080 2866 subjungam,
3137 2796 3286 2867 ipso,
3340 2797 3407 2851 de
3439 2813 3553 2868 quo
3601 2797 3871 2852 dicturus

2160 2901 2306 2950 sum,
2351 2885 2628 2955 Episcopo
2667 2885 2968 2950 referente,
3016 2887 3132 2939 Deo
3186 2890 3348 2952 teste,
3408 2885 3670 2956 cognovi.
3713 2886 3870 2941 Cum

2163 2973 2399 3028 Polonia
2424 2974 2630 3044 jugum
2665 2973 2912 3044 imperii,
2975 2979 3171 3044 utpote
3225 2989 3365 3044 gens
3424 2974 3656 3028 rebellis
3685 2979 3744 3028 et
3775 2976 3872 3030 ef-

350 3066 480 3105 rens
519 3053 680 3106 omni
709 3059 872 3106 terrae
934 3053 1019 3106 illi
1054 3053 1337 3122 ejusmodi
1392 3052 1728 3105 miraculum
1798 3052 1928 3118 fuit,
1986 3054 2054 3102 ut
2091 3051 2299 3127 Cfera,
2364 3067 2417 3116 et
2467 3061 2648 3132 magis
2693 3062 2942 3116 saltuum
2999 3069 3055 3116 et.
3110 3063 3382 3133 paludum
3435 3063 3604 3116 inviis
3682 3080 3869 3133 quam

349 3140 493 3194 nulli
525 3141 661 3207 fere,
705 3142 950 3194 maxime
983 3142 1213 3206 horum,
1239 3141 1340 3211 qui
1395 3146 1532 3194 tunc
1562 3141 1833 3208 temporis
1864 3140 2044 3206 fuare,

351 3229 711 3297 incognitum
744 3246 863 3282 esse
886 3230 1084 3298 possit.

428 3321 518 3371 15.
555 3319 693 3370 Item
752 3318 900 3370 inter
930 3322 1292 3370 occursantes
1347 3332 1380 3369 a
1438 3316 1842 3370 remotioribus
1879 3320 2046 3368 terrm

353 3405 510 3458 illius
528 3406 804 3474 partibus,
824 3406 1034 3458 mulier
1051 3405 1315 3476 quaedam
1336 3421 1449 3458 non
1472 3406 1656 3458 solum
1686 3405 1904 3458 incessu
1934 3404 2047 3474 pri-

352 3500 501 3559 vata,
522 3495 616 3547 sed
649 3499 704 3546 et
729 3495 904 3547 totius
926 3495 1178 3564 corporis
1205 3493 1517 3547 miserabili
1540 3493 1729 3563 specie
1774 3493 2047 3546 deformis

349 3586 405 3635 et
435 3582 671 3636 distorta
703 3598 730 3635 a
753 3583 1107 3636 conviatibus
1145 3582 1400 3635 vehicule
1438 3580 1516 3653 [1.
1551 3583 1654 3634 viae
1700 3579 1889 3651 sociis]
1932 3587 2045 3634 tra-

349 3670 612 3723 hebatur.
644 3671 802 3736 Qum,
837 3670 906 3724 de
936 3670 1088 3724 beati
1120 3669 1366 3723 Heinrici
1393 3669 1712 3740 patrocinio
1733 3669 2043 3734 confidens,

346 3764 586 3829 propter
626 3759 720 3812 ubi
774 3759 893 3828 jam
941 3759 1171 3829 vulgata
1231 3759 1512 3811 virtutum
1589 3758 1712 3827 ejus
1769 3757 2041 3826 insignia,

350 3863 562 3900 nomen
611 3847 764 3900 illius
821 3847 1047 3900 assidua
1123 3847 1503 3911 invocatione,
1559 3863 1690 3899 cum
1747 3847 2043 3900 oculorum

349 3950 743 4005 manuumque
779 3935 1107 3989 extensione
1156 3935 1532 3988 memorabat.
1586 3935 1834 4005 Ideoque
1891 3935 2045 4005 quod

349 4023 484 4076 totis
514 4023 694 4076 animi
722 4025 868 4078 votis
901 4023 1186 4094 qumsivit,
1244 4023 1303 4076 in
1331 4023 1536 4076 itinere
1561 4023 1746 4077 adhuc
1788 4023 2044 4077 invenire

350 4110 583 4171 meruit,
631 4110 850 4163 Laxatis
893 4110 1177 4180 siquidem
1227 4110 1403 4176 fibris,
1473 4128 1535 4163 ac
1566 4111 1721 4179 gihbi
1757 4111 1928 4164 modo
1956 4127 2045 4165 rc-

350 4200 518 4266 flexo,
549 4203 784 4268 totoque
810 4215 1050 4268 corpore
1106 4198 1165 4252 in
1197 4199 1448 4252 habilem
1491 4200 1878 4265 redintegrato
1931 4199 2040 4252 for-

2159 3151 2370 3205 virium
2417 3152 2621 3204 robore
2697 3152 2934 3216 confisa,
2987 3151 3055 3206 de
3106 3153 3322 3205 cervice
3412 3168 3514 3206 sua
3569 3152 3868 3208 niteretur

2158 3244 2422 3294 excutere
2455 3257 2471 3292 :
2503 3240 2571 3294 ad
2605 3239 3034 3311 reprimendam
3096 3241 3220 3310 ejus
3249 3241 3670 3295 contumaciam
3732 3242 3868 3312 glo-

2158 3329 2342 3382 riosus
2389 3328 2708 3398 imperator
2737 3328 3054 3383 Fridericus
3104 3331 3360 3384 animum
3392 3329 3657 3384 intendit.
3691 3330 3871 3385 Cum-

2157 3433 2268 3488 que
2319 3416 2534 3470 indicta
2591 3417 2850 3486 generali
2907 3417 3295 3488 expeditione,
3369 3419 3637 3490 copiosus
3688 3435 3723 3472 a
3785 3420 3871 3474 di-

2156 3507 2332 3559 versis
2397 3506 2557 3576 regni
2622 3506 2881 3576 partibus
2933 3512 3259 3561 contractus
3340 3511 3486 3562 esset
3551 3508 3866 3575 exercitus,

2157 3595 2447 3664 Principes
2474 3599 2642 3648 terrm
2686 3594 2859 3663 illius,
2895 3600 2950 3649 et
2982 3596 3171 3650 omnis
3200 3597 3452 3666 populus
3495 3595 3702 3649 timore
3735 3612 3870 3649 cor-

2157 3682 2326 3753 repti,
2374 3683 2586 3753 quippe
2618 3682 2718 3754 qui
2771 3683 2933 3754 regni
2966 3685 3115 3737 vires
3171 3687 3371 3738 contra
3401 3701 3459 3738 se
3490 3683 3741 3750 moveri;
3805 3701 3867 3738 se

2155 3778 2346 3825 autem
2378 3772 2627 3841 impares
2653 3776 2708 3825 et
2760 3772 3087 3842 inexpertos
3120 3773 3339 3843 peritim
3373 3773 3507 3826 belli
3561 3773 3865 3838 videbant,

2155 3860 2222 3914 ad
2279 3860 2618 3930 placandam
2668 3860 2816 3929 regis
2848 3860 2992 3913 iram
3029 3861 3243 3930 legatos
3289 3862 3602 3925 mittentes,
3650 3863 3871 3918 iterata

2157 3949 2509 4018 subjectione
2538 3948 2751 4018 prioris
2781 3949 3002 4003 dissidii
3026 3964 3278 4004 errorem
3325 3951 3609 4021 corrigere
3663 3953 3866 4007 omni-

2159 4037 2342 4090 modis
2402 4037 2833 4108 promittebant.
2880 4038 2960 4090 Ad
3009 4037 3117 4090 hoc
3175 4054 3311 4108 ergo
3349 4039 3675 4093 reverenda:
3727 4057 3868 4111 per-

2158 4141 2333 4189 somn,
2389 4124 2666 4195 mirasque
2697 4125 3020 4195 prudentiae
3055 4125 3388 4196 episcopum
3433 4127 3718 4181 Plocensis
3765 4145 3867 4183 ec-

2157 4213 2342 4266 clesiae
2403 4212 2778 4266 Wernherum
2821 4214 3143 4281 elegerunt,
3191 4230 3442 4285 eumque
3489 4229 3620 4268 cum
3687 4215 3869 4270 donis

350 4303 526 4354 mam,
550 4303 746 4342 vocem
773 4287 830 4341 in
859 4305 916 4341 se
939 4287 1163 4342 virtutis
1207 4294 1452 4341 ostensus
1478 4303 1804 4358 praeconam
1865 4288 2041 4352 fudit;

2239 4301 2377 4371 giam
2425 4301 2912 4370 magnificentiam
2943 4302 3298 4368 decentibus,
3345 4303 3413 4357 ad
3445 4303 3866 4372 Imperatorem

348 4375 640 4446 versisque
698 4376 757 4430 in
807 4381 1103 4447 stuporem
1170 4376 1649 4441 commeantibus,
1712 4376 2040 4429 vehiculum

2244 4390 2497 4459 uisgrani
2539 4396 2884 4456 morantem,
2919 4394 2976 4444 et
3035 4407 3158 4444 ossa
3211 4391 3394 4444 Caroli
3445 4391 3634 4461 Magni
3673 4393 3868 4447 levata

347 4465 577 4530 deserit,
612 4470 666 4517 et
711 4466 970 4518 laetantes
1016 4465 1086 4518 de
1129 4465 1225 4518 Dei
1259 4465 1642 4533 magnalibus,
1921 4465 2045 4533 ipsa

348 4554 669 4623 prmcedens
701 4554 772 4608 ad
829 4554 1124 4608 ecclesiam
1164 4553 1362 4608 venit:
1406 4570 1470 4607 ac
1527 4561 1655 4606 vota
1713 4551 1890 4623 [quae]
1940 4569 2044 4623 pro

347 4643 674 4712 recipienda
709 4643 976 4712 sospitate
1006 4643 1218 4696 factura
1254 4647 1506 4709 venerat,
1565 4643 1687 4712 jam
1717 4659 1782 4694 ea
1840 4641 2042 4711 potita,

348 4729 540 4784 triduo
569 4730 683 4784 illic
716 4738 935 4784 morata
961 4732 1239 4786 solvebat.

424 4838 506 4888 16.
541 4836 602 4888 In
631 4835 858 4889 civitate
911 4836 1178 4904 Hallensi,
1221 4852 1349 4907 qum
1395 4835 1620 4889 duobus
1660 4853 1692 4888 a
1724 4835 2045 4890 tlcrsebur-

349 4922 511 4989 gensi
544 4923 667 4976 loco
701 4923 1044 4976 milliaribus
1077 4924 1268 4991 distat,
1304 4923 1414 4977 fuit
1466 4930 1728 4977 matrona
1780 4923 2045 4994 quaedam

348 5027 465 5063 non
496 5010 798 5080 ignobilis;
835 5027 984 5081 quae.
1009 5011 1135 5082 jugi
1166 5012 1282 5064 fere
1314 5011 1573 5064 dentium
1609 5011 1806 5064 dolore
1874 5027 2048 5064 vexa-

349 5100 539 5165 batur,
575 5099 718 5152 adeo
750 5104 812 5152 ut
844 5099 1118 5167 paulatim
1154 5100 1362 5152 robore
1411 5100 1672 5152 dentium
1722 5099 2045 5169 absumpto,

349 5204 508 5256 spem
559 5187 756 5240 salutis
813 5188 1108 5241 assiduitas
1169 5191 1406 5256 negaret
1476 5186 1709 5239 doloris.
1787 5186 2047 5256 Cumque

348 5276 529 5330 noctis
556 5276 850 5346 cujusdam
886 5276 1047 5330 initio
1079 5275 1475 5328 vehementius
1505 5273 1811 5327 acerbitate
1860 5275 2048 5328 morbi

348 5363 762 5431 stimularetur,
792 5379 923 5416 cum
982 5363 1140 5432 gravi
1190 5363 1435 5432 suspirio
1468 5362 1612 5415 hanc
1667 5363 1942 5432 prorupit
1987 5362 2046 5416 in

351 5467 545 5505 vocem
581 5469 594 5506 :
729 5451 892 5504 beate
954 5451 1238 5516 Heinrice,
1272 5450 1369 5520 qui
1397 5451 1656 5504 omnium
1703 5455 1760 5503 te
1788 5467 2047 5520 quasren-

347 5539 490 5593 tium
541 5539 869 5593 necessitati
938 5537 1240 5603 succurris,
1300 5555 1390 5593 me
1446 5537 1821 5608 peccatricem
1878 5541 2049 5609 plena

349 5627 459 5680 fide
490 5633 544 5681 te
575 5627 957 5689 invocantem,
990 5641 1060 5677 ne
1091 5623 1343 5695 despice;
1377 5627 1471 5681 sed
1503 5627 1611 5696 fac,
1645 5631 1707 5678 ut
1744 5627 1829 5680 vel
1879 5627 2049 5682 unius

2154 4478 2213 4531 in
2264 4479 2442 4531 thecis
2517 4494 2656 4530 auro
2707 4477 3067 4548 gemmisque
3121 4479 3395 4532 confectis
3447 4481 3863 4536 recondentem

2154 4568 2502 4621 direxerant.
2556 4569 2599 4619 A
2632 4583 2744 4637 quo
2788 4567 2883 4619 diu
2919 4568 3202 4638 repulsus,
3237 4569 3467 4622 tandem
3526 4569 3867 4624 interventu

2157 4655 2483 4726 Principum
2509 4655 2569 4708 in
2621 4655 2866 4724 gratiam
2899 4657 3204 4719 admissus,
3238 4657 3526 4726 legatione
3558 4657 3629 4710 ad
3657 4664 3864 4712 votum

2155 4751 2403 4814 peracta,
2435 4760 2566 4797 cum
2618 4744 2874 4814 reliquiis
2900 4744 2954 4798 S.
2994 4744 3246 4811 Henrici,
3278 4746 3519 4815 aliisque
3570 4745 3742 4800 donis
3795 4750 3868 4802 ab

2156 4835 2507 4903 lmperatore
2552 4833 2834 4902 perceptis
2881 4833 3032 4886 redit
3094 4850 3106 4887 :
3167 4839 3222 4888 et
3269 4833 3330 4886 in
3387 4850 3623 4888 nemore
3702 4839 3867 4906 quod

2156 4921 2378 4974 Xubriae
2425 4937 2489 4975 ac
2542 4921 2797 4974 Polonia:
2867 4920 3130 4974 terminis
3189 4921 3506 4991 interjacet,
3565 4924 3867 4980 mediante

2149 5011 2272 5079 jam
2323 5010 2436 5074 die,
2472 5009 2722 5062 tentoria
2771 5008 2871 5079 figi
2902 5009 3190 5079 prmcepit.
3243 5011 3500 5080 Cumque
3557 5016 3686 5080 post
3718 5017 3870 5068 refe-

2155 5099 2407 5152 ctionem
2457 5098 2628 5150 fessos
2659 5114 2723 5151 ex
2779 5097 2983 5151 itinere
3015 5105 3172 5152 artus
3205 5091 3384 5169 quieti
3420 5099 3688 5164 dedisset,
3726 5104 3864 5172 qui-

2158 5187 2288 5240 dam
2321 5186 2379 5240 in
2410 5203 2636 5251 somno,
2663 5186 2818 5255 regia
2851 5193 3005 5240 veste
3049 5187 3530 5252 circumamictus,
3563 5193 3617 5242 et
3659 5189 3870 5244 dextra

2158 5282 2446 5347 sceptrum
2493 5291 2697 5346 gerens
2763 5276 2846 5328 illi
2911 5275 3149 5342 adstitit,
3223 5277 3426 5347 hisque
3485 5278 3676 5330 verbis
3728 5296 3866 5334 eum

2157 5365 2440 5418 allocutus
2479 5364 2603 5417 ait:
2637 5363 2782 5426 Quid
2835 5362 2895 5416 in
2958 5364 3060 5417 hac
3092 5369 3248 5417 vasta
3303 5366 3609 5419 solitudine
3652 5383 3867 5421 somno

2157 5451 2538 5521 deprimeris?
2569 5453 2707 5515 Quae
2731 5456 2920 5504 tecum
2955 5452 3215 5504 nesciens
3241 5453 3394 5522 geris
3422 5455 3450 5506 P
3477 5455 3540 5506 Et
3579 5453 3722 5508 dum
3766 5457 3868 5511 ille

2158 5538 2520 5608 perterritus,
2561 5538 2825 5608 quisnam
2879 5544 3025 5592 esset
3076 5545 3466 5608 merrogaret:
3521 5541 3635 5611 Ego
3705 5560 3865 5614 sum,

2156 5626 2260 5693 ait,
2311 5625 2632 5692 Heinricus,
2692 5625 3180 5698 Babenbergensis
3229 5628 3482 5682 ecclesiae
3541 5630 3861 5687 fundator:
