3976 6474
110 466 177 517 {37
1705 452 1899 508 ACTA.
3454 456 3551 509 138

100 582 172 653 qui
215 580 261 635 in
292 577 618 648 temporalis
667 576 796 631 vita
844 590 1030 639 cursu,
1085 572 1535 628 immortalitatis
1584 587 1741 626 com-
1773 575 1820 628 Α
1859 572 2254 627 adhortantur.
2282 575 2491 628 Ductus
2532 573 2746 645 itaque,
2778 575 2878 629 ubi
2927 578 3186 648 reliquiae
3226 580 3377 634 beati
3408 581 3558 635 Con-

100 670 312 742 pendium
336 684 364 721 a
395 666 642 721 Domino
673 663 989 736 promerui.
1020 664 1084 717 In
1130 677 1197 716 eo
1226 677 1383 732 ergo,
1420 677 1534 732 quo
1564 661 1740 731 jaces,
1852 660 2083 714 fessoris
2131 662 2524 729 servabantur,
2590 662 2753 717 humi
2832 666 3256 735 prosternitur:
3294 673 3351 721 et
3387 670 3559 738 paulo

100 762 206 825 loco,
233 756 508 812 ecclesiam
536 754 762 811 nomini
796 770 946 820 meo,
981 756 1154 823 prout
1182 756 1411 821 tempus
1439 749 1740 821 permittit,
1852 754 1983 819 post
2013 748 2284 819 pietatem
2317 750 2634 815 Teutonici,
2682 752 2910 806 Sclavus
2940 754 3082 824 ipse,
3131 772 3303 826 quam
3363 761 3560 829 negari

100 854 326 914 construe,
354 845 558 912 sciens,
610 844 810 915 procul
867 842 1064 908 dubio,
1116 856 1390 911 processu
1440 838 1741 908 temporis,
1853 836 1959 891 sibi
2000 839 2367 907 querebatur,
2427 840 2733 910 experitur.
2772 842 3081 913 Coeperunt
3134 846 3287 899 enim
3319 847 3389 900 ab
3422 864 3561 901 ocu-

95 936 302 989 divinum
342 934 395 988 in
450 950 520 989 eo
565 932 864 987 servitium
914 928 1295 1001 augmentari.
1344 927 1539 997 Surgit
1569 926 1745 996 igitur
1852 924 1923 979 lis
1967 926 2090 995 ejus
2141 926 2433 980 albedines
2510 928 2567 981 in
2630 930 2865 984 modum
2934 947 3305 1002 squamarum
3372 937 3561 1000 avelli,

97 1024 349 1094 Episcopus
403 1022 719 1092 statimque
778 1035 880 1091 per
945 1017 1346 1073 famulantium
1423 1016 1474 1069 ei
1540 1031 1746 1069 manus
1855 1020 2233 1084 aptatamque
2290 1015 2432 1069 lucis
2507 1018 2843 1088 suifragium
2900 1020 2957 1073 in
3017 1037 3084 1074 eo
3161 1022 3561 1093 redintegrari.

90 1114 303 1166 certatim
338 1111 639 1166 ruentibus
692 1108 885 1179 lignis,
928 1107 989 1161 in
1039 1106 1274 1160 modum
1324 1104 1581 1159 habilem
1616 1103 1747 1157 fecit
1859 1102 2016 1156 Unde
2070 1117 2211 1170 gens
2261 1102 2379 1169 illa,
2432 1121 2584 1175 quae,
2639 1112 2703 1158 ut
2742 1106 2879 1173 dixi,
2942 1110 3151 1163 rustica
3202 1112 3565 1182 simplicitate

96 1200 499 1267 ecclesiam;sed
528 1200 600 1253 de
633 1198 888 1269 lapidum
940 1194 1203 1267 penuria,
1262 1193 1363 1265 qui
1395 1192 1612 1247 ibidem
1652 1208 1748 1246 au-

92 1290 194 1355 diri,
218 1305 320 1343 non
344 1288 523 1342 videri
575 1290 1014 1351 consueverant,
1063 1283 1203 1337 dum
1235 1284 1439 1336 anxius
1481 1280 1751 1335 circuiret

95 1377 371 1447 Episcopus,
408 1391 547 1429 casu
603 1375 891 1441 baculum,
952 1388 1124 1443 quem
1179 1371 1416 1437 ferebat,
1464 1370 1525 1424 in
1570 1385 1749 1440 agge-

92 1471 213 1518 stum
266 1470 420 1517 terra
474 1463 771 1517 cumulum
848 1461 1052 1532 ﬁgens,
1111 1460 1366 1530 lapidum
1424 1459 1650 1529 copiam
1689 1458 1749 1511 in

92 1552 475 1607 similitudinem
536 1550 948 1622 quadratorum
1007 1554 1262 1618 reperit;
1316 1548 1509 1617 sicque
1571 1546 1749 1598 altare

1857 1196 1912 1243 et
1951 1190 2085 1244 iidei
2124 1192 2596 1261 pusillanimitate
2657 1211 2716 1249 se
2778 1197 2973 1265 sperni
3008 1198 3410 1268 arbitrabatur,
3460 1201 3567 1255 hoc

1856 1278 2133 1333 beneﬁcio
2179 1279 2387 1334 ﬁducia
2462 1298 2676 1354 speque
2760 1291 3072 1355 resumpta,
3158 1290 3310 1343 ultro
3371 1307 3570 1344 omnes

1859 1368 2090 1421 beatum
2127 1369 2452 1424 Heinricum
2483 1372 2670 1424 studio
2690 1371 2965 1427 devotiori
3011 1376 3406 1431 venerabatur.

1932 1459 2018 1509 2t.
2048 1456 2226 1524 Hujus
2253 1458 2356 1523 rei,
2408 1475 2579 1528 quam
2613 1459 2867 1514 dicturus
2899 1478 3047 1529 sum,
3106 1469 3193 1517 tot
3244 1465 3361 1518 fere
3400 1472 3571 1520 testes

1860 1543 2166 1610 habentur,
2222 1552 2363 1616 quot
2426 1548 2647 1609 fratres,
2709 1549 2809 1619 qui
2870 1555 3007 1604 tunc
3062 1553 3336 1623 temporis
3390 1554 3570 1617 fuere,

92 1656 415 1710 componens,
450 1640 553 1693 Dei
606 1644 663 1692 et
708 1638 857 1692 beati
901 1637 1170 1703 Heinrici,
1217 1635 1513 1705 sanctique
1575 1633 1747 1703 Sigis-
1862 1632 2010 1702 apud
2045 1633 2341 1701 prmfatam
2378 1634 2435 1687 Β.
2492 1636 2641 1688 Petri
2699 1637 2991 1692 ecclesiam
3022 1638 3396 1695 inveniuntur
3427 1658 3440 1707 ;
3474 1642 3572 1711 qui

98 1729 263 1782 mundi
314 1729 477 1800 Regis
547 1726 769 1781 nomini
820 1726 1118 1781 dedicavit.
1180 1724 1287 1779 Ubi
1344 1738 1515 1791 nunc,
1557 1720 1752 1775 multis
1864 1736 1989 1773 eam
2048 1725 2208 1774 tanto
2269 1721 2509 1784 ﬁdelius,
2554 1730 2770 1793 quanto
2821 1727 3012 1780 verius
3075 1730 3374 1795 agnovisse
3444 1747 3577 1783 con-

98 1816 561 1887 adstipulantibus,
611 1816 795 1886 major
846 1814 1081 1868 ecclesia
1136 1812 1506 1879 construitur,
1533 1826 1597 1864 ac
1632 1826 1751 1863 mo-
1789 1849 1830 1902 Β
1865 1809 2019 1879 tigit,
2079 1814 2435 1865 attestantur.
2500 1812 2561 1865 lu
2608 1813 2854 1883 quadam
2891 1831 3090 1870 eorum
3145 1818 3299 1883 villa,
3360 1819 3576 1873 civitati

94 1906 327 1959 machica:
364 1904 733 1975 professionis
780 1902 931 1958 Ordo
966 1901 1321 1969 inchoatur;
1370 1899 1639 1971 quodque
1660 1898 1757 1951 ille
1794 1898 1823 1902 '
1869 1898 2157 1967 proxima,
2200 1898 2445 1952 rusticus
2493 1900 2752 1969 quidam,
2784 1904 2941 1972 gravi
2992 1909 3172 1958 tactus
3219 1906 3574 1971 inﬁrmitate,

95 1994 421 2061 praedixerat,
486 1993 612 2062 jam
672 1989 898 2061 impleri
951 1989 1192 2043 videtur.
1228 1988 1341 2042 Hac
1386 1988 1564 2057 igitur
1607 2001 1761 2039 occa-
1870 1986 2120 2040 officium
2179 1985 2343 2056 pedis
2403 1987 2570 2039 unius
2626 1989 2916 2054 amiserat,
2967 1992 3225 2063 adeoque
3284 1995 3579 2048 arentibus

92 2082 225 2134 sione
272 2098 480 2135 nomen
529 2080 682 2135 beati
730 2077 981 2133 Heinrici
1033 2077 1182 2148 apud
1230 2076 1358 2130 illas
1406 2074 1669 2129 nationes
1700 2073 1758 2126 in

94 2170 419 2224 veneratione
441 2169 616 2240 caepit
635 2168 853 2223 haberi.

152 2260 227 2324 19,
273 2257 531 2322 Quodam
570 2264 829 2326 tempore
860 2269 987 2308 cum
1022 2269 1138 2307 non
1168 2252 1395 2307 modica
1448 2249 1759 2306 multitudo

95 2361 401 2415 pauperum,
443 2346 619 2399 variis
662 2343 1039 2415 languoribus
1094 2357 1386 2413 oppressa,
1436 2340 1497 2395 in
1527 2338 1763 2395 ecclesia

94 2433 510 2505 Merseburgensi
586 2450 702 2488 non
748 2435 931 2486 solum
981 2433 1281 2485 sanitatem
1333 2430 1610 2501 corporis,
1664 2426 1759 2481 sed

93 2529 138 2574 et
164 2523 348 2592 stipem
411 2524 745 2594 importune
802 2526 1000 2591 petens
1049 2519 1429 2585 confluxisset,
1490 2517 1759 2589 populus,

89 2609 170 2678 qui
199 2609 459 2663 orationis
516 2625 687 2663 causa
735 2610 1064 2674 advenerat,
1118 2612 1290 2677 prout
1346 2607 1583 2659 facultas
1639 2620 1766 2675 per-

90 2696 347 2761 mittebat,
396 2697 711 2767 unicuique
758 2695 1166 2750 misericordiae.
1218 2710 1452 2749 manum
1508 2694 1765 2764 porrige-

92 2782 185 2838 bat.
221 2785 316 2838 Ubi
344 2786 590 2840 rusticus
615 2785 850 2855 quidam
885 2800 914 2837 e
964 2784 1223 2854 proxima
1269 2783 1427 2849 villa,
1458 2781 1767 2853 cupiditate

92 2872 316 2940 sordens,
355 2890 667 2928 nervorum
722 2873 1170 2927 contractionem
1224 2872 1533 2937 simulavit,
1594 2874 1647 2923 et
1677 2885 1766 2924 re-

92 2967 290 3015 curvato
318 2963 464 3034 pede
496 2964 558 3016 in
589 2962 780 3016 medio
829 2960 1227 3031 languentium
1260 2958 1535 3013 consedit.
1563 2958 1766 3023 Quem,

93 3049 209 3103 dum
244 3055 322 3105 rei
353 3051 687 3105 domesticae
735 3066 871 3103 cura
904 3048 1129 3119 regredi
1179 3048 1571 3118 compulisset,
1618 3048 1768 3115 jam-

1870 2075 2057 2129 nervis
2116 2090 2179 2129 ac
2236 2091 2405 2128 carne
2460 2083 2813 2144 praemortua
2889 2087 3265 2149 emarcuerat,
3345 2089 3412 2137 ut
3461 2089 3578 2138 tam

1872 2164 2106 2218 solertia
2154 2164 2241 2217 vel
2293 2164 2479 2217 studio
2519 2165 2579 2218 in
2630 2182 2698 2219 eo
2738 2172 3057 2238 recuperari
3105 2170 3428 2235 sanitatem,
3462 2176 3578 2226 tam

1871 2252 1982 2322 ipsi
2038 2268 2209 2322 quam
2269 2252 2536 2305 omnibus
2593 2269 2725 2307 eum
2780 2253 3160 2325 intuentibus,
3224 2260 3579 2329 impossibile

1871 2340 2180 2395 videretur.
2232 2340 2412 2405 Unde,
2464 2342 2619 2411 quod
2656 2342 2726 2395 ab
2773 2342 3008 2398 homine
3046 2345 3172 2399 fieri
3224 2348 3579 2417 desperabat,

1876 2430 2035 2483 abeo
2067 2428 2157 2482 cui
2183 2428 2329 2482 nihil
2371 2433 2456 2482 est
2512 2428 2744 2484 difficile
2797 2432 2897 2485 sed
2952 2432 3106 2485 solus
3140 2439 3423 2488 restaurat
3454 2435 3582 2489 uni-

1874 2534 2056 2586 versa,
2112 2533 2217 2587 per
2272 2516 2424 2570 beati
2476 2517 2723 2572 Heinrici
2780 2521 3189 2589 patrocinium,
3250 2523 3363 2577 tide
3395 2525 3583 2589 firma,

1877 2623 1977 2676 spe
2034 2605 2231 2670 solida,
2297 2621 2584 2676 quaerens,
2666 2607 2789 2677 ejus
2860 2608 3269 2664 misericordiae
3345 2612 3586 2681 januam

1878 2693 2104 2748 ﬂetibus
2135 2694 2659 2764 assiduis,jejuniis
2691 2696 2904 2750 crebris
2936 2698 3201 2767 pulsavit,
3257 2705 3314 2753 et
3348 2700 3583 2754 tandem

1876 2784 1935 2837 in
1960 2783 2202 2836 formam
2228 2782 2452 2853 pristini
2482 2799 2707 2853 gressus
2730 2786 2954 2840 restitui
2994 2790 3221 2841 meruit.

1949 2873 2037 2924 22.
2066 2872 2133 2925 In
2167 2888 2313 2941 pago
2345 2872 2615 2942 quodam,
2650 2873 2884 2927 milliari
2934 2891 3049 2928 uno
3076 2893 3108 2928 a
3139 2875 3590 2947 Merseburgensi
3652 2920 3655 2921 ν

1880 2967 2066 3014 castro
2123 2960 2389 3025 distante,
2452 2960 2663 3013 mulier
2717 2962 2891 3015 surda
2933 2968 2989 3016 et
3018 2970 3178 3017 muta
3234 2965 3306 3018 ab
3361 2967 3590 3020 exordio

1880 3048 2193 3102 nativitatis
2225 3064 2363 3114 suae,
2397 3049 2789 3119 apropinquis
2828 3055 2883 3103 et
2914 3051 3150 3119 civibus,
3187 3053 3593 3108 misericordia!

91 3152 203 3206 que,
232 3139 426 3194 baculo
457 3140 707 3205 innisus,
740 3139 873 3192 ﬁcto
905 3154 1100 3209 gressu
1134 3146 1291 3191 extra
1318 3138 1494 3190 limen
1518 3136 1769 3189 ecclesiae
1804 3134 1843 3187 C
1882 3138 2007 3190 sinu
2063 3137 2379 3190 fovebatur.
2440 3141 2484 3190 Α
2534 3137 2763 3207 quibus,
2813 3139 2885 3191 ad
2941 3141 3234 3195 ecclesiam
3295 3143 3591 3212 perducta,

89 3230 445 3294 processisset,
506 3229 700 3283 locum
757 3228 967 3297 quaerit
1022 3230 1437 3296 opportunum,
1494 3230 1575 3292 ut,
1628 3225 1771 3294 pede

90 3315 295 3381 retlexo,
346 3317 695 3388 eXpeditius,
751 3332 864 3385 quo
912 3315 1204 3379 tendebat,
1271 3313 1613 3384 perveniret.
1667 3312 1770 3366 Sed

90 3403 188 3456 Deo
217 3410 269 3457 et
305 3405 474 3459 beato
538 3404 804 3459 Heinrico
854 3404 1089 3472 dignam
1141 3405 1263 3472 ejus
1297 3401 1516 3455 meritis
1546 3414 1773 3471 poenam

91 3492 379 3562 ingerente,
427 3495 724 3549 miseriam
783 3509 957 3564 quam
1017 3497 1148 3546 ante
1203 3491 1592 3557 simulaverat,
1655 3490 1777 3560 jam

88 3580 261 3635 dolore
294 3582 684 3653 irrefragabili
736 3581 881 3652 pede
921 3581 1039 3633 nati
1086 3580 1432 3647 coherente,
1476 3579 1776 3633 sentiebat.

92 3668 213 3731 Quid
241 3678 434 3743 ageret
461 3675 491 3727 ?
531 3672 726 3727 Pudor
773 3671 1050 3741 dolorque
1100 3670 1366 3724 conﬂictu
1400 3670 1524 3741 pari
1560 3670 1620 3722 in
1658 3669 1781 3739 ejus

90 3766 257 3814 mente
302 3762 707 3815 decertabunt.
774 3759 960 3813 Pudor
1024 3759 1327 3829 propalare
1380 3774 1504 3811 rem
1562 3764 1782 3828 gestam

92 3848 451 3917 prohibebat;
516 3849 687 3904 dolor
742 3847 1002 3902 confiteri
1068 3847 1324 3918 cogebat.
1394 3845 1539 3900 Vicit
1590 3851 1785 3900 tamen

92 3937 254 3990 timor.
289 3938 352 3992 Et
382 3953 616 4000 omnes,
650 3937 775 3990 haec
803 3936 1122 3999 audientes,
1148 3934 1380 4005 grandis
1408 3934 1788 4005 apprehendit

91 4023 256 4078 timor.
292 4027 407 4080 Hoc
454 4027 659 4097 itaque
691 4024 903 4078 indicio
960 4023 1176 4077 cunctis
1215 4022 1417 4076 claruit
1453 4022 1552 4076 Dei
1601 4022 1784 4076 famu-

89 4111 192 4166 lum
232 4130 349 4168 non
400 4114 600 4169 solum
640 4112 789 4167 votis
846 4112 939 4183 pie
998 4111 1382 4182 quaerentium
1440 4111 1658 4173 adesse,
1687 4126 1790 4164 ve-

92 4216 202 4253 rum
242 4204 413 4257 etiam
449 4203 602 4257 talia
658 4200 1142 4273 praesumentibus
1194 4199 1517 4253 districtum
1549 4199 1790 4266 obesse;

92 4288 262 4359 sicque
307 4292 596 4361 deinceps
652 4288 1005 4360 perﬁdorum
1067 4286 1443 4357 praesumptio
1497 4286 1625 4340 talis
1673 4302 1791 4340 ces-

90 4378 231 4431 sarit.

148 4469 228 4520 20.
262 4468 353 4523 Est
408 4467 662 4523 ecclesia
711 4466 1058 4537 parochialis
1125 4465 1373 4520 ecclesia
1419 4465 1476 4518 Β.
1536 4463 1687 4517 Petri
1734 4462 1791 4516 in

91 4556 247 4609 veteri
276 4558 479 4612 Castro
524 4556 823 4624 contigua,
875 4556 1039 4624 juxta
1083 4570 1255 4625 quam
1309 4552 1571 4607 residens
1614 4568 1796 4605 caecus

90 4644 325 4711 quidam,
367 4646 605 4700 audivit
656 4648 1003 4697 concentum
1059 4642 1427 4712 popularium
1482 4641 1542 4693 in
1574 4655 1797 4711 repara—

90 4733 225 4787 tione
251 4735 563 4804 cujusdam
616 4731 759 4803 aegri
814 4731 1180 4785 devotissime
1238 4729 1788 4800 congratulantium.

92 4818 203 4875 Erat
227 4832 421 4878 autem
476 4822 583 4877 hic
624 4820 696 4874 de
753 4823 907 4873 terra
967 4824 1023 4872 et
1079 4819 1148 4873 de
1198 4824 1366 4889 gente
1422 4817 1795 4872 Sclavorum:

92 4910 276 4975 quibus
304 4910 663 4981 simplicitas
694 4907 780 4961 vel
813 4905 1297 4973 irrationabilitas,
1359 4904 1637 4976 pravitate
1666 4919 1802 4975 qua-

94 4996 204 5051 dam
235 4998 480 5070 ingenii,
518 4994 808 5051 naturalis
860 4999 946 5048 est
991 4994 1156 5061 adeo,
1190 4998 1254 5047 ut
1282 4993 1373 5046 vix
1420 4992 1509 5045 vel
1568 4996 1800 5045 tenuem

96 5088 211 5139 tidei
239 5089 553 5143 videantur
586 5084 805 5139 habere
861 5082 1187 5137 scintillam.
1248 5080 1465 5145 Quaerit
1509 5095 1647 5151 ergo
1674 5097 1802 5135 cau-

93 5189 195 5227 sam
225 5176 350 5230 talis
379 5179 740 5230 concentus.
798 5171 919 5236 Cui,
978 5186 1107 5225 cum
1166 5186 1272 5239 pro
1330 5169 1629 5223 sanatione
1682 5170 1803 5223 lan-

96 5266 301 5318 guentis
330 5268 458 5320 hinc
490 5262 630 5318 ﬁeri
662 5261 980 5315 indicatum
1012 5263 1180 5323 esset,
1204 5258 1286 5312 ait
1319 5274 1333 5311 :
1367 5258 1477 5312 Iste
1510 5256 1805 5311 Heinricus

96 5349 419 5407 Teutonicus
510 5367 658 5407 cum
720 5348 815 5416 sit,
865 5348 999 5401 solis
1056 5345 1387 5401 Teutonicis
1437 5345 1638 5417 gratim
1689 5360 1807 5398 suae

99 5446 304 5505 praestat
327 5440 675 5496 subsidium
701 5454 714 5491 :
750 5436 894 5490 mihi
923 5450 1057 5489 vero
1090 5435 1394 5505 gentisque
1442 5449 1587 5488 mea:
1619 5432 1807 5486 homi-

100 5527 246 5580 nibus
309 5529 457 5583 nihil
528 5539 801 5596 unquam
859 5522 1123 5577 beneﬁcii
1171 5521 1431 5575 contulit.
1509 5520 1574 5573 In
1630 5518 1809 5573 risum

99 5630 237 5684 ergo,
267 5619 366 5690 qui
396 5618 678 5679 aderant,
711 5612 1047 5667 excitantur.
1083 5609 1327 5676 Quidam
1382 5624 1517 5662 vero
1565 5606 1812 5661 sanioris

102 5704 280 5775 animi,
311 5710 375 5761 ut
395 5702 719 5760 ecclesiam
762 5704 921 5772 petat
948 5714 1053 5771 pro
1104 5698 1284 5752 salute
1335 5711 1438 5750 sua
1483 5698 1809 5764 rogaturus,

390 5816 692 5883 ΡΑτιιοι..
750 5807 922 5874 CXL.

1883 3225 2119 3281 nutibus
2178 3230 2233 3278 et
2289 3224 2489 3295 signis,
2543 3226 2752 3296 quibus
2811 3243 2947 3297 erga
2996 3244 3120 3282 eam
3185 3230 3269 3282 uti
3322 3232 3595 3301 possibile

1884 3314 2013 3383 fuit,
2055 3318 2187 3367 ante
2238 3313 2387 3367 beati
2434 3313 2787 3368 Confessoris
2858 3316 3133 3386 reliquias
3181 3334 3364 3388 prona
3418 3320 3599 3373 sterni

1881 3402 2210 3474 jubebatur.
2244 3401 2351 3455 Sed
2392 3401 2509 3469 illa,
2561 3404 2826 3470 jumento
2873 3404 3166 3474 insipienti
3224 3394 3448 3474 similis,
3496 3424 3599 3476 pro

1887 3508 1945 3545 se
1978 3492 2058 3544 nil
2087 3506 2292 3561 rogare
2326 3495 2565 3544 noverat
2599 3507 2613 3557 ;
2648 3493 2732 3544 vel
2763 3492 2915 3562 quod
2950 3502 3136 3547 essent
3190 3495 3470 3565 reliquiae,
3502 3502 3603 3550 aut

1888 3580 2027 3650 quid
2059 3584 2385 3649 generetur,
2424 3579 2657 3649 penitus
2714 3580 3003 3634 nesciebat
3036 3598 3048 3634 :
3086 3582 3176 3635 cui
3214 3588 3405 3637 tamen
3457 3584 3600 3637 ﬁde-

1891 3669 2032 3722 lium
2094 3682 2197 3738 pro
2254 3668 2434 3720 salute
2496 3668 2619 3736 ejus
2659 3667 2719 3720 in
2768 3683 3073 3722 commune
3151 3671 3599 3741 supplicantium

1893 3756 2074 3810 oratio
2132 3754 2385 3825 ﬁdesque
2433 3754 2803 3810 subveniebat
2849 3773 2862 3822 ;
2924 3761 2980 3810 et
3016 3773 3121 3827 per
3168 3758 3319 3811 beati
3354 3759 3605 3813 Heinrici

1894 3844 2185 3913 suﬂragia,
2220 3850 2285 3896 ut
2309 3843 2435 3913 ipsa
2479 3848 2676 3913 postea
2733 3844 3071 3906 testabatur.
3104 3846 3165 3899 in
3197 3852 3446 3919 utroque
3478 3864 3603 3902 cor-

1894 3933 2049 4005 poris
2079 3931 2267 3985 oflicio
2292 3930 2591 3985 reformari
2613 3932 2822 3986 meruit
2853 3949 2919 3986 ex
2944 3933 3193 4005 integro.

1967 4024 2056 4077 23.
2099 4022 2240 4075 Cum
2286 4020 2537 4074 excubize
2592 4036 2764 4074 sacrae
2813 4038 2846 4075 a
2876 4022 3145 4076 ﬁdelibus
3200 4024 3348 4077 circa
3377 4024 3606 4078 thesau-

1898 4125 2028 4164 rum
2066 4108 2582 4179 incomparabilem
2622 4107 2741 4163 sine
2790 4109 3217 4165 intermissione
3247 4111 3453 4166 tierent
3485 4128 3499 4166 :
3530 4112 3611 4165 ita

1902 4203 1983 4265 ut,
2012 4196 2137 4251 aliis
2168 4196 2592 4263 recedentibus,
2622 4197 2749 4251 aliis
2795 4198 3289 4265 venientibus,die
3321 4206 3609 4271 noctuque

1903 4286 2055 4340 fores
2120 4285 2371 4340 ecclesiae
2421 4301 2539 4339 non
2600 4286 3022 4353 clauderentur,
3096 4294 3282 4342 custos
3339 4289 3611 4353 ecclesias,

1825 4402 1867 4455 ι)
1907 4374 2057 4427 inter
2118 4389 2250 4427 oves
2305 4374 2473 4443 lupos
2526 4372 2629 4427 sub
2688 4375 2897 4430 vellere
2958 4376 3152 4430 ovium
3198 4377 3439 4431 latentes
3495 4393 3613 4431 non

1907 4461 2069 4514 facile
2128 4461 2361 4531 agnosci
2414 4462 2806 4528 considerans,
2858 4463 3072 4517 auferri
3116 4464 3315 4518 furtim
3343 4464 3616 4535 reliquias

1909 4549 2220 4604 metuebat.
2252 4550 2335 4603 Ad
2385 4550 2537 4620 quod
2582 4551 3051 4621 prmcavendum,
3084 4566 3149 4605 ex
3182 4552 3414 4622 quadris
3467 4552 3615 4622 lapi-

1909 4639 2076 4692 dibus
2098 4639 2244 4692 facto
2274 4638 2409 4691 satis
2438 4638 2617 4692 habili
2662 4639 3067 4705 reconditorio,
3104 4654 3198 4692 eas
3242 4640 3302 4693 in
3341 4639 3440 4693 illo
3472 4641 3619 4694 loca-

1907 4726 2006 4780 vit.
2058 4725 2161 4780 Cui
2225 4725 2399 4779 etiam
2456 4725 2727 4780 ostiolum
2785 4742 2851 4780 ex
2895 4726 3057 4797 pino,
3106 4727 3261 4797 quod
3312 4744 3483 4782 causa
3514 4745 3620 4799 po-

1910 4818 2103 4868 scente
2196 4813 2383 4867 claudi
2427 4818 2484 4867 et
2539 4813 2750 4884 aperiri
2805 4819 3018 4884 posset,
3076 4814 3379 4885 imposuit.
3448 4817 3621 4871 Nocte

1911 4917 2048 4972 ergo
2078 4900 2351 4970 quadam,
2409 4900 2561 4954 infra
2617 4916 2849 4955 cursum
2899 4902 3248 4957 matutinum
3281 4904 3478 4959 lumen
3529 4904 3623 4958 in-

1911 4990 2134 5044 cautius
2166 4988 2354 5043 eidem
2415 5005 2735 5059 apponens,
2783 4990 3047 5059 chorum,
3097 5008 3267 5062 quem
3317 4993 3625 5048 studiosius

1914 5078 2041 5133 aliis
2090 5076 2510 5148 frequentabat,
2580 5077 2907 5148 ingreditur
2938 5095 2951 5133 :
2985 5080 3080 5133 sed
3144 5082 3316 5151 paulo
3362 5086 3493 5152 post
3534 5081 3625 5135 fu-

1914 5182 2076 5222 mum
2119 5166 2388 5231 sentiens,
2439 5171 2496 5219 et
2542 5166 2684 5237 quid
2767 5167 3053 5235 acciderit,
3113 5170 3308 5223 animo
3366 5184 3626 5239 praesago

1915 5253 2263 5325 concipiens,
2292 5254 2360 5308 ad
2395 5256 2581 5307 locum
2632 5255 2871 5309 festinus
2912 5256 3215 5310 revertitur
3247 5274 3259 5311 :
3294 5257 3627 5326 invenitque

1917 5342 2188 5396 ostiolum
2223 5359 2254 5395 a
2312 5344 2544 5396 tlamma
2601 5344 2763 5411 tangi
2830 5348 2887 5398 et
2928 5345 3154 5398 fumum
3195 5345 3351 5409 dare,
3390 5344 3486 5397 sed
3512 5360 3628 5398 non

1924 5429 2071 5484 laedi.
2102 5430 2278 5500 Cujus
2330 5430 2454 5485 haec
2506 5432 2746 5498 meritis,
2801 5432 2913 5486 nisi
2973 5433 3096 5501 ejus
3152 5433 3312 5501 cujus
3355 5431 3471 5484 illic
3501 5433 3629 5487 reli-

1919 5518 2072 5588 quias
2106 5518 2500 5585 servabantur,
2572 5524 2813 5590 possunt
2865 5520 3129 5574 adscribi.
3200 5520 3471 5573 Poterant
3500 5522 3630 5591 qui-

1923 5607 2077 5672 dem,
2136 5606 2353 5677 absque
2400 5607 2557 5678 ligno
2604 5611 2661 5660 et
2718 5607 2925 5678 lapidis
2981 5607 3359 5678 repositione,
3393 5624 3426 5662 a
3462 5616 3633 5680 raptu

1922 5693 2130 5761 alieno,
2162 5694 2289 5766 ipso
2343 5694 2650 5757 mediante,
2714 5695 2922 5750 servari
2959 5711 2971 5747 :
3003 5696 3099 5750 sed
3157 5695 3288 5766 pius
3346 5697 3636 5753 confessor

3325 5833 3362 5870 ἁ)
