1988 3209
196 216 244 241 139

853 216 879 241 S.
902 214 1043 241 IIENHICI
1065 214 1100 240 HI
1108 214 1304 241 PERA'I‘OIHS

1909 203 1954 239 ιζυ

195 276 255 310 Dei,
273 275 399 302 laborem
414 277 442 302 et
465 275 590 302 studium
605 275 706 301 devote
731 275 784 301 sibi
808 275 1039 310 obsequentium,
1056 278 1079 302 Δ
1098 275 1258 310 sigillatim,
1271 282 1335 310 qua:
1351 274 1452 301 diebus
1479 274 1600 309 singulis
1615 274 1689 301 facta
1716 277 1794 307 sunt,
1817 275 1956 302 miracula

192 320 285 347 noluit
299 319 442 347 incassum
460 319 603 354 deperire,
620 327 656 346 ne
666 319 710 346 vel
728 319 758 345 in
773 326 861 353 parvo
873 319 1047 345 detrimento

190 365 288 400 januas
307 364 474 391 viderentur
494 363 666 396 contristari,
690 364 811 398 ideoque
841 363 870 389 in
887 363 976 398 ligno,
992 363 1048 390 fuci

194 409 259 436 usui
286 412 365 443 apto,
389 409 446 435 vim
476 408 589 435 virtutis
610 415 669 434 suae
693 408 788 442 ignem
805 415 821 433 a
842 407 898 434 Deo
924 407 1049 433 obtinuit

194 453 330 480 oblivisci.

229 497 272 524 24.
296 496 396 523 Mulier
420 496 570 531 arreptitia
594 496 629 523 de
654 495 776 522 restibus
801 503 929 521 connexa
946 503 1047 521 uiantis

194 550 288 569 coram
306 541 444 576 praedicto
463 539 664 572 reconditorio,
693 540 758 566 licet
771 540 894 566 multum
910 539 1044 573 renitens,

193 586 312 613 sistitur.
329 584 397 616 Quae
421 584 552 611 daemone
572 583 714 618 mugitum
728 583 758 609 in
779 591 845 610 aera
861 583 945 609 dante
959 591 1046 617 seque

193 630 229 656 ab
254 629 383 656 Heiurico
410 627 539 662 torqueri
565 627 748 660 vociferante,
779 627 848 653 satis
888 627 951 661 ipsa
974 629 1047 653 torta

193 674 339 701 liberatur.
359 672 454 698 Visum
485 675 527 698 est
546 671 598 704 illi,
620 675 651 697 ut
679 671 870 706 praesentibus
894 671 1045 703 referebat,

193 718 347 753 quemdam
362 717 452 751 capite
466 724 547 749 cano,
566 715 653 742 barba
669 716 790 750 prolixa,
818 718 893 742 veste
909 715 1045 742 amictum

193 762 281 796 regia,
309 769 343 788 ex
371 760 471 787 eodem
496 761 559 787 loco
581 760 762 794 processisse,
779 762 807 785 et
823 767 840 786 a
868 767 897 785 se
913 759 1045 794 spiritum

193 813 316 840 nequam
333 805 447 839 pugnis,
465 806 493 830 et
508 803 595 830 minis
610 803 772 830 extorsisse.
791 804 893 830 Verum
910 803 932 829 si
945 807 1045 830 cuncta

1103 319 1237 354 persequi
1266 319 1395 348 Voluero.
1421 321 1534 353 tempus
1563 326 1609 345 me
1634 318 1714 353 prius
1731 327 1819 354 quam
1836 320 1957 346 materia

1102 363 1231 390 deseret:
1262 363 1422 398 presertim
1440 371 1506 389 cum
1530 370 1651 389 numero
1672 363 1892 398 possibilitatem
1911 372 1958 390 ex-

1102 408 1229 441 cedente,
1253 410 1347 434 custos
1378 407 1439 441 ipse
1455 407 1590 436 ecclesia,
1611 407 1660 442 qui
1683 407 1817 434 omnibus
1835 407 1894 434 fere
1910 408 1956 434 in~

1100 454 1216 484 tereret,
1233 459 1322 486 pauca
1346 450 1381 477 de
1411 450 1508 477 multis
1536 450 1683 477 memoriae
1700 451 1813 477 tradere
1842 459 1872 477 se
1900 459 1955 486 po-

1100 495 1188 522 tuisse
1210 495 1386 530 perhibebat.
1406 495 1463 521 Hoc
1484 495 1576 521 solum
1603 494 1649 521 hic
1675 495 1871 521 omittendum
1894 503 1954 521 non

1100 541 1151 571 est,
1169 539 1246 574 quod
1262 539 1297 565 de
1311 539 1397 565 calice
1412 546 1509 571 aureo,
1537 539 1572 565 de
1599 547 1656 574 quo
1673 547 1760 573 supra
1774 539 1882 566 dictum
1900 542 1954 571 est,

1100 591 1185 618 quem
1211 583 1247 609 ob
1271 582 1392 617 speciale
1417 582 1576 609 devotionis
1607 591 1666 609 suae
1702 583 1840 610 iudicium
1877 583 1955 610 idem

1100 628 1257 662 Imperator
1268 627 1351 653 beato
1375 626 1527 653 Laurentio
1552 626 1654 653 conﬁci
1675 627 1810 660 jusserat,
1838 627 1955 653 febrici-

1099 674 1193 698 tantes
1209 679 1301 705 aquea,
1323 670 1365 697 vel
1386 671 1503 697 alterius
1533 671 1653 705 liquoris
1673 671 1777 697 haustu
1793 675 1954 697 curantur:

1099 718 1252 750 praestante
1269 714 1389 741 Domino
1405 718 1501 741 nostro
1516 715 1580 741 Iesu
1601 714 1721 747 Christo,
1748 716 1798 750 qui
1813 723 1879 741 cum
1897 716 1956 741 Deo
1973 729 1979 749 ι

1101 761 1182 786 Patre
1197 762 1223 785 et
1238 758 1345 793 Spiritu
1361 762 1457 785 sancto
1484 759 1552 785 vivit
1567 761 1595 785 et
1613 762 1714 793 regnat
1728 759 1802 785 Deus
1816 767 1869 793 per
1886 759 1957 785 inti—

1100 807 1159 830 mta
1174 803 1275 830 saecula
1291 803 1470 829 steczilorum.
1490 805 1590 829 Amen.

888 918 1249 960 APPENDIX

192 997 309 1026 [forum
328 1007 393 1037 qua’
409 997 450 1026 ad
461 998 644 1036 superiorem
668 996 776 1033 Vitam,
794 996 831 1026 ab
857 998 1013 1036 Anonymo
1035 998 1189 1037 scriptam,
1206 996 1247 1026 ad
1260 997 1295 1026 S.
1316 996 1619 1027 llem'icirecentiora
1631 996 1785 1037 beneﬁcia,
1802 1002 1953 1031 manium,

232 1051 360 1078 crucem,
377 1040 498 1081 aliaque
513 1050 600 1071 sacra
620 1041 737 1070 cimelz'a
747 1050 760 1079 ,'
774 1040 814 1070 ad
825 1041 998 1071 hodiernam
1014 1041 1227 1071 solemnitatem
1245 1041 1286 1071 ad
1298 1047 1442 1071 renovata
1459 1042 1583 1080 pa'etalz's
1600 1041 1723 1081 Ofﬁcia,
1739 1040 1780 1071 ad
1795 1040 1907 1080 templa
1925 1046 1953 1069 et

232 1085 341 1115 sacella
353 1090 450 1115 erecla
460 1086 650 1124 potissimum
667 1090 811 1125 spectant.

497 1187 610 1214 CAPUT
630 1187 774 1213 PRIMUM.

299 1232 340 1257 De
351 1231 544 1265 diplomatibus
560 1239 594 1257 ea:
608 1231 675 1257 data
696 1232 756 1257 Vita
771 1231 822 1258 huc
841 1231 956 1264 rejectis.

230 1276 253 1301 I.
278 1275 337 1302 Huc
359 1274 509 1309 rejecimus
525 1274 682 1309 diplomata
705 1274 774 1301 Vitae
800 1274 827 1302 S.
850 1273 962 1301 Heurici
985 1282 1042 1301 non

191 1318 258 1345 satis
275 1322 339 1354 apte
363 1318 468 1345 innexa
497 1318 581 1345 variis
608 1319 749 1353 capitibus
777 1318 811 1346 de
837 1318 941 1354 quibus
956 1325 1043 1352 supra

190 1363 278 1390 locuti
312 1371 419 1389 sumus.
450 1362 577 1389 Primum
603 1363 698 1389 locum
731 1362 778 1389 hic
805 1364 953 1397 occupant,
977 1370 1042 1396 quae

190 1409 353 1442 temporum
391 1407 489 1434 ordine
525 1407 701 1440 praecedunt,
740 1407 862 1441 geminas
900 1405 1042 1433 Benedicti

190 1451 243 1477 PP.
260 1451 317 1477 VIII
335 1451 436 1477 litteras
458 1451 492 1478 ad
513 1451 540 1479 S.
564 1451 727 1482 Henricum,
754 1451 873 1477 necdum
890 1451 987 1478 Romae
998 1459 1042 1477 co—

188 1497 331 1527 ronatum,
348 1495 376 1520 et
391 1494 426 1520 ad
450 1494 644 1521 Eberhardum
669 1494 909 1529 Bambergensem
931 1495 1040 1529 episco-

188 1545 258 1572 pum
274 1539 399 1572 primum
424 1538 458 1565 de
482 1538 544 1573 ejus
563 1539 689 1565 ecclesiae
715 1538 932 1565 continuatione
957 1538 1041 1570 datas,

189 1589 311 1617 quarum
341 1582 451 1617 priores
482 1583 594 1617 scriptae
617 1582 752 1609 dicuntur
777 1582 807 1607 in
837 1590 933 1609 mense
957 1582 1041 1608 Junio

190 1625 289 1652 Indict.
305 1633 351 1658 XI;
368 1625 442 1652 datae
464 1633 531 1653 vero
547 1635 560 1650 α
588 1633 625 1652 xu
651 1626 710 1652 Kal.
740 1625 897 1658 Februarii,
922 1626 1041 1660 pontiti-

190 1671 269 1696 catus
284 1677 360 1696 anno
389 1670 493 1703 primo.
512 1679 525 1694 ι)
543 1670 603 1696 Non
619 1672 662 1696 est
690 1669 757 1696 satis
770 1670 899 1704 pervium
916 1669 1042 1704 reperire

190 1713 277 1740 ﬁnem
293 1713 475 1749 pontiﬁcatus
489 1713 580 1748 Sergii
607 1714 651 1746 IV,
679 1716 728 1739 aut
756 1713 870 1740 initium
898 1713 1042 1740 Benedicti

190 1757 262 1790 VIII,
287 1760 319 1784 ut
342 1761 417 1784 recte
445 1758 579 1793 expendit
607 1757 743 1784 Barouius
773 1757 808 1784 ad
838 1765 944 1784 annum
964 1758 1040 1790 tOt2,

190 1802 321 1837 quamvis
340 1802 400 1837 ipse
413 1810 447 1829 eo
466 1810 541 1828 anno
553 1801 614 1836 jam
629 1801 697 1828 dicti
721 1801 810 1836 Sergii
826 1801 937 1828 obitum
953 1801 1040 1828 collo-

188 1849 242 1877 cet.
259 1849 344 1881 atque
368 1847 439 1873 adeo
470 1845 613 1873 Benedicti
642 1845 671 1872 in
695 1845 871 1872 Pontiticiam
887 1845 987 1872 Sedem
1004 1845 1043 1871 in—

188 1898 327 1925 gressum.
359 1890 469 1917 Etenim
502 1890 526 1916 si
560 1890 613 1916 hoc
646 1889 802 1924 diplomate
833 1893 907 1916 recte
930 1890 1042 1925 signata

187 1937 255 1961 sunt
269 1935 377 1968 omnia,
393 1943 451 1961 non
466 1934 560 1969 potuit
575 1934 650 1961 Petri
670 1934 834 1960 cathedram
849 1935 1041 1961 conscendere

188 1978 356 2005 Benedictus
373 1980 438 2004 ante
464 1986 573 2004 annum
604 1978 671 2004 I0l3
690 1978 788 2004 Indict.
813 1985 851 2011 ιι,
878 1978 929 2013 qui
958 1977 1041 2004 istius

186 2022 255 2049 anni
277 2022 423 2049 character
442 2024 485 2048 est
501 2030 506 2048 :
523 2029 589 2048 cum
605 2029 671 2048 vero
686 2024 714 2048 et
734 2021 872 2055 scriptum
895 2024 923 2048 et
941 2021 1041 2048 datum

187 2066 223 2092 sit
235 2066 363 2100 diploma
388 2073 464 2092 anno
499 2065 592 2100 primo
616 2065 678 2100 ejus
707 2065 899 2100 pontiﬁcatus,
926 2073 1040 2092 necesse

186 2113 229 2136 est
243 2109 337 2144 ipsum
356 2110 460 2136 ‘adhuc
485 2109 601 2136 ﬂuxisse
630 2117 728 2136 mense
749 2109 896 2143 Januario,
921 2117 973 2136 seu
1003 2118 1039 2136 xu

187 2153 306 2181 Kalend.
333 2153 480 2180 Februarii
509 2153 576 2179 anni
603 2153 748 2188 sequentis
773 2153 850 2186 1014,
876 2153 911 2180 de
940 2161 1040 2188 quare

185 2197 271 2231 hujus
283 2197 338 2224 loci
354 2205 411 2224 non
427 2200 470 2224 est
485 2198 566 2232 plura
577 2196 759 2232 investigare.

218 2243 246 2269 ‘2.
264 2242 332 2269 Inde
347 2241 464 2268 fortasse
485 2249 543 2268 non
566 2241 663 2275 inepte
692 2241 755 2276 quis
771 2240 896 2275 colligat,
913 2240 1040 2275 diploma

1059 1187 1078 1214 B

1058 1822 1077 1850 C

183 2286 270 2318 istud,
294 2285 467 2321 prmeedenti
494 2293 570 2312 anno
588 2286 654 2312 1013
681 2285 830 2320 scriptum,
848 2293 865 2311 a
891 2285 968 2319 Papa
990 2285 1038 2311 Be-

182 2329 296 2356 nedicto
320 2329 446 2356 studiose
473 2332 616 2356 servatum
640 2329 740 2361 videri,
763 2332 795 2356 ut
817 2329 845 2355 id
868 2329 1037 2364 Imperatori

182 2374 248 2408 ipsi,
262 2374 323 2408 jam
343 2376 479 2400 coronato
506 2382 556 2400 seu
581 2374 757 2403 coronando,
785 2373 837 2399 sub
863 2373 1037 2408 principium

183 2417 250 2443 anni
264 2418 332 2444 1014
346 2418 498 2444 offerretur
513 2418 544 2444 in
568 2417 629 2452 ipsa
646 2417 715 2443 urbe
744 2417 844 2449 Roma,
862 2424 1037 2452 quamquam

181 2462 273 2488 solum
289 2461 375 2495 Regis
398 2461 514 2488 titulum
529 2461 671 2495 praeferat.
698 2461 867 2496 Conjectura
881 2463 932 2494 est,
950 2469 1036 2496 quam
1052 2457 1073 2484 Ι)

180 2505 314 2540 redargui
330 2504 411 2532 facile
439 2505 542 2539 patiar.
572 2505 602 2531 Id
625 2505 718 2531 obiter
747 2505 875 2536 observo,
891 2504 968 2540 quod
985 2505 1037 2531 sub

180 2550 267 2577 tinem
283 2557 415 2576 summus
442 2549 581 2578 Pontifex.
598 2556 654 2575 non
678 2548 738 2583 jam
754 2549 788 2575 ad
811 2548 839 2576 S.
870 2548 1034 2581 Henricum,

180 2593 228 2620 sed
239 2593 276 2619 ad
292 2593 386 2619 solum
403 2603 417 2616 ‹‹
434 2592 651 2619 dilectissimum
677 2592 804 2622 fratrem.
825 2603 837 2617 »
855 2593 984 2627 adeoque
999 2593 1034 2620 ad

178 2637 271 2664 solum
286 2636 454 2672 episcopum
474 2636 667 2662 Eberhardum
683 2644 846 2663 sermonem
862 2639 1010 2663 convertat
1026 2645 1033 2663 :

179 2681 228 2707 sed
252 2689 346 2716 neque
375 2680 435 2707 haec
463 2679 658 2715 scrupulosius
673 2679 719 2706 hic
745 2680 935 2707 examinanda
948 2681 1035 2707 susci-

178 2724 284 2759 pimus.
303 2725 435 2760 Dipltma
449 2725 582 2756 alterum,
599 2724 650 2750 soli
667 2723 829 2750 Eberhardo
851 2724 1032 2759 inscriptum,

176 2769 287 2795 nullam
313 2768 453 2803 temporis
484 2771 580 2795 notam
608 2767 724 2802 signat;
751 2770 779 2794 at
811 2771 887 2795 recte
913 2768 1034 2799 advertit

179 2812 337 2845 Gretserus,
355 2821 387 2839 ex
403 2813 437 2838 iis
451 2820 515 2847 qum
531 2812 630 2838 asserit
657 2812 822 2839 Benedictus
849 2820 879 2839 se
892 2815 1033 2847 praesente

1099 1187 1264 1221 Bambergm
1292 1187 1364 1213 facta
1400 1187 1497 1219 fuisse,
1541 1187 1639 1213 datum
1668 1194 1729 1214 esse
1763 1188 1959 1222 posteaquam

1100 1231 1285 1266 Bambergam
1302 1230 1362 1265 ipse
1377 1233 1503 1263 venerat,
1521 1239 1624 1265 nempe
1640 1239 1715 1258 anno
1732 1231 1810 1262 1019,
1821 1230 1893 1257 dum
1908 1230 1961 1257 ba-

1097 1275 1205 1302 silicam
1233 1276 1259 1302 S.
1283 1275 1482 1310 Stephanivm
1510 1275 1570 1302 Kal.
1592 1275 1655 1302 Maii
1678 1277 1905 1306 consecraverat,
1929 1277 1963 1301 ut

1097 1322 1140 1346 est
1150 1327 1212 1353 cap.
1229 1321 1273 1351 23,
1286 1319 1359 1353 apud
1375 1327 1426 1346 nos
1440 1327 1520 1345 num.
1538 1320 1571 1346 32
1589 1329 1597 1351 -,
1613 1319 1731 1346 fortasse
1760 1319 1789 1345 in
1805 1318 1869 1353 ipsa
1885 1318 1962 1345 urbe

1098 1363 1310 1397 Bambergensi,
1337 1364 1504 1398 priusquam
1527 1363 1557 1389 in
1588 1363 1696 1390 Italiam
1722 1366 1875 1390 remearet.
1921 1364 1962 1390 De

1097 1407 1188 1434 tribus
1204 1407 1267 1433 aliis
1288 1407 1495 1442 posterioribus
1507 1407 1714 1441 diplomatibus
1735 1407 1892 1434 Clementis
1924 1408 1961 1440 II,

1098 1451 1199 1478 Leonis
1215 1452 1246 1477 ΙΧ
1261 1455 1288 1477 et
1304 1451 1416 1478 Henrici
1434 1451 1470 1478 lII
1500 1451 1627 1484 Caesaris,
1649 1450 1721 1478 nihil
1748 1454 1791 1478 est
1815 1451 1895 1487 quod
1913 1451 1961 1478 hic

1097 1503 1273 1530 magnopere
1291 1496 1438 1530 explicem.

1133 1541 1157 1566 3.
1178 1540 1270 1566 Unum
1286 1542 1424 1574 superest,
1456 1540 1524 1567 dum
1539 1540 1573 1567 de
1599 1539 1805 1575 diplomatibus
1825 1539 1960 1574 agimus,

1097 1583 1150 1610 hac
1175 1584 1391 1618 opportunitate
1422 1583 1617 1617 indicandum,
1655 1584 1764 1611 variam
1794 1591 1852 1610 non
1881 1584 1960 1610 nihil

1096 1635 1156 1654 esse
1181 1627 1303 1654 formam
1333 1635 1397 1662 quas
1425 1628 1456 1655 S.
1480 1628 1595 1655 Henrici
1611 1628 1705 1663 sigilla
1737 1627 1864 1654 exhibet.
1896 1628 1962 1655 Huc

1097 1679 1142 1698 me
1156 1671 1273 1698 adduxit
1288 1671 1416 1706 diploma
1441 1672 1654 1704 Henricianum,
1683 1672 1714 1699 in
1730 1672 1853 1698 maximo
1886 1672 1963 1698 folio

1096 1723 1232 1750 expanso,
1249 1715 1284 1742 ad
1313 1716 1485 1751 autographi
1517 1724 1648 1743 normam
1677 1719 1836 1748 exaratum,
1865 1719 1963 1751 atque

1097 1759 1172 1786 inter
1199 1759 1317 1786 schedas
1345 1764 1455 1786 nostras
1482 1766 1664 1795 repertum,u
1684 1761 1782 1787 datum
1799 1768 1826 1786 vr
1858 1760 1965 1787 Nonas

1096 1803 1211 1838 Aprilis,
1226 1811 1300 1830 anno
1318 1804 1470 1831 Duminicas
1497 1805 1507 1831 Ι
1522 1804 1705 1831 icarnationis
1723 1813 1783 1836 uin,
1811 1804 1922 1831 Indict.
1943 1814 1963 1837 ι,

1098 1855 1173 1874 anno
1186 1847 1310 1874 secundo
1325 1848 1428 1874 Domni
1450 1848 1562 1876 Henrici
1583 1849 1669 1884 Regis
1684 1849 1706 1875 Ι.
1731 1850 1834 1875 Actum
1852 1848 1965 1879 Ouidi—

1096 1891 1256 1926 lingaburc,
1290 1902 1300 1915 ι
1330 1892 1408 1926 quod
1425 1892 1471 1919 hic
1495 1893 1640 1928 integrum
1670 1896 1699 1919 et
1723 1892 1841 1927 quidem
1872 1892 1905 1919 in
1922 1902 1965 1919 ass

1096 1935 1218 1962 incisum
1242 1936 1388 1970 referrem,
1403 1937 1427 1963 si
1450 1937 1478 1964 id
1502 1945 1596 1972 operae
1617 1937 1742 1972 pretium
1768 1940 1842 1963 esset
1860 1945 1867 1963 :
1887 1940 1967 1964 nota

1095 1980 1172 2006 enim
1189 1980 1250 2007 hinc
1273 1980 1385 2016 pridem
1409 1984 1485 2013 sunt,
1512 1984 1541 2008 et
1565 1984 1658 2008 totum
1684 1981 1795 2016 pridem
1819 1981 1966 2008 exhibuit

1095 2024 1228 2051 laudatus
1242 2033 1329 2060 supra
1357 2025 1514 2053 Schatenus
1535 2026 1565 2052 in
1584 2026 1744 2053 Annalibus
1771 2025 1832 2052 suis
1846 2026 1966 2053 Pader-

1095 2068 1283 2096 bornensibus
1293 2069 1329 2096 ad
1348 2069 1456 2097 dictum
1467 2078 1575 2097 annum
1591 2071 1668 2103 1003,
1690 2079 1755 2105 pag.
1772 2071 1837 2098 367.

1386 2183 1657 2221 s/M\
1674 2222 1676 2225 ,

1230 2232 1384 2429 ῥ’
1606 2310 1759 2425 Ἵέ

1224 2419 1318 2608 ps
1441 2381 1638 2554 fg?"
1730 2426 1776 2500 Ξ

1254 2245 1828 2780 Ii.
