1988 3243
65 242 95 267 ἱνΗ
872 238 899 264 Α(

1749 236 1799 263 142

89 302 172 336 Neque
187 301 224 328 de
238 301 490 335 monogrammate
513 299 560 325 hic
585 299 657 325 mihi
689 299 811 334 quaestio
839 301 892 331 est,
912 302 934 326 A
950 299 1031 334 cujus
1051 299 1263 334 permutatione
1286 306 1353 326 eum
1369 298 1516 325 territorio
1532 298 1733 325 Beneventano
1761 298 1800 324 vi-

59 352 132 379 neque
141 344 337 370 characterem
354 341 487 369 examino
499 349 564 368 cum
580 342 615 368 de
643 341 687 368 his
702 341 770 368 alibi
799 341 892 367 abun-

59 389 84 415 de
95 388 190 414 dictum
209 387 244 413 sit
261 395 267 413 :
288 386 318 413 in
334 386 435 421 sigillis
449 394 483 412 ea
500 386 624 412 occurrit
640 385 801 419 diversitas,
829 393 892 420 qua:

64 433 224 458 curiosorum
240 431 268 457 id
286 439 376 465 genus
390 430 569 457 cimeliorum
588 429 685 456 oculos
714 429 810 456 subire
831 437 891 456 me-

61 480 148 502 rentur.
166 476 234 502 Eam
256 474 414 507 observavi,
432 474 561 508 praedicti
577 474 736 508 apugraplii
766 473 891 508 sigillum

61 518 217 545 conferendo
233 526 299 544 cum
311 518 401 544 altero
419 517 631 552 Bambergeusi,
654 517 765 551 pridem
780 517 815 543 ad
841 524 892 543 nos

61 563 358 597 transuiisso,quorum
379 565 479 596 ectypa
508 561 553 588 hic
582 561 742 596 subjiciam.
768 560 813 587 Sic
842 568 890 587 ex-

60 608 174 642 primitur
189 607 218 634 S.
238 606 375 633 Henricus
390 606 419 632 in
434 606 591 641 diplomate
602 604 890 639 Ouidlingburgensi;

60 653 126 685 cujus
139 652 265 686 sigillum
297 651 440 677 revulsum
460 651 518 685 jam
549 650 595 676 hic
624 649 781 676 exhibitum
805 652 891 683 atque

60 696 125 722 alteri
136 695 309 730 applicatum
326 695 436 729 pridem
453 693 563 721 notavit
578 692 801 728 Pupebrochius,
820 696 890 719 tom.

60 749 73 767 ιι
86 740 152 766 Junii
168 747 234 775 pag.
245 740 292 772 79,
313 739 391 774 quod
406 747 437 765 ex
454 741 551 765 nostro
563 738 759 773 producimus.

87 786 109 811 4.
124 784 161 811 Ah
182 784 237 810 hac
260 783 353 810 forma
377 791 435 810 non
464 790 565 818 parum
591 782 734 816 discrepat
763 781 891 816 sigillum

59 830 161 855 alterum
173 828 249 863 quod
268 835 345 854 anno
365 828 431 854 1699
446 827 527 853 nobis
543 825 696 852 delineavit
716 833 803 860 supra
830 825 891 852 lau-

59 872 259 899 dalusloannes
283 871 449 898 Franciscus
473 870 607 898 Xaverius
638 871 817 905 Eppenauer.
846 877 891 895 ar-

58 917 121 943 chivi
160 915 379 951 Bambergensis
418 918 480 942 tum
516 914 687 942 substitutus
724 914 892 948 registrator

56 962 162 995 juratus,
178 961 221 987 uti
251 968 340 987 manu
367 959 486 995 propria
504 958 672 994 subscripsit
700 961 727 985 et
758 961 892 985 testatum

60 1005 135 1031 voluit
148 1013 211 1032 xvm
233 1004 299 1032 Maii
321 1003 449 1039 ejusdem
477 1003 556 1036 anni,
572 1003 649 1030 hisce
663 1002 757 1029 verbis
772 1010 779 1029 :
805 1011 818 1027 ιι
835 1002 893 1037 Ego

59 1049 245 1084 inii-ascriptus
274 1051 366 1075 testor
394 1056 482 1075 manu
510 1047 640 1083 propria,
669 1047 747 1081 quod
767 1046 892 1081 sigillum

59 1094 192 1127 praesentis
204 1093 306 1120 formas
326 1093 483 1120 secundum
499 1091 639 1127 originale
661 1091 760 1125 (manu
777 1090 893 1126 propria

59 1137 228 1172 Imperatoris
239 1137 268 1164 S.
290 1136 429 1169 Heinrici,
445 1139 473 1163 et
486 1135 580 1170 sigillo
594 1135 686 1162 istboc
699 1143 781 1161 cereo
806 1134 893 1161 robo-

57 1185 150 1213 ratum,
170 1181 302 1208 Calendis
319 1180 486 1208 Novembris
501 1179 723 1207 Frankonofurti
738 1187 813 1206 anno
841 1179 893 1205 Do-

56 1226 156 1252 minicte
173 1224 381 1253 lncarnationis
396 1232 464 1257 uvu,
485 1224 584 1259 vigore
595 1223 688 1258 cujus,
702 1226 735 1250 ut
763 1222 892 1249 formalia

56 1270 133 1296 latina
166 1272 280 1303 sonant,
319 1277 378 1296 sum
418 1272 547 1303 paternas
583 1267 750 1295 hereditatis
785 1267 891 1299 locum,

56 1314 206 1341 Babenberc
217 1315 338 1345 dictum,
354 1313 552 1341 consentiente
581 1314 667 1347 atque
689 1314 807 1346 rogante
818 1311 893 1338 dile-

53 1358 168 1384 ctissime
182 1358 307 1393 conjuge
323 1365 373 1384 sua
389 1356 581 1391 Chunigunda
604 1355 715 1390 regina,
745 1355 774 1382 in
799 1355 896 1381 sedem

54 1404 77 1428 et
88 1402 197 1429 culmen
211 1402 397 1437 episcopatus
412 1400 594 1428 sublimando
607 1399 748 1435 provexit)
772 1399 896 1426 ﬁdeliter

55 1445 258 1472 deliueaverim.
276 1455 290 1471 ι)
305 1445 355 1472 Est
371 1447 467 1472 autem
483 1444 609 1479 sigillum
626 1444 654 1471 S.
674 1442 786 1470 Henrici
802 1443 894 1469 forma

56 1491 173 1518 nonnihil
189 1499 207 1518 a
232 1490 324 1527 priori
351 1490 472 1521 diversa.
503 1490 532 1516 in
547 1490 623 1516 hunc
641 1488 758 1516 modum
784 1488 898 1523 efﬁgia—

57 1538 110 1562 tum
126 1544 132 1562 Ζ

331 1712 475 1755 κβ

165 1712 780 2045 β

172 1776 778 2313 \‘Q

85 2475 108 2500 5.
124 2475 161 2501 De
174 2472 354 2501 alterutrius
372 2469 474 2505 majori
498 2471 548 2496 ant
564 2468 668 2495 minori
684 2468 846 2495 sinceritate
877 2475 908 2494 ex

56 2517 93 2544 his
107 2518 219 2546 duobus
236 2517 383 2545 duntaxat
398 2513 612 2549 exemplaribus
627 2512 700 2540 nihil
717 2514 780 2539 tuto
794 2511 909 2539 decerni

57 2569 129 2594 posse
139 2563 222 2589 video
238 2571 246 2595 ;
265 2559 397 2588 sufﬁciat
412 2558 482 2585 mihi
500 2561 666 2592 utrumque,
683 2565 718 2583 ne
730 2556 777 2583 hic
789 2555 910 2583 subinde

55 2610 151 2639 pereat,
169 2605 356 2636 exhibuisse,
375 2605 406 2630 ut
421 2602 527 2638 quibus
542 2602 625 2637 plura
641 2600 676 2627 ad
692 2608 810 2627 manum
833 2600 910 2632 sunt,

55 2651 255 2677 accuratiorem
283 2646 524 2683 disquisitionem
541 2645 703 2672 instituant.
732 2644 808 2671 Habe
826 2643 910 2670 modo

57 2694 185 2728 promissa
209 2693 391 2729 diplomata,
408 2698 440 2717 ex
452 2689 590 2725 anonymi
607 2697 695 2724 opere
711 2688 767 2715 huc
782 2687 910 2719 remissa,

57 2746 114 2772 qua:
140 2740 208 2766 satis
233 2738 294 2766 erit
320 2736 436 2770 integre
463 2733 622 2761 reddidisse
643 2736 676 2760 ut
703 2732 739 2759 ab
760 2733 911 2766 Anonymo

59 2783 125 2810 edita
140 2787 221 2816 sunt;
239 2789 312 2810 cum
332 2779 394 2807 sola
409 2779 466 2805 duo
479 2778 571 2813 prima
586 2778 621 2804 ad
649 2777 677 2803 S.
699 2775 812 2803 llenrici
835 2778 912 2802 tem-

61 2834 121 2861 Pora
137 2829 278 2863 spectent,
299 2823 420 2852 abunde
429 2823 490 2858 jam
506 2822 657 2857 explicata,
678 2823 783 2856 praeter
798 2819 912 2855 pensio-

62 2879 118 2900 nem
139 2880 266 2901 annuam
296 2870 434 2898 Romano
451 2866 582 2894 Pontitici
611 2865 696 2901 pendi
726 2864 852 2897 solitam,
878 2863 913 2890 de

949 343 983 370 de
996 343 1121 370 Annales
1138 343 1251 370 Baronii
1267 343 1302 370 ad
1318 348 1427 369 annum
1455 343 1534 375 t053,
1561 350 1684 369 numero
1717 344 1741 376 t,
1767 344 1801 369 ut.

947 388 1007 414 haec
1022 388 1105 415 facile
1122 387 1267 423 praeteriri
1282 387 1329 414 hic
1339 387 1461 423 possint.

949 441 1129 473 Can/irmatio
1158 441 1369 476 privilegiorum
1402 440 1516 467 ecclesiae
1541 439 1746 473 Bambergensis
1782 448 1799 466 a

986 477 1132 538 Bepe2d4icto
1174 478 1236 504 νιιι
1271 484 1373 503 summo
1401 477 1541 510 Pontiﬁce.
1581 476 1719 510 Legenda“.
1752 483 1798 502 ca-

986 520 1021 538 nu
1087 533 1092 538 .

983 515 1036 547 put
1050 515 1092 538 24.

984 566 1041 591 6-9.
1058 564 1227 592 Benedictus
1241 572 1339 591 servus
1354 572 1504 591 servorum
1527 563 1588 597 Dei,
1614 563 1799 591 dilectissimo

948 608 1001 635 sibi
1012 609 1042 635 in
1054 609 1168 636 Christo
1183 617 1297 644 semper
1311 608 1444 641 Domino,
1463 611 1491 635 et
1516 607 1700 635 serenissimo
1729 608 1800 643 Regi

948 652 1081 680 Heinrico
1112 661 1130 679 a.
1161 653 1218 679 Deo
1248 654 1397 684 coronato,
1438 660 1549 687 suoque
1576 652 1698 687 spiritali
1727 652 1798 685 tilio,

947 697 1112 724 Eberhardo
1126 705 1243 732 quoque
1258 697 1433 724 confratriet
1441 697 1576 732 episcopo
1605 704 1669 729 suo,
1693 698 1798 723 sancta:

947 741 1079 768 videlicet
1090 741 1335 777 Babenbergensis
1356 741 1482 768 ecclesiae
1501 740 1659 767 venerabili
1688 740 1799 776 episco-

947 793 984 821 po
999 788 1135 813 zeternam
1152 785 1182 812 in
1199 785 1320 812 Domino
1336 786 1469 818 salutem,
1487 787 1515 812 et
1526 784 1720 820 Apostolicam
1749 785 1799 812 be-

947 830 1153 857 nedictionem.
1178 830 1255 857 Inter
1270 829 1414 856 omnia....
1443 830 1561 863 Reliqua
1583 828 1646 856 vide
1661 828 1737 863 apud
1751 836 1799 856 nos

947 874 976 900 in
986 873 1128 900 Benedicto
1145 873 1219 900 VIII.
1237 873 1310 899 Emr.
1323 873 1440 900 PATROL.

949 926 1057 953 Littera
1090 925 1228 952 Benedicti
1257 925 1344 960 Papae
1381 925 1418 951 ad
1457 925 1652 952 Eberhardum
1678 926 1800 960 primum

985 962 1100 1023 ecclegiae
1138 961 1343 994 Bambergensis
1378 961 1540 995 episcopum.
1574 961 1713 995 Legenda:
1751 969 1799 987 ca-

985 1004 1023 1023 nu
1072 1007 1096 1022 ε).

983 1004 1038 1031 put
1052 1004 1096 1023 2o.

986 1050 1080 1076 t0-t2.
1109 1048 1272 1076 Eberhardo
1299 1048 1395 1084 primo
1411 1057 1528 1084 quoque
1556 1048 1800 1084 Bahenbergensis

948 1094 1074 1120 ecclesia:
1093 1093 1228 1129 episcopo
1243 1093 1322 1120 idem
1338 1094 1414 1128 Papa
1426 1093 1595 1120 Benedictus
1613 1093 1727 1128 scripsit
1742 1093 1800 1128 epi-

949 1138 1053 1164 stolam
1069 1137 1104 1164 de
1119 1137 1338 1164 conﬁrmatione
1354 1137 1483 1172 ejusdem
1498 1137 1635 1172 episcopi,
1666 1137 1696 1164 in
1725 1136 1802 1164 hunc

949 1181 1078 1208 modum.
1111 1192 1122 1205 α
1141 1181 1311 1208 Benedictus
1336 1181 1493 1216 Episcopus
1523 1189 1623 1208 servus
1652 1189 1801 1208 servorum

950 1226 1011 1257 Dei,
1028 1225 1213 1253 dilectissimo
1229 1226 1258 1252 in
1276 1226 1385 1253 Domno
1400 1226 1464 1253 Jesu
1482 1226 1593 1253 Christo
1627 1226 1686 1253 filio
1716 1226 1801 1253 Eber-

950 1270 1051 1303 hardo,
1081 1273 1186 1297 sancta:
1210 1270 1456 1305 Babenbergensis
1486 1270 1613 1297 ecclesiae
1646 1269 1802 1297 venerabili

950 1314 1085 1350 episcopo
1098 1317 1268 1350 perpetuam
1280 1314 1413 1341 salutem.
1432 1314 1685 1349 Quandocumque
1697 1316 1802 1340 nostra!

951 1358 1116 1393 apostolica:
1145 1358 1389 1385 corroborationis
1423 1358 1469 1393 pie
1512 1358 1675 1393 exposcitur
1700 1357 1802 1384 suil'ra-

953 1403 1045 1438 gium,
1062 1412 1076 1428 ιο
1094 1405 1148 1429 etc.
1167 1402 1236 1430 Vide
1250 1402 1299 1429 ubi
1312 1409 1407 1436 supra.

952 1457 1062 1484 Litterae
1104 1456 1202 1490 quibus
1234 1456 1357 1482 Clemens
1399 1455 1430 1482 II
1464 1456 1542 1488 Papa
1572 1455 1688 1481 ecclesia:
1715 1454 1801 1490 Bam-

989 1489 1125 1524 bergensis
1135 1491 1282 1525 priuilegia
1296 1494 1321 1517 et
1336 1491 1525 1517 immunitates
1540 1490 1722 1524 conﬁrmavit.
1751 1489 1805 1516 Le—

989 1527 1092 1562 genda:
1109 1534 1160 1561 cap
1168 1546 1175 1553 .
1195 1527 1239 1553 16.

992 1581 1081 1607 t3-t7.
1099 1579 1230 1606 Clemens
1259 1578 1410 1613 episcopus
1436 1586 1536 1605 servus
1563 1585 1712 1605 servorum
1743 1577 1804 1610 Dei,

956 1624 1155 1651 sacratissime
1171 1626 1275 1650 nostra;
1294 1622 1525 1657 Babenbergensi
1541 1622 1668 1650 ecclesim
1695 1622 1725 1648 in
1738 1621 1806 1648 ﬁliis

957 1671 985 1696 et
998 1668 1113 1695 ﬁliabus
1128 1669 1199 1703 ejus,
1215 1667 1292 1694 clero
1308 1667 1440 1694 videlicet
1455 1675 1487 1694 ac
1499 1666 1617 1702 populo,
1634 1668 1803 1701 perpetuam

958 1714 987 1740 in
1001 1712 1123 1740 Domino
1139 1712 1272 1739 salutem.
1291 1711 1471 1747 Dispensatio
1502 1711 1710 1738 sxeculorum...
1741 1709 1808 1738 Vide

959 1758 1142 1791 Patrologiam
1158 1758 1187 1784 in
1198 1757 1337 1783 Clemente
1352 1757 1387 1783 II.

958 1812 1053 1839 Leonis
1069 1811 1106 1838 IX
1120 1810 1272 1844 diplomata
1296 1810 1328 1836 de
1356 1810 1511 1844 privilegiis
1539 1809 1654 1836 ecclesiae
1681 1807 1808 1835 Bamber-

993 1848 1093 1879 gensis,
1109 1847 1260 1880 przsertim
1272 1844 1305 1871 de
1321 1845 1415 1875 Pallio,
1432 1847 1457 1871 et
1484 1846 1588 1878 quotus
1602 1852 1631 1871 eo
1655 1844 1697 1870 uti
1720 1844 1809 1878 possit

993 1883 1154 1916 Episcopus.
1170 1880 1308 1915 Legenda;
1320 1888 1381 1915 cap.
1401 1881 1442 1906 l7.

997 1935 1090 1962 l8-20.
1104 1935 1169 1961 Post
1177 1933 1274 1968 hujus,
1286 1932 1340 1968 piae
1350 1932 1508 1965 memoriis,
1520 1930 1676 1959 Clementis
1696 1930 1807 1958 felicem

959 1987 1117 2011 excessum,
1133 1986 1198 2005 cum
1215 1978 1352 2005 Damasus
1363 1978 1448 2012 Papa.
1464 1976 1514 2012 qui
1530 1979 1559 2003 et
1569 1976 1665 2011 Poppo
1682 1975 1809 2003 Brixien-

959 2024 997 2051 sis
1012 2023 1093 2058 prius
1110 2022 1276 2058 Episcopus,
1300 2021 1419 2049 sedisset
1447 2020 1567 2055 triginta
1597 2022 1710 2047 tantum
1738 2019 1809 2052 dies,

963 2068 1018 2095 Leo
1033 2067 1076 2100 IX,
1094 2066 1144 2102 qui
1160 2069 1188 2093 et
1200 2067 1303 2099 Bruno,
1322 2074 1339 2093 a
1351 2073 1438 2101 supra
1467 2064 1543 2091 dicto
1572 2064 1694 2091 Henrico
1723 2064 1809 2091 tertio

962 2113 1136 2147 lmperalorc
1152 2111 1268 2143 electus,
1298 2112 1327 2137 et
1355 2109 1526 2137 centesimus
1552 2108 1811 2144 quinquagesimus

962 2156 1105 2183 secundus
1120 2156 1197 2191 Papa
1211 2154 1392 2186 constitutus,
1421 2154 1451 2180 in
1479 2154 1594 2189 signum
1622 2152 1810 2187 benignitatis

962 2208 1048 2236 quam
1063 2207 1129 2234 erga
1148 2199 1416 2234 Babenbergensem
1430 2198 1525 2225 locum
1542 2196 1652 2228 habuit,
1672 2196 1811 2223 Hartwico

963 2245 999 2272 lll
1018 2244 1155 2279 Episcopo
1185 2243 1307 2270 Pallium
1334 2241 1438 2269 direxit
1470 2241 1505 2268 ab
1533 2240 1698 2276 Apostolica
1726 2240 1808 2272 Sede,

962 2289 1088 2317 scribens
1104 2288 1130 2316 ei
1145 2287 1296 2323 epistolam
1314 2286 1344 2313 in
1359 2286 1420 2313 haec
1434 2285 1520 2312 verba
1533 2293 1539 2312 :
1554 2296 1564 2308 ιι
1583 2285 1638 2312 Leo
1656 2284 1812 2320 Episcopus

963 2341 1060 2361 servus
1073 2339 1220 2360 servorum
1241 2331 1291 2358 Dei
1308 2330 1447 2357 Hartwico
1459 2328 1705 2363 Babenbergensis
1720 2329 1813 2356 eccle-

964 2377 1012 2404 sim
1040 2375 1197 2403 venerabili
1244 2374 1388 2410 episcopo,
1418 2376 1587 2408 perpetuam
1625 2373 1654 2400 in
1692 2373 1813 2400 Domino

963 2422 1029 2448 Jesu
1046 2419 1158 2447 Christo
1174 2419 1309 2446 salutem.
1327 2417 1357 2445 Si
1371 2420 1501 2453 pastores
1515 2417 1623 2444 ovium.
1642 2426 1656 2442 ν)
1672 2420 1725 2445 etc.
1746 2418 1814 2445 Viulc

965 2464 1041 2500 apud
1053 2471 1100 2491 nos
1111 2464 1196 2491 Leone
1210 2463 1260 2490 IX.

965 2518 1120 2545 Adventum
1147 2517 1242 2544 Leonis
1263 2516 1305 2543 IX
1333 2517 1362 2542 in
1394 2516 1582 2542 Germaniam.
1615 2515 1815 2550 Conﬁrmantur

1000 2553 1034 2580 ab
1047 2552 1138 2579 codem
1150 2552 1265 2579 ecclesia
1294 2551 1502 2584 Bambergensis
1524 2551 1679 2586 privilegia.
1706 2550 1814 2585 Legen-

1000 2589 1044 2616 dze
1059 2596 1121 2623 cap.
1140 2589 1182 2614 t8.

1001 2642 1092 2669 2t-26.
1107 2640 1187 2668 Idem
1202 2647 1318 2676 quoque
1336 2638 1442 2666 Praesul
1457 2638 1648 2673 Apostolicus,
1679 2637 1815 2665 invitante

967 2685 1100 2713 Heinrico
1115 2685 1303 2719 Imperatore,
1314 2682 1485 2710 Teutonicas
1511 2684 1605 2717 partes
1620 2680 1719 2708 adiens
1741 2680 1816 2708 Rati-

967 2737 1087 2766 sponam
1098 2729 1185 2760 venit.
1197 2731 1385 2763 sanctumque
1393 2727 1593 2761 Woll'gangum
1602 2725 1729 2760 ejusdem
1737 2725 1817 2754 urbis

968 2774 1139 2809 Episcopum
1155 2772 1189 2800 de
1206 2771 1318 2799 tumulo
1340 2770 1455 2803 levavit,
1477 2770 1544 2797 inde
1575 2769 1737 2796 Babenberc
1751 2776 1816 2796 cum

967 2818 1031 2853 ipso
1051 2818 1227 2853 lmperatore
1246 2815 1414 2852 populoque
1430 2813 1612 2850 pronuntiari
1628 2812 1774 2840 mandavit
1789 2815 1818 2840 et

968 2869 1019 2889 sua
1036 2861 1205 2888 auctoritate
1221 2860 1269 2887 illa
1285 2858 1478 2886 conﬁrmavit.
1498 2858 1583 2892 Cujus
1598 2857 1736 2885 nimirum
1749 2865 1818 2884 con-
