  <div class='ocr_page' id='page_1' title='image "/cluster/home/n/w/nwhite01/storage/ocr_20150623/140-141/uc1.31175018559917/079.png"; bbox 0 0 3976 6418; ppageno 0'>
   <div class='ocr_carea' id='block_1_1' title="bbox 403 415 500 470">
    <p class='ocr_par' dir='ltr' id='par_1_1' title="bbox 403 415 500 470">
     <span class='ocr_line' id='line_1_1' title="bbox 403 415 500 470; baseline 0.01 -1"><span class='ocrx_word' id='word_1_1' title='bbox 403 415 500 470; x_wconf 73' lang='grc'><strong>143</strong></span> 
     </span>
    </p>
   </div>
   <div class='ocr_carea' id='block_1_2' title="bbox 1701 423 2601 482">
    <p class='ocr_par' dir='ltr' id='par_1_2' title="bbox 1701 423 2601 482">
     <span class='ocr_line' id='line_1_2' title="bbox 1701 423 2601 482; baseline 0.008 -7"><span class='ocrx_word' id='word_1_2' title='bbox 1701 424 1756 476; x_wconf 94' lang='grc'><strong>8.</strong></span> <span class='ocrx_word' id='word_1_3' title='bbox 1800 423 2082 479; x_wconf 72' lang='lat' dir='ltr'><strong>IIENIIICI</strong></span> <span class='ocrx_word' id='word_1_4' title='bbox 2129 424 2601 482; x_wconf 80' lang='lat' dir='ltr'><strong>IMPERATORIS</strong></span> 
     </span>
    </p>
   </div>
   <div class='ocr_carea' id='block_1_3' title="bbox 3814 433 3920 485">
    <p class='ocr_par' dir='ltr' id='par_1_3' title="bbox 3814 433 3920 485">
     <span class='ocr_line' id='line_1_3' title="bbox 3814 433 3920 485; baseline 0 0"><span class='ocrx_word' id='word_1_5' title='bbox 3814 433 3920 485; x_wconf 69' lang='grc'><strong>144</strong></span> 
     </span>
    </p>
   </div>
   <div class='ocr_carea' id='block_1_4' title="bbox 397 548 3915 623">
    <p class='ocr_par' dir='ltr' id='par_1_4' title="bbox 397 548 3915 623">
     <span class='ocr_line' id='line_1_4' title="bbox 397 548 3915 623; baseline 0.002 -19"><span class='ocrx_word' id='word_1_6' title='bbox 397 549 742 604; x_wconf 87' lang='lat' dir='ltr'><strong>ﬁrmationis</strong></span> <span class='ocrx_word' id='word_1_7' title='bbox 801 550 1106 622; x_wconf 82' lang='lat' dir='ltr'><strong>descriptio</strong></span> <span class='ocrx_word' id='word_1_8' title='bbox 1171 551 1232 604; x_wconf 93' lang='lat' dir='ltr'><strong>in</strong></span> <span class='ocrx_word' id='word_1_9' title='bbox 1284 551 1438 606; x_wconf 88' lang='lat' dir='ltr'><strong>hunc</strong></span> <span class='ocrx_word' id='word_1_10' title='bbox 1485 554 1718 608; x_wconf 92' lang='lat' dir='ltr'><strong>modum</strong></span> <span class='ocrx_word' id='word_1_11' title='bbox 1785 571 1843 608; x_wconf 89' lang='lat' dir='ltr'><strong>se</strong></span> <span class='ocrx_word' id='word_1_12' title='bbox 1893 555 2086 611; x_wconf 80' lang='lat' dir='ltr'><strong>habet.</strong></span> <span class='ocrx_word' id='word_1_13' title='bbox 2133 551 2172 602; x_wconf 86' lang='grc' dir='ltr'><strong>Α</strong></span> <span class='ocrx_word' id='word_1_14' title='bbox 2207 548 2490 619; x_wconf 81' lang='lat' dir='ltr'><strong>quidquid</strong></span> <span class='ocrx_word' id='word_1_15' title='bbox 2531 550 2602 604; x_wconf 84' lang='lat' dir='ltr'><strong>ad</strong></span> <span class='ocrx_word' id='word_1_16' title='bbox 2643 565 2894 621; x_wconf 68' lang='lat' dir='ltr'><strong>pmsens</strong></span> <span class='ocrx_word' id='word_1_17' title='bbox 2950 551 3092 606; x_wconf 85' lang='lat' dir='ltr'><strong>illud</strong></span> <span class='ocrx_word' id='word_1_18' title='bbox 3140 552 3391 623; x_wconf 78' lang='lat' dir='ltr'><strong>pertinet</strong></span> <span class='ocrx_word' id='word_1_19' title='bbox 3419 555 3596 609; x_wconf 80' lang='lat' dir='ltr'><strong>velex</strong></span> <span class='ocrx_word' id='word_1_20' title='bbox 3659 555 3750 609; x_wconf 86' lang='lat' dir='ltr'><strong>his</strong></span> <span class='ocrx_word' id='word_1_21' title='bbox 3786 573 3915 610; x_wconf 83' lang='lat' dir='ltr'><strong>am-</strong></span> 
     </span>
    </p>
   </div>
   <div class='ocr_carea' id='block_1_5' title="bbox 402 639 2088 710">
    <p class='ocr_par' dir='ltr' id='par_1_5' title="bbox 402 639 2088 710">
     <span class='ocr_line' id='line_1_5' title="bbox 402 639 2088 710; baseline 0.005 -22"><span class='ocrx_word' id='word_1_22' title='bbox 402 661 425 688; x_wconf 81' lang='grc' dir='ltr'>ι</span> <span class='ocrx_word' id='word_1_23' title='bbox 467 641 576 693; x_wconf 87' lang='lat' dir='ltr'><strong>Leo</strong></span> <span class='ocrx_word' id='word_1_24' title='bbox 606 639 914 710; x_wconf 85' lang='lat' dir='ltr'><strong>Episcopus</strong></span> <span class='ocrx_word' id='word_1_25' title='bbox 941 655 1134 694; x_wconf 88' lang='lat' dir='ltr'><strong>servus</strong></span> <span class='ocrx_word' id='word_1_26' title='bbox 1164 656 1456 694; x_wconf 91' lang='lat' dir='ltr'><strong>servorum</strong></span> <span class='ocrx_word' id='word_1_27' title='bbox 1498 641 1598 695; x_wconf 88' lang='lat' dir='ltr'><strong>Dei</strong></span> <span class='ocrx_word' id='word_1_28' title='bbox 1651 643 1923 698; x_wconf 81' lang='lat' dir='ltr'><strong>Hartwico</strong></span> <span class='ocrx_word' id='word_1_29' title='bbox 1983 645 2088 698; x_wconf 69' lang='lat' dir='ltr'><strong>Ba-</strong></span> 
     </span>
    </p>
   </div>
   <div class='ocr_carea' id='block_1_6' title="bbox 397 727 2090 800">
    <p class='ocr_par' dir='ltr' id='par_1_6' title="bbox 397 727 2090 800">
     <span class='ocr_line' id='line_1_6' title="bbox 397 727 2090 800; baseline 0.003 -19"><span class='ocrx_word' id='word_1_30' title='bbox 397 727 778 797; x_wconf 88' lang='lat' dir='ltr'><strong>benbergensi</strong></span> <span class='ocrx_word' id='word_1_31' title='bbox 830 729 1121 799; x_wconf 83' lang='lat' dir='ltr'><strong>Episcopo,</strong></span> <span class='ocrx_word' id='word_1_32' title='bbox 1193 728 1421 800; x_wconf 84' lang='lat' dir='ltr'><strong>sibique</strong></span> <span class='ocrx_word' id='word_1_33' title='bbox 1475 731 1743 784; x_wconf 84' lang='lat' dir='ltr'><strong>canonice</strong></span> <span class='ocrx_word' id='word_1_34' title='bbox 1809 731 1869 785; x_wconf 89' lang='lat' dir='ltr'><strong>in</strong></span> <span class='ocrx_word' id='word_1_35' title='bbox 1957 733 2090 786; x_wconf 90' lang='lat' dir='ltr'><strong>sede</strong></span> 
     </span>
    </p>
   </div>
   <div class='ocr_carea' id='block_1_7' title="bbox 398 816 2088 887">
    <p class='ocr_par' dir='ltr' id='par_1_7' title="bbox 398 816 2088 887">
     <span class='ocr_line' id='line_1_7' title="bbox 398 816 2088 887; baseline 0.005 -21"><span class='ocrx_word' id='word_1_36' title='bbox 398 817 758 887; x_wconf 80' lang='lat' dir='ltr'><strong>episcopatus</strong></span> <span class='ocrx_word' id='word_1_37' title='bbox 791 816 1101 870; x_wconf 78' lang='lat' dir='ltr'><strong>successori</strong></span> <span class='ocrx_word' id='word_1_38' title='bbox 1170 816 1230 870; x_wconf 93' lang='lat' dir='ltr'><strong>in</strong></span> <span class='ocrx_word' id='word_1_39' title='bbox 1289 821 1652 887; x_wconf 89' lang='lat' dir='ltr'><strong>perpetuum,</strong></span> <span class='ocrx_word' id='word_1_40' title='bbox 1717 824 1989 874; x_wconf 75' lang='lat' dir='ltr'><strong>aeternam</strong></span> <span class='ocrx_word' id='word_1_41' title='bbox 2030 821 2088 875; x_wconf 91' lang='lat' dir='ltr'><strong>iu</strong></span> 
     </span>
    </p>
   </div>
   <div class='ocr_carea' id='block_1_8' title="bbox 398 903 2087 976">
    <p class='ocr_par' dir='ltr' id='par_1_8' title="bbox 398 903 2087 976">
     <span class='ocr_line' id='line_1_8' title="bbox 398 903 2087 976; baseline 0.004 -20"><span class='ocrx_word' id='word_1_42' title='bbox 398 903 643 956; x_wconf 92' lang='lat' dir='ltr'><strong>Domino</strong></span> <span class='ocrx_word' id='word_1_43' title='bbox 664 905 929 958; x_wconf 80' lang='lat' dir='ltr'><strong>salutem.</strong></span> <span class='ocrx_word' id='word_1_44' title='bbox 963 905 1102 958; x_wconf 90' lang='lat' dir='ltr'><strong>Cum</strong></span> <span class='ocrx_word' id='word_1_45' title='bbox 1133 905 1396 972; x_wconf 78' lang='lat' dir='ltr'><strong>exigente</strong></span> <span class='ocrx_word' id='word_1_46' title='bbox 1426 920 1561 959; x_wconf 91' lang='lat' dir='ltr'><strong>cura</strong></span> <span class='ocrx_word' id='word_1_47' title='bbox 1591 908 1886 976; x_wconf 79' lang='lat' dir='ltr'><strong>pastorali,</strong></span> <span class='ocrx_word' id='word_1_48' title='bbox 1923 929 1949 956; x_wconf 60' lang='grc' dir='ltr'><strong>γρ</strong></span> <span class='ocrx_word' id='word_1_49' title='bbox 1979 913 2087 962; x_wconf 88' lang='lat' dir='ltr'><strong>etc.</strong></span> 
     </span>
    </p>
   </div>
   <div class='ocr_carea' id='block_1_9' title="bbox 405 991 876 1060">
    <p class='ocr_par' dir='ltr' id='par_1_9' title="bbox 405 991 876 1060">
     <span class='ocr_line' id='line_1_9' title="bbox 405 991 876 1060; baseline 0.006 -18"><span class='ocrx_word' id='word_1_50' title='bbox 405 991 540 1044; x_wconf 78' lang='lat' dir='ltr'><strong>Vide</strong></span> <span class='ocrx_word' id='word_1_51' title='bbox 564 992 659 1044; x_wconf 81' lang='lat' dir='ltr'><strong>ubi</strong></span> <span class='ocrx_word' id='word_1_52' title='bbox 687 1007 876 1060; x_wconf 82' lang='lat' dir='ltr'><strong>supra.</strong></span> 
     </span>
    </p>
   </div>
   <div class='ocr_carea' id='block_1_10' title="bbox 398 1097 2088 1170">
    <p class='ocr_par' dir='ltr' id='par_1_10' title="bbox 398 1097 2088 1170">
     <span class='ocr_line' id='line_1_10' title="bbox 398 1097 2088 1170; baseline 0.002 -20"><span class='ocrx_word' id='word_1_53' title='bbox 398 1097 1029 1170; x_wconf 9' lang='lat' dir='ltr'><strong>Henricirlmperotoris</strong></span> <span class='ocrx_word' id='word_1_54' title='bbox 1077 1099 1149 1160; x_wconf 87' lang='lat' dir='ltr'><strong>II,</strong></span> <span class='ocrx_word' id='word_1_55' title='bbox 1214 1099 1374 1161; x_wconf 71' lang='lat' dir='ltr'><strong>Regis</strong></span> <span class='ocrx_word' id='word_1_56' title='bbox 1441 1099 1522 1152; x_wconf 87' lang='lat' dir='ltr'><strong>III</strong></span> <span class='ocrx_word' id='word_1_57' title='bbox 1591 1101 1926 1163; x_wconf 79' lang='lat' dir='ltr'><strong>constitutio,</strong></span> <span class='ocrx_word' id='word_1_58' title='bbox 1981 1119 2088 1170; x_wconf 76' lang='lat' dir='ltr'><strong>qua</strong></span> 
     </span>
    </p>
   </div>
   <div class='ocr_carea' id='block_1_11' title="bbox 465 1169 2084 1236">
    <p class='ocr_par' dir='ltr' id='par_1_11' title="bbox 465 1169 2084 1236">
     <span class='ocr_line' id='line_1_11' title="bbox 465 1169 2084 1236; baseline 0.006 -20"><span class='ocrx_word' id='word_1_59' title='bbox 465 1169 693 1221; x_wconf 66' lang='lat' dir='ltr'><strong>ecclesiae</strong></span> <span class='ocrx_word' id='word_1_60' title='bbox 722 1169 1126 1234; x_wconf 77' lang='lat' dir='ltr'><strong>Bambergensis</strong></span> <span class='ocrx_word' id='word_1_61' title='bbox 1160 1170 1452 1235; x_wconf 70' lang='lat' dir='ltr'><strong>privilegia</strong></span> <span class='ocrx_word' id='word_1_62' title='bbox 1503 1171 1914 1236; x_wconf 81' lang='lat' dir='ltr'><strong>confirmantur.</strong></span> <span class='ocrx_word' id='word_1_63' title='bbox 1981 1169 2084 1226; x_wconf 80' lang='lat' dir='ltr'><strong>Le-</strong></span> 
     </span>
    </p>
   </div>
   <div class='ocr_carea' id='block_1_12' title="bbox 468 1240 946 1306">
    <p class='ocr_par' dir='ltr' id='par_1_12' title="bbox 468 1240 946 1306">
     <span class='ocr_line' id='line_1_12' title="bbox 468 1240 946 1306; baseline 0 -16"><span class='ocrx_word' id='word_1_64' title='bbox 468 1241 670 1305; x_wconf 72' lang='lat' dir='ltr'><strong>genda:</strong></span> <span class='ocrx_word' id='word_1_65' title='bbox 699 1253 824 1306; x_wconf 91' lang='lat' dir='ltr'><strong>cap.</strong></span> <span class='ocrx_word' id='word_1_66' title='bbox 863 1240 946 1290; x_wconf 79' lang='grc'><strong>19.</strong></span> 
     </span>
    </p>
   </div>
   <div class='ocr_carea' id='block_1_13' title="bbox 462 1341 2086 1412">
    <p class='ocr_par' dir='ltr' id='par_1_13' title="bbox 462 1341 2086 1412">
     <span class='ocr_line' id='line_1_13' title="bbox 462 1341 2086 1412; baseline 0.002 -15"><span class='ocrx_word' id='word_1_67' title='bbox 462 1346 552 1397; x_wconf 85' lang='lat'><strong>27.</strong></span> <span class='ocrx_word' id='word_1_68' title='bbox 573 1341 683 1396; x_wconf 84' lang='lat' dir='ltr'><strong>Nec</strong></span> <span class='ocrx_word' id='word_1_69' title='bbox 697 1342 1016 1412; x_wconf 87' lang='lat' dir='ltr'><strong>minusipse</strong></span> <span class='ocrx_word' id='word_1_70' title='bbox 1032 1341 1147 1395; x_wconf 77' lang='lat' dir='ltr'><strong>Rex</strong></span> <span class='ocrx_word' id='word_1_71' title='bbox 1171 1343 1443 1412; x_wconf 73' lang='lat' dir='ltr'><strong>prmfatus</strong></span> <span class='ocrx_word' id='word_1_72' title='bbox 1468 1343 1764 1397; x_wconf 88' lang='lat' dir='ltr'><strong>Ileinricus</strong></span> <span class='ocrx_word' id='word_1_73' title='bbox 1782 1346 1875 1411; x_wconf 91' lang='lat' dir='ltr'><strong>III,</strong></span> <span class='ocrx_word' id='word_1_74' title='bbox 1901 1346 2086 1400; x_wconf 87' lang='lat' dir='ltr'><strong>Chun-</strong></span> 
     </span>
    </p>
   </div>
   <div class='ocr_carea' id='block_1_14' title="bbox 395 1428 2086 1500">
    <p class='ocr_par' dir='ltr' id='par_1_14' title="bbox 395 1428 2086 1500">
     <span class='ocr_line' id='line_1_14' title="bbox 395 1428 2086 1500; baseline 0.005 -19"><span class='ocrx_word' id='word_1_75' title='bbox 395 1428 515 1482; x_wconf 87' lang='lat' dir='ltr'><strong>radi</strong></span> <span class='ocrx_word' id='word_1_76' title='bbox 559 1429 924 1498; x_wconf 89' lang='lat' dir='ltr'><strong>Imperatoris</strong></span> <span class='ocrx_word' id='word_1_77' title='bbox 975 1429 1146 1493; x_wconf 88' lang='lat' dir='ltr'><strong>ﬁlius,</strong></span> <span class='ocrx_word' id='word_1_78' title='bbox 1181 1431 1422 1500; x_wconf 90' lang='lat' dir='ltr'><strong>dudum,</strong></span> <span class='ocrx_word' id='word_1_79' title='bbox 1456 1433 1618 1486; x_wconf 77' lang='lat' dir='ltr'><strong>Patre</strong></span> <span class='ocrx_word' id='word_1_80' title='bbox 1675 1433 1918 1498; x_wconf 81' lang='lat' dir='ltr'><strong>vivente,</strong></span> <span class='ocrx_word' id='word_1_81' title='bbox 1973 1435 2086 1489; x_wconf 81' lang='lat' dir='ltr'><strong>Itex</strong></span> 
     </span>
    </p>
   </div>
   <div class='ocr_carea' id='block_1_15' title="bbox 391 1517 2084 1588">
    <p class='ocr_par' dir='ltr' id='par_1_15' title="bbox 391 1517 2084 1588">
     <span class='ocr_line' id='line_1_15' title="bbox 391 1517 2084 1588; baseline 0.004 -19"><span class='ocrx_word' id='word_1_82' title='bbox 391 1517 737 1571; x_wconf 86' lang='lat' dir='ltr'><strong>constitutus</strong></span> <span class='ocrx_word' id='word_1_83' title='bbox 762 1517 1141 1570; x_wconf 86' lang='lat' dir='ltr'><strong>ordinationis</strong></span> <span class='ocrx_word' id='word_1_84' title='bbox 1170 1535 1286 1571; x_wconf 69' lang='lat' dir='ltr'><strong>sum</strong></span> <span class='ocrx_word' id='word_1_85' title='bbox 1329 1535 1482 1572; x_wconf 90' lang='lat' dir='ltr'><strong>anno</strong></span> <span class='ocrx_word' id='word_1_86' title='bbox 1525 1536 1622 1578; x_wconf 83' lang='lat' dir='ltr'><strong>xu.</strong></span> <span class='ocrx_word' id='word_1_87' title='bbox 1678 1521 1842 1588; x_wconf 91' lang='lat' dir='ltr'><strong>regni</strong></span> <span class='ocrx_word' id='word_1_88' title='bbox 1894 1528 2084 1576; x_wconf 90' lang='lat' dir='ltr'><strong>autem</strong></span> 
     </span>
    </p>
   </div>
   <div class='ocr_carea' id='block_1_16' title="bbox 389 1605 2082 1680">
    <p class='ocr_par' dir='ltr' id='par_1_16' title="bbox 389 1605 2082 1680">
     <span class='ocr_line' id='line_1_16' title="bbox 389 1605 2082 1680; baseline 0.004 -23"><span class='ocrx_word' id='word_1_89' title='bbox 389 1606 602 1674; x_wconf 91' lang='lat' dir='ltr'><strong>primo,</strong></span> <span class='ocrx_word' id='word_1_90' title='bbox 634 1605 703 1658; x_wconf 89' lang='lat' dir='ltr'><strong>ad</strong></span> <span class='ocrx_word' id='word_1_91' title='bbox 725 1605 1184 1660; x_wconf 84' lang='lat' dir='ltr'><strong>conﬁrmandum</strong></span> <span class='ocrx_word' id='word_1_92' title='bbox 1230 1607 1650 1677; x_wconf 73' lang='lat' dir='ltr'><strong>Bambergense</strong></span> <span class='ocrx_word' id='word_1_93' title='bbox 1704 1609 2082 1680; x_wconf 88' lang='lat' dir='ltr'><strong>episcopium,</strong></span> 
     </span>
    </p>
   </div>
   <div class='ocr_carea' id='block_1_17' title="bbox 389 1693 2083 1767">
    <p class='ocr_par' dir='ltr' id='par_1_17' title="bbox 389 1693 2083 1767">
     <span class='ocr_line' id='line_1_17' title="bbox 389 1693 2083 1767; baseline 0.004 -21"><span class='ocrx_word' id='word_1_94' title='bbox 389 1693 756 1764; x_wconf 84' lang='lat' dir='ltr'><strong>privilegium</strong></span> <span class='ocrx_word' id='word_1_95' title='bbox 814 1695 963 1764; x_wconf 92' lang='lat' dir='ltr'><strong>quod</strong></span> <span class='ocrx_word' id='word_1_96' title='bbox 1021 1696 1388 1765; x_wconf 88' lang='lat' dir='ltr'><strong>subjunctnm</strong></span> <span class='ocrx_word' id='word_1_97' title='bbox 1418 1703 1502 1750; x_wconf 89' lang='lat' dir='ltr'><strong>est</strong></span> <span class='ocrx_word' id='word_1_98' title='bbox 1533 1697 1698 1751; x_wconf 84' lang='lat' dir='ltr'><strong>scribi</strong></span> <span class='ocrx_word' id='word_1_99' title='bbox 1742 1698 1935 1767; x_wconf 83' lang='lat' dir='ltr'><strong>jussit,</strong></span> <span class='ocrx_word' id='word_1_100' title='bbox 1987 1715 2083 1752; x_wconf 85' lang='lat' dir='ltr'><strong>su-</strong></span> 
     </span>
    </p>
   </div>
   <div class='ocr_carea' id='block_1_18' title="bbox 389 1781 2154 1874">
    <p class='ocr_par' dir='ltr' id='par_1_18' title="bbox 389 1781 2154 1874">
     <span class='ocr_line' id='line_1_18' title="bbox 389 1781 2154 1874; baseline 0.003 -40"><span class='ocrx_word' id='word_1_101' title='bbox 389 1783 622 1852; x_wconf 89' lang='lat' dir='ltr'><strong>perstite</strong></span> <span class='ocrx_word' id='word_1_102' title='bbox 649 1781 832 1874; x_wconf 67' lang='lat' dir='ltr'><strong>adhuc</strong></span> <span class='ocrx_word' id='word_1_103' title='bbox 854 1783 1213 1874; x_wconf 24' lang='lat' dir='ltr'><strong>‘EberhprdoA</strong></span> <span class='ocrx_word' id='word_1_104' title='bbox 1235 1785 1421 1853; x_wconf 88' lang='lat' dir='ltr'><strong>primo</strong></span> <span class='ocrx_word' id='word_1_105' title='bbox 1457 1785 1713 1874; x_wconf 82' lang='lat' dir='ltr'><strong>ejusdem</strong></span> <span class='ocrx_word' id='word_1_106' title='bbox 1768 1787 1916 1874; x_wconf 89' lang='lat' dir='ltr'><strong>sedis</strong></span> <span class='ocrx_word' id='word_1_107' title='bbox 1947 1786 2080 1855; x_wconf 70' lang='lat' dir='ltr'><strong>Epi-</strong></span> <span class='ocrx_word' id='word_1_108' title='bbox 2116 1821 2154 1874; x_wconf 71' lang='grc' dir='ltr'><strong>Β</strong></span> 
     </span>
    </p>
   </div>
   <div class='ocr_carea' id='block_1_19' title="bbox 391 1869 2084 1939">
    <p class='ocr_par' dir='ltr' id='par_1_19' title="bbox 391 1869 2084 1939">
     <span class='ocr_line' id='line_1_19' title="bbox 391 1869 2084 1939; baseline 0.003 -17"><span class='ocrx_word' id='word_1_109' title='bbox 391 1885 580 1939; x_wconf 90' lang='lat' dir='ltr'><strong>scopo.</strong></span> <span class='ocrx_word' id='word_1_110' title='bbox 616 1891 636 1916; x_wconf 78' lang='grc' dir='ltr'>ι</span> <span class='ocrx_word' id='word_1_111' title='bbox 674 1869 994 1936; x_wconf 81' lang='lat' dir='ltr'><strong>Heinricus,</strong></span> <span class='ocrx_word' id='word_1_112' title='bbox 1036 1871 1136 1924; x_wconf 90' lang='lat' dir='ltr'><strong>Dei</strong></span> <span class='ocrx_word' id='word_1_113' title='bbox 1188 1870 1412 1924; x_wconf 89' lang='lat' dir='ltr'><strong>favente</strong></span> <span class='ocrx_word' id='word_1_114' title='bbox 1443 1873 1768 1936; x_wconf 90' lang='lat' dir='ltr'><strong>clementia,</strong></span> <span class='ocrx_word' id='word_1_115' title='bbox 1829 1873 1968 1927; x_wconf 83' lang='lat' dir='ltr'><strong>Rex.</strong></span> <span class='ocrx_word' id='word_1_116' title='bbox 2022 1875 2084 1928; x_wconf 91' lang='lat' dir='ltr'><strong>In</strong></span> 
     </span>
    </p>
   </div>
   <div class='ocr_carea' id='block_1_20' title="bbox 389 1957 2082 2031">
    <p class='ocr_par' dir='ltr' id='par_1_20' title="bbox 389 1957 2082 2031">
     <span class='ocr_line' id='line_1_20' title="bbox 389 1957 2082 2031; baseline 0.004 -22"><span class='ocrx_word' id='word_1_117' title='bbox 389 1959 651 2011; x_wconf 81' lang='lat' dir='ltr'><strong>examine</strong></span> <span class='ocrx_word' id='word_1_118' title='bbox 695 1957 794 2011; x_wconf 91' lang='lat' dir='ltr'><strong>Dei</strong></span> <span class='ocrx_word' id='word_1_119' title='bbox 843 1963 1048 2012; x_wconf 88' lang='lat' dir='ltr'><strong>cuncta</strong></span> <span class='ocrx_word' id='word_1_120' title='bbox 1095 1959 1500 2028; x_wconf 89' lang='lat' dir='ltr'><strong>conspicientis</strong></span> <span class='ocrx_word' id='word_1_121' title='bbox 1547 1961 1767 2031; x_wconf 66' lang='lat' dir='ltr'><strong>aequale</strong></span> <span class='ocrx_word' id='word_1_122' title='bbox 1812 1961 2082 2015; x_wconf 88' lang='lat' dir='ltr'><strong>meritum</strong></span> 
     </span>
    </p>
   </div>
   <div class='ocr_carea' id='block_1_21' title="bbox 386 2045 2083 2104">
    <p class='ocr_par' dir='ltr' id='par_1_21' title="bbox 386 2045 2083 2104">
     <span class='ocr_line' id='line_1_21' title="bbox 386 2045 2083 2104; baseline 0.004 -6"><span class='ocrx_word' id='word_1_123' title='bbox 386 2046 671 2099; x_wconf 88' lang='lat' dir='ltr'><strong>credimus</strong></span> <span class='ocrx_word' id='word_1_124' title='bbox 698 2046 816 2100; x_wconf 88' lang='lat' dir='ltr'><strong>fore</strong></span> <span class='ocrx_word' id='word_1_125' title='bbox 837 2045 1024 2099; x_wconf 88' lang='lat' dir='ltr'><strong>dantis</strong></span> <span class='ocrx_word' id='word_1_126' title='bbox 1041 2052 1099 2100; x_wconf 92' lang='lat' dir='ltr'><strong>et</strong></span> <span class='ocrx_word' id='word_1_127' title='bbox 1119 2048 1563 2103; x_wconf 88' lang='lat' dir='ltr'><strong>corroborantis.</strong></span> <span class='ocrx_word' id='word_1_128' title='bbox 1589 2048 1890 2104; x_wconf 87' lang='lat' dir='ltr'><strong>Credimus</strong></span> <span class='ocrx_word' id='word_1_129' title='bbox 1910 2051 2083 2104; x_wconf 83' lang='lat' dir='ltr'><strong>etiam</strong></span> 
     </span>
    </p>
   </div>
   <div class='ocr_carea' id='block_1_22' title="bbox 389 2133 2082 2207">
    <p class='ocr_par' dir='ltr' id='par_1_22' title="bbox 389 2133 2082 2207">
     <span class='ocr_line' id='line_1_22' title="bbox 389 2133 2082 2207; baseline 0.003 -20"><span class='ocrx_word' id='word_1_130' title='bbox 389 2133 458 2188; x_wconf 90' lang='lat' dir='ltr'><strong>ad</strong></span> <span class='ocrx_word' id='word_1_131' title='bbox 489 2135 740 2203; x_wconf 80' lang='lat' dir='ltr'><strong>regalem</strong></span> <span class='ocrx_word' id='word_1_132' title='bbox 755 2140 1009 2188; x_wconf 88' lang='lat' dir='ltr'><strong>nostram</strong></span> <span class='ocrx_word' id='word_1_133' title='bbox 1033 2135 1391 2204; x_wconf 89' lang='lat' dir='ltr'><strong>majestatem</strong></span> <span class='ocrx_word' id='word_1_134' title='bbox 1415 2136 1701 2206; x_wconf 86' lang='lat' dir='ltr'><strong>pertinere</strong></span> <span class='ocrx_word' id='word_1_135' title='bbox 1722 2137 1897 2191; x_wconf 89' lang='lat' dir='ltr'><strong>totius</strong></span> <span class='ocrx_word' id='word_1_136' title='bbox 1921 2139 2082 2207; x_wconf 81' lang='lat' dir='ltr'><strong>regni</strong></span> 
     </span>
    </p>
   </div>
   <div class='ocr_carea' id='block_1_23' title="bbox 389 2223 2080 2292">
    <p class='ocr_par' dir='ltr' id='par_1_23' title="bbox 389 2223 2080 2292">
     <span class='ocr_line' id='line_1_23' title="bbox 389 2223 2080 2292; baseline 0.002 -18"><span class='ocrx_word' id='word_1_137' title='bbox 389 2237 576 2286; x_wconf 88' lang='lat' dir='ltr'><strong>curas,</strong></span> <span class='ocrx_word' id='word_1_138' title='bbox 606 2223 1008 2292; x_wconf 65' lang='lat' dir='ltr'><strong>praecipueque</strong></span> <span class='ocrx_word' id='word_1_139' title='bbox 1039 2223 1300 2276; x_wconf 90' lang='lat' dir='ltr'><strong>omnium</strong></span> <span class='ocrx_word' id='word_1_140' title='bbox 1362 2228 1684 2278; x_wconf 89' lang='lat' dir='ltr'><strong>sanctarum</strong></span> <span class='ocrx_word' id='word_1_141' title='bbox 1748 2225 1846 2278; x_wconf 90' lang='lat' dir='ltr'><strong>Dei</strong></span> <span class='ocrx_word' id='word_1_142' title='bbox 1903 2227 2080 2279; x_wconf 89' lang='lat' dir='ltr'><strong>eccle-</strong></span> 
     </span>
    </p>
   </div>
   <div class='ocr_carea' id='block_1_24' title="bbox 389 2310 2079 2372">
    <p class='ocr_par' dir='ltr' id='par_1_24' title="bbox 389 2310 2079 2372">
     <span class='ocr_line' id='line_1_24' title="bbox 389 2310 2079 2372; baseline 0.002 -10"><span class='ocrx_word' id='word_1_143' title='bbox 389 2310 604 2364; x_wconf 91' lang='lat' dir='ltr'><strong>siarum</strong></span> <span class='ocrx_word' id='word_1_144' title='bbox 634 2311 937 2364; x_wconf 89' lang='lat' dir='ltr'><strong>commoda</strong></span> <span class='ocrx_word' id='word_1_145' title='bbox 985 2311 1364 2372; x_wconf 89' lang='lat' dir='ltr'><strong>considerare.</strong></span> <span class='ocrx_word' id='word_1_146' title='bbox 1398 2317 1454 2365; x_wconf 87' lang='lat' dir='ltr'><strong>et</strong></span> <span class='ocrx_word' id='word_1_147' title='bbox 1506 2313 1701 2367; x_wconf 88' lang='lat' dir='ltr'><strong>omnia</strong></span> <span class='ocrx_word' id='word_1_148' title='bbox 1745 2313 1827 2366; x_wconf 91' lang='lat' dir='ltr'><strong>eis</strong></span> <span class='ocrx_word' id='word_1_149' title='bbox 1882 2313 2079 2367; x_wconf 86' lang='lat' dir='ltr'><strong>adver-</strong></span> 
     </span>
    </p>
   </div>
   <div class='ocr_carea' id='block_1_25' title="bbox 387 2397 2078 2469">
    <p class='ocr_par' dir='ltr' id='par_1_25' title="bbox 387 2397 2078 2469">
     <span class='ocr_line' id='line_1_25' title="bbox 387 2397 2078 2469; baseline 0.002 -20"><span class='ocrx_word' id='word_1_150' title='bbox 387 2399 569 2450; x_wconf 89' lang='lat' dir='ltr'><strong>santia</strong></span> <span class='ocrx_word' id='word_1_151' title='bbox 600 2399 706 2451; x_wconf 88' lang='lat' dir='ltr'><strong>sub</strong></span> <span class='ocrx_word' id='word_1_152' title='bbox 737 2398 895 2452; x_wconf 91' lang='lat' dir='ltr'><strong>omni</strong></span> <span class='ocrx_word' id='word_1_153' title='bbox 945 2397 1309 2453; x_wconf 82' lang='lat' dir='ltr'><strong>festinatione</strong></span> <span class='ocrx_word' id='word_1_154' title='bbox 1357 2399 1607 2466; x_wconf 89' lang='lat' dir='ltr'><strong>abolere,</strong></span> <span class='ocrx_word' id='word_1_155' title='bbox 1650 2415 1721 2453; x_wconf 89' lang='lat' dir='ltr'><strong>ne</strong></span> <span class='ocrx_word' id='word_1_156' title='bbox 1781 2400 1869 2454; x_wconf 89' lang='lat' dir='ltr'><strong>vel</strong></span> <span class='ocrx_word' id='word_1_157' title='bbox 1922 2401 2078 2469; x_wconf 81' lang='lat' dir='ltr'><strong>gravi</strong></span> 
     </span>
    </p>
   </div>
   <div class='ocr_carea' id='block_1_26' title="bbox 387 2473 2079 2558">
    <p class='ocr_par' dir='ltr' id='par_1_26' title="bbox 387 2473 2079 2558">
     <span class='ocr_line' id='line_1_26' title="bbox 387 2473 2079 2558; baseline 0.002 -20"><span class='ocrx_word' id='word_1_158' title='bbox 387 2485 855 2539; x_wconf 85' lang='lat' dir='ltr'><strong>incommoditate</strong></span> <span class='ocrx_word' id='word_1_159' title='bbox 913 2487 1203 2553; x_wconf 90' lang='lat' dir='ltr'><strong>vilescant,</strong></span> <span class='ocrx_word' id='word_1_160' title='bbox 1254 2488 1338 2540; x_wconf 88' lang='lat' dir='ltr'><strong>vel</strong></span> <span class='ocrx_word' id='word_1_161' title='bbox 1381 2487 1654 2557; x_wconf 87' lang='lat' dir='ltr'><strong>qualibet,</strong></span> <span class='ocrx_word' id='word_1_162' title='bbox 1715 2504 1820 2558; x_wconf 90' lang='lat' dir='ltr'><strong>pro</strong></span> <span class='ocrx_word' id='word_1_163' title='bbox 1889 2473 2079 2541; x_wconf 84' lang='lat' dir='ltr'><strong>nostra</strong></span> 
     </span>
    </p>
   </div>
   <div class='ocr_carea' id='block_1_27' title="bbox 389 2559 2078 2646">
    <p class='ocr_par' dir='ltr' id='par_1_27' title="bbox 389 2559 2078 2646">
     <span class='ocr_line' id='line_1_27' title="bbox 389 2559 2078 2646; baseline 0.003 -21"><span class='ocrx_word' id='word_1_164' title='bbox 389 2573 581 2644; x_wconf 86' lang='lat' dir='ltr'><strong>eulpa,</strong></span> <span class='ocrx_word' id='word_1_165' title='bbox 609 2579 734 2626; x_wconf 91' lang='lat' dir='ltr'><strong>orta</strong></span> <span class='ocrx_word' id='word_1_166' title='bbox 779 2559 1097 2639; x_wconf 71' lang='lat' dir='ltr'><strong>occasione,</strong></span> <span class='ocrx_word' id='word_1_167' title='bbox 1130 2590 1162 2626; x_wconf 91' lang='lat' dir='ltr'><strong>a</strong></span> <span class='ocrx_word' id='word_1_168' title='bbox 1207 2574 1446 2644; x_wconf 87' lang='lat' dir='ltr'><strong>pristino</strong></span> <span class='ocrx_word' id='word_1_169' title='bbox 1498 2576 1656 2629; x_wconf 92' lang='lat' dir='ltr'><strong>cultu</strong></span> <span class='ocrx_word' id='word_1_170' title='bbox 1687 2581 1745 2629; x_wconf 89' lang='lat' dir='ltr'><strong>et</strong></span> <span class='ocrx_word' id='word_1_171' title='bbox 1799 2576 2078 2646; x_wconf 88' lang='lat' dir='ltr'><strong>religione</strong></span> 
     </span>
    </p>
   </div>
   <div class='ocr_carea' id='block_1_28' title="bbox 383 2661 2078 2734">
    <p class='ocr_par' dir='ltr' id='par_1_28' title="bbox 383 2661 2078 2734">
     <span class='ocr_line' id='line_1_28' title="bbox 383 2661 2078 2734; baseline 0.002 -22"><span class='ocrx_word' id='word_1_172' title='bbox 383 2662 651 2713; x_wconf 87' lang='lat' dir='ltr'><strong>recedant</strong></span> <span class='ocrx_word' id='word_1_173' title='bbox 685 2675 698 2713; x_wconf 91' lang='lat'>:</span> <span class='ocrx_word' id='word_1_174' title='bbox 725 2665 1028 2730; x_wconf 87' lang='lat' dir='ltr'><strong>quatenus,</strong></span> <span class='ocrx_word' id='word_1_175' title='bbox 1061 2661 1195 2714; x_wconf 92' lang='lat' dir='ltr'><strong>dum</strong></span> <span class='ocrx_word' id='word_1_176' title='bbox 1231 2663 1351 2714; x_wconf 67' lang='lat' dir='ltr'><strong>haec</strong></span> <span class='ocrx_word' id='word_1_177' title='bbox 1379 2678 1483 2732; x_wconf 92' lang='lat' dir='ltr'><strong>pro</strong></span> <span class='ocrx_word' id='word_1_178' title='bbox 1515 2677 1711 2716; x_wconf 90' lang='lat' dir='ltr'><strong>amore</strong></span> <span class='ocrx_word' id='word_1_179' title='bbox 1746 2663 2078 2734; x_wconf 88' lang='lat' dir='ltr'><strong>pariterque</strong></span> 
     </span>
    </p>
   </div>
   <div class='ocr_carea' id='block_1_29' title="bbox 381 2748 2076 2822">
    <p class='ocr_par' dir='ltr' id='par_1_29' title="bbox 381 2748 2076 2822">
     <span class='ocr_line' id='line_1_29' title="bbox 381 2748 2076 2822; baseline 0.002 -21"><span class='ocrx_word' id='word_1_180' title='bbox 381 2750 588 2801; x_wconf 85' lang='lat' dir='ltr'><strong>timore</strong></span> <span class='ocrx_word' id='word_1_181' title='bbox 645 2749 741 2802; x_wconf 89' lang='lat' dir='ltr'><strong>Dei</strong></span> <span class='ocrx_word' id='word_1_182' title='bbox 772 2748 1018 2801; x_wconf 86' lang='lat' dir='ltr'><strong>ﬁdeliter</strong></span> <span class='ocrx_word' id='word_1_183' title='bbox 1049 2749 1399 2819; x_wconf 88' lang='lat' dir='ltr'><strong>peragimus,</strong></span> <span class='ocrx_word' id='word_1_184' title='bbox 1433 2749 1664 2804; x_wconf 93' lang='lat' dir='ltr'><strong>illorum</strong></span> <span class='ocrx_word' id='word_1_185' title='bbox 1697 2751 1793 2821; x_wconf 92' lang='lat' dir='ltr'><strong>qui</strong></span> <span class='ocrx_word' id='word_1_186' title='bbox 1836 2751 1955 2804; x_wconf 58' lang='lat' dir='ltr'><strong>haec</strong></span> <span class='ocrx_word' id='word_1_187' title='bbox 1982 2752 2076 2822; x_wconf 89' lang='lat' dir='ltr'><strong>pio</strong></span> 
     </span>
    </p>
   </div>
   <div class='ocr_carea' id='block_1_30' title="bbox 379 2836 2075 2907">
    <p class='ocr_par' dir='ltr' id='par_1_30' title="bbox 379 2836 2075 2907">
     <span class='ocr_line' id='line_1_30' title="bbox 379 2836 2075 2907; baseline 0.002 -18"><span class='ocrx_word' id='word_1_188' title='bbox 379 2836 582 2890; x_wconf 83' lang='lat' dir='ltr'><strong>atI&#39;ectu</strong></span> <span class='ocrx_word' id='word_1_189' title='bbox 620 2837 732 2890; x_wconf 94' lang='lat' dir='ltr'><strong>Deo</strong></span> <span class='ocrx_word' id='word_1_190' title='bbox 763 2837 1148 2902; x_wconf 88' lang='lat' dir='ltr'><strong>contulerunt,</strong></span> <span class='ocrx_word' id='word_1_191' title='bbox 1183 2837 1402 2891; x_wconf 85' lang='lat' dir='ltr'><strong>meritis</strong></span> <span class='ocrx_word' id='word_1_192' title='bbox 1443 2842 1498 2890; x_wconf 91' lang='lat' dir='ltr'><strong>et</strong></span> <span class='ocrx_word' id='word_1_193' title='bbox 1527 2838 1724 2907; x_wconf 69' lang='lat' dir='ltr'><strong>gloriir</strong></span> <span class='ocrx_word' id='word_1_194' title='bbox 1755 2840 2075 2892; x_wconf 88' lang='lat' dir='ltr'><strong>communi-</strong></span> 
     </span>
    </p>
   </div>
   <div class='ocr_carea' id='block_1_31' title="bbox 376 2925 2075 2994">
    <p class='ocr_par' dir='ltr' id='par_1_31' title="bbox 376 2925 2075 2994">
     <span class='ocr_line' id='line_1_31' title="bbox 376 2925 2075 2994; baseline 0.003 -18"><span class='ocrx_word' id='word_1_195' title='bbox 376 2941 587 2978; x_wconf 87' lang='lat' dir='ltr'><strong>cemus.</strong></span> <span class='ocrx_word' id='word_1_196' title='bbox 617 2925 858 2978; x_wconf 88' lang='lat' dir='ltr'><strong>Proinde</strong></span> <span class='ocrx_word' id='word_1_197' title='bbox 885 2925 1153 2978; x_wconf 90' lang='lat' dir='ltr'><strong>omnibus</strong></span> <span class='ocrx_word' id='word_1_198' title='bbox 1184 2926 1242 2978; x_wconf 91' lang='lat' dir='ltr'><strong>in</strong></span> <span class='ocrx_word' id='word_1_199' title='bbox 1284 2925 1509 2979; x_wconf 88' lang='lat' dir='ltr'><strong>Christo</strong></span> <span class='ocrx_word' id='word_1_200' title='bbox 1548 2926 1834 2994; x_wconf 88' lang='lat' dir='ltr'><strong>ﬁdelibus,</strong></span> <span class='ocrx_word' id='word_1_201' title='bbox 1861 2927 2075 2981; x_wconf 88' lang='lat' dir='ltr'><strong>scilicet</strong></span> 
     </span>
    </p>
   </div>
   <div class='ocr_carea' id='block_1_32' title="bbox 372 3013 2072 3082">
    <p class='ocr_par' dir='ltr' id='par_1_32' title="bbox 372 3013 2072 3082">
     <span class='ocr_line' id='line_1_32' title="bbox 372 3013 2072 3082; baseline 0.001 -17"><span class='ocrx_word' id='word_1_202' title='bbox 372 3017 490 3066; x_wconf 90' lang='lat' dir='ltr'><strong>tam</strong></span> <span class='ocrx_word' id='word_1_203' title='bbox 521 3013 728 3066; x_wconf 91' lang='lat' dir='ltr'><strong>futuris</strong></span> <span class='ocrx_word' id='word_1_204' title='bbox 756 3029 928 3082; x_wconf 87' lang='lat' dir='ltr'><strong>quam</strong></span> <span class='ocrx_word' id='word_1_205' title='bbox 962 3013 1359 3082; x_wconf 45' lang='lat' dir='ltr'><strong>praesentibus,</strong></span> <span class='ocrx_word' id='word_1_206' title='bbox 1413 3020 1614 3068; x_wconf 90' lang='lat' dir='ltr'><strong>notum</strong></span> <span class='ocrx_word' id='word_1_207' title='bbox 1647 3031 1770 3068; x_wconf 89' lang='lat' dir='ltr'><strong>esse</strong></span> <span class='ocrx_word' id='word_1_208' title='bbox 1801 3015 2072 3070; x_wconf 90' lang='lat' dir='ltr'><strong>volumus</strong></span> 
     </span>
    </p>
   </div>
   <div class='ocr_carea' id='block_1_33' title="bbox 371 3094 2142 3170">
    <p class='ocr_par' dir='ltr' id='par_1_33' title="bbox 371 3094 2142 3170">
     <span class='ocr_line' id='line_1_33' title="bbox 371 3094 2142 3170; baseline 0.001 -18"><span class='ocrx_word' id='word_1_209' title='bbox 371 3101 619 3169; x_wconf 88' lang='lat' dir='ltr'><strong>qualiter</strong></span> <span class='ocrx_word' id='word_1_210' title='bbox 647 3101 720 3153; x_wconf 94' lang='lat' dir='ltr'><strong>ob</strong></span> <span class='ocrx_word' id='word_1_211' title='bbox 750 3101 894 3154; x_wconf 87' lang='lat' dir='ltr'><strong>hanc</strong></span> <span class='ocrx_word' id='word_1_212' title='bbox 921 3117 1104 3170; x_wconf 85' lang='lat' dir='ltr'><strong>spem,</strong></span> <span class='ocrx_word' id='word_1_213' title='bbox 1131 3116 1234 3170; x_wconf 90' lang='lat' dir='ltr'><strong>per</strong></span> <span class='ocrx_word' id='word_1_214' title='bbox 1255 3101 1640 3154; x_wconf 88' lang='lat' dir='ltr'><strong>interventum</strong></span> <span class='ocrx_word' id='word_1_215' title='bbox 1683 3101 2068 3154; x_wconf 64' lang='lat' dir='ltr'><strong>dilectissime!</strong></span> <span class='ocrx_word' id='word_1_216' title='bbox 2101 3094 2142 3147; x_wconf 82' lang='grc' dir='ltr'><strong>Ο</strong></span> 
     </span>
    </p>
   </div>
   <div class='ocr_carea' id='block_1_34' title="bbox 373 3188 2066 3258">
    <p class='ocr_par' dir='ltr' id='par_1_34' title="bbox 373 3188 2066 3258">
     <span class='ocr_line' id='line_1_34' title="bbox 373 3188 2066 3258; baseline 0 -17"><span class='ocrx_word' id='word_1_217' title='bbox 373 3189 573 3241; x_wconf 90' lang='lat' dir='ltr'><strong>matris</strong></span> <span class='ocrx_word' id='word_1_218' title='bbox 632 3195 841 3241; x_wconf 72' lang='lat' dir='ltr'><strong>nostra:</strong></span> <span class='ocrx_word' id='word_1_219' title='bbox 921 3189 1109 3242; x_wconf 74' lang='lat' dir='ltr'><strong>Gisilaa</strong></span> <span class='ocrx_word' id='word_1_220' title='bbox 1184 3188 1573 3258; x_wconf 89' lang='lat' dir='ltr'><strong>lmperatricis</strong></span> <span class='ocrx_word' id='word_1_221' title='bbox 1625 3191 1919 3257; x_wconf 77' lang='lat' dir='ltr'><strong>Augustae,</strong></span> <span class='ocrx_word' id='word_1_222' title='bbox 1963 3205 2066 3258; x_wconf 91' lang='lat' dir='ltr'><strong>pro</strong></span> 
     </span>
    </p>
   </div>
   <div class='ocr_carea' id='block_1_35' title="bbox 373 3275 2064 3344">
    <p class='ocr_par' dir='ltr' id='par_1_35' title="bbox 373 3275 2064 3344">
     <span class='ocr_line' id='line_1_35' title="bbox 373 3275 2064 3344; baseline -0.001 -15"><span class='ocrx_word' id='word_1_223' title='bbox 373 3291 566 3329; x_wconf 88' lang='lat' dir='ltr'><strong>amore</strong></span> <span class='ocrx_word' id='word_1_224' title='bbox 623 3276 795 3328; x_wconf 88' lang='lat' dir='ltr'><strong>etiam</strong></span> <span class='ocrx_word' id='word_1_225' title='bbox 850 3275 1039 3329; x_wconf 89' lang='lat' dir='ltr'><strong>dilecti</strong></span> <span class='ocrx_word' id='word_1_226' title='bbox 1127 3276 1658 3344; x_wconf 82' lang='lat' dir='ltr'><strong>ﬁdelisque&#39;nostri</strong></span> <span class='ocrx_word' id='word_1_227' title='bbox 1737 3277 2064 3342; x_wconf 88' lang='lat' dir='ltr'><strong>Eberhardi,</strong></span> 
     </span>
    </p>
   </div>
   <div class='ocr_carea' id='block_1_36' title="bbox 372 3363 2066 3434">
    <p class='ocr_par' dir='ltr' id='par_1_36' title="bbox 372 3363 2066 3434">
     <span class='ocr_line' id='line_1_36' title="bbox 372 3363 2066 3434; baseline 0.001 -18"><span class='ocrx_word' id='word_1_228' title='bbox 372 3364 547 3434; x_wconf 90' lang='lat' dir='ltr'><strong>primi</strong></span> <span class='ocrx_word' id='word_1_229' title='bbox 593 3369 800 3416; x_wconf 67' lang='lat' dir='ltr'><strong>sanctas</strong></span> <span class='ocrx_word' id='word_1_230' title='bbox 856 3364 1226 3433; x_wconf 86' lang='lat' dir='ltr'><strong>Babergensis</strong></span> <span class='ocrx_word' id='word_1_231' title='bbox 1277 3363 1533 3416; x_wconf 65' lang='lat' dir='ltr'><strong>Ecclesiae</strong></span> <span class='ocrx_word' id='word_1_232' title='bbox 1565 3363 1840 3434; x_wconf 89' lang='lat' dir='ltr'><strong>episcopi,</strong></span> <span class='ocrx_word' id='word_1_233' title='bbox 1899 3379 2066 3418; x_wconf 88' lang='lat' dir='ltr'><strong>eum-</strong></span> 
     </span>
    </p>
   </div>
   <div class='ocr_carea' id='block_1_37' title="bbox 373 3451 2063 3520">
    <p class='ocr_par' dir='ltr' id='par_1_37' title="bbox 373 3451 2063 3520">
     <span class='ocr_line' id='line_1_37' title="bbox 373 3451 2063 3520; baseline 0 -14"><span class='ocrx_word' id='word_1_234' title='bbox 373 3453 502 3507; x_wconf 92' lang='lat' dir='ltr'><strong>dem</strong></span> <span class='ocrx_word' id='word_1_235' title='bbox 560 3453 745 3506; x_wconf 91' lang='lat' dir='ltr'><strong>locum</strong></span> <span class='ocrx_word' id='word_1_236' title='bbox 802 3468 830 3504; x_wconf 91' lang='lat' dir='ltr'><strong>a</strong></span> <span class='ocrx_word' id='word_1_237' title='bbox 882 3452 1014 3504; x_wconf 90' lang='lat' dir='ltr'><strong>divo</strong></span> <span class='ocrx_word' id='word_1_238' title='bbox 1066 3452 1411 3520; x_wconf 88' lang='lat' dir='ltr'><strong>Imperatore</strong></span> <span class='ocrx_word' id='word_1_239' title='bbox 1471 3451 1734 3505; x_wconf 89' lang='lat' dir='ltr'><strong>Heinrico</strong></span> <span class='ocrx_word' id='word_1_240' title='bbox 1795 3453 2063 3518; x_wconf 91' lang='lat' dir='ltr'><strong>secundo,</strong></span> 
     </span>
    </p>
   </div>
   <div class='ocr_carea' id='block_1_38' title="bbox 371 3539 2065 3609">
    <p class='ocr_par' dir='ltr' id='par_1_38' title="bbox 371 3539 2065 3609">
     <span class='ocr_line' id='line_1_38' title="bbox 371 3539 2065 3609; baseline 0.002 -19"><span class='ocrx_word' id='word_1_241' title='bbox 371 3554 476 3608; x_wconf 89' lang='lat' dir='ltr'><strong>pro</strong></span> <span class='ocrx_word' id='word_1_242' title='bbox 511 3555 612 3591; x_wconf 83' lang='lat' dir='ltr'><strong>sua</strong></span> <span class='ocrx_word' id='word_1_243' title='bbox 642 3554 994 3609; x_wconf 89' lang='lat' dir='ltr'><strong>suorumque</strong></span> <span class='ocrx_word' id='word_1_244' title='bbox 1049 3540 1242 3591; x_wconf 86' lang='lat' dir='ltr'><strong>anima</strong></span> <span class='ocrx_word' id='word_1_245' title='bbox 1275 3539 1332 3591; x_wconf 92' lang='lat' dir='ltr'><strong>in</strong></span> <span class='ocrx_word' id='word_1_246' title='bbox 1396 3540 1812 3609; x_wconf 84' lang='lat' dir='ltr'><strong>episc0patum,</strong></span> <span class='ocrx_word' id='word_1_247' title='bbox 1873 3539 2065 3593; x_wconf 87' lang='lat' dir='ltr'><strong>divina</strong></span> 
     </span>
    </p>
   </div>
   <div class='ocr_carea' id='block_1_39' title="bbox 367 3626 2065 3699">
    <p class='ocr_par' dir='ltr' id='par_1_39' title="bbox 367 3626 2065 3699">
     <span class='ocr_line' id='line_1_39' title="bbox 367 3626 2065 3699; baseline 0 -20"><span class='ocrx_word' id='word_1_248' title='bbox 367 3626 685 3696; x_wconf 82' lang='lat' dir='ltr'><strong>inspirante</strong></span> <span class='ocrx_word' id='word_1_249' title='bbox 742 3626 1066 3691; x_wconf 82' lang='lat' dir='ltr'><strong>clementia,</strong></span> <span class='ocrx_word' id='word_1_250' title='bbox 1123 3626 1390 3697; x_wconf 68' lang='lat' dir='ltr'><strong>perfectae</strong></span> <span class='ocrx_word' id='word_1_251' title='bbox 1449 3627 1583 3680; x_wconf 92' lang='lat' dir='ltr'><strong>ﬁdei</strong></span> <span class='ocrx_word' id='word_1_252' title='bbox 1658 3627 2065 3699; x_wconf 84' lang='lat' dir='ltr'><strong>charitatisque</strong></span> 
     </span>
    </p>
   </div>
   <div class='ocr_carea' id='block_1_40' title="bbox 371 3714 2067 3786">
    <p class='ocr_par' dir='ltr' id='par_1_40' title="bbox 371 3714 2067 3786">
     <span class='ocr_line' id='line_1_40' title="bbox 371 3714 2067 3786; baseline 0.002 -19"><span class='ocrx_word' id='word_1_253' title='bbox 371 3714 694 3781; x_wconf 88' lang='lat' dir='ltr'><strong>devotione,</strong></span> <span class='ocrx_word' id='word_1_254' title='bbox 717 3715 775 3768; x_wconf 90' lang='lat' dir='ltr'><strong>in</strong></span> <span class='ocrx_word' id='word_1_255' title='bbox 808 3715 1027 3768; x_wconf 88' lang='lat' dir='ltr'><strong>honore</strong></span> <span class='ocrx_word' id='word_1_256' title='bbox 1057 3715 1334 3786; x_wconf 88' lang='lat' dir='ltr'><strong>Principis</strong></span> <span class='ocrx_word' id='word_1_257' title='bbox 1360 3717 1751 3785; x_wconf 91' lang='lat' dir='ltr'><strong>apostolorum</strong></span> <span class='ocrx_word' id='word_1_258' title='bbox 1805 3717 1955 3770; x_wconf 87' lang='lat' dir='ltr'><strong>Petri</strong></span> <span class='ocrx_word' id='word_1_259' title='bbox 2011 3721 2067 3770; x_wconf 90' lang='lat' dir='ltr'><strong>et</strong></span> 
     </span>
    </p>
   </div>
   <div class='ocr_carea' id='block_1_41' title="bbox 369 3803 2063 3874">
    <p class='ocr_par' dir='ltr' id='par_1_41' title="bbox 369 3803 2063 3874">
     <span class='ocr_line' id='line_1_41' title="bbox 369 3803 2063 3874; baseline 0.001 -16"><span class='ocrx_word' id='word_1_260' title='bbox 369 3803 430 3858; x_wconf 91' lang='lat' dir='ltr'><strong>S.</strong></span> <span class='ocrx_word' id='word_1_261' title='bbox 470 3803 698 3874; x_wconf 88' lang='lat' dir='ltr'><strong>Georgii</strong></span> <span class='ocrx_word' id='word_1_262' title='bbox 731 3805 995 3874; x_wconf 81' lang='lat' dir='ltr'><strong>martyris</strong></span> <span class='ocrx_word' id='word_1_263' title='bbox 1026 3804 1421 3863; x_wconf 91' lang='lat' dir='ltr'><strong>sublimatum.</strong></span> <span class='ocrx_word' id='word_1_264' title='bbox 1463 3821 1744 3858; x_wconf 90' lang='lat' dir='ltr'><strong>consensu</strong></span> <span class='ocrx_word' id='word_1_265' title='bbox 1804 3805 2063 3859; x_wconf 87' lang='lat' dir='ltr'><strong>ﬁdelium</strong></span> 
     </span>
    </p>
   </div>
   <div class='ocr_carea' id='block_1_42' title="bbox 370 3892 2062 3961">
    <p class='ocr_par' dir='ltr' id='par_1_42' title="bbox 370 3892 2062 3961">
     <span class='ocr_line' id='line_1_42' title="bbox 370 3892 2062 3961; baseline 0.001 -17"><span class='ocrx_word' id='word_1_266' title='bbox 370 3896 694 3945; x_wconf 86' lang='lat' dir='ltr'><strong>nostrorum</strong></span> <span class='ocrx_word' id='word_1_267' title='bbox 722 3892 1029 3945; x_wconf 87' lang='lat' dir='ltr'><strong>sancimus.</strong></span> <span class='ocrx_word' id='word_1_268' title='bbox 1049 3894 1299 3955; x_wconf 90' lang='lat' dir='ltr'><strong>et,omni</strong></span> <span class='ocrx_word' id='word_1_269' title='bbox 1321 3892 1772 3946; x_wconf 87' lang='lat' dir='ltr'><strong>contradictione</strong></span> <span class='ocrx_word' id='word_1_270' title='bbox 1819 3899 2062 3961; x_wconf 85' lang='lat' dir='ltr'><strong>remota,</strong></span> 
     </span>
    </p>
   </div>
   <div class='ocr_carea' id='block_1_43' title="bbox 369 3979 2060 4048">
    <p class='ocr_par' dir='ltr' id='par_1_43' title="bbox 369 3979 2060 4048">
     <span class='ocr_line' id='line_1_43' title="bbox 369 3979 2060 4048; baseline 0 -16"><span class='ocrx_word' id='word_1_271' title='bbox 369 3979 579 4044; x_wconf 79' lang='lat' dir='ltr'><strong>regalis</strong></span> <span class='ocrx_word' id='word_1_272' title='bbox 611 3985 818 4032; x_wconf 65' lang='lat' dir='ltr'><strong>nostrae</strong></span> <span class='ocrx_word' id='word_1_273' title='bbox 862 3979 1178 4048; x_wconf 86' lang='lat' dir='ltr'><strong>majestatis</strong></span> <span class='ocrx_word' id='word_1_274' title='bbox 1211 3980 1548 4034; x_wconf 75' lang='lat' dir='ltr'><strong>auctoritate</strong></span> <span class='ocrx_word' id='word_1_275' title='bbox 1583 3981 2060 4047; x_wconf 83' lang='lat' dir='ltr'><strong>corroboramus;</strong></span> 
     </span>
    </p>
   </div>
   <div class='ocr_carea' id='block_1_44' title="bbox 368 4066 2058 4138">
    <p class='ocr_par' dir='ltr' id='par_1_44' title="bbox 368 4066 2058 4138">
     <span class='ocr_line' id='line_1_44' title="bbox 368 4066 2058 4138; baseline 0.004 -21"><span class='ocrx_word' id='word_1_276' title='bbox 368 4081 570 4120; x_wconf 84' lang='lat' dir='ltr'><strong>omnes</strong></span> <span class='ocrx_word' id='word_1_277' title='bbox 626 4066 798 4120; x_wconf 91' lang='lat' dir='ltr'><strong>etiam</strong></span> <span class='ocrx_word' id='word_1_278' title='bbox 852 4083 941 4119; x_wconf 90' lang='lat' dir='ltr'><strong>res</strong></span> <span class='ocrx_word' id='word_1_279' title='bbox 993 4067 1236 4120; x_wconf 90' lang='lat' dir='ltr'><strong>mobiles</strong></span> <span class='ocrx_word' id='word_1_280' title='bbox 1311 4071 1369 4120; x_wconf 90' lang='lat' dir='ltr'><strong>et</strong></span> <span class='ocrx_word' id='word_1_281' title='bbox 1418 4067 1747 4121; x_wconf 88' lang='lat' dir='ltr'><strong>immobiles</strong></span> <span class='ocrx_word' id='word_1_282' title='bbox 1805 4069 2058 4138; x_wconf 84' lang='lat' dir='ltr'><strong>ejusdem</strong></span> 
     </span>
    </p>
   </div>
   <div class='ocr_carea' id='block_1_45' title="bbox 367 4154 2060 4227">
    <p class='ocr_par' dir='ltr' id='par_1_45' title="bbox 367 4154 2060 4227">
     <span class='ocr_line' id='line_1_45' title="bbox 367 4154 2060 4227; baseline 0.002 -21"><span class='ocrx_word' id='word_1_283' title='bbox 367 4161 577 4208; x_wconf 70' lang='lat' dir='ltr'><strong>sanctae</strong></span> <span class='ocrx_word' id='word_1_284' title='bbox 612 4155 709 4208; x_wconf 89' lang='lat' dir='ltr'><strong>Dei</strong></span> <span class='ocrx_word' id='word_1_285' title='bbox 739 4155 1011 4218; x_wconf 65' lang='lat' dir='ltr'><strong>ecclesias,</strong></span> <span class='ocrx_word' id='word_1_286' title='bbox 1044 4170 1186 4224; x_wconf 88' lang='lat' dir='ltr'><strong>quas</strong></span> <span class='ocrx_word' id='word_1_287' title='bbox 1207 4154 1328 4225; x_wconf 87' lang='lat' dir='ltr'><strong>ipse</strong></span> <span class='ocrx_word' id='word_1_288' title='bbox 1382 4154 1548 4208; x_wconf 87' lang='lat' dir='ltr'><strong>divus</strong></span> <span class='ocrx_word' id='word_1_289' title='bbox 1590 4157 1907 4226; x_wconf 89' lang='lat' dir='ltr'><strong>Imperator</strong></span> <span class='ocrx_word' id='word_1_290' title='bbox 1955 4174 2060 4227; x_wconf 87' lang='lat' dir='ltr'><strong>pro</strong></span> 
     </span>
    </p>
   </div>
   <div class='ocr_carea' id='block_1_46' title="bbox 367 4243 2058 4313">
    <p class='ocr_par' dir='ltr' id='par_1_46' title="bbox 367 4243 2058 4313">
     <span class='ocr_line' id='line_1_46' title="bbox 367 4243 2058 4313; baseline 0.002 -18"><span class='ocrx_word' id='word_1_291' title='bbox 367 4243 570 4296; x_wconf 67' lang='lat' dir='ltr'><strong>ardore</strong></span> <span class='ocrx_word' id='word_1_292' title='bbox 604 4244 845 4296; x_wconf 64' lang='lat' dir='ltr'><strong>caelestis</strong></span> <span class='ocrx_word' id='word_1_293' title='bbox 875 4245 1072 4313; x_wconf 69' lang='lat' dir='ltr'><strong>patrias</strong></span> <span class='ocrx_word' id='word_1_294' title='bbox 1123 4243 1334 4296; x_wconf 89' lang='lat' dir='ltr'><strong>ibidem</strong></span> <span class='ocrx_word' id='word_1_295' title='bbox 1384 4243 1542 4312; x_wconf 88' lang='lat' dir='ltr'><strong>larga</strong></span> <span class='ocrx_word' id='word_1_296' title='bbox 1573 4259 1749 4297; x_wconf 88' lang='lat' dir='ltr'><strong>manu</strong></span> <span class='ocrx_word' id='word_1_297' title='bbox 1799 4245 2058 4310; x_wconf 81' lang='lat' dir='ltr'><strong>contulit,</strong></span> 
     </span>
    </p>
   </div>
   <div class='ocr_carea' id='block_1_47' title="bbox 366 4331 3284 4422">
    <p class='ocr_par' dir='ltr' id='par_1_47' title="bbox 366 4331 3284 4422">
     <span class='ocr_line' id='line_1_47' title="bbox 366 4331 3284 4422; baseline 0.002 -38"><span class='ocrx_word' id='word_1_298' title='bbox 366 4347 433 4384; x_wconf 89' lang='lat' dir='ltr'><strong>ea</strong></span> <span class='ocrx_word' id='word_1_299' title='bbox 463 4332 685 4385; x_wconf 84' lang='lat' dir='ltr'><strong>ratione</strong></span> <span class='ocrx_word' id='word_1_300' title='bbox 718 4331 1148 4399; x_wconf 77' lang='lat' dir='ltr'><strong>conﬁrmamus,</strong></span> <span class='ocrx_word' id='word_1_301' title='bbox 1183 4337 1262 4396; x_wconf 90' lang='lat' dir='ltr'><strong>ut,</strong></span> <span class='ocrx_word' id='word_1_302' title='bbox 1302 4331 1486 4384; x_wconf 84' lang='lat' dir='ltr'><strong>ﬁdelis</strong></span> <span class='ocrx_word' id='word_1_303' title='bbox 1533 4339 1728 4385; x_wconf 89' lang='lat' dir='ltr'><strong>noster</strong></span> <span class='ocrx_word' id='word_1_304' title='bbox 1774 4332 2056 4386; x_wconf 88' lang='lat' dir='ltr'><strong>Eberhar-</strong></span> <span class='ocrx_word' id='word_1_305' title='bbox 2103 4368 2142 4422; x_wconf 76' lang='grc' dir='ltr'>υ</span> <span class='ocrx_word' id='word_1_306' title='bbox 2245 4340 2479 4392; x_wconf 76' lang='lat' dir='ltr'><strong>Furores</strong></span> <span class='ocrx_word' id='word_1_307' title='bbox 2534 4354 2567 4390; x_wconf 92' lang='lat' dir='ltr'><strong>a</strong></span> <span class='ocrx_word' id='word_1_308' title='bbox 2609 4338 2710 4422; x_wconf 53' lang='lat' dir='ltr'><strong>“S.</strong></span> <span class='ocrx_word' id='word_1_309' title='bbox 2773 4338 2996 4422; x_wconf 54' lang='lat' dir='ltr'><strong>Henrico</strong></span> <span class='ocrx_word' id='word_1_310' title='bbox 3076 4337 3284 4422; x_wconf 62' lang='lat' dir='ltr'><strong>prditus</strong></span> 
     </span>
    </p>
   </div>
   <div class='ocr_carea' id='block_1_48' title="bbox 364 4419 2058 4490">
    <p class='ocr_par' dir='ltr' id='par_1_48' title="bbox 364 4419 2058 4490">
     <span class='ocr_line' id='line_1_48' title="bbox 364 4419 2058 4490; baseline 0.001 -17"><span class='ocrx_word' id='word_1_311' title='bbox 364 4420 469 4473; x_wconf 88' lang='lat' dir='ltr'><strong>dus</strong></span> <span class='ocrx_word' id='word_1_312' title='bbox 515 4420 769 4489; x_wconf 87' lang='lat' dir='ltr'><strong>ejusdem</strong></span> <span class='ocrx_word' id='word_1_313' title='bbox 827 4419 935 4474; x_wconf 91' lang='lat' dir='ltr'><strong>loci</strong></span> <span class='ocrx_word' id='word_1_314' title='bbox 1015 4419 1236 4490; x_wconf 89' lang='lat' dir='ltr'><strong>primus</strong></span> <span class='ocrx_word' id='word_1_315' title='bbox 1286 4419 1621 4490; x_wconf 87' lang='lat' dir='ltr'><strong>Episcopus,</strong></span> <span class='ocrx_word' id='word_1_316' title='bbox 1699 4419 1938 4490; x_wconf 90' lang='lat' dir='ltr'><strong>ejusque</strong></span> <span class='ocrx_word' id='word_1_317' title='bbox 1999 4421 2058 4474; x_wconf 92' lang='lat' dir='ltr'><strong>iu</strong></span> 
     </span>
    </p>
   </div>
   <div class='ocr_carea' id='block_1_49' title="bbox 365 4508 2056 4580">
    <p class='ocr_par' dir='ltr' id='par_1_49' title="bbox 365 4508 2056 4580">
     <span class='ocr_line' id='line_1_49' title="bbox 365 4508 2056 4580; baseline 0.001 -18"><span class='ocrx_word' id='word_1_318' title='bbox 365 4515 706 4579; x_wconf 89' lang='lat' dir='ltr'><strong>perpetuum</strong></span> <span class='ocrx_word' id='word_1_319' title='bbox 734 4525 1086 4562; x_wconf 86' lang='lat' dir='ltr'><strong>successores</strong></span> <span class='ocrx_word' id='word_1_320' title='bbox 1126 4524 1324 4562; x_wconf 90' lang='lat' dir='ltr'><strong>secura</strong></span> <span class='ocrx_word' id='word_1_321' title='bbox 1358 4525 1454 4562; x_wconf 89' lang='lat' dir='ltr'><strong>eas</strong></span> <span class='ocrx_word' id='word_1_322' title='bbox 1476 4508 1870 4579; x_wconf 88' lang='lat' dir='ltr'><strong>tranquilitate</strong></span> <span class='ocrx_word' id='word_1_323' title='bbox 1924 4527 2056 4580; x_wconf 90' lang='lat' dir='ltr'><strong>pos-</strong></span> 
     </span>
    </p>
   </div>
   <div class='ocr_carea' id='block_1_50' title="bbox 363 4597 2060 4668">
    <p class='ocr_par' dir='ltr' id='par_1_50' title="bbox 363 4597 2060 4668">
     <span class='ocr_line' id='line_1_50' title="bbox 363 4597 2060 4668; baseline 0.001 -20"><span class='ocrx_word' id='word_1_324' title='bbox 363 4597 608 4664; x_wconf 90' lang='lat' dir='ltr'><strong>sideant,</strong></span> <span class='ocrx_word' id='word_1_325' title='bbox 652 4603 707 4650; x_wconf 90' lang='lat' dir='ltr'><strong>et</strong></span> <span class='ocrx_word' id='word_1_326' title='bbox 755 4599 991 4651; x_wconf 89' lang='lat' dir='ltr'><strong>liberam</strong></span> <span class='ocrx_word' id='word_1_327' title='bbox 1041 4602 1382 4668; x_wconf 88' lang='lat' dir='ltr'><strong>potestatem</strong></span> <span class='ocrx_word' id='word_1_328' title='bbox 1427 4597 1696 4659; x_wconf 91' lang='lat' dir='ltr'><strong>habeant,</strong></span> <span class='ocrx_word' id='word_1_329' title='bbox 1729 4601 1783 4650; x_wconf 91' lang='lat' dir='ltr'><strong>et</strong></span> <span class='ocrx_word' id='word_1_330' title='bbox 1842 4612 1951 4663; x_wconf 89' lang='lat' dir='ltr'><strong>res,</strong></span> <span class='ocrx_word' id='word_1_331' title='bbox 2003 4602 2060 4650; x_wconf 89' lang='lat' dir='ltr'><strong>et</strong></span> 
     </span>
    </p>
   </div>
   <div class='ocr_carea' id='block_1_51' title="bbox 363 4685 2059 4755">
    <p class='ocr_par' dir='ltr' id='par_1_51' title="bbox 363 4685 2059 4755">
     <span class='ocr_line' id='line_1_51' title="bbox 363 4685 2059 4755; baseline -0.001 -19"><span class='ocrx_word' id='word_1_332' title='bbox 363 4686 738 4753; x_wconf 87' lang='lat' dir='ltr'><strong>proprietates</strong></span> <span class='ocrx_word' id='word_1_333' title='bbox 769 4687 1022 4755; x_wconf 87' lang='lat' dir='ltr'><strong>ejusdem</strong></span> <span class='ocrx_word' id='word_1_334' title='bbox 1047 4687 1299 4739; x_wconf 70' lang='lat' dir='ltr'><strong>ecclesiae</strong></span> <span class='ocrx_word' id='word_1_335' title='bbox 1332 4701 1460 4739; x_wconf 90' lang='lat' dir='ltr'><strong>cum</strong></span> <span class='ocrx_word' id='word_1_336' title='bbox 1491 4701 1769 4739; x_wconf 90' lang='lat' dir='ltr'><strong>consensu</strong></span> <span class='ocrx_word' id='word_1_337' title='bbox 1803 4685 1980 4740; x_wconf 90' lang='lat' dir='ltr'><strong>deleri</strong></span> <span class='ocrx_word' id='word_1_338' title='bbox 2004 4689 2059 4736; x_wconf 87' lang='lat' dir='ltr'><strong>et</strong></span> 
     </span>
    </p>
   </div>
   <div class='ocr_carea' id='block_1_52' title="bbox 363 4773 1768 4843">
    <p class='ocr_par' dir='ltr' id='par_1_52' title="bbox 363 4773 1768 4843">
     <span class='ocr_line' id='line_1_52' title="bbox 363 4773 1768 4843; baseline 0.003 -20"><span class='ocrx_word' id='word_1_339' title='bbox 363 4773 567 4841; x_wconf 88' lang='lat' dir='ltr'><strong>populi</strong></span> <span class='ocrx_word' id='word_1_340' title='bbox 600 4773 884 4836; x_wconf 87' lang='lat' dir='ltr'><strong>ordinare,</strong></span> <span class='ocrx_word' id='word_1_341' title='bbox 911 4790 1277 4843; x_wconf 88' lang='lat' dir='ltr'><strong>componere,</strong></span> <span class='ocrx_word' id='word_1_342' title='bbox 1298 4779 1353 4826; x_wconf 88' lang='lat' dir='ltr'><strong>et</strong></span> <span class='ocrx_word' id='word_1_343' title='bbox 1373 4780 1768 4843; x_wconf 87' lang='lat' dir='ltr'><strong>augmentare.</strong></span> 
     </span>
    </p>
   </div>
   <div class='ocr_carea' id='block_1_53' title="bbox 433 4861 2053 4930">
    <p class='ocr_par' dir='ltr' id='par_1_53' title="bbox 433 4861 2053 4930">
     <span class='ocr_line' id='line_1_53' title="bbox 433 4861 2053 4930; baseline -0.001 -17"><span class='ocrx_word' id='word_1_344' title='bbox 433 4862 522 4913; x_wconf 88' lang='lat'><strong>28.</strong></span> <span class='ocrx_word' id='word_1_345' title='bbox 551 4881 578 4906; x_wconf 91' lang='grc'><em>‹‹</em></span> <span class='ocrx_word' id='word_1_346' title='bbox 608 4862 806 4912; x_wconf 74' lang='lat' dir='ltr'><strong>Nostra</strong></span> <span class='ocrx_word' id='word_1_347' title='bbox 837 4877 1067 4930; x_wconf 91' lang='lat' dir='ltr'><strong>quoque</strong></span> <span class='ocrx_word' id='word_1_348' title='bbox 1129 4864 1468 4916; x_wconf 84' lang='lat' dir='ltr'><strong>auctoritate</strong></span> <span class='ocrx_word' id='word_1_349' title='bbox 1525 4862 1814 4916; x_wconf 74' lang='lat' dir='ltr'><strong>sancimus</strong></span> <span class='ocrx_word' id='word_1_350' title='bbox 1866 4865 1950 4922; x_wconf 89' lang='lat' dir='ltr'><strong>ut,</strong></span> <span class='ocrx_word' id='word_1_351' title='bbox 1998 4861 2053 4914; x_wconf 94' lang='lat' dir='ltr'><strong>in</strong></span> 
     </span>
    </p>
   </div>
   <div class='ocr_carea' id='block_1_54' title="bbox 365 4947 2055 5016">
    <p class='ocr_par' dir='ltr' id='par_1_54' title="bbox 365 4947 2055 5016">
     <span class='ocr_line' id='line_1_54' title="bbox 365 4947 2055 5016; baseline 0.001 -16"><span class='ocrx_word' id='word_1_352' title='bbox 365 4947 626 5012; x_wconf 81' lang='lat' dir='ltr'><strong>abbatiis,</strong></span> <span class='ocrx_word' id='word_1_353' title='bbox 688 4949 1072 5016; x_wconf 76' lang='lat' dir='ltr'><strong>monasteriis,</strong></span> <span class='ocrx_word' id='word_1_354' title='bbox 1127 4949 1515 5014; x_wconf 83' lang='lat' dir='ltr'><strong>comitatibus,</strong></span> <span class='ocrx_word' id='word_1_355' title='bbox 1570 4950 1728 5013; x_wconf 87' lang='lat' dir='ltr'><strong>foris,</strong></span> <span class='ocrx_word' id='word_1_356' title='bbox 1786 4949 2055 5002; x_wconf 89' lang='lat' dir='ltr'><strong>mercati-</strong></span> 
     </span>
    </p>
   </div>
   <div class='ocr_carea' id='block_1_55' title="bbox 360 5033 2050 5101">
    <p class='ocr_par' dir='ltr' id='par_1_55' title="bbox 360 5033 2050 5101">
     <span class='ocr_line' id='line_1_55' title="bbox 360 5033 2050 5101; baseline -0.002 -12"><span class='ocrx_word' id='word_1_357' title='bbox 360 5033 775 5100; x_wconf 83' lang='lat' dir='ltr'><strong>bus,mouetis,</strong></span> <span class='ocrx_word' id='word_1_358' title='bbox 803 5035 1008 5091; x_wconf 89' lang='lat' dir='ltr'><strong>naulis.</strong></span> <span class='ocrx_word' id='word_1_359' title='bbox 1042 5035 1296 5100; x_wconf 85' lang='lat' dir='ltr'><strong>telouiis,</strong></span> <span class='ocrx_word' id='word_1_360' title='bbox 1351 5036 1620 5101; x_wconf 88' lang='lat' dir='ltr'><strong>castellis,</strong></span> <span class='ocrx_word' id='word_1_361' title='bbox 1677 5035 1846 5100; x_wconf 80' lang='lat' dir='ltr'><strong>villis,</strong></span> <span class='ocrx_word' id='word_1_362' title='bbox 1891 5034 2050 5101; x_wconf 84' lang='lat' dir='ltr'><strong>vicis,</strong></span> 
     </span>
    </p>
   </div>
   <div class='ocr_carea' id='block_1_56' title="bbox 361 5121 2055 5188">
    <p class='ocr_par' dir='ltr' id='par_1_56' title="bbox 361 5121 2055 5188">
     <span class='ocr_line' id='line_1_56' title="bbox 361 5121 2055 5188; baseline -0.001 -14"><span class='ocrx_word' id='word_1_363' title='bbox 361 5121 529 5188; x_wconf 82' lang='lat' dir='ltr'><strong>areis,</strong></span> <span class='ocrx_word' id='word_1_364' title='bbox 576 5121 769 5180; x_wconf 85' lang='lat' dir='ltr'><strong>servis,</strong></span> <span class='ocrx_word' id='word_1_365' title='bbox 823 5121 1061 5184; x_wconf 87' lang='lat' dir='ltr'><strong>ancillis,</strong></span> <span class='ocrx_word' id='word_1_366' title='bbox 1113 5121 1452 5185; x_wconf 85' lang='lat' dir='ltr'><strong>tributariis,</strong></span> <span class='ocrx_word' id='word_1_367' title='bbox 1505 5121 1763 5184; x_wconf 90' lang='lat' dir='ltr'><strong>decimis,</strong></span> <span class='ocrx_word' id='word_1_368' title='bbox 1822 5121 2055 5174; x_wconf 86' lang='lat' dir='ltr'><strong>foresti-</strong></span> 
     </span>
    </p>
   </div>
   <div class='ocr_carea' id='block_1_57' title="bbox 358 5205 2052 5274">
    <p class='ocr_par' dir='ltr' id='par_1_57' title="bbox 358 5205 2052 5274">
     <span class='ocr_line' id='line_1_57' title="bbox 358 5205 2052 5274; baseline -0.002 -14"><span class='ocrx_word' id='word_1_369' title='bbox 358 5207 466 5260; x_wconf 90' lang='lat' dir='ltr'><strong>bus</strong></span> <span class='ocrx_word' id='word_1_370' title='bbox 513 5207 687 5270; x_wconf 87' lang='lat' dir='ltr'><strong>silvis,</strong></span> <span class='ocrx_word' id='word_1_371' title='bbox 731 5205 1150 5272; x_wconf 80' lang='lat' dir='ltr'><strong>venationibus,</strong></span> <span class='ocrx_word' id='word_1_372' title='bbox 1203 5205 1631 5274; x_wconf 83' lang='lat' dir='ltr'><strong>piscationibus,</strong></span> <span class='ocrx_word' id='word_1_373' title='bbox 1684 5205 2052 5271; x_wconf 89' lang='lat' dir='ltr'><strong>molendinis,</strong></span> 
     </span>
    </p>
   </div>
   <div class='ocr_carea' id='block_1_58' title="bbox 359 5292 2051 5366">
    <p class='ocr_par' dir='ltr' id='par_1_58' title="bbox 359 5292 2051 5366">
     <span class='ocr_line' id='line_1_58' title="bbox 359 5292 2051 5366; baseline -0.001 -18"><span class='ocrx_word' id='word_1_374' title='bbox 359 5295 544 5366; x_wconf 87' lang='lat' dir='ltr'><strong>aquis,</strong></span> <span class='ocrx_word' id='word_1_375' title='bbox 568 5308 920 5364; x_wconf 89' lang='lat' dir='ltr'><strong>aquarumve</strong></span> <span class='ocrx_word' id='word_1_376' title='bbox 948 5293 1296 5356; x_wconf 84' lang='lat' dir='ltr'><strong>decursibus,</strong></span> <span class='ocrx_word' id='word_1_377' title='bbox 1347 5292 1584 5362; x_wconf 87' lang='lat' dir='ltr'><strong>campis.</strong></span> <span class='ocrx_word' id='word_1_378' title='bbox 1638 5292 1838 5361; x_wconf 87' lang='lat' dir='ltr'><strong>pratis,</strong></span> <span class='ocrx_word' id='word_1_379' title='bbox 1880 5292 2051 5361; x_wconf 89' lang='lat' dir='ltr'><strong>pisci-</strong></span> 
     </span>
    </p>
   </div>
   <div class='ocr_carea' id='block_1_59' title="bbox 350 5379 2050 5449">
    <p class='ocr_par' dir='ltr' id='par_1_59' title="bbox 350 5379 2050 5449">
     <span class='ocr_line' id='line_1_59' title="bbox 350 5379 2050 5449; baseline -0.002 -13"><span class='ocrx_word' id='word_1_380' title='bbox 350 5383 470 5449; x_wconf 81' lang='lat' dir='ltr'><strong>nis,</strong></span> <span class='ocrx_word' id='word_1_381' title='bbox 502 5383 744 5436; x_wconf 83' lang='lat' dir='ltr'><strong>terrenis</strong></span> <span class='ocrx_word' id='word_1_382' title='bbox 771 5380 940 5434; x_wconf 85' lang='lat' dir='ltr'><strong>cultis</strong></span> <span class='ocrx_word' id='word_1_383' title='bbox 969 5385 1024 5433; x_wconf 92' lang='lat' dir='ltr'><strong>et</strong></span> <span class='ocrx_word' id='word_1_384' title='bbox 1051 5380 1303 5444; x_wconf 87' lang='lat' dir='ltr'><strong>incultis,</strong></span> <span class='ocrx_word' id='word_1_385' title='bbox 1327 5379 1508 5444; x_wconf 88' lang='lat' dir='ltr'><strong>libris,</strong></span> <span class='ocrx_word' id='word_1_386' title='bbox 1541 5383 1780 5448; x_wconf 89' lang='lat' dir='ltr'><strong>argento</strong></span> <span class='ocrx_word' id='word_1_387' title='bbox 1804 5383 1860 5432; x_wconf 90' lang='lat' dir='ltr'><strong>et</strong></span> <span class='ocrx_word' id='word_1_388' title='bbox 1888 5395 2050 5440; x_wconf 85' lang='lat' dir='ltr'><strong>auro,</strong></span> 
     </span>
    </p>
   </div>
   <div class='ocr_carea' id='block_1_60' title="bbox 358 5466 2050 5540">
    <p class='ocr_par' dir='ltr' id='par_1_60' title="bbox 358 5466 2050 5540">
     <span class='ocr_line' id='line_1_60' title="bbox 358 5466 2050 5540; baseline -0.002 -18"><span class='ocrx_word' id='word_1_389' title='bbox 358 5471 622 5540; x_wconf 84' lang='lat' dir='ltr'><strong>gemmis,</strong></span> <span class='ocrx_word' id='word_1_390' title='bbox 648 5470 814 5538; x_wconf 84' lang='lat' dir='ltr'><strong>vasis,</strong></span> <span class='ocrx_word' id='word_1_391' title='bbox 843 5469 1217 5532; x_wconf 82' lang='lat' dir='ltr'><strong>ornamentis,</strong></span> <span class='ocrx_word' id='word_1_392' title='bbox 1249 5468 1333 5520; x_wconf 88' lang='lat' dir='ltr'><strong>vel</strong></span> <span class='ocrx_word' id='word_1_393' title='bbox 1357 5467 1648 5536; x_wconf 88' lang='lat' dir='ltr'><strong>aliquibus</strong></span> <span class='ocrx_word' id='word_1_394' title='bbox 1684 5466 2050 5520; x_wconf 88' lang='lat' dir='ltr'><strong>ustensilibus</strong></span> 
     </span>
    </p>
   </div>
   <div class='ocr_carea' id='block_1_61' title="bbox 360 5554 2047 5628">
    <p class='ocr_par' dir='ltr' id='par_1_61' title="bbox 360 5554 2047 5628">
     <span class='ocr_line' id='line_1_61' title="bbox 360 5554 2047 5628; baseline -0.003 -17"><span class='ocrx_word' id='word_1_395' title='bbox 360 5559 417 5611; x_wconf 90' lang='lat' dir='ltr'><strong>in</strong></span> <span class='ocrx_word' id='word_1_396' title='bbox 466 5560 682 5612; x_wconf 89' lang='lat' dir='ltr'><strong>cultum</strong></span> <span class='ocrx_word' id='word_1_397' title='bbox 732 5565 787 5613; x_wconf 89' lang='lat' dir='ltr'><strong>et</strong></span> <span class='ocrx_word' id='word_1_398' title='bbox 816 5559 1153 5628; x_wconf 90' lang='lat' dir='ltr'><strong>religionem</strong></span> <span class='ocrx_word' id='word_1_399' title='bbox 1207 5557 1303 5611; x_wconf 90' lang='lat' dir='ltr'><strong>Dci</strong></span> <span class='ocrx_word' id='word_1_400' title='bbox 1334 5555 1552 5610; x_wconf 86' lang='lat' dir='ltr'><strong>ibidem</strong></span> <span class='ocrx_word' id='word_1_401' title='bbox 1591 5554 1830 5621; x_wconf 88' lang='lat' dir='ltr'><strong>collatis,</strong></span> <span class='ocrx_word' id='word_1_402' title='bbox 1900 5560 1956 5608; x_wconf 92' lang='lat' dir='ltr'><strong>et</strong></span> <span class='ocrx_word' id='word_1_403' title='bbox 1991 5554 2047 5607; x_wconf 93' lang='lat' dir='ltr'><strong>in</strong></span> 
     </span>
    </p>
   </div>
   <div class='ocr_carea' id='block_1_62' title="bbox 359 5641 2052 5719">
    <p class='ocr_par' dir='ltr' id='par_1_62' title="bbox 359 5641 2052 5719">
     <span class='ocr_line' id='line_1_62' title="bbox 359 5641 2052 5719; baseline -0.004 -20"><span class='ocrx_word' id='word_1_404' title='bbox 359 5649 624 5704; x_wconf 87' lang='lat' dir='ltr'><strong>omnibus</strong></span> <span class='ocrx_word' id='word_1_405' title='bbox 673 5647 931 5703; x_wconf 87' lang='lat' dir='ltr'><strong>terminis</strong></span> <span class='ocrx_word' id='word_1_406' title='bbox 989 5646 1275 5719; x_wconf 87' lang='lat' dir='ltr'><strong>rebusque</strong></span> <span class='ocrx_word' id='word_1_407' title='bbox 1322 5644 1578 5714; x_wconf 85' lang='lat' dir='ltr'><strong>ejusdem</strong></span> <span class='ocrx_word' id='word_1_408' title='bbox 1621 5641 1898 5710; x_wconf 69' lang='lat' dir='ltr'><strong>ecclesite,</strong></span> <span class='ocrx_word' id='word_1_409' title='bbox 1952 5643 2052 5694; x_wconf 91' lang='lat' dir='ltr'><strong>aut</strong></span> 
     </span>
    </p>
   </div>
   <div class='ocr_carea' id='block_1_63' title="bbox 2202 638 3913 714">
    <p class='ocr_par' dir='ltr' id='par_1_63' title="bbox 2202 638 3913 714">
     <span class='ocr_line' id='line_1_63' title="bbox 2202 638 3913 714; baseline 0.008 -25"><span class='ocrx_word' id='word_1_410' title='bbox 2202 638 2444 707; x_wconf 88' lang='lat' dir='ltr'><strong>pliﬁcari</strong></span> <span class='ocrx_word' id='word_1_411' title='bbox 2521 645 2729 708; x_wconf 88' lang='lat' dir='ltr'><strong>potest,</strong></span> <span class='ocrx_word' id='word_1_412' title='bbox 2798 640 2956 694; x_wconf 87' lang='lat' dir='ltr'><strong>nulla</strong></span> <span class='ocrx_word' id='word_1_413' title='bbox 3028 640 3101 694; x_wconf 86' lang='lat' dir='ltr'><strong>sit</strong></span> <span class='ocrx_word' id='word_1_414' title='bbox 3156 641 3445 697; x_wconf 85' lang='lat' dir='ltr'><strong>infestatio</strong></span> <span class='ocrx_word' id='word_1_415' title='bbox 3499 649 3913 714; x_wconf 82' lang='lat' dir='ltr'><strong>tyrannorum.</strong></span> 
     </span>
    </p>
   </div>
   <div class='ocr_carea' id='block_1_64' title="bbox 2200 725 3914 799">
    <p class='ocr_par' dir='ltr' id='par_1_64' title="bbox 2200 725 3914 799">
     <span class='ocr_line' id='line_1_64' title="bbox 2200 725 3914 799; baseline 0.005 -21"><span class='ocrx_word' id='word_1_416' title='bbox 2200 725 2359 778; x_wconf 91' lang='lat' dir='ltr'><strong>nulla</strong></span> <span class='ocrx_word' id='word_1_417' title='bbox 2389 731 2639 796; x_wconf 87' lang='lat' dir='ltr'><strong>potestas</strong></span> <span class='ocrx_word' id='word_1_418' title='bbox 2669 727 2849 781; x_wconf 86' lang='lat' dir='ltr'><strong>irruat</strong></span> <span class='ocrx_word' id='word_1_419' title='bbox 2880 728 2958 782; x_wconf 90' lang='lat' dir='ltr'><strong>ibi</strong></span> <span class='ocrx_word' id='word_1_420' title='bbox 3009 745 3112 799; x_wconf 88' lang='lat' dir='ltr'><strong>per</strong></span> <span class='ocrx_word' id='word_1_421' title='bbox 3159 730 3516 797; x_wconf 87' lang='lat' dir='ltr'><strong>violentiam,</strong></span> <span class='ocrx_word' id='word_1_422' title='bbox 3589 734 3778 786; x_wconf 90' lang='lat' dir='ltr'><strong>nullas</strong></span> <span class='ocrx_word' id='word_1_423' title='bbox 3826 733 3914 786; x_wconf 90' lang='lat' dir='ltr'><strong>ibi</strong></span> 
     </span>
    </p>
   </div>
   <div class='ocr_carea' id='block_1_65' title="bbox 2199 814 3915 890">
    <p class='ocr_par' dir='ltr' id='par_1_65' title="bbox 2199 814 3915 890">
     <span class='ocr_line' id='line_1_65' title="bbox 2199 814 3915 890; baseline 0.006 -27"><span class='ocrx_word' id='word_1_424' title='bbox 2199 827 2390 865; x_wconf 86' lang='lat' dir='ltr'><strong>comes</strong></span> <span class='ocrx_word' id='word_1_425' title='bbox 2452 820 2550 867; x_wconf 91' lang='lat' dir='ltr'><strong>aut</strong></span> <span class='ocrx_word' id='word_1_426' title='bbox 2601 814 2774 884; x_wconf 85' lang='lat' dir='ltr'><strong>judex</strong></span> <span class='ocrx_word' id='word_1_427' title='bbox 2819 816 3004 886; x_wconf 84' lang='lat' dir='ltr'><strong>legem</strong></span> <span class='ocrx_word' id='word_1_428' title='bbox 3063 816 3244 870; x_wconf 86' lang='lat' dir='ltr'><strong>facere</strong></span> <span class='ocrx_word' id='word_1_429' title='bbox 3301 823 3636 888; x_wconf 72' lang='lat' dir='ltr'><strong>prtesumat,</strong></span> <span class='ocrx_word' id='word_1_430' title='bbox 3691 824 3915 890; x_wconf 65' lang='lat' dir='ltr'><strong>praeter</strong></span> 
     </span>
    </p>
   </div>
   <div class='ocr_carea' id='block_1_66' title="bbox 2203 901 3898 976">
    <p class='ocr_par' dir='ltr' id='par_1_66' title="bbox 2203 901 3898 976">
     <span class='ocr_line' id='line_1_66' title="bbox 2203 901 3898 976; baseline 0.005 -24"><span class='ocrx_word' id='word_1_431' title='bbox 2203 901 2541 972; x_wconf 85' lang='lat' dir='ltr'><strong>Episcopum</strong></span> <span class='ocrx_word' id='word_1_432' title='bbox 2599 903 2856 972; x_wconf 86' lang='lat' dir='ltr'><strong>ejusdem</strong></span> <span class='ocrx_word' id='word_1_433' title='bbox 2912 905 3038 969; x_wconf 90' lang='lat' dir='ltr'><strong>loci,</strong></span> <span class='ocrx_word' id='word_1_434' title='bbox 3088 905 3394 976; x_wconf 78' lang='lat' dir='ltr'><strong>omnisque</strong></span> <span class='ocrx_word' id='word_1_435' title='bbox 3447 909 3729 976; x_wconf 82' lang='lat' dir='ltr'><strong>possessio</strong></span> <span class='ocrx_word' id='word_1_436' title='bbox 3773 909 3898 962; x_wconf 89' lang='lat' dir='ltr'><strong>Deo</strong></span> 
     </span>
    </p>
   </div>
   <div class='ocr_carea' id='block_1_67' title="bbox 2200 988 3914 1060">
    <p class='ocr_par' dir='ltr' id='par_1_67' title="bbox 2200 988 3914 1060">
     <span class='ocr_line' id='line_1_67' title="bbox 2200 988 3914 1060; baseline 0.005 -20"><span class='ocrx_word' id='word_1_437' title='bbox 2200 988 2603 1044; x_wconf 85' lang='lat' dir='ltr'><strong>famulantium</strong></span> <span class='ocrx_word' id='word_1_438' title='bbox 2637 991 2715 1044; x_wconf 89' lang='lat' dir='ltr'><strong>ibi</strong></span> <span class='ocrx_word' id='word_1_439' title='bbox 2736 1007 2839 1060; x_wconf 89' lang='lat' dir='ltr'><strong>pro</strong></span> <span class='ocrx_word' id='word_1_440' title='bbox 2893 992 3258 1047; x_wconf 88' lang='lat' dir='ltr'><strong>immunitate</strong></span> <span class='ocrx_word' id='word_1_441' title='bbox 3308 995 3609 1049; x_wconf 86' lang='lat' dir='ltr'><strong>habeatur.</strong></span> <span class='ocrx_word' id='word_1_442' title='bbox 3665 996 3752 1049; x_wconf 81' lang='lat' dir='ltr'><strong>Sit</strong></span> <span class='ocrx_word' id='word_1_443' title='bbox 3803 997 3914 1050; x_wconf 88' lang='lat' dir='ltr'><strong>ille</strong></span> 
     </span>
    </p>
   </div>
   <div class='ocr_carea' id='block_1_68' title="bbox 2202 1078 3913 1154">
    <p class='ocr_par' dir='ltr' id='par_1_68' title="bbox 2202 1078 3913 1154">
     <span class='ocr_line' id='line_1_68' title="bbox 2202 1078 3913 1154; baseline 0.004 -24"><span class='ocrx_word' id='word_1_444' title='bbox 2202 1078 2570 1148; x_wconf 85' lang='lat' dir='ltr'><strong>Episcopatus</strong></span> <span class='ocrx_word' id='word_1_445' title='bbox 2627 1079 2792 1145; x_wconf 90' lang='lat' dir='ltr'><strong>liber,</strong></span> <span class='ocrx_word' id='word_1_446' title='bbox 2825 1085 2881 1133; x_wconf 92' lang='lat' dir='ltr'><strong>et</strong></span> <span class='ocrx_word' id='word_1_447' title='bbox 2922 1081 2994 1134; x_wconf 93' lang='lat' dir='ltr'><strong>ab</strong></span> <span class='ocrx_word' id='word_1_448' title='bbox 3047 1082 3208 1135; x_wconf 91' lang='lat' dir='ltr'><strong>omni</strong></span> <span class='ocrx_word' id='word_1_449' title='bbox 3262 1087 3529 1135; x_wconf 78' lang='lat' dir='ltr'><strong>extranea</strong></span> <span class='ocrx_word' id='word_1_450' title='bbox 3581 1088 3640 1136; x_wconf 91' lang='lat' dir='ltr'><strong>et</strong></span> <span class='ocrx_word' id='word_1_451' title='bbox 3695 1083 3913 1154; x_wconf 87' lang='lat' dir='ltr'><strong>iniqua</strong></span> 
     </span>
    </p>
   </div>
   <div class='ocr_carea' id='block_1_69' title="bbox 2199 1168 3912 1237">
    <p class='ocr_par' dir='ltr' id='par_1_69' title="bbox 2199 1168 3912 1237">
     <span class='ocr_line' id='line_1_69' title="bbox 2199 1168 3912 1237; baseline 0.005 -22"><span class='ocrx_word' id='word_1_452' title='bbox 2199 1181 2429 1218; x_wconf 83' lang='lat' dir='ltr'><strong>securus</strong></span> <span class='ocrx_word' id='word_1_453' title='bbox 2454 1171 2732 1236; x_wconf 87' lang='lat' dir='ltr'><strong>potestate</strong></span> <span class='ocrx_word' id='word_1_454' title='bbox 2762 1183 2775 1220; x_wconf 92' lang='lat'>:</span> <span class='ocrx_word' id='word_1_455' title='bbox 2809 1175 3114 1237; x_wconf 86' lang='lat' dir='ltr'><strong>quatenus,</strong></span> <span class='ocrx_word' id='word_1_456' title='bbox 3146 1168 3359 1223; x_wconf 90' lang='lat' dir='ltr'><strong>ibidem</strong></span> <span class='ocrx_word' id='word_1_457' title='bbox 3390 1171 3502 1224; x_wconf 91' lang='lat' dir='ltr'><strong>Deo</strong></span> <span class='ocrx_word' id='word_1_458' title='bbox 3528 1169 3912 1234; x_wconf 83' lang='lat' dir='ltr'><strong>famulantes,</strong></span> 
     </span>
    </p>
   </div>
   <div class='ocr_carea' id='block_1_70' title="bbox 2199 1253 3907 1328">
    <p class='ocr_par' dir='ltr' id='par_1_70' title="bbox 2199 1253 3907 1328">
     <span class='ocr_line' id='line_1_70' title="bbox 2199 1253 3907 1328; baseline 0.006 -27"><span class='ocrx_word' id='word_1_459' title='bbox 2199 1259 2250 1302; x_wconf 77' lang='lat' dir='ltr'><strong>et</strong></span> <span class='ocrx_word' id='word_1_460' title='bbox 2288 1253 2456 1322; x_wconf 81' lang='lat' dir='ltr'><strong>primi</strong></span> <span class='ocrx_word' id='word_1_461' title='bbox 2491 1255 2898 1308; x_wconf 86' lang='lat' dir='ltr'><strong>constructoris</strong></span> <span class='ocrx_word' id='word_1_462' title='bbox 2950 1257 3287 1310; x_wconf 86' lang='lat' dir='ltr'><strong>memoriam</strong></span> <span class='ocrx_word' id='word_1_463' title='bbox 3348 1258 3520 1328; x_wconf 91' lang='lat' dir='ltr'><strong>digne</strong></span> <span class='ocrx_word' id='word_1_464' title='bbox 3577 1259 3907 1318; x_wconf 87' lang='lat' dir='ltr'><strong>celebrare,</strong></span> 
     </span>
    </p>
   </div>
   <div class='ocr_carea' id='block_1_71' title="bbox 2199 1342 3906 1415">
    <p class='ocr_par' dir='ltr' id='par_1_71' title="bbox 2199 1342 3906 1415">
     <span class='ocr_line' id='line_1_71' title="bbox 2199 1342 3906 1415; baseline 0.002 -22"><span class='ocrx_word' id='word_1_465' title='bbox 2199 1357 2414 1412; x_wconf 88' lang='lat' dir='ltr'><strong>nosque</strong></span> <span class='ocrx_word' id='word_1_466' title='bbox 2442 1342 2694 1396; x_wconf 85' lang='lat' dir='ltr'><strong>fautores</strong></span> <span class='ocrx_word' id='word_1_467' title='bbox 2720 1350 2777 1395; x_wconf 90' lang='lat' dir='ltr'><strong>et</strong></span> <span class='ocrx_word' id='word_1_468' title='bbox 2830 1345 3293 1399; x_wconf 90' lang='lat' dir='ltr'><strong>corroboratores</strong></span> <span class='ocrx_word' id='word_1_469' title='bbox 3344 1346 3568 1415; x_wconf 89' lang='lat' dir='ltr'><strong>possint</strong></span> <span class='ocrx_word' id='word_1_470' title='bbox 3604 1351 3663 1399; x_wconf 89' lang='lat' dir='ltr'><strong>et</strong></span> <span class='ocrx_word' id='word_1_471' title='bbox 3719 1348 3906 1399; x_wconf 84' lang='lat' dir='ltr'><strong>velint</strong></span> 
     </span>
    </p>
   </div>
   <div class='ocr_carea' id='block_1_72' title="bbox 2203 1430 3976 1516">
    <p class='ocr_par' dir='ltr' id='par_1_72' title="bbox 2203 1430 3976 1516">
     <span class='ocr_line' id='line_1_72' title="bbox 2203 1430 3976 1516; baseline 0.003 -34"><span class='ocrx_word' id='word_1_472' title='bbox 2203 1430 2312 1482; x_wconf 89' lang='lat' dir='ltr'><strong>Deo</strong></span> <span class='ocrx_word' id='word_1_473' title='bbox 2336 1430 2598 1499; x_wconf 90' lang='lat' dir='ltr'><strong>precibus</strong></span> <span class='ocrx_word' id='word_1_474' title='bbox 2623 1430 2710 1482; x_wconf 89' lang='lat' dir='ltr'><strong>sui</strong></span> <span class='ocrx_word' id='word_1_475' title='bbox 2766 1433 3190 1487; x_wconf 89' lang='lat' dir='ltr'><strong>commendare.</strong></span> <span class='ocrx_word' id='word_1_476' title='bbox 3255 1433 3341 1494; x_wconf 85' lang='lat' dir='ltr'><strong>Et,</strong></span> <span class='ocrx_word' id='word_1_477' title='bbox 3393 1438 3455 1486; x_wconf 90' lang='lat' dir='ltr'><strong>ut</strong></span> <span class='ocrx_word' id='word_1_478' title='bbox 3498 1434 3621 1487; x_wconf 70' lang='lat' dir='ltr'><strong>hinc</strong></span> <span class='ocrx_word' id='word_1_479' title='bbox 3679 1439 3907 1488; x_wconf 78' lang='lat' dir='ltr'><strong>nostrae</strong></span> <span class='ocrx_word' id='word_1_480' title='bbox 3967 1497 3976 1516; x_wconf 38' lang='grc' dir='ltr'><strong><em>θ</em></strong></span> 
     </span>
    </p>
   </div>
   <div class='ocr_carea' id='block_1_73' title="bbox 2196 1517 3976 1590">
    <p class='ocr_par' dir='ltr' id='par_1_73' title="bbox 2196 1517 3976 1590">
     <span class='ocr_line' id='line_1_73' title="bbox 2196 1517 3976 1590; baseline 0.004 -23"><span class='ocrx_word' id='word_1_481' title='bbox 2196 1517 2545 1570; x_wconf 84' lang='lat' dir='ltr'><strong>auctoritatis</strong></span> <span class='ocrx_word' id='word_1_482' title='bbox 2575 1518 2806 1571; x_wconf 87' lang='lat' dir='ltr'><strong>traditio</strong></span> <span class='ocrx_word' id='word_1_483' title='bbox 2838 1520 3003 1572; x_wconf 86' lang='lat' dir='ltr'><strong>ﬁrma</strong></span> <span class='ocrx_word' id='word_1_484' title='bbox 3034 1524 3091 1572; x_wconf 91' lang='lat' dir='ltr'><strong>et</strong></span> <span class='ocrx_word' id='word_1_485' title='bbox 3136 1520 3467 1574; x_wconf 90' lang='lat' dir='ltr'><strong>inconvnlsa</strong></span> <span class='ocrx_word' id='word_1_486' title='bbox 3531 1528 3903 1590; x_wconf 87' lang='lat' dir='ltr'><strong>permaneat,</strong></span> <span class='ocrx_word' id='word_1_487' title='bbox 3973 1519 3976 1522; x_wconf 80' lang='grc'><em>’</em></span> 
     </span>
    </p>
   </div>
   <div class='ocr_carea' id='block_1_74' title="bbox 2196 1605 3904 1681">
    <p class='ocr_par' dir='ltr' id='par_1_74' title="bbox 2196 1605 3904 1681">
     <span class='ocr_line' id='line_1_74' title="bbox 2196 1605 3904 1681; baseline 0.004 -23"><span class='ocrx_word' id='word_1_488' title='bbox 2196 1605 2301 1658; x_wconf 91' lang='lat' dir='ltr'><strong>hoc</strong></span> <span class='ocrx_word' id='word_1_489' title='bbox 2356 1606 2717 1675; x_wconf 88' lang='lat' dir='ltr'><strong>privilegium</strong></span> <span class='ocrx_word' id='word_1_490' title='bbox 2773 1606 2905 1660; x_wconf 89' lang='lat' dir='ltr'><strong>inde</strong></span> <span class='ocrx_word' id='word_1_491' title='bbox 2973 1608 3363 1678; x_wconf 87' lang='lat' dir='ltr'><strong>conscriptum</strong></span> <span class='ocrx_word' id='word_1_492' title='bbox 3411 1625 3587 1663; x_wconf 87' lang='lat' dir='ltr'><strong>manu</strong></span> <span class='ocrx_word' id='word_1_493' title='bbox 3653 1611 3904 1681; x_wconf 90' lang='lat' dir='ltr'><strong>propria</strong></span> 
     </span>
    </p>
   </div>
   <div class='ocr_carea' id='block_1_75' title="bbox 2194 1693 3907 1767">
    <p class='ocr_par' dir='ltr' id='par_1_75' title="bbox 2194 1693 3907 1767">
     <span class='ocr_line' id='line_1_75' title="bbox 2194 1693 3907 1767; baseline 0.005 -21"><span class='ocrx_word' id='word_1_494' title='bbox 2194 1693 2648 1759; x_wconf 77' lang='lat' dir='ltr'><strong>corrOborantes,</strong></span> <span class='ocrx_word' id='word_1_495' title='bbox 2711 1694 2884 1763; x_wconf 86' lang='lat' dir='ltr'><strong>sigilli</strong></span> <span class='ocrx_word' id='word_1_496' title='bbox 2944 1696 3125 1750; x_wconf 88' lang='lat' dir='ltr'><strong>nostri</strong></span> <span class='ocrx_word' id='word_1_497' title='bbox 3177 1697 3553 1767; x_wconf 85' lang='lat' dir='ltr'><strong>impressione</strong></span> <span class='ocrx_word' id='word_1_498' title='bbox 3606 1697 3907 1767; x_wconf 87' lang='lat' dir='ltr'><strong>jussimus</strong></span> 
     </span>
    </p>
   </div>
   <div class='ocr_carea' id='block_1_76' title="bbox 2196 1781 2551 1852">
    <p class='ocr_par' dir='ltr' id='par_1_76' title="bbox 2196 1781 2551 1852">
     <span class='ocr_line' id='line_1_76' title="bbox 2196 1781 2551 1852; baseline -0.003 -18"><span class='ocrx_word' id='word_1_499' title='bbox 2196 1781 2487 1852; x_wconf 80' lang='lat' dir='ltr'><strong>insigniri.</strong></span> <span class='ocrx_word' id='word_1_500' title='bbox 2526 1801 2551 1833; x_wconf 70' lang='grc' dir='ltr'><strong>»ι</strong></span> 
     </span>
    </p>
   </div>
   <div class='ocr_carea' id='block_1_77' title="bbox 2869 1870 3205 1925">
    <p class='ocr_par' dir='ltr' id='par_1_77' title="bbox 2869 1870 3205 1925">
     <span class='ocr_line' id='line_1_77' title="bbox 2869 1870 3205 1925; baseline 0.003 -1"><span class='ocrx_word' id='word_1_501' title='bbox 2869 1870 3094 1925; x_wconf 81' lang='lat' dir='ltr'>CAPUT</span> <span class='ocrx_word' id='word_1_502' title='bbox 3137 1871 3205 1925; x_wconf 93' lang='lat' dir='ltr'><strong>II.</strong></span> 
     </span>
    </p>
   </div>
   <div class='ocr_carea' id='block_1_78' title="bbox 2267 1974 3902 2044">
    <p class='ocr_par' dir='ltr' id='par_1_78' title="bbox 2267 1974 3902 2044">
     <span class='ocr_line' id='line_1_78' title="bbox 2267 1974 3902 2044; baseline 0.002 -18"><span class='ocrx_word' id='word_1_503' title='bbox 2267 1974 2347 2028; x_wconf 89' lang='lat' dir='ltr'><strong>De</strong></span> <span class='ocrx_word' id='word_1_504' title='bbox 2395 1977 2679 2028; x_wconf 75' lang='lat' dir='ltr'><strong>recentiori</strong></span> <span class='ocrx_word' id='word_1_505' title='bbox 2721 1990 2824 2044; x_wconf 83' lang='lat' dir='ltr'><strong>per</strong></span> <span class='ocrx_word' id='word_1_506' title='bbox 2870 1975 2925 2030; x_wconf 92' lang='lat' dir='ltr'><strong>S.</strong></span> <span class='ocrx_word' id='word_1_507' title='bbox 2979 1977 3268 2030; x_wconf 78' lang='lat' dir='ltr'><strong>Henricum</strong></span> <span class='ocrx_word' id='word_1_508' title='bbox 3328 1978 3574 2031; x_wconf 53' lang='lat' dir='ltr'><strong>Ecclesiae</strong></span> <span class='ocrx_word' id='word_1_509' title='bbox 3623 1979 3902 2033; x_wconf 77' lang='lat' dir='ltr'><strong>Bamber-</strong></span> 
     </span>
    </p>
   </div>
   <div class='ocr_carea' id='block_1_79' title="bbox 2775 2049 3304 2115">
    <p class='ocr_par' dir='ltr' id='par_1_79' title="bbox 2775 2049 3304 2115">
     <span class='ocr_line' id='line_1_79' title="bbox 2775 2049 3304 2115; baseline 0.006 -17"><span class='ocrx_word' id='word_1_510' title='bbox 2775 2049 2952 2112; x_wconf 79' lang='lat' dir='ltr'><strong>gensis</strong></span> <span class='ocrx_word' id='word_1_511' title='bbox 2979 2049 3304 2115; x_wconf 77' lang='lat' dir='ltr'><strong>patrocinio.</strong></span> 
     </span>
    </p>
   </div>
   <div class='ocr_carea' id='block_1_80' title="bbox 2260 2132 3905 2206">
    <p class='ocr_par' dir='ltr' id='par_1_80' title="bbox 2260 2132 3905 2206">
     <span class='ocr_line' id='line_1_80' title="bbox 2260 2132 3905 2206; baseline 0 -21"><span class='ocrx_word' id='word_1_512' title='bbox 2260 2134 2348 2186; x_wconf 86' lang='lat'><strong>29.</strong></span> <span class='ocrx_word' id='word_1_513' title='bbox 2417 2132 2727 2187; x_wconf 69' lang='lat' dir='ltr'><strong>Praemissis</strong></span> <span class='ocrx_word' id='word_1_514' title='bbox 2783 2133 3205 2204; x_wconf 79' lang='lat' dir='ltr'><strong>antiquioribus</strong></span> <span class='ocrx_word' id='word_1_515' title='bbox 3265 2135 3444 2188; x_wconf 84' lang='lat' dir='ltr'><strong>sancti</strong></span> <span class='ocrx_word' id='word_1_516' title='bbox 3519 2135 3905 2206; x_wconf 84' lang='lat' dir='ltr'><strong>Imperatoris</strong></span> 
     </span>
    </p>
   </div>
   <div class='ocr_carea' id='block_1_81' title="bbox 2191 2217 3901 2293">
    <p class='ocr_par' dir='ltr' id='par_1_81' title="bbox 2191 2217 3901 2293">
     <span class='ocr_line' id='line_1_81' title="bbox 2191 2217 3901 2293; baseline 0.002 -22"><span class='ocrx_word' id='word_1_517' title='bbox 2191 2217 2480 2273; x_wconf 86' lang='lat' dir='ltr'><strong>miraculis</strong></span> <span class='ocrx_word' id='word_1_518' title='bbox 2519 2220 2665 2274; x_wconf 91' lang='lat' dir='ltr'><strong>hanc</strong></span> <span class='ocrx_word' id='word_1_519' title='bbox 2695 2220 3073 2291; x_wconf 88' lang='lat' dir='ltr'><strong>appendicem</strong></span> <span class='ocrx_word' id='word_1_520' title='bbox 3107 2221 3413 2292; x_wconf 88' lang='lat' dir='ltr'><strong>subjungo,</strong></span> <span class='ocrx_word' id='word_1_521' title='bbox 3473 2238 3649 2293; x_wconf 87' lang='lat' dir='ltr'><strong>quam</strong></span> <span class='ocrx_word' id='word_1_522' title='bbox 3704 2227 3901 2276; x_wconf 89' lang='lat' dir='ltr'><strong>totam</strong></span> 
     </span>
    </p>
   </div>
   <div class='ocr_carea' id='block_1_82' title="bbox 2188 2308 3906 2381">
    <p class='ocr_par' dir='ltr' id='par_1_82' title="bbox 2188 2308 3906 2381">
     <span class='ocr_line' id='line_1_82' title="bbox 2188 2308 3906 2381; baseline 0.002 -23"><span class='ocrx_word' id='word_1_523' title='bbox 2188 2314 2446 2360; x_wconf 90' lang='lat' dir='ltr'><strong>accurate</strong></span> <span class='ocrx_word' id='word_1_524' title='bbox 2479 2309 2710 2377; x_wconf 90' lang='lat' dir='ltr'><strong>collegit</strong></span> <span class='ocrx_word' id='word_1_525' title='bbox 2769 2308 3122 2380; x_wconf 90' lang='lat' dir='ltr'><strong>digessitque</strong></span> <span class='ocrx_word' id='word_1_526' title='bbox 3180 2310 3445 2365; x_wconf 88' lang='lat' dir='ltr'><strong>laudatus</strong></span> <span class='ocrx_word' id='word_1_527' title='bbox 3497 2327 3672 2381; x_wconf 88' lang='lat' dir='ltr'><strong>supra</strong></span> <span class='ocrx_word' id='word_1_528' title='bbox 3718 2311 3906 2364; x_wconf 82' lang='lat' dir='ltr'><strong>toties</strong></span> 
     </span>
    </p>
   </div>
   <div class='ocr_carea' id='block_1_83' title="bbox 2188 2395 3903 2468">
    <p class='ocr_par' dir='ltr' id='par_1_83' title="bbox 2188 2395 3903 2468">
     <span class='ocr_line' id='line_1_83' title="bbox 2188 2395 3903 2468; baseline 0.002 -20"><span class='ocrx_word' id='word_1_529' title='bbox 2188 2395 2254 2448; x_wconf 85' lang='lat' dir='ltr'><strong>R.</strong></span> <span class='ocrx_word' id='word_1_530' title='bbox 2289 2397 2350 2448; x_wconf 87' lang='grc' dir='ltr'><strong>Ρ.</strong></span> <span class='ocrx_word' id='word_1_531' title='bbox 2403 2396 2665 2450; x_wconf 76' lang='lat' dir='ltr'><strong>Nicolaus</strong></span> <span class='ocrx_word' id='word_1_532' title='bbox 2695 2398 2880 2463; x_wconf 87' lang='lat' dir='ltr'><strong>Pottu,</strong></span> <span class='ocrx_word' id='word_1_533' title='bbox 2948 2398 3177 2468; x_wconf 90' lang='lat' dir='ltr'><strong>collegii</strong></span> <span class='ocrx_word' id='word_1_534' title='bbox 3208 2399 3388 2452; x_wconf 89' lang='lat' dir='ltr'><strong>nostri</strong></span> <span class='ocrx_word' id='word_1_535' title='bbox 3446 2399 3903 2468; x_wconf 88' lang='lat' dir='ltr'><strong>Bambergensis</strong></span> 
     </span>
    </p>
   </div>
   <div class='ocr_carea' id='block_1_84' title="bbox 2185 2483 3897 2557">
    <p class='ocr_par' dir='ltr' id='par_1_84' title="bbox 2185 2483 3897 2557">
     <span class='ocr_line' id='line_1_84' title="bbox 2185 2483 3897 2557; baseline 0.002 -21"><span class='ocrx_word' id='word_1_536' title='bbox 2185 2483 2555 2551; x_wconf 88' lang='lat' dir='ltr'><strong>dignissimus</strong></span> <span class='ocrx_word' id='word_1_537' title='bbox 2609 2485 2832 2550; x_wconf 77' lang='lat' dir='ltr'><strong>Hector,</strong></span> <span class='ocrx_word' id='word_1_538' title='bbox 2883 2486 2943 2539; x_wconf 91' lang='lat' dir='ltr'><strong>in</strong></span> <span class='ocrx_word' id='word_1_539' title='bbox 2992 2487 3479 2541; x_wconf 88' lang='lat' dir='ltr'><strong>sanctissimorum</strong></span> <span class='ocrx_word' id='word_1_540' title='bbox 3531 2487 3897 2557; x_wconf 90' lang='lat' dir='ltr'><strong>Conjngum,</strong></span> 
     </span>
    </p>
   </div>
   <div class='ocr_carea' id='block_1_85' title="bbox 2185 2572 3902 2644">
    <p class='ocr_par' dir='ltr' id='par_1_85' title="bbox 2185 2572 3902 2644">
     <span class='ocr_line' id='line_1_85' title="bbox 2185 2572 3902 2644; baseline 0.002 -20"><span class='ocrx_word' id='word_1_541' title='bbox 2185 2572 2437 2626; x_wconf 69' lang='lat' dir='ltr'><strong>ecclesias</strong></span> <span class='ocrx_word' id='word_1_542' title='bbox 2472 2573 2900 2642; x_wconf 88' lang='lat' dir='ltr'><strong>Bambergensis</strong></span> <span class='ocrx_word' id='word_1_543' title='bbox 2929 2573 3320 2637; x_wconf 87' lang='lat' dir='ltr'><strong>fundatorum,</strong></span> <span class='ocrx_word' id='word_1_544' title='bbox 3348 2574 3614 2644; x_wconf 90' lang='lat' dir='ltr'><strong>gloriam,</strong></span> <span class='ocrx_word' id='word_1_545' title='bbox 3649 2591 3712 2627; x_wconf 86' lang='lat' dir='ltr'><strong>ac</strong></span> <span class='ocrx_word' id='word_1_546' title='bbox 3735 2573 3902 2627; x_wconf 82' lang='lat' dir='ltr'><strong>duo-</strong></span> 
     </span>
    </p>
   </div>
   <div class='ocr_carea' id='block_1_86' title="bbox 2186 2659 3971 2730">
    <p class='ocr_par' dir='ltr' id='par_1_86' title="bbox 2186 2659 3971 2730">
     <span class='ocr_line' id='line_1_86' title="bbox 2186 2659 3971 2730; baseline 0.001 -18"><span class='ocrx_word' id='word_1_547' title='bbox 2186 2674 2314 2713; x_wconf 89' lang='lat' dir='ltr'><strong>rum</strong></span> <span class='ocrx_word' id='word_1_548' title='bbox 2345 2659 2867 2729; x_wconf 88' lang='lat' dir='ltr'><strong>insignissimorum</strong></span> <span class='ocrx_word' id='word_1_549' title='bbox 2889 2660 3225 2728; x_wconf 75' lang='lat' dir='ltr'><strong>Praesulum,</strong></span> <span class='ocrx_word' id='word_1_550' title='bbox 3255 2661 3512 2730; x_wconf 87' lang='lat' dir='ltr'><strong>ipsorum</strong></span> <span class='ocrx_word' id='word_1_551' title='bbox 3555 2661 3902 2727; x_wconf 80' lang='lat' dir='ltr'><strong>clientium,</strong></span> <span class='ocrx_word' id='word_1_552' title='bbox 3958 2679 3971 2698; x_wconf 64' lang='grc' dir='ltr'><strong>ν</strong></span> 
     </span>
    </p>
   </div>
   <div class='ocr_carea' id='block_1_87' title="bbox 2185 2749 3900 2818">
    <p class='ocr_par' dir='ltr' id='par_1_87' title="bbox 2185 2749 3900 2818">
     <span class='ocr_line' id='line_1_87' title="bbox 2185 2749 3900 2818; baseline 0.002 -17"><span class='ocrx_word' id='word_1_553' title='bbox 2185 2749 2449 2802; x_wconf 89' lang='lat' dir='ltr'><strong>meritam</strong></span> <span class='ocrx_word' id='word_1_554' title='bbox 2481 2749 3069 2802; x_wconf 86' lang='lat' dir='ltr'><strong>commendationem.</strong></span> <span class='ocrx_word' id='word_1_555' title='bbox 3111 2749 3306 2803; x_wconf 86' lang='lat' dir='ltr'><strong>Virum</strong></span> <span class='ocrx_word' id='word_1_556' title='bbox 3365 2749 3900 2818; x_wconf 86' lang='lat' dir='ltr'><strong>interrogaveram,</strong></span> 
     </span>
    </p>
   </div>
   <div class='ocr_carea' id='block_1_88' title="bbox 2183 2833 3901 2905">
    <p class='ocr_par' dir='ltr' id='par_1_88' title="bbox 2183 2833 3901 2905">
     <span class='ocr_line' id='line_1_88' title="bbox 2183 2833 3901 2905; baseline -0.001 -16"><span class='ocrx_word' id='word_1_557' title='bbox 2183 2837 2477 2890; x_wconf 89' lang='lat' dir='ltr'><strong>nullamne</strong></span> <span class='ocrx_word' id='word_1_558' title='bbox 2506 2836 2954 2904; x_wconf 81' lang='lat' dir='ltr'><strong>Bambergenses</strong></span> <span class='ocrx_word' id='word_1_559' title='bbox 2975 2835 3388 2889; x_wconf 86' lang='lat' dir='ltr'><strong>miraculorum</strong></span> <span class='ocrx_word' id='word_1_560' title='bbox 3423 2833 3729 2905; x_wconf 89' lang='lat' dir='ltr'><strong>postremis</strong></span> <span class='ocrx_word' id='word_1_561' title='bbox 3759 2834 3901 2888; x_wconf 90' lang='lat' dir='ltr'><strong>his—</strong></span> 
     </span>
    </p>
   </div>
   <div class='ocr_carea' id='block_1_89' title="bbox 2182 2921 3904 2993">
    <p class='ocr_par' dir='ltr' id='par_1_89' title="bbox 2182 2921 3904 2993">
     <span class='ocr_line' id='line_1_89' title="bbox 2182 2921 3904 2993; baseline 0 -17"><span class='ocrx_word' id='word_1_562' title='bbox 2182 2939 2244 2976; x_wconf 92' lang='lat' dir='ltr'><strong>ce</strong></span> <span class='ocrx_word' id='word_1_563' title='bbox 2266 2923 2483 2976; x_wconf 62' lang='lat' dir='ltr'><strong>saeculis</strong></span> <span class='ocrx_word' id='word_1_564' title='bbox 2511 2939 2610 2993; x_wconf 90' lang='lat' dir='ltr'><strong>per</strong></span> <span class='ocrx_word' id='word_1_565' title='bbox 2641 2922 2874 2977; x_wconf 86' lang='lat' dir='ltr'><strong>Sanctos</strong></span> <span class='ocrx_word' id='word_1_566' title='bbox 2895 2928 3252 2992; x_wconf 89' lang='lat' dir='ltr'><strong>patratorum</strong></span> <span class='ocrx_word' id='word_1_567' title='bbox 3310 2922 3593 2976; x_wconf 89' lang='lat' dir='ltr'><strong>rationem</strong></span> <span class='ocrx_word' id='word_1_568' title='bbox 3648 2921 3904 2976; x_wconf 84' lang='lat' dir='ltr'><strong>habuis-</strong></span> 
     </span>
    </p>
   </div>
   <div class='ocr_carea' id='block_1_90' title="bbox 2183 3008 3900 3080">
    <p class='ocr_par' dir='ltr' id='par_1_90' title="bbox 2183 3008 3900 3080">
     <span class='ocr_line' id='line_1_90' title="bbox 2183 3008 3900 3080; baseline 0.002 -19"><span class='ocrx_word' id='word_1_569' title='bbox 2183 3015 2324 3072; x_wconf 90' lang='lat' dir='ltr'><strong>sent,</strong></span> <span class='ocrx_word' id='word_1_570' title='bbox 2356 3025 2603 3080; x_wconf 89' lang='lat' dir='ltr'><strong>quorum</strong></span> <span class='ocrx_word' id='word_1_571' title='bbox 2660 3011 2932 3062; x_wconf 86' lang='lat' dir='ltr'><strong>elenchus</strong></span> <span class='ocrx_word' id='word_1_572' title='bbox 2987 3009 3078 3063; x_wconf 91' lang='lat' dir='ltr'><strong>hic</strong></span> <span class='ocrx_word' id='word_1_573' title='bbox 3128 3009 3302 3062; x_wconf 88' lang='lat' dir='ltr'><strong>etiam</strong></span> <span class='ocrx_word' id='word_1_574' title='bbox 3365 3008 3591 3062; x_wconf 89' lang='lat' dir='ltr'><strong>aduecti</strong></span> <span class='ocrx_word' id='word_1_575' title='bbox 3649 3010 3900 3078; x_wconf 82' lang='lat' dir='ltr'><strong>posset?</strong></span> 
     </span>
    </p>
   </div>
   <div class='ocr_carea' id='block_1_91' title="bbox 2181 3097 3904 3168">
    <p class='ocr_par' dir='ltr' id='par_1_91' title="bbox 2181 3097 3904 3168">
     <span class='ocr_line' id='line_1_91' title="bbox 2181 3097 3904 3168; baseline 0.001 -21"><span class='ocrx_word' id='word_1_576' title='bbox 2181 3097 2326 3150; x_wconf 89' lang='lat' dir='ltr'><strong>Voce</strong></span> <span class='ocrx_word' id='word_1_577' title='bbox 2358 3103 2539 3164; x_wconf 89' lang='lat' dir='ltr'><strong>muta,</strong></span> <span class='ocrx_word' id='word_1_578' title='bbox 2573 3102 2630 3149; x_wconf 94' lang='lat' dir='ltr'><strong>ut</strong></span> <span class='ocrx_word' id='word_1_579' title='bbox 2654 3097 2733 3149; x_wconf 90' lang='lat' dir='ltr'><strong>ita</strong></span> <span class='ocrx_word' id='word_1_580' title='bbox 2756 3099 2977 3166; x_wconf 89' lang='lat' dir='ltr'><strong>loquar,</strong></span> <span class='ocrx_word' id='word_1_581' title='bbox 3025 3097 3338 3165; x_wconf 89' lang='lat' dir='ltr'><strong>respondit,</strong></span> <span class='ocrx_word' id='word_1_582' title='bbox 3398 3097 3734 3166; x_wconf 65' lang='lat' dir='ltr'><strong>prmdictam</strong></span> <span class='ocrx_word' id='word_1_583' title='bbox 3782 3113 3904 3168; x_wconf 87' lang='lat' dir='ltr'><strong>ap-</strong></span> 
     </span>
    </p>
   </div>
   <div class='ocr_carea' id='block_1_92' title="bbox 2180 3183 3901 3254">
    <p class='ocr_par' dir='ltr' id='par_1_92' title="bbox 2180 3183 3901 3254">
     <span class='ocr_line' id='line_1_92' title="bbox 2180 3183 3901 3254; baseline 0.001 -18"><span class='ocrx_word' id='word_1_584' title='bbox 2180 3185 2480 3254; x_wconf 90' lang='lat' dir='ltr'><strong>pendicem</strong></span> <span class='ocrx_word' id='word_1_585' title='bbox 2539 3199 2635 3236; x_wconf 87' lang='lat' dir='ltr'><strong>seu</strong></span> <span class='ocrx_word' id='word_1_586' title='bbox 2673 3190 2975 3236; x_wconf 83' lang='lat' dir='ltr'><strong>tractatum</strong></span> <span class='ocrx_word' id='word_1_587' title='bbox 3029 3183 3440 3248; x_wconf 86' lang='lat' dir='ltr'><strong>submittendo,</strong></span> <span class='ocrx_word' id='word_1_588' title='bbox 3483 3199 3676 3253; x_wconf 91' lang='lat' dir='ltr'><strong>quem,</strong></span> <span class='ocrx_word' id='word_1_589' title='bbox 3747 3183 3901 3237; x_wconf 88' lang='lat' dir='ltr'><strong>licet</strong></span> 
     </span>
    </p>
   </div>
   <div class='ocr_carea' id='block_1_93' title="bbox 2178 3269 3973 3340">
    <p class='ocr_par' dir='ltr' id='par_1_93' title="bbox 2178 3269 3973 3340">
     <span class='ocr_line' id='line_1_93' title="bbox 2178 3269 3973 3340; baseline 0.003 -18"><span class='ocrx_word' id='word_1_590' title='bbox 2178 3271 2417 3322; x_wconf 84' lang='lat' dir='ltr'><strong>arbritio</strong></span> <span class='ocrx_word' id='word_1_591' title='bbox 2469 3287 2595 3323; x_wconf 89' lang='lat' dir='ltr'><strong>meo</strong></span> <span class='ocrx_word' id='word_1_592' title='bbox 2623 3272 2794 3339; x_wconf 89' lang='lat' dir='ltr'><strong>plane</strong></span> <span class='ocrx_word' id='word_1_593' title='bbox 2849 3270 3168 3340; x_wconf 87' lang='lat' dir='ltr'><strong>reliquerit,</strong></span> <span class='ocrx_word' id='word_1_594' title='bbox 3194 3269 3472 3323; x_wconf 91' lang='lat' dir='ltr'><strong>intactum</strong></span> <span class='ocrx_word' id='word_1_595' title='bbox 3509 3285 3615 3339; x_wconf 85' lang='lat' dir='ltr'><strong>ego</strong></span> <span class='ocrx_word' id='word_1_596' title='bbox 3647 3276 3704 3323; x_wconf 89' lang='lat' dir='ltr'><strong>et</strong></span> <span class='ocrx_word' id='word_1_597' title='bbox 3733 3271 3898 3324; x_wconf 86' lang='lat' dir='ltr'><strong>inte-</strong></span> <span class='ocrx_word' id='word_1_598' title='bbox 3972 3312 3973 3327; x_wconf 54' lang='grc' dir='ltr'><strong>η</strong></span> 
     </span>
    </p>
   </div>
   <div class='ocr_carea' id='block_1_94' title="bbox 2177 3357 3889 3428">
    <p class='ocr_par' dir='ltr' id='par_1_94' title="bbox 2177 3357 3889 3428">
     <span class='ocr_line' id='line_1_94' title="bbox 2177 3357 3889 3428; baseline -0.001 -17"><span class='ocrx_word' id='word_1_599' title='bbox 2177 3374 2344 3428; x_wconf 90' lang='lat' dir='ltr'><strong>grum</strong></span> <span class='ocrx_word' id='word_1_600' title='bbox 2381 3359 2734 3413; x_wconf 90' lang='lat' dir='ltr'><strong>reddendum</strong></span> <span class='ocrx_word' id='word_1_601' title='bbox 2755 3357 2972 3423; x_wconf 90' lang='lat' dir='ltr'><strong>censui,</strong></span> <span class='ocrx_word' id='word_1_602' title='bbox 3009 3363 3072 3410; x_wconf 90' lang='lat' dir='ltr'><strong>ut</strong></span> <span class='ocrx_word' id='word_1_603' title='bbox 3100 3363 3232 3427; x_wconf 88' lang='lat' dir='ltr'><strong>pote</strong></span> <span class='ocrx_word' id='word_1_604' title='bbox 3265 3373 3327 3411; x_wconf 85' lang='lat' dir='ltr'><strong>ex</strong></span> <span class='ocrx_word' id='word_1_605' title='bbox 3355 3357 3426 3410; x_wconf 88' lang='lat' dir='ltr'><strong>iis</strong></span> <span class='ocrx_word' id='word_1_606' title='bbox 3473 3360 3889 3411; x_wconf 87' lang='lat' dir='ltr'><strong>monumentis</strong></span> 
     </span>
    </p>
   </div>
   <div class='ocr_carea' id='block_1_95' title="bbox 2177 3445 3895 3516">
    <p class='ocr_par' dir='ltr' id='par_1_95' title="bbox 2177 3445 3895 3516">
     <span class='ocr_line' id='line_1_95' title="bbox 2177 3445 3895 3516; baseline 0 -16"><span class='ocrx_word' id='word_1_607' title='bbox 2177 3449 2582 3500; x_wconf 87' lang='lat' dir='ltr'><strong>concinnatum</strong></span> <span class='ocrx_word' id='word_1_608' title='bbox 2629 3447 2839 3516; x_wconf 89' lang='lat' dir='ltr'><strong>quibus</strong></span> <span class='ocrx_word' id='word_1_609' title='bbox 2877 3461 2982 3499; x_wconf 91' lang='lat' dir='ltr'><strong>nec</strong></span> <span class='ocrx_word' id='word_1_610' title='bbox 3027 3445 3357 3499; x_wconf 89' lang='lat' dir='ltr'><strong>addendum</strong></span> <span class='ocrx_word' id='word_1_611' title='bbox 3391 3446 3708 3515; x_wconf 84' lang='lat' dir='ltr'><strong>quidquam</strong></span> <span class='ocrx_word' id='word_1_612' title='bbox 3771 3462 3895 3500; x_wconf 84' lang='lat' dir='ltr'><strong>nec</strong></span> 
     </span>
    </p>
   </div>
   <div class='ocr_carea' id='block_1_96' title="bbox 2177 3531 3892 3600">
    <p class='ocr_par' dir='ltr' id='par_1_96' title="bbox 2177 3531 3892 3600">
     <span class='ocr_line' id='line_1_96' title="bbox 2177 3531 3892 3600; baseline -0.001 -13"><span class='ocrx_word' id='word_1_613' title='bbox 2177 3533 2528 3587; x_wconf 88' lang='lat' dir='ltr'><strong>demendum</strong></span> <span class='ocrx_word' id='word_1_614' title='bbox 2585 3531 3074 3586; x_wconf 86' lang='lat' dir='ltr'><strong>existimaverim:</strong></span> <span class='ocrx_word' id='word_1_615' title='bbox 3126 3537 3183 3584; x_wconf 89' lang='lat' dir='ltr'><strong>et</strong></span> <span class='ocrx_word' id='word_1_616' title='bbox 3229 3531 3492 3600; x_wconf 88' lang='lat' dir='ltr'><strong>quamvis</strong></span> <span class='ocrx_word' id='word_1_617' title='bbox 3542 3531 3892 3586; x_wconf 85' lang='lat' dir='ltr'><strong>Henriciani</strong></span> 
     </span>
    </p>
   </div>
   <div class='ocr_carea' id='block_1_97' title="bbox 2176 3618 3895 3689">
    <p class='ocr_par' dir='ltr' id='par_1_97' title="bbox 2176 3618 3895 3689">
     <span class='ocr_line' id='line_1_97' title="bbox 2176 3618 3895 3689; baseline -0.002 -14"><span class='ocrx_word' id='word_1_618' title='bbox 2176 3622 2416 3688; x_wconf 80' lang='lat' dir='ltr'><strong>favores,</strong></span> <span class='ocrx_word' id='word_1_619' title='bbox 2447 3620 2684 3674; x_wconf 90' lang='lat' dir='ltr'><strong>seorsim</strong></span> <span class='ocrx_word' id='word_1_620' title='bbox 2707 3635 2740 3673; x_wconf 89' lang='lat' dir='ltr'><strong>a</strong></span> <span class='ocrx_word' id='word_1_621' title='bbox 2777 3619 3015 3684; x_wconf 72' lang='lat' dir='ltr'><strong>caeteris,</strong></span> <span class='ocrx_word' id='word_1_622' title='bbox 3043 3620 3101 3672; x_wconf 93' lang='lat' dir='ltr'><strong>in</strong></span> <span class='ocrx_word' id='word_1_623' title='bbox 3131 3620 3406 3688; x_wconf 86' lang='lat' dir='ltr'><strong>pauciora</strong></span> <span class='ocrx_word' id='word_1_624' title='bbox 3453 3618 3716 3675; x_wconf 86' lang='lat' dir='ltr'><strong>contrahi</strong></span> <span class='ocrx_word' id='word_1_625' title='bbox 3781 3635 3895 3689; x_wconf 84' lang='lat' dir='ltr'><strong>po-</strong></span> 
     </span>
    </p>
   </div>
   <div class='ocr_carea' id='block_1_98' title="bbox 2176 3706 3893 3778">
    <p class='ocr_par' dir='ltr' id='par_1_98' title="bbox 2176 3706 3893 3778">
     <span class='ocr_line' id='line_1_98' title="bbox 2176 3706 3893 3778; baseline 0.001 -17"><span class='ocrx_word' id='word_1_626' title='bbox 2176 3708 2439 3773; x_wconf 88' lang='lat' dir='ltr'><strong>tuissent,</strong></span> <span class='ocrx_word' id='word_1_627' title='bbox 2467 3713 2582 3760; x_wconf 90' lang='lat' dir='ltr'><strong>tam</strong></span> <span class='ocrx_word' id='word_1_628' title='bbox 2611 3708 2885 3778; x_wconf 66' lang='lat' dir='ltr'><strong>praeclara</strong></span> <span class='ocrx_word' id='word_1_629' title='bbox 2917 3706 3296 3760; x_wconf 87' lang='lat' dir='ltr'><strong>nihilominus</strong></span> <span class='ocrx_word' id='word_1_630' title='bbox 3327 3706 3448 3760; x_wconf 85' lang='lat' dir='ltr'><strong>visa</strong></span> <span class='ocrx_word' id='word_1_631' title='bbox 3500 3711 3637 3760; x_wconf 91' lang='lat' dir='ltr'><strong>sunt</strong></span> <span class='ocrx_word' id='word_1_632' title='bbox 3695 3707 3893 3762; x_wconf 89' lang='lat' dir='ltr'><strong>virtu-</strong></span> 
     </span>
    </p>
   </div>
   <div class='ocr_carea' id='block_1_99' title="bbox 2175 3793 3890 3865">
    <p class='ocr_par' dir='ltr' id='par_1_99' title="bbox 2175 3793 3890 3865">
     <span class='ocr_line' id='line_1_99' title="bbox 2175 3793 3890 3865; baseline 0 -17"><span class='ocrx_word' id='word_1_633' title='bbox 2175 3801 2295 3848; x_wconf 93' lang='lat' dir='ltr'><strong>tum</strong></span> <span class='ocrx_word' id='word_1_634' title='bbox 2322 3795 2602 3865; x_wconf 82' lang='lat' dir='ltr'><strong>exempla,</strong></span> <span class='ocrx_word' id='word_1_635' title='bbox 2635 3809 2668 3846; x_wconf 91' lang='lat' dir='ltr'><strong>a</strong></span> <span class='ocrx_word' id='word_1_636' title='bbox 2698 3793 2846 3847; x_wconf 89' lang='lat' dir='ltr'><strong>binis</strong></span> <span class='ocrx_word' id='word_1_637' title='bbox 2876 3793 3309 3862; x_wconf 89' lang='lat' dir='ltr'><strong>Bambergensis</strong></span> <span class='ocrx_word' id='word_1_638' title='bbox 3340 3793 3592 3847; x_wconf 65' lang='lat' dir='ltr'><strong>ecclesiae.</strong></span> <span class='ocrx_word' id='word_1_639' title='bbox 3645 3793 3890 3862; x_wconf 87' lang='lat' dir='ltr'><strong>Episco-</strong></span> 
     </span>
    </p>
   </div>
   <div class='ocr_carea' id='block_1_100' title="bbox 2173 3880 3891 3954">
    <p class='ocr_par' dir='ltr' id='par_1_100' title="bbox 2173 3880 3891 3954">
     <span class='ocr_line' id='line_1_100' title="bbox 2173 3880 3891 3954; baseline -0.002 -16"><span class='ocrx_word' id='word_1_640' title='bbox 2173 3885 2284 3954; x_wconf 90' lang='lat' dir='ltr'><strong>pis,</strong></span> <span class='ocrx_word' id='word_1_641' title='bbox 2311 3884 2371 3938; x_wconf 93' lang='lat' dir='ltr'><strong>S.</strong></span> <span class='ocrx_word' id='word_1_642' title='bbox 2416 3883 2658 3938; x_wconf 85' lang='lat' dir='ltr'><strong>Henrico</strong></span> <span class='ocrx_word' id='word_1_643' title='bbox 2693 3881 3057 3952; x_wconf 90' lang='lat' dir='ltr'><strong>potissimum</strong></span> <span class='ocrx_word' id='word_1_644' title='bbox 3105 3881 3446 3950; x_wconf 87' lang='lat' dir='ltr'><strong>opitulante,</strong></span> <span class='ocrx_word' id='word_1_645' title='bbox 3479 3880 3604 3934; x_wconf 89' lang='lat' dir='ltr'><strong>orbi</strong></span> <span class='ocrx_word' id='word_1_646' title='bbox 3659 3881 3891 3935; x_wconf 87' lang='lat' dir='ltr'><strong>Catho-</strong></span> 
     </span>
    </p>
   </div>
   <div class='ocr_carea' id='block_1_101' title="bbox 2175 3969 3892 4036">
    <p class='ocr_par' dir='ltr' id='par_1_101' title="bbox 2175 3969 3892 4036">
     <span class='ocr_line' id='line_1_101' title="bbox 2175 3969 3892 4036; baseline -0.002 -9"><span class='ocrx_word' id='word_1_647' title='bbox 2175 3972 2283 4027; x_wconf 94' lang='lat' dir='ltr'><strong>lico</strong></span> <span class='ocrx_word' id='word_1_648' title='bbox 2322 3972 2597 4036; x_wconf 81' lang='lat' dir='ltr'><strong>exhibita,</strong></span> <span class='ocrx_word' id='word_1_649' title='bbox 2631 3975 2693 4024; x_wconf 90' lang='lat' dir='ltr'><strong>ut</strong></span> <span class='ocrx_word' id='word_1_650' title='bbox 2748 3970 2839 4024; x_wconf 83' lang='lat' dir='ltr'><strong>hic</strong></span> <span class='ocrx_word' id='word_1_651' title='bbox 2877 3970 3067 4023; x_wconf 93' lang='lat' dir='ltr'><strong>locum</strong></span> <span class='ocrx_word' id='word_1_652' title='bbox 3112 3969 3325 4023; x_wconf 88' lang='lat' dir='ltr'><strong>habere</strong></span> <span class='ocrx_word' id='word_1_653' title='bbox 3383 3975 3738 4023; x_wconf 88' lang='lat' dir='ltr'><strong>mereantur.</strong></span> <span class='ocrx_word' id='word_1_654' title='bbox 3807 3971 3892 4024; x_wconf 83' lang='lat' dir='ltr'><strong>Ex</strong></span> 
     </span>
    </p>
   </div>
   <div class='ocr_carea' id='block_1_102' title="bbox 2173 4057 3891 4132">
    <p class='ocr_par' dir='ltr' id='par_1_102' title="bbox 2173 4057 3891 4132">
     <span class='ocr_line' id='line_1_102' title="bbox 2173 4057 3891 4132; baseline -0.001 -18"><span class='ocrx_word' id='word_1_655' title='bbox 2173 4061 2297 4132; x_wconf 90' lang='lat' dir='ltr'><strong>ipsa</strong></span> <span class='ocrx_word' id='word_1_656' title='bbox 2321 4060 2670 4124; x_wconf 90' lang='lat' dir='ltr'><strong>narratione,</strong></span> <span class='ocrx_word' id='word_1_657' title='bbox 2694 4074 2727 4112; x_wconf 93' lang='lat' dir='ltr'><strong>a</strong></span> <span class='ocrx_word' id='word_1_658' title='bbox 2753 4057 3017 4112; x_wconf 84' lang='lat' dir='ltr'><strong>Pottuvio</strong></span> <span class='ocrx_word' id='word_1_659' title='bbox 3049 4062 3195 4110; x_wconf 87' lang='lat' dir='ltr'><strong>recte</strong></span> <span class='ocrx_word' id='word_1_660' title='bbox 3247 4057 3607 4123; x_wconf 89' lang='lat' dir='ltr'><strong>concinnata,</strong></span> <span class='ocrx_word' id='word_1_661' title='bbox 3661 4057 3891 4112; x_wconf 88' lang='lat' dir='ltr'><strong>intelli-</strong></span> 
     </span>
    </p>
   </div>
   <div class='ocr_carea' id='block_1_103' title="bbox 2172 4144 3883 4218">
    <p class='ocr_par' dir='ltr' id='par_1_103' title="bbox 2172 4144 3883 4218">
     <span class='ocr_line' id='line_1_103' title="bbox 2172 4144 3883 4218; baseline 0.001 -18"><span class='ocrx_word' id='word_1_662' title='bbox 2172 4148 2330 4218; x_wconf 89' lang='lat' dir='ltr'><strong>gitur</strong></span> <span class='ocrx_word' id='word_1_663' title='bbox 2359 4147 2538 4201; x_wconf 89' lang='lat' dir='ltr'><strong>totius</strong></span> <span class='ocrx_word' id='word_1_664' title='bbox 2591 4146 2670 4200; x_wconf 87' lang='lat' dir='ltr'><strong>rei</strong></span> <span class='ocrx_word' id='word_1_665' title='bbox 2719 4145 3060 4214; x_wconf 70' lang='lat' dir='ltr'><strong>aaconomia,</strong></span> <span class='ocrx_word' id='word_1_666' title='bbox 3115 4144 3207 4198; x_wconf 93' lang='lat' dir='ltr'><strong>cui</strong></span> <span class='ocrx_word' id='word_1_667' title='bbox 3284 4144 3375 4199; x_wconf 85' lang='lat' dir='ltr'><strong>hic</strong></span> <span class='ocrx_word' id='word_1_668' title='bbox 3437 4145 3634 4198; x_wconf 89' lang='lat' dir='ltr'><strong>titulus</strong></span> <span class='ocrx_word' id='word_1_669' title='bbox 3678 4147 3883 4215; x_wconf 64' lang='lat' dir='ltr'><strong>praeﬁ-</strong></span> 
     </span>
    </p>
   </div>
   <div class='ocr_carea' id='block_1_104' title="bbox 2174 4239 2410 4286">
    <p class='ocr_par' dir='ltr' id='par_1_104' title="bbox 2174 4239 2410 4286">
     <span class='ocr_line' id='line_1_104' title="bbox 2174 4239 2410 4286; baseline 0 0"><span class='ocrx_word' id='word_1_670' title='bbox 2174 4249 2277 4286; x_wconf 91' lang='lat' dir='ltr'><strong>xus</strong></span> <span class='ocrx_word' id='word_1_671' title='bbox 2305 4239 2410 4286; x_wconf 86' lang='lat' dir='ltr'><strong>est.</strong></span> 
     </span>
    </p>
   </div>
   <div class='ocr_carea' id='block_1_105' title="bbox 3336 4338 3884 4406">
    <p class='ocr_par' dir='ltr' id='par_1_105' title="bbox 3336 4338 3884 4406">
     <span class='ocr_line' id='line_1_105' title="bbox 3336 4338 3884 4406; baseline 0.005 -16"><span class='ocrx_word' id='word_1_672' title='bbox 3336 4339 3572 4406; x_wconf 54' lang='lat' dir='ltr'><strong>praesnti</strong></span> <span class='ocrx_word' id='word_1_673' title='bbox 3653 4338 3884 4393; x_wconf 86' lang='lat' dir='ltr'><strong>duobus</strong></span> 
     </span>
    </p>
   </div>
   <div class='ocr_carea' id='block_1_106' title="bbox 2598 4407 3435 4476">
    <p class='ocr_par' dir='ltr' id='par_1_106' title="bbox 2598 4407 3435 4476">
     <span class='ocr_line' id='line_1_106' title="bbox 2598 4407 3435 4476; baseline -0.004 -15"><span class='ocrx_word' id='word_1_674' title='bbox 2598 4408 2888 4476; x_wconf 83' lang='lat' dir='ltr'><strong>Episcopis</strong></span> <span class='ocrx_word' id='word_1_675' title='bbox 2933 4407 3435 4474; x_wconf 80' lang='lat' dir='ltr'><strong>Bambergensibus.</strong></span> 
     </span>
    </p>
   </div>
   <div class='ocr_carea' id='block_1_107' title="bbox 2240 4495 3884 4565">
    <p class='ocr_par' dir='ltr' id='par_1_107' title="bbox 2240 4495 3884 4565">
     <span class='ocr_line' id='line_1_107' title="bbox 2240 4495 3884 4565; baseline -0.001 -13"><span class='ocrx_word' id='word_1_676' title='bbox 2240 4499 2307 4552; x_wconf 86' lang='lat'><strong>30</strong></span> <span class='ocrx_word' id='word_1_677' title='bbox 2365 4519 2390 4545; x_wconf 79' lang='grc' dir='ltr'><strong>(ι</strong></span> <span class='ocrx_word' id='word_1_678' title='bbox 2425 4496 2729 4552; x_wconf 90' lang='lat' dir='ltr'><strong>Postremis</strong></span> <span class='ocrx_word' id='word_1_679' title='bbox 2753 4495 2905 4548; x_wconf 87' lang='lat' dir='ltr'><strong>hisce</strong></span> <span class='ocrx_word' id='word_1_680' title='bbox 2937 4495 3179 4558; x_wconf 69' lang='lat' dir='ltr'><strong>sreculis,</strong></span> <span class='ocrx_word' id='word_1_681' title='bbox 3235 4495 3446 4565; x_wconf 89' lang='lat' dir='ltr'><strong>quibus</strong></span> <span class='ocrx_word' id='word_1_682' title='bbox 3500 4495 3755 4548; x_wconf 77' lang='lat' dir='ltr'><strong>haereses</strong></span> <span class='ocrx_word' id='word_1_683' title='bbox 3821 4498 3884 4551; x_wconf 91' lang='lat' dir='ltr'><strong>in</strong></span> 
     </span>
    </p>
   </div>
   <div class='ocr_carea' id='block_1_108' title="bbox 2169 4583 3887 4654">
    <p class='ocr_par' dir='ltr' id='par_1_108' title="bbox 2169 4583 3887 4654">
     <span class='ocr_line' id='line_1_108' title="bbox 2169 4583 3887 4654; baseline 0 -14"><span class='ocrx_word' id='word_1_684' title='bbox 2169 4585 2470 4640; x_wconf 88' lang='lat' dir='ltr'><strong>Germania</strong></span> <span class='ocrx_word' id='word_1_685' title='bbox 2501 4589 2766 4654; x_wconf 62' lang='lat' dir='ltr'><strong>grassata!</strong></span> <span class='ocrx_word' id='word_1_686' title='bbox 2794 4587 3116 4653; x_wconf 87' lang='lat' dir='ltr'><strong>suntatque</strong></span> <span class='ocrx_word' id='word_1_687' title='bbox 3138 4583 3311 4636; x_wconf 91' lang='lat' dir='ltr'><strong>etiam</strong></span> <span class='ocrx_word' id='word_1_688' title='bbox 3340 4583 3719 4638; x_wconf 85' lang='lat' dir='ltr'><strong>Franconiam</strong></span> <span class='ocrx_word' id='word_1_689' title='bbox 3745 4599 3887 4640; x_wconf 85' lang='lat' dir='ltr'><strong>ma-</strong></span> 
     </span>
    </p>
   </div>
   <div class='ocr_carea' id='block_1_109' title="bbox 2168 4669 3880 4745">
    <p class='ocr_par' dir='ltr' id='par_1_109' title="bbox 2168 4669 3880 4745">
     <span class='ocr_line' id='line_1_109' title="bbox 2168 4669 3880 4745; baseline -0.001 -17"><span class='ocrx_word' id='word_1_690' title='bbox 2168 4691 2283 4745; x_wconf 89' lang='lat' dir='ltr'><strong>gna</strong></span> <span class='ocrx_word' id='word_1_691' title='bbox 2311 4690 2377 4727; x_wconf 84' lang='lat' dir='ltr'><strong>ex</strong></span> <span class='ocrx_word' id='word_1_692' title='bbox 2408 4679 2565 4742; x_wconf 90' lang='lat' dir='ltr'><strong>parte</strong></span> <span class='ocrx_word' id='word_1_693' title='bbox 2597 4672 2936 4735; x_wconf 74' lang='lat' dir='ltr'><strong>iniecerunt,</strong></span> <span class='ocrx_word' id='word_1_694' title='bbox 2993 4671 3048 4725; x_wconf 86' lang='grc'><strong>8.</strong></span> <span class='ocrx_word' id='word_1_695' title='bbox 3086 4669 3362 4723; x_wconf 81' lang='lat' dir='ltr'><strong>Henricus</strong></span> <span class='ocrx_word' id='word_1_696' title='bbox 3414 4685 3545 4724; x_wconf 92' lang='lat' dir='ltr'><strong>cum</strong></span> <span class='ocrx_word' id='word_1_697' title='bbox 3593 4671 3880 4740; x_wconf 86' lang='lat' dir='ltr'><strong>virginea</strong></span> 
     </span>
    </p>
   </div>
   <div class='ocr_carea' id='block_1_110' title="bbox 2168 4757 3884 4829">
    <p class='ocr_par' dir='ltr' id='par_1_110' title="bbox 2168 4757 3884 4829">
     <span class='ocr_line' id='line_1_110' title="bbox 2168 4757 3884 4829; baseline -0.001 -15"><span class='ocrx_word' id='word_1_698' title='bbox 2168 4777 2269 4815; x_wconf 85' lang='lat' dir='ltr'><strong>sua</strong></span> <span class='ocrx_word' id='word_1_699' title='bbox 2297 4762 2541 4829; x_wconf 87' lang='lat' dir='ltr'><strong>conjuge</strong></span> <span class='ocrx_word' id='word_1_700' title='bbox 2573 4758 2879 4828; x_wconf 84' lang='lat' dir='ltr'><strong>specialem</strong></span> <span class='ocrx_word' id='word_1_701' title='bbox 2928 4758 3179 4811; x_wconf 69' lang='lat' dir='ltr'><strong>ecclesias</strong></span> <span class='ocrx_word' id='word_1_702' title='bbox 3232 4757 3670 4826; x_wconf 62' lang='lat' dir='ltr'><strong>Bambergensis</strong></span> <span class='ocrx_word' id='word_1_703' title='bbox 3721 4774 3761 4811; x_wconf 86' lang='lat' dir='ltr'><strong>a</strong></span> <span class='ocrx_word' id='word_1_704' title='bbox 3821 4778 3884 4813; x_wconf 88' lang='lat' dir='ltr'><strong>se</strong></span> 
     </span>
    </p>
   </div>
   <div class='ocr_carea' id='block_1_111' title="bbox 2167 4845 3878 4917">
    <p class='ocr_par' dir='ltr' id='par_1_111' title="bbox 2167 4845 3878 4917">
     <span class='ocr_line' id='line_1_111' title="bbox 2167 4845 3878 4917; baseline 0 -14"><span class='ocrx_word' id='word_1_705' title='bbox 2167 4850 2304 4903; x_wconf 92' lang='lat' dir='ltr'><strong>olim</strong></span> <span class='ocrx_word' id='word_1_706' title='bbox 2335 4849 2586 4902; x_wconf 72' lang='lat' dir='ltr'><strong>fundatas</strong></span> <span class='ocrx_word' id='word_1_707' title='bbox 2609 4861 2804 4900; x_wconf 88' lang='lat' dir='ltr'><strong>curam</strong></span> <span class='ocrx_word' id='word_1_708' title='bbox 2841 4860 3038 4915; x_wconf 86' lang='lat' dir='ltr'><strong>gerere</strong></span> <span class='ocrx_word' id='word_1_709' title='bbox 3087 4845 3238 4897; x_wconf 91' lang='lat' dir='ltr'><strong>visus</strong></span> <span class='ocrx_word' id='word_1_710' title='bbox 3286 4851 3400 4908; x_wconf 87' lang='lat' dir='ltr'><strong>est;</strong></span> <span class='ocrx_word' id='word_1_711' title='bbox 3450 4845 3584 4899; x_wconf 92' lang='lat' dir='ltr'><strong>dum</strong></span> <span class='ocrx_word' id='word_1_712' title='bbox 3629 4846 3878 4917; x_wconf 85' lang='lat' dir='ltr'><strong>aliquot</strong></span> 
     </span>
    </p>
   </div>
   <div class='ocr_carea' id='block_1_112' title="bbox 2169 4932 3880 5006">
    <p class='ocr_par' dir='ltr' id='par_1_112' title="bbox 2169 4932 3880 5006">
     <span class='ocr_line' id='line_1_112' title="bbox 2169 4932 3880 5006; baseline 0 -17"><span class='ocrx_word' id='word_1_713' title='bbox 2169 4937 2468 5006; x_wconf 81' lang='lat' dir='ltr'><strong>Episcopus</strong></span> <span class='ocrx_word' id='word_1_714' title='bbox 2501 4933 2966 5003; x_wconf 68' lang='lat' dir='ltr'><strong>Bimbergenses,</strong></span> <span class='ocrx_word' id='word_1_715' title='bbox 2999 4933 3142 4986; x_wconf 87' lang='lat' dir='ltr'><strong>duos</strong></span> <span class='ocrx_word' id='word_1_716' title='bbox 3172 4934 3512 5002; x_wconf 81' lang='lat' dir='ltr'><strong>praesertim,</strong></span> <span class='ocrx_word' id='word_1_717' title='bbox 3577 4932 3689 4986; x_wconf 92' lang='lat' dir='ltr'><strong>sibi</strong></span> <span class='ocrx_word' id='word_1_718' title='bbox 3746 4937 3880 4989; x_wconf 89' lang='lat' dir='ltr'><strong>sin-</strong></span> 
     </span>
    </p>
   </div>
   <div class='ocr_carea' id='block_1_113' title="bbox 2165 5021 3874 5092">
    <p class='ocr_par' dir='ltr' id='par_1_113' title="bbox 2165 5021 3874 5092">
     <span class='ocr_line' id='line_1_113' title="bbox 2165 5021 3874 5092; baseline 0.001 -17"><span class='ocrx_word' id='word_1_719' title='bbox 2165 5025 2444 5092; x_wconf 89' lang='lat' dir='ltr'><strong>gulariter</strong></span> <span class='ocrx_word' id='word_1_720' title='bbox 2469 5022 2724 5087; x_wconf 62' lang='lat' dir='ltr'><strong>devotos,</strong></span> <span class='ocrx_word' id='word_1_721' title='bbox 2783 5021 3053 5074; x_wconf 90' lang='lat' dir='ltr'><strong>nimirum</strong></span> <span class='ocrx_word' id='word_1_722' title='bbox 3097 5021 3451 5090; x_wconf 76' lang='lat' dir='ltr'><strong>Nythardum</strong></span> <span class='ocrx_word' id='word_1_723' title='bbox 3514 5021 3874 5091; x_wconf 89' lang='lat' dir='ltr'><strong>episcopum</strong></span> 
     </span>
    </p>
   </div>
   <div class='ocr_carea' id='block_1_114' title="bbox 2163 5109 3879 5179">
    <p class='ocr_par' dir='ltr' id='par_1_114' title="bbox 2163 5109 3879 5179">
     <span class='ocr_line' id='line_1_114' title="bbox 2163 5109 3879 5179; baseline 0 -13"><span class='ocrx_word' id='word_1_724' title='bbox 2163 5127 2306 5176; x_wconf 74' lang='lat' dir='ltr'><strong>XLVI,</strong></span> <span class='ocrx_word' id='word_1_725' title='bbox 2365 5117 2437 5165; x_wconf 77' lang='lat' dir='ltr'><strong>et&#39;</strong></span> <span class='ocrx_word' id='word_1_726' title='bbox 2472 5111 2746 5164; x_wconf 80' lang='lat' dir='ltr'><strong>Joannem</strong></span> <span class='ocrx_word' id='word_1_727' title='bbox 2825 5109 3196 5163; x_wconf 71' lang='lat' dir='ltr'><strong>Godefridum</strong></span> <span class='ocrx_word' id='word_1_728' title='bbox 3269 5109 3604 5179; x_wconf 83' lang='lat' dir='ltr'><strong>episcopum</strong></span> <span class='ocrx_word' id='word_1_729' title='bbox 3694 5126 3879 5165; x_wconf 63' lang='lat' dir='ltr'><strong>xum</strong></span> 
     </span>
    </p>
   </div>
   <div class='ocr_carea' id='block_1_115' title="bbox 2162 5196 3929 5276">
    <p class='ocr_par' dir='ltr' id='par_1_115' title="bbox 2162 5196 3929 5276">
     <span class='ocr_line' id='line_1_115' title="bbox 2162 5196 3929 5276; baseline -0.002 -22"><span class='ocrx_word' id='word_1_730' title='bbox 2162 5199 2623 5253; x_wconf 82' lang='lat' dir='ltr'><strong>extraordinariis</strong></span> <span class='ocrx_word' id='word_1_731' title='bbox 2643 5197 2986 5269; x_wconf 89' lang='lat' dir='ltr'><strong>quibusdam</strong></span> <span class='ocrx_word' id='word_1_732' title='bbox 3019 5196 3305 5249; x_wconf 82' lang='lat' dir='ltr'><strong>favoribus</strong></span> <span class='ocrx_word' id='word_1_733' title='bbox 3353 5203 3695 5266; x_wconf 78' lang='lat' dir='ltr'><strong>prosecutus</strong></span> <span class='ocrx_word' id='word_1_734' title='bbox 3769 5207 3881 5258; x_wconf 85' lang='lat' dir='ltr'><strong>est.</strong></span> <span class='ocrx_word' id='word_1_735' title='bbox 3927 5269 3929 5276; x_wconf 26' lang='grc' dir='ltr'><strong><em>ι</em></strong></span> 
     </span>
    </p>
   </div>
   <div class='ocr_carea' id='block_1_116' title="bbox 2161 5284 3880 5358">
    <p class='ocr_par' dir='ltr' id='par_1_116' title="bbox 2161 5284 3880 5358">
     <span class='ocr_line' id='line_1_116' title="bbox 2161 5284 3880 5358; baseline 0.001 -17"><span class='ocrx_word' id='word_1_736' title='bbox 2161 5294 2334 5358; x_wconf 89' lang='lat' dir='ltr'><strong>atque</strong></span> <span class='ocrx_word' id='word_1_737' title='bbox 2367 5287 2566 5340; x_wconf 80' lang='lat' dir='ltr'><strong>eadem</strong></span> <span class='ocrx_word' id='word_1_738' title='bbox 2605 5302 2778 5356; x_wconf 87' lang='lat' dir='ltr'><strong>opera</strong></span> <span class='ocrx_word' id='word_1_739' title='bbox 2827 5284 3134 5338; x_wconf 85' lang='lat' dir='ltr'><strong>Ecclesiam</strong></span> <span class='ocrx_word' id='word_1_740' title='bbox 3169 5285 3676 5354; x_wconf 86' lang='lat' dir='ltr'><strong>Bambergensein,</strong></span> <span class='ocrx_word' id='word_1_741' title='bbox 3751 5305 3880 5342; x_wconf 90' lang='lat' dir='ltr'><strong>me-</strong></span> 
     </span>
    </p>
   </div>
   <div class='ocr_carea' id='block_1_117' title="bbox 2160 5371 3882 5437">
    <p class='ocr_par' dir='ltr' id='par_1_117' title="bbox 2160 5371 3882 5437">
     <span class='ocr_line' id='line_1_117' title="bbox 2160 5371 3882 5437; baseline 0.001 -8"><span class='ocrx_word' id='word_1_742' title='bbox 2160 5375 2351 5429; x_wconf 88' lang='lat' dir='ltr'><strong>diante</strong></span> <span class='ocrx_word' id='word_1_743' title='bbox 2390 5377 2509 5428; x_wconf 87' lang='lat' dir='ltr'><strong>zelo</strong></span> <span class='ocrx_word' id='word_1_744' title='bbox 2541 5375 2744 5427; x_wconf 82' lang='lat' dir='ltr'><strong>horum</strong></span> <span class='ocrx_word' id='word_1_745' title='bbox 2781 5372 3026 5426; x_wconf 88' lang='lat' dir='ltr'><strong>duorum</strong></span> <span class='ocrx_word' id='word_1_746' title='bbox 3069 5371 3404 5437; x_wconf 68' lang='lat' dir='ltr'><strong>Praemium,</strong></span> <span class='ocrx_word' id='word_1_747' title='bbox 3466 5373 3536 5426; x_wconf 89' lang='lat' dir='ltr'><strong>ab</strong></span> <span class='ocrx_word' id='word_1_748' title='bbox 3592 5373 3882 5429; x_wconf 84' lang='lat' dir='ltr'><strong>infelicis-</strong></span> 
     </span>
    </p>
   </div>
   <div class='ocr_carea' id='block_1_118' title="bbox 2162 5459 3877 5530">
    <p class='ocr_par' dir='ltr' id='par_1_118' title="bbox 2162 5459 3877 5530">
     <span class='ocr_line' id='line_1_118' title="bbox 2162 5459 3877 5530; baseline 0.001 -14"><span class='ocrx_word' id='word_1_749' title='bbox 2162 5463 2306 5516; x_wconf 91' lang='lat' dir='ltr'><strong>sima</strong></span> <span class='ocrx_word' id='word_1_750' title='bbox 2367 5463 2650 5516; x_wconf 70' lang='lat' dir='ltr'><strong>haereseos</strong></span> <span class='ocrx_word' id='word_1_751' title='bbox 2707 5467 2762 5514; x_wconf 91' lang='lat' dir='ltr'><strong>et</strong></span> <span class='ocrx_word' id='word_1_752' title='bbox 2793 5460 3144 5530; x_wconf 81' lang='lat' dir='ltr'><strong>ﬂagitiorum</strong></span> <span class='ocrx_word' id='word_1_753' title='bbox 3199 5460 3472 5512; x_wconf 89' lang='lat' dir='ltr'><strong>servitute</strong></span> <span class='ocrx_word' id='word_1_754' title='bbox 3531 5459 3877 5517; x_wconf 86' lang='lat' dir='ltr'><strong>vindicavit.</strong></span> 
     </span>
    </p>
   </div>
   <div class='ocr_carea' id='block_1_119' title="bbox 2159 5547 3880 5617">
    <p class='ocr_par' dir='ltr' id='par_1_119' title="bbox 2159 5547 3880 5617">
     <span class='ocr_line' id='line_1_119' title="bbox 2159 5547 3880 5617; baseline 0.003 -17"><span class='ocrx_word' id='word_1_755' title='bbox 2159 5551 2295 5614; x_wconf 66' lang='lat' dir='ltr'><strong>Quae</strong></span> <span class='ocrx_word' id='word_1_756' title='bbox 2325 5550 2418 5603; x_wconf 89' lang='lat' dir='ltr'><strong>hic</strong></span> <span class='ocrx_word' id='word_1_757' title='bbox 2445 5554 2753 5603; x_wconf 89' lang='lat' dir='ltr'><strong>narrantur</strong></span> <span class='ocrx_word' id='word_1_758' title='bbox 2798 5547 3098 5617; x_wconf 88' lang='lat' dir='ltr'><strong>desumpta</strong></span> <span class='ocrx_word' id='word_1_759' title='bbox 3155 5552 3290 5601; x_wconf 89' lang='lat' dir='ltr'><strong>sunt</strong></span> <span class='ocrx_word' id='word_1_760' title='bbox 3359 5547 3741 5616; x_wconf 89' lang='lat' dir='ltr'><strong>potissimum</strong></span> <span class='ocrx_word' id='word_1_761' title='bbox 3812 5568 3880 5605; x_wconf 81' lang='lat' dir='ltr'><strong>ex</strong></span> 
     </span>
    </p>
   </div>
   <div class='ocr_carea' id='block_1_120' title="bbox 2163 5634 3883 5706">
    <p class='ocr_par' dir='ltr' id='par_1_120' title="bbox 2163 5634 3883 5706">
     <span class='ocr_line' id='line_1_120' title="bbox 2163 5634 3883 5706; baseline 0.001 -14"><span class='ocrx_word' id='word_1_762' title='bbox 2163 5637 2444 5692; x_wconf 87' lang='lat' dir='ltr'><strong>Friderico</strong></span> <span class='ocrx_word' id='word_1_763' title='bbox 2480 5638 2750 5702; x_wconf 84' lang='lat' dir='ltr'><strong>Fornero,</strong></span> <span class='ocrx_word' id='word_1_764' title='bbox 2784 5636 3056 5706; x_wconf 89' lang='lat' dir='ltr'><strong>scriptore</strong></span> <span class='ocrx_word' id='word_1_765' title='bbox 3082 5634 3376 5706; x_wconf 86' lang='lat' dir='ltr'><strong>Episcopis</strong></span> <span class='ocrx_word' id='word_1_766' title='bbox 3421 5634 3532 5688; x_wconf 91' lang='lat' dir='ltr'><strong>illis</strong></span> <span class='ocrx_word' id='word_1_767' title='bbox 3564 5651 3773 5692; x_wconf 80' lang='lat' dir='ltr'><strong>coaevo</strong></span> <span class='ocrx_word' id='word_1_768' title='bbox 3828 5647 3883 5693; x_wconf 88' lang='lat' dir='ltr'><strong>et</strong></span> 
     </span>
    </p>
   </div>
  </div>
