3976 6410
107 377 188 431 lis
1746 376 1916 432 ACTA
1927 416 1939 429 .

415 510 431 549 :
485 494 653 563 cujus
710 492 816 547 viri
872 492 1181 564 aliqnalem
1257 492 1520 546 notitiam
1571 492 1863 564 praebetA
1903 492 2284 546 secendunta
2334 492 2499 548 Patre
2558 494 2869 558 luminum,
2926 495 3329 567 capacissimas
3371 498 3605 553 effectus

102 494 353 550 familiari

103 583 387 651 inscriptio
415 581 706 653 sepulchri
746 583 870 651 ejus
913 580 1242 651 Bamberga:
1269 580 1329 634 in
1363 581 1579 650 templo
1628 596 1793 651 paro-

102 672 257 726 chiali
289 672 349 726 S.
377 670 624 734 Martini,
670 685 799 739 quae
830 669 959 722 talis
1014 675 1101 722 est
1133 684 1146 722 :
1203 689 1230 719 ιι
1262 668 1791 723 Reverendissimus

105 784 121 810 ι
162 761 214 813 in
245 760 474 814 Christo
515 760 684 813 Pater
720 774 785 810 ac
831 758 1110 812 Dominus
1144 758 1463 811 Fridericns
1505 759 1790 812 Fornerus

106 872 121 896 ι
160 865 268 903 sac.
332 848 661 916 Theologiae
739 847 964 909 Doctor,
1015 846 1316 916 episcopus
1384 846 1787 911 Hebronensis,

103 958 125 987 ι
162 937 556 1006 suﬂ'raganeus
609 935 1063 1007 Bambergensis,
1097 950 1160 987 ac
1188 934 1401 988 ibidem
1438 936 1498 989 in
1520 935 1789 1004 spiritua-

105 1050 125 1071 «ι
164 1027 310 1080 libus
345 1025 601 1079 Vicarius
631 1024 946 1089 Generalis,
975 1040 1149 1077 sacra:
1205 1025 1477 1077 Cesarea:
1535 1024 1790 1093 Majestao

104 1132 125 1168 ι
167 1115 223 1179 ti,
253 1130 323 1168 ac
377 1114 757 1170 Serenissimo
809 1112 1055 1167 Bavarize
1088 1112 1224 1166 Duci
1264 1130 1296 1165 a
1344 1112 1619 1175 consiliis,
1672 1112 1791 1165 inte

106 1223 126 1250 ι
165 1203 370 1273 gritate
397 1202 549 1265 vitm,
609 1202 730 1255 zelo
783 1200 1103 1270 religionis,
1163 1201 1551 1270 legationibus
1595 1200 1787 1266 obitis,

104 1312 126 1337 c
166 1290 389 1345 consilii
432 1290 761 1360 prudentia,
794 1305 859 1343 ac
888 1290 1012 1343 vivo
1032 1288 1189 1343 verbi
1223 1290 1324 1343 Dei
1351 1288 1580 1359 eloquio
1606 1289 1790 1342 libris-

108 1402 129 1423 τι
165 1396 270 1449 que
308 1379 477 1434 editis
508 1379 636 1433 orbi
694 1383 885 1444 notus,
912 1379 1007 1450 pie
1048 1378 1111 1431 in
1170 1378 1415 1432 Domino
1467 1377 1609 1432 obiit
1636 1394 1788 1433 anno

105 1494 125 1513 ι·
166 1484 406 1531 Incxxx,
428 1484 463 1518 v
494 1466 759 1522 Decemb.
799 1490 825 1515 ι»

168 1560 249 1610 3t.
296 1575 322 1607 α
385 1556 527 1610 Huic
587 1556 775 1627 elogio
806 1559 1085 1609 consonat
1110 1556 1348 1609 historia
1398 1556 1789 1625 manuscripta

102 1645 313 1715 collegii
344 1646 473 1700 Soc.
531 1646 663 1699 Jesu
716 1645 1047 1712 Bambergas
1087 1644 1287 1697 eodem
1335 1659 1488 1697 anno
1548 1660 1785 1705 nncxxx,

102 1734 188 1787 ubi
232 1734 385 1787 inter
430 1739 640 1786 cetera
683 1733 752 1787 de
793 1733 892 1785 illo
952 1733 1202 1787 dicitur:
1267 1753 1295 1780 ι(
1351 1733 1449 1786 Vir
1495 1737 1615 1786 erat
1645 1732 1785 1786 boni

102 1840 123 1867 ι
161 1822 480 1872 communis
529 1835 747 1883 amans,
780 1824 837 1872 et
884 1835 916 1871 a
962 1818 1173 1872 virtute
1228 1818 1547 1888 litterisque
1594 1818 1779 1888 pluri-

106 1922 311 1960 umum
371 1906 888 1961 commendatus...
980 1906 1086 1959 sub
1155 1905 1339 1960 infula
1388 1907 1564 1958 vitam
1623 1905 1784 1960 duxit

104 2020 116 2040 ι
160 1995 504 2065 religiosam.
542 2015 569 2045 ιι
622 1994 718 2047 Hic
745 1994 925 2064 igitur
970 1994 1375 2063 Suffraganeus
1430 1995 1611 2048 edidit
1639 2011 1780 2065 opu—

96 2084 299 2137 sculum
359 2083 453 2137 cui
500 2082 736 2136 titulum
800 2082 935 2136 fecit
994 2098 1006 2136 :
1070 2083 1191 2137 Duo
1228 2086 1447 2152 specula
1504 2083 1783 2152 Principis

94 2173 449 2236 ecclesiastici,
508 2189 539 2225 e
588 2172 834 2225 duorum
883 2171 1409 2226 laudatissimorum
1464 2172 1782 2227 Praesulum

93 2277 149 2312 ac
200 2261 558 2330 Principum,
616 2260 851 2313 Joannis
922 2260 1211 2314 Godefridi
1291 2276 1443 2313 anno
1534 2277 1778 2323 nocxxu,

92 2363 208 2401 χιιι
239 2348 532 2415 Decemb.,
563 2350 619 2401 et
678 2348 955 2417 Nythardi
984 2364 1136 2401 anno
1208 2365 1468 2413 xnxcvm,
1498 2365 1629 2403 xxv:
1667 2350 1781 2402 De-

94 2435 260 2489 cemb.
321 2436 587 2505 piissime
643 2435 1041 2489 defunctorum
1112 2436 1283 2490 rebus
1355 2437 1629 2506 praeclare
1682 2454 1777 2505 ge-

96 2524 186 2576 stis
245 2524 613 2595 heroicisque
698 2523 1003 2578 virtutibus
1098 2524 1467 2594 potissimum
1536 2528 1781 2579 conflata

91 2618 251 2682 atque
283 2612 652 2679 concinnata,
687 2615 743 2664 et
795 2617 1043 2682 quatuor
1100 2612 1474 2666 concionibus
1522 2613 1779 2667 funebri-

94 2700 188 2751 bus
217 2700 279 2752 ad
312 2715 636 2769 eorumque
668 2700 991 2769 sepulturas
1031 2705 1087 2753 et
1111 2701 1430 2771 exsequias,
1453 2701 1513 2754 in
1544 2702 1780 2756 ecclesia

94 2788 389 2842 cathedrali
451 2788 882 2857 Bambergensi,
943 2789 1144 2859 lingua
1202 2790 1505 2843 vernacula
1546 2790 1776 2852 habitis,

97 2876 253 2927 latine
310 2875 561 2944 scriptis,
615 2875 861 2944 publica:
906 2876 1019 2930 luci
1074 2881 1131 2929 et
1187 2876 1497 2930 imitationi
1545 2877 1679 2929 data
1725 2883 1781 2931 et

96 2964 343 3030 evulgata
373 2980 409 3016 a
445 2962 729 3017 Friderico
763 2964 1029 3029 Feruero,
1078 2968 1184 3017 etc.
1244 2965 1593 3034 lngolstadii,
1629 2966 1778 3035 typis

3508 384 3605 438 iiii

1904 597 2026 633 esse
2070 581 2423 635 crederetur.
2458 582 2607 635 Rara
2659 583 2780 637 hac
2828 585 3071 637 mutatio
3104 585 3162 637 in
3219 586 3487 647 vestibus,
3546 588 3605 641 in

1904 670 2184 733 moribus,
2207 670 2266 723 in
2306 669 2627 735 famulitiis,
2685 672 2744 724 in
2798 671 3106 725 domestico
3158 672 3487 741 splendore,
3545 675 3602 727 in

1907 758 2236 827 quotidiana
2280 760 2727 817 conversatione.
2755 762 2814 813 in
2869 760 3029 813 omni
3091 762 3453 831 negotiorum
3491 769 3602 815 tra-

1902 846 2171 910 ctatione,
2206 846 2476 899 omnibus
2534 847 2632 917 qui
2685 863 2814 899 eum
2866 849 3085 917 pridem
3126 856 3406 902 noierant
3463 866 3602 920 pro-

1903 934 2061 1003 digio
2116 934 2323 986 similis
2372 935 2713 989 habebatur.
2773 935 2986 989 Exinde
3046 937 3299 991 innotuit
3348 938 3604 992 efli:acia

1903 1021 2207 1091 patrocinii
2239 1022 2331 1076 SS.
2385 1024 2608 1076 Henrici
2658 1030 2714 1077 et
2741 1025 3130 1094 Cunegundis,
3166 1040 3417 1095 quorum
3475 1027 3598 1079 cul-

1899 1110 1981 1164 tui
2011 1116 2070 1164 et
2092 1111 2404 1164 imitationi
2458 1117 2643 1175 totum
2705 1129 2763 1165 se
2796 1112 2986 1167 dabat.
3016 1114 3169 1166 Vitas
3194 1114 3451 1182 ipsorum
3484 1130 3597 1167 non

1901 1200 2089 1253 solum
2121 1200 2344 1253 assidue
2378 1200 2687 1267 lectitabat,
2724 1202 2822 1255 sed
2873 1202 3045 1255 etiam
3112 1203 3309 1257 ambas
3338 1220 3404 1257 ex
3449 1204 3595 1257 anti-

1859 1304 2016 1360 ,quo
2047 1288 2239 1341 codice
2279 1304 2383 1343 ms.
2444 1290 2705 1358 ipsemet,
2739 1291 3059 1361 apographi
3110 1291 3339 1345 functus
3387 1292 3597 1357 officio,

1900 1392 2074 1431 manu
2098 1392 2199 1431 sua
2229 1377 2546 1447 descripsit.

1971 1468 2055 1521 34.
2090 1492 2114 1514 (ι
2165 1466 2384 1520 Horum
2443 1471 2817 1536 patronorum
2877 1468 3151 1536 exemplis
3204 1467 3491 1535 incitatus,
3542 1475 3599 1523 et

1898 1556 2091 1610 divino
2140 1555 2319 1608 fretus
2370 1554 2605 1620 auxilio,
2646 1571 2791 1625 opus
2823 1572 3054 1625 prorsus
3112 1556 3374 1621 arduum,
3424 1564 3480 1611 et
3536 1558 3595 1612 in

1899 1645 2021 1698 istis
2054 1660 2245 1697 rerum
2311 1648 2759 1713 temporumque
2800 1644 3260 1708 circumstantiis,
3308 1651 3371 1699 ut
3426 1662 3593 1701 sum-

1828 1772 1864 1824 Β
1902 1732 1978 1784 mi
2020 1731 2190 1784 etiam
2225 1730 2326 1784 viri
2350 1732 2705 1801 judicabant,
2737 1733 2885 1786 factu
2910 1733 3261 1803 impossibile
3292 1751 3593 1804 aggressus

1893 1821 2022 1885 fuit,
2060 1821 2275 1874 scilicet
2326 1822 2793 1875 reformationem
2832 1823 3084 1876 ecclesias
3131 1824 3589 1894 Bambergensis,

1893 1924 2067 1979 quam
2136 1909 2372 1962 haeresis
2426 1910 2605 1963 ferme
2678 1915 2855 1963 totam
2910 1916 3289 1981 occupaverat
3337 1918 3393 1967 et
3444 1914 3591 1967 foede

1891 1996 2395 2049 contaminaverat.
2439 1997 2576 2049 Nam
2612 1996 2669 2050 in
2726 1997 2926 2067 primis
2956 1997 3013 2050 in
3075 1998 3199 2068 ipsa
3236 1999 3376 2051 urbe
3418 2000 3588 2053 Bam-

1891 2082 2157 2153 bergensi
2217 2088 2378 2137 totus
2451 2091 2684 2137 senatus
2741 2084 2971 2148 civicus,
3038 2087 3283 2155 exceptis
3342 2088 3587 2152 duobus,

1894 2172 2277 2225 Lutheranam
2308 2178 2519 2225 sectam
2561 2189 2678 2226 non
2720 2174 2903 2227 solum
2964 2174 3417 2241 pertinacissime
3464 2180 3588 2229 tue-

1892 2260 2081 2322 batur,
2143 2262 2241 2314 sed
2276 2267 2331 2314 et
2390 2261 2696 2332 praecipuis
2728 2261 3002 2315 ditiorum
3037 2262 3383 2331 optimatum
3418 2264 3592 2316 totius

1889 2348 2317 2403 communitatis
2338 2349 2571 2413 civium,
2621 2365 2862 2403 numero
2892 2350 3119 2403 circiter
3148 2351 3587 2421 quinquaginta.

1889 2437 2346 2506 conjnraverant,
2400 2438 2545 2491 velle
2587 2454 2645 2490 se
2703 2438 2893 2505 potius
2932 2454 3061 2491 cum
3109 2438 3273 2492 bonis
3324 2440 3592 2493 omnibus

1889 2525 2245 2579 domicilium
2307 2525 2416 2579 alio
2459 2526 2791 2586 transferre,
2850 2543 3022 2597 quam
3082 2544 3283 2581 manus
3338 2528 3491 2581 dare.
3529 2530 3587 2581 In

1889 2614 2017 2667 aliis
2068 2614 2360 2684 pleri-que
2417 2614 2725 2667 dioeceseos
2772 2614 3093 2668 civitatibus
3142 2621 3197 2669 et
3248 2616 3478 2685 oppidis
3522 2633 3589 2669 ne

1888 2700 2093 2754 unicus
2122 2701 2355 2771 quidem
2394 2701 2721 2755 Catholicus
2750 2702 2888 2755 civis
2921 2703 3336 2772 reperiebatur.
3373 2705 3588 2758 Nihilo-

1888 2789 2079 2843 minus
2134 2796 2195 2843 ut
2257 2790 2622 2860 lmperialem
2685 2790 2833 2844 hanc
2896 2791 3213 2859 ecclesiam,
3258 2798 3587 2845 sanctorum

1891 2876 2117 2931 Henrici
2158 2882 2216 2931 et
2272 2878 2639 2947 Cunegundis
2696 2878 2950 2931 nobilem
2992 2879 3189 2943 tiliam,
3242 2895 3271 2931 e
3319 2880 3589 2947 luporum

1887 2964 2145 3017 faucibus
2199 2964 2465 3034 eriperet,
2521 2970 2713 3033 pastor
2779 2964 2870 3018 hic
2932 2968 3047 3018 neu
3102 2966 3293 3020 minus
3341 2967 3591 3038 prudens

96 3051 336 3120 Gregorii
416 3050 670 3117 Hasnlin,
727 3066 879 3105 anno
932 3052 1138 3106 Christi
1198 3069 1457 3106 nncxxui.
1521 3054 1597 3106 Ex
1672 3053 1852 3107 hocC
1890 3068 2063 3124 quam
2085 3053 2247 3107 fortis
2279 3052 2420 3105 nihil
2457 3053 2800 3106 intentatum
2826 3054 3079 3124 reliquit.

93 3146 307 3193 auctore
338 3139 641 3209 pleraque,
678 3155 807 3208 quas
840 3138 933 3193 hic
987 3140 1379 3203 adducuntur,
1440 3142 1782 3212 deprompta

94 3233 228 3280 sunt.
288 3228 431 3291 Quae
492 3242 560 3280 ex
636 3226 763 3279 aliis
806 3226 1061 3281 fontibus
1102 3228 1305 3281 hausta
1358 3227 1607 3289 fuerunt,
1666 3230 1783 3283 suis

94 3314 220 3368 locis
271 3315 622 3369 indicantur.
684 3313 958 3368 Ordimur
1012 3331 1046 3368 a
1096 3315 1403 3385 Nythardo,
1462 3316 1563 3387 qui
1617 3321 1781 3369 aetate

96 3404 236 3472 prior
260 3409 361 3457 est.

156 3494 239 3545 32.
272 3511 299 3541 ι
333 3490 686 3562 Nythardus,
709 3507 775 3544 ex
807 3490 987 3545 nobili
1034 3492 1363 3545 Franconias
1403 3492 1673 3561 prosapia
1714 3493 1783 3547 de

95 3580 377 3650 Thungen,
412 3595 549 3632 cum
600 3580 660 3632 in
716 3579 955 3633 ecclesia
984 3579 1295 3632 cathedrali
1344 3579 1781 3649 Herhipolijam

97 3667 275 3721 fuisset
320 3668 666 3738 perfunctus
736 3666 924 3720 officio
988 3666 1186 3720 decani
1249 3672 1307 3720 et
1362 3666 1537 3720 modo
1588 3671 1785 3735 ageret

95 3757 332 3823 ejusdem
357 3756 617 3809 ecclesia?
645 3754 1048 3825 Priepositum,
1081 3755 1275 3808 divino
1311 3754 1569 3821 consilio,
1603 3754 1783 3808 inter-

96 3843 417 3897 cedentibus
458 3843 664 3913 utique
724 3843 817 3897 SS.
867 3842 1109 3896 Henrico
1157 3849 1213 3896 et
1245 3842 1619 3912 Cunegunde,
1652 3841 1782 3912 qui-

97 3932 188 3983 bus
215 3938 336 3985 erat
371 3931 707 4002 specialiter
742 3931 1021 3994 addictus,
1074 3930 1445 4000 amplissimas
1499 3930 1783 4001 praeposi-

96 4025 222 4073 tura:
252 4036 371 4074 sua:
428 4018 749 4074 residentia
782 4018 842 4072 in
890 4018 1192 4089 postremis
1232 4018 1429 4072 habita
1478 4024 1535 4072 et
1579 4016 1786 4071 valedi-

95 4118 187 4171 cta,
226 4109 510 4163 translato
570 4106 887 4175 domicilio,
950 4107 1325 4177 Bambergam
1380 4106 1787 4176 commigravit

97 4196 272 4267 ibique
320 4198 579 4268 primam
614 4195 861 4265 junioris
918 4195 1099 4249 instar
1128 4195 1384 4249 canonici
1417 4195 1783 4249 residentiam

1963 3143 2050 3195 33.
2100 3161 2127 3191 ς(
2166 3141 2245 3195 Re
2276 3140 2434 3211 prius
2491 3142 2915 3194 communicata
2952 3158 3083 3195 cum
3126 3142 3358 3196 Matthia
3390 3143 3586 3196 Roma-

1891 3246 2100 3282 norum
2132 3231 2503 3299 Imperatore,
2537 3246 2664 3281 cum
2698 3230 3002 3283 Willielmo
3038 3232 3185 3283 Duce
3235 3230 3505 3297 Bavariae,
3537 3235 3592 3284 et

1891 3333 2020 3371 cum
2052 3318 2350 3371 nonnullis
2389 3316 2517 3370 aliis
2572 3317 2905 3371 orthodoxis
2960 3318 3334 3387 Principibus.
3398 3335 3459 3370 ac
3490 3336 3592 3372 suo

1891 3405 2207 3459 cathedrali
2237 3406 2513 3474 capitulo,
2545 3406 2733 3474 primo
2768 3406 3027 3459 omnium
3065 3407 3356 3459 ministros
3388 3407 3594 3460 Prmdi-

1891 3498 2109 3557 cantes,
2144 3492 2243 3562 qui
2276 3492 2467 3545 nescio
2522 3508 2768 3562 quorum
2829 3492 3215 3558 conniwntia,
3272 3495 3595 3563 complures

1901 3580 2339 3650 Bambergensis
2367 3580 2602 3633 ditionis
2637 3580 2937 3649 parochias
2993 3588 3429 3649 occupaverant,
3483 3582 3595 3649 eje-

1892 3669 1991 3722 cit.
2030 3670 2246 3723 Deinde
2297 3672 2640 3738 potestatem
2699 3668 2955 3721 exercuit
2983 3677 3180 3721 contra
3211 3669 3595 3721 ludiniodera-

1894 3763 2067 3822 tores,
2100 3756 2201 3825 qui
2234 3754 2315 3807 uti
2349 3754 2405 3808 in
2437 3755 2732 3825 plerisque
2758 3755 3083 3807 civitatibus
3115 3761 3169 3807 et
3223 3756 3451 3825 oppidis
3483 3756 3595 3809 haz-

1894 3845 2004 3897 resi
2037 3849 2200 3897 erant
2227 3842 2442 3909 infecti,
2486 3844 2565 3896 ita
2614 3849 2671 3895 et
2716 3843 2959 3896 haereses
2991 3842 3184 3911 pueris
3216 3843 3589 3903 instillabaut,

1892 3950 2007 4003 qua
2074 3932 2307 3986 Lutheri
2389 3931 2802 3986 catechismum
2885 3932 2999 3985 illis
3058 3932 3419 3998 inculcando,
3481 3950 3596 4003 qua

1892 4021 2271 4075 cantiunculis
2345 4020 2417 4074 ab
2501 4020 2738 4073 ecclesia
2819 4021 3107 4075 Catholica
3194 4022 3415 4090 rejectis
3498 4039 3597 4076 eos

1896 4109 2287 4178 depravando,
2341 4113 2398 4161 et
2444 4109 2573 4162 aliis
2624 4108 2975 4163 millemodis
3023 4125 3293 4179 perversa
3326 4110 3596 4179 dogmata

1896 4198 2233 4252 inserendo.
2302 4198 2411 4251 Hos
2480 4196 2657 4267 igitur
2732 4204 3006 4268 tanquam
3064 4198 3320 4252 exitiales
3376 4198 3597 4254 floridas

99 4286 428 4353 auspicatus,
485 4300 605 4337 uno
653 4284 1079 4355 prapemodum
1110 4284 1428 4355 eodemque
1475 4299 1645 4346 anno,
1679 4283 1784 4337 de-
1816 4332 1858 4384 Β
1893 4284 2212 4357 juventutis
2250 4290 2618 4355 corruptores
2646 4286 2882 4349 amovit,
2910 4284 3094 4357 iisque
3112 4285 3432 4339 Catholicos
3456 4287 3595 4340 sub-

95 4389 244 4427 curso
287 4372 651 4440 residentie,
716 4372 871 4443 quod
919 4377 1139 4437 vocant,
1187 4372 1477 4437 tirocinio,
1536 4372 1785 4442 capitulo

96 4467 519 4527 annumeratus,
568 4460 912 4514 calhedralis
949 4460 1201 4514 ecclesias
1253 4460 1502 4514 decanus
1556 4460 1786 4519 electus,

98 4549 196 4602 xita
234 4551 430 4605 functo
491 4550 731 4604 Ernesto
779 4550 1051 4614 Praesule,
1086 4548 1351 4603 unanimi
1403 4548 1787 4618 concapitula-

100 4638 232 4692 rium
264 4639 641 4694 dominorum
664 4637 1132 4705 consensu,|sine
1178 4637 1475 4699 scrutinio,
1515 4653 1619 4706 per
1672 4636 1793 4705 Spi-

99 4726 227 4778 ritus
252 4727 303 4781 S.
337 4725 817 4798 inspirationem,
849 4724 1007 4779 omni
1038 4725 1256 4796 populo
1284 4741 1318 4777 a
1343 4740 1569 4777 summo
1613 4739 1792 4793 usque

99 4814 159 4867 ad
201 4815 509 4870 minimum
560 4813 872 4884 jubilante,
930 4813 1232 4884 episcopus
1285 4812 1498 4866 electus
1538 4811 1646 4865 fuit
1702 4827 1791 4867 xxv

101 4902 349 4958 Novemb.
379 4919 583 4957 annno
613 4918 797 4956 noxa.

160 4995 241 5045 33.
267 5014 293 5043 ι
326 4994 413 5057 Et,
446 4990 613 5063 quod
646 4990 859 5045 mirum
906 4990 1033 5045 visu
1090 4994 1261 5061 atque
1291 4990 1509 5054 auditu,
1556 4989 1626 5042 ad
1686 4989 1792 5042 hoc

102 5093 376 5133 summum
407 5080 747 5133 animarum
780 5078 1042 5148 regimen
1093 5082 1153 5131 ut
1186 5094 1246 5131 se
1277 5076 1384 5131 rite
1442 5077 1788 5146 disponeret,

102 5169 519 5239 quamprimum
578 5167 955 5237 Bambergam
1015 5166 1280 5229 accessit,
1342 5171 1560 5219 mutato
1614 5166 1792 5219 veteri

105 5257 496 5311 canonicorum
567 5255 760 5309 minus
812 5255 1046 5309 decente
1090 5253 1311 5319 habitu,
1374 5258 1429 5307 et
1464 5253 1622 5307 omni
1676 5253 1791 5323 pri-

106 5342 233 5397 stina
261 5344 702 5399 conversatione
733 5344 963 5414 penitus
991 5343 1272 5405 abdicata,
1333 5343 1412 5395 sic
1468 5359 1499 5396 a
1552 5357 1611 5396 se
1665 5341 1793 5411 ipso

106 5430 297 5487 distare
342 5433 542 5505 cmpit,
607 5438 692 5498 ut,
750 5432 1010 5486 omnium
1067 5448 1309 5486 censura
1339 5436 1395 5484 et
1439 5430 1678 5501 judicio,
1738 5430 1792 5483 in

110 5520 264 5576 alium
293 5522 618 5587 hominem,
650 5520 752 5593 qui
780 5522 1095 5575 secundum
1122 5521 1300 5575 Deum
1333 5524 1577 5583 creatus,
1610 5523 1794 5573 trans-

114 5606 240 5662 latus
268 5626 405 5676 esse,
466 5610 719 5675 ideoque
775 5608 1093 5663 ccelestium
1160 5607 1466 5669 donorum,
1526 5621 1652 5675 quin
1697 5606 1792 5658 de-

1903 4373 2143 4445 rogavit.
2203 4374 2449 4427 Ulterius
2481 4373 2687 4427 deinde
2736 4389 3092 4443 progressus,
3126 4374 3418 4443 praefectos
3471 4391 3591 4427 om-

1900 4478 2021 4527 nes,
2108 4467 2425 4532 questores
2504 4477 2724 4525 omnes,
2773 4461 2998 4531 judices
3055 4462 3309 4514 locorum
3376 4477 3595 4521 omnes,

1900 4552 2165 4603 scultetos
2218 4566 2437 4611 omnes,
2487 4550 2750 4602 consules
2779 4554 2837 4602 et
2882 4549 3088 4602 civicos
3127 4554 3419 4602 senatores
3473 4565 3596 4603 om-

1904 4655 2024 4699 nes,
2078 4637 2177 4707 qui
2232 4636 2541 4691 Catholicae
2582 4636 2851 4705 religioni
2908 4652 3115 4689 manus
3172 4635 3308 4689 dare
3358 4642 3416 4690 et
3471 4654 3596 4691 eam

1902 4726 2158 4797 profiteri
2210 4726 2551 4790 abnuerent,
2585 4723 2707 4777 loco
2736 4724 2931 4786 movit,
2968 4728 3024 4777 et
3053 4723 3193 4777 alios
3222 4740 3423 4778 eorum
3482 4725 3600 4779 vice

1902 4814 2208 4869 substituit.

1978 4906 2060 4957 36.
2103 4926 2126 4951 (ι
2164 4904 2275 4957 Hoc
2304 4901 2481 4954 veluti
2524 4900 2803 4971 praeludio
2832 4901 3005 4954 totius
3039 4901 3311 4955 dramatis
3343 4903 3598 4973 praemis-

1902 5007 1983 5055 so,
2012 4988 2443 5042 conversionem
2501 4988 2684 5057 ipsam
2716 4987 3074 5040 subditorum
3125 4988 3361 5057 provide
3417 4988 3604 5059 auspi-

1902 5083 2059 5130 catus
2087 5077 2212 5143 l'uit,
2238 5081 2313 5140 et,
2363 5074 2515 5129 inter
2537 5075 2871 5129 innumeras
2902 5074 3299 5130 libertinorum
3315 5077 3599 5145 querelas,

1902 5164 2408 5229 contradictiones,
2453 5163 2671 5230 turbas,
2753 5162 3081 5229 seditiones,
3154 5163 3598 5218 acatholicornni

1904 5253 2233 5325 principum
2305 5250 2785 5305 comminationes
2856 5256 2913 5305 et
2988 5252 3431 5322 persecutiones,
3502 5267 3604 5321 per

1904 5343 2100 5413 plures
2180 5356 2365 5395 annos
2395 5340 2623 5393 fortiter
2652 5344 2988 5408 prosecutus
3045 5339 3174 5393 fuit.
3228 5339 3294 5392 Et
3343 5353 3473 5391 cum
3530 5339 3599 5392 ad

1864 5428 2123 5499 ‘grande
2173 5428 2282 5482 hoc
2330 5428 2605 5481 molimen
2658 5427 2857 5495 magni
2922 5431 3185 5495 sumptus
3236 5425 3599 5495 requireren-

1905 5521 2019 5581 tur,
2062 5532 2134 5570 ne
2185 5531 2391 5569 nervus
2424 5515 2505 5569 rei
2535 5515 2680 5570 bene
2711 5515 2981 5584 gerendae
3012 5514 3255 5580 deesset,
3312 5513 3603 5584 impensas

1908 5605 2056 5658 circa
2110 5619 2272 5657 suam
2332 5618 2658 5673 personam,
2746 5618 2871 5655 raro
2918 5601 3201 5670 exemplo,
3255 5600 3601 5671 ubicumque
