3976 6414
341 359 434 411 ii?

1643 364 1695 415 S.
1745 362 2031 418 llENlthl
2069 361 2548 418 IMl’EltA'l'OltiS

3755 368 3859 419 liti

335 486 583 555 poterat,
615 481 983 538 constrinxit.
1023 481 1354 537 Aulicorum
1422 483 1772 538 famulorum
1822 497 2031 536 nume-
2063 485 2110 536 Α
2147 481 2364 536 dralem
2398 481 2696 536 ecclesiam
2743 486 3088 552 spectantes,
3134 500 3289 540 auras
3321 485 3621 556 captandas
3654 503 3862 549 causa,

336 588 467 626 rum
507 571 578 626 ai
607 576 827 625 tantam
883 571 1104 642 redegit
1157 572 1526 642 paucitatem,
1580 578 1643 626 ut
1690 573 1776 626 vix
1807 571 2039 643 Imperii

339 659 619 731 Principis
662 659 1001 730 dignitatem
1058 661 1208 714 tueri
1277 661 1580 715 videretur.
1645 662 1869 714 Fastum
1916 676 2038 713 om-

340 766 473 803 nem
507 753 562 802 et
591 764 864 818 pompam
915 748 1241 818 respuebat,
1293 753 1349 802 et
1399 748 1693 802 Victitabat
1729 753 1885 802 tanta
1913 748 2039 802 fru-

339 839 596 910 galitate,
629 836 896 906 privatim
929 838 1216 907 prmeipue
1247 854 1374 891 cum
1431 839 1736 907 pranderet
1798 843 1900 891 aut
1927 855 2038 892 ca:-

343 931 529 994 naret,
588 931 674 994 ut,
730 925 917 979 tribus
972 926 1043 979 ad
1075 942 1364 979 summum
1427 926 1654 980 ferculis
1714 926 2040 996 vulgaribus

346 1019 674 1079 contentus,
725 1012 1058 1081 religiosum
1136 1012 1330 1082 pelius
1395 1012 1456 1065 in
1529 1014 1795 1080 claustro,
1864 1029 2038 1084 quam

348 1101 690 1172 Episcopum
724 1106 782 1154 et
822 1100 1145 1169 Principem
1204 1101 1259 1152 in
1305 1099 1520 1169 palatio
1583 1106 2038 1170 repraesentaret.

418 1191 505 1241 37.
544 1207 571 1237 (ι
628 1188 869 1240 Econtra
917 1187 1015 1240 ubi
1069 1187 1295 1240 divinus
1325 1189 1531 1246 cultus.
1567 1195 1666 1242 aut
1714 1188 2042 1242 animarum

345 1275 600 1328 reductio
630 1274 922 1344 agebatur,
955 1276 1150 1343 [nullis
1204 1278 1472 1345 parcebat
1519 1277 1812 1346 impensis.
1853 1277 1942 1330 Sic
1972 1277 2040 1330 ad

347 1363 710 1417 excitandum
742 1369 799 1416 et
850 1364 1302 1433 promovendum
1332 1365 1403 1434 [in
1446 1366 1748 1434 juventute
1779 1365 2041 1419 ardorem

346 1450 704 1504 addiscendas
759 1451 1037 1505 doctrinae
1094 1453 1449 1517 Christianae,
1523 1453 1583 1506 in
1625 1453 1746 1506 sola
1827 1468 2042 1506 munu~

348 1540 503 1592 acula
569 1539 933 1603 catechetica,
991 1540 1203 1594 scilicet
1258 1541 1667 1595 catechismum
1701 1539 1929 1606 Canisii,
1987 1545 2046 1594 et

347 1626 602 1695 ejusdem
650 1626 876 1682 libellos
907 1629 976 1682 de
1008 1630 1428 1698 praeparatione
1454 1628 1519 1681 ad
1543 1628 1954 1682 confessionem
1988 1633 2045 1681 et

349 1715 840 1774 communionem,
872 1717 1268 1784 precationnm
1297 1714 1595 1782 formulas,
1637 1715 1874 1778 rosaria,
1898 1715 2040 1768 ima-

351 1802 511 1872 gines
542 1807 600 1856 et
627 1803 738 1856 alia
781 1802 1068 1872 ejusmodi
1115 1802 1422 1855 coemenda
1455 1803 1748 1872 ingentem
1781 1803 2042 1873 pecunia:

352 1891 465 1946 vim
488 1908 553 1946 ex
575 1892 806 1962 proprio
837 1892 1058 1962 peculio
1079 1891 1354 1961 profudit.
1407 1891 1542 1944 Sum
1576 1893 1834 1945 oculatus
1862 1891 2045 1955 testis,

353 1981 468 2035 imo
499 1987 554 2034 et
573 1987 910 2050 cooperator
929 1980 1138 2046 exstiti,
1169 1980 1401 2050 quando
1434 1995 1548 2032 una
1589 1981 1707 2034 vice
1739 1979 1849 2033 tria
1878 1982 2046 2033 llore-

352 2086 558 2123 norum
593 2069 773 2122 millia
797 2069 855 2121 in
887 2069 1040 2122 hunc
1070 2070 1244 2122 linem
1277 2074 1593 2136 Augustam
1626 2069 1953 2133 destinavit,
1989 2073 2050 2121 ut

351 2156 504 2208 aliud
554 2156 696 2209 nihil
731 2172 905 2226 quam
936 2172 1094 2210 sacra
1125 2156 1408 2225 ejusmodi
1444 2158 1712 2220 amuleta,
1745 2162 1802 2208 et
1839 2156 2047 2208 excita-

354 2243 498 2296 toria
553 2260 865 2312 puerorum
939 2246 1296 2314 apophoreta
1361 2249 1852 2313 compararentur.
1910 2246 2047 2307 Quae

352 2347 482 2384 cum
509 2332 885 2400 appulissent,
915 2334 1106 2386 omnia
1134 2332 1284 2386 intra
1313 2333 1484 2386 unius
1514 2333 1886 2386 hebdomadas
1915 2349 2047 2402 spa-

356 2418 522 2483 tium,
551 2435 655 2490 per
688 2436 887 2474 omnes
919 2421 1090 2490 hujus
1122 2421 1372 2474 ecclesiae
1406 2421 1722 2490 parochias,
1775 2419 2049 2474 admoni-

354 2507 514 2560 toriis
545 2507 829 2578 adjunctis
859 2509 1080 2574 litteris,
1114 2509 1509 2563 liberalissime
1548 2508 1834 2578 dispersit.

427 2598 512 2650 38.
551 2618 578 2644 α
632 2597 757 2650 Non
796 2597 1040 2661 deerant
1068 2614 1098 2650 e
1137 2597 1399 2666 pecunias
1453 2597 1915 2660 faeneratoribus,
1948 2595 2050 2666 qui

353 2683 754 2753 oggannirent,
810 2684 1144 2740 immodicas
1199 2683 1444 2738 nimium
1475 2700 1750 2754 expensas
1781 2684 1840 2737 in
1873 2683 2050 2738 refor-

355 2775 672 2827 mationem
705 2773 1010 2828 dimceseos
1039 2773 1290 2844 erogari,
1325 2774 1576 2844 quando,
1608 2788 1739 2826 cum
1789 2778 2050 2842 tempore

355 2861 540 2931 magis
583 2867 929 2932 opportuno,
963 2862 1160 2915 omnia
1194 2861 1413 2914 minore
1443 2866 1676 2930 sumptu
1705 2861 2051 2928 perficienda

356 2950 643 3015 venirent;
703 2951 912 3020 quibus
942 2950 1036 3004 ille
1069 2949 1227 3004 dedit
1264 2965 1605 3019 responsum
1637 2947 1899 3018 Principe
1957 2964 2047 3001 ec-

356 3038 638 3091 clesiatico
674 3038 915 3109 dignum
949 3055 961 3091 :
1012 3059 1038 3089 a
1094 3038 1356 3092 Ecclesiae
1400 3054 1544 3092 mea:
1575 3038 1727 3090 bona
1762 3042 2055 3106 tempora-

359 3143 386 3174 α
427 3125 522 3193 lia,
571 3126 890 3196 inquiebat,
931 3127 1131 3180 utilius
1168 3142 1486 3195 numquam
1541 3125 2048 3194 dispensabuntur,

362 3237 384 3261 «ι
429 3231 604 3285 quam
647 3215 695 3267 si
742 3216 813 3268 ad
860 3215 1260 3283 ampliandam
1300 3213 1402 3266 Dei
1450 3213 1714 3282 gloriam,
1745 3217 1801 3266 et
1820 3211 2050 3265 anima—

362 3323 389 3352 α
429 3319 558 3356 rum
604 3305 849 3356 salutem
897 3301 1351 3372 promovendam
1401 3308 1573 3370 atque
1612 3301 2048 3371 propagandam

361 3411 388 3438 κ
429 3390 814 3444 insumantur.
857 3391 1039 3454 Quem
1085 3389 1239 3444 enim
1271 3389 1448 3442 alium
1480 3388 1539 3442 in
1575 3390 1748 3442 tinem
1781 3390 1836 3442 8.
1874 3390 2048 3442 Hein-

362 3501 383 3527 ί
430 3477 582 3532 ricus
655 3478 950 3531 ecclesiam
1009 3493 1170 3531 suam
1212 3481 1509 3547 tantopere
1563 3477 1964 3546 locupletavit?
2026 3498 2046 3524 ιι

362 3567 637 3620 Pastorali
688 3566 793 3620 hac
843 3566 1138 3637 vigilantia
1172 3571 1229 3620 et
1258 3564 1622 3630 liberalitate,
1666 3581 1770 3618 nec
1790 3579 1909 3618 non
1962 3565 2050 3618 la-

360 3657 564 3709 borum
594 3659 650 3707 et
679 3653 1202 3708 contradictionum
1230 3653 1443 3708 invicta
1472 3653 1801 3721 tolerantia,
1845 3653 2052 3706 lauda-

357 3743 608 3798 tissimus
637 3743 729 3796 hic
758 3744 966 3797 Praesul
1015 3750 1242 3796 tantum
1273 3742 1482 3807 checit,
1516 3746 1579 3795 ut
1633 3741 1784 3794 intra
1815 3745 2049 3810 septen-

357 3833 539 3899 nium,
597 3833 864 3886 haeretica
922 3834 1040 3885 lues
1081 3849 1146 3885 ex
1207 3836 1327 3884 tota
1375 3831 1555 3883 ferme
1587 3828 1816 3883 dioecesi
1883 3827 2055 3881 fuerit

361 3920 681 3989 profligata,
709 3925 766 3972 et
793 3920 1110 3973 orthodoxa
1150 3920 1292 3972 fides
1322 3919 1380 3972 in
1412 3934 1537 3971 eam
1584 3918 1846 3981 reducta;
1889 3921 1946 3969 ct
1975 3915 2054 3968 sic

361 4008 540 4062 multa
587 4007 768 4060 millia
834 4007 1133 4060 hominum
1210 4022 1326 4060 non
1378 4007 1561 4059 solum
1652 4012 1790 4058 tunc
1865 4004 2055 4056 viven-

358 4095 524 4157 tium,
562 4095 659 4148 sed
713 4094 884 4148 etiam
936 4098 1318 4164 posterorum.
1360 4092 1430 4147 ab
1481 4092 1717 4146 interitu
1770 4091 2055 4146 vindicata

361 4185 493 4236 sint.

386 4275 516 4324 -39.
576 4290 604 4322 ‹‹
655 4269 762 4334 Qui
811 4270 1074 4324 Praesulis
1123 4271 1279 4322 zelus
1335 4285 1508 4339 quam
1557 4272 1822 4338 acceptus
1873 4266 2053 4321 fuerit

360 4360 412 4413 8.
487 4345 770 4423 llcinrico,
857 4364 914 4411 et
961 4358 1111 4427 apud
1189 4359 1366 4410 Deum
1454 4356 1667 4424 meriti,
1745 4356 1935 4426 colligi
1985 4372 2051 4409 ex

360 4467 427 4502 eo
486 4453 676 4517 potest
728 4447 884 4516 quod
943 4447 1186 4500 caelestis
1222 4444 1634 4499 Paterfamilias
1686 4445 1860 4498 tidem
1903 4446 2052 4497 hunc

361 4537 419 4589 in
450 4537 614 4590 vinea
648 4537 877 4590 Domini
908 4535 1261 4604 operarium,
1292 4535 1399 4588 sub
1439 4535 1568 4587 vitae
1593 4549 1910 4602 vesperam,
1952 4548 2053 4600 per

361 4625 672 4694 ipsummet
720 4625 771 4678 S.
836 4626 1271 4694 Imperatorem,
1343 4623 1581 4692 ejusque
1637 4621 2051 4674 sanctissimam

361 4712 686 4781 conjugem,
727 4713 796 4766 ad
830 4715 1149 4766 mercedem
1190 4721 1466 4766 aeternam
1499 4717 1616 4764 tam
1649 4710 1864 4780 agri-gii
1896 4710 2055 4762 labo-

361 4799 442 4852 ris
472 4799 878 4868 recipiendam,
926 4800 1114 4853 favore
1181 4799 1634 4853 extraordinario
1687 4814 1890 4851 vocare
1967 4797 2053 4851 di-

365 4889 574 4954 gnatus
622 4885 811 4938 fuerit.
874 4886 1013 4939 Rem
1079 4887 1244 4940 istam
1295 4885 1724 4940 memorabilem
1773 4885 2055 4939 Fornerus

361 4989 497 5043 pag.
565 4974 686 5036 ΗΟ,
740 4973 924 5024 verbis
963 4975 1330 5042 sequentibus
1361 4974 1575 5027 refert:
1634 4974 1774 5028 Rem
1817 4987 2052 5042 prorsus

365 5060 731 5128 stupendam,
765 5058 968 5129 inquit,
1008 5060 1348 5112 virissimam
1372 5065 1562 5112 tamen
1584 5061 1748 5112 vobis
1775 5061 2051 5125 referam;

365 5148 516 5202 unde
565 5147 807 5218 liquebit
876 5147 1004 5218 quis
1063 5147 1115 5200 ei
1195 5148 1592 5200 imminentem
1651 5163 1719 5200 ex
1795 5147 1898 5200 hac
1942 5149 2056 5201 vita

363 5237 671 5290 transitum
730 5235 1090 5289 vaticinando
1146 5235 1496 5304 signiticerit.
1551 5238 1715 5286 Anno
1795 5251 2054 5302 noxcvm,

368 5326 570 5396 quiei
627 5324 813 5379 fatalis
867 5323 991 5387 fuit,
1043 5339 1194 5388 cum,
1254 5322 1313 5376 in
1361 5321 1661 5376 festivitate
1713 5323 1768 5378 8.
1813 5323 2057 5377 Heinrici

370 5415 757 5482 Imperatoris.
814 5428 982 5468 mane
1037 5410 1372 5482 pontificali.
1411 5411 1520 5462 ritu
1586 5410 1759 5463 sacris
1789 5419 2058 5479 operatus

367 5508 562 5567 esset,_
597 5520 644 5556 a.
678 5502 924 5572 prandio
967 5500 1143 5553 vitam
1183 5498 1442 5568 ejusdem
1481 5497 1694 5563 Sancti,
1749 5499 1952 5552 sedens
2000 5501 2056 5554 in

366 5592 621 5644 oratorio
651 5608 775 5656 suo,
830 5589 1138 5654 lectitabat,
1190 5588 1464 5642 fenestras
1519 5602 1548 5638 e
1607 5587 1835 5656 regione
1865 5589 2057 5642 cathe~

2081 1764 2119 1816 Β

2150 575 2376 640 apertas
2415 571 2662 624 habens.
2727 571 2980 642 Contigit
3026 571 3176 626 inter
3224 574 3530 643 legendum
3563 581 3628 629 ut
3659 576 3867 630 adver-

2149 674 2274 711 sum
2308 659 2652 728 campanile,
2678 659 2776 712 ubi
2805 659 3141 728 grandiores
3169 662 3223 716 S.
3276 663 3523 716 Heinrici
3553 669 3612 718 et
3642 665 3695 718 S.
3735 663 3859 718 Cu-

2149 748 2433 817 negundis
2494 763 2790 816 campana:
2843 747 3550 820 pendent,_perspiceret,
3627 751 3862 823 ibique,

2150 834 2546 904 superioribus
2603 852 2633 888 e
2687 837 2969 900 feliestris,
3030 837 3087 891 8.
3151 838 3396 892 lieinrici
3422 845 3480 893 et
3535 840 3590 894 S.
3657 841 3856 894 Gune-

2149 922 2360 992 gundis
2392 923 2675 993 imperiali
2728 927 2922 976 ilttlltltl
2981 930 3151 994 atque
3199 941 3428 991 corona,
3473 927 3558 980 uti
3587 926 3861 996 pingun-

2149 1015 2263 1077 tur,
2313 1012 2616 1064 simulacra
2673 1011 2954 1066 immensa
3007 1013 3130 1066 luce
3190 1014 3565 1078 coruscantia,
3627 1021 3684 1068 et
3719 1033 3863 1070 suu-

2149 1103 2302 1151 ctum
2339 1099 2569 1169 quidem
2604 1100 2929 1154 Heinricum
2988 1117 3166 1157 manu
3196 1101 3304 1156 sibi
3343 1107 3697 1156 annuentcni
3727 1120 3866 1161 cer-

2151 1193 2327 1240 neret.

2221 1274 2308 1327 40.
2348 1295 2374 1322 ‹‹
2407 1274 2557 1328 Visio
2598 1274 2708 1328 ista
2766 1274 3068 1330 horrorem
3129 1275 3316 1347 primo
3373 1277 3612 1332 incussit
3671 1279 3870 1332 maxi-

2150 1377 2343 1427 mum;
2389 1379 2560 1433 quem
2593 1370 2807 1430 tamen,
2863 1363 2963 1418 ubi
2989 1381 3048 1418 se
3097 1367 3395 1434 paululum
3429 1367 3752 1438 collegisset
3803 1373 3871 1423 et

2153 1452 2360 1505 sanctis
2390 1452 2503 1505 illis
2553 1452 2810 1506 l’atronis
2838 1453 3102 1506 obnixius
3131 1455 3608 1519 commendasset,
3647 1472 3865 1527 super-

2153 1540 2388 1593 veniens
2420 1541 2664 1594 interius
2705 1541 2912 1594 mentis
2961 1543 3141 1595 all'usa
3174 1543 3488 1596 consolatio
3515 1543 3638 1597 sine
3687 1561 3871 1598 mora.

2152 1628 2371 1698 expulit
2397 1635 2453 1682 et
2477 1628 2761 1681 abstersit.
2825 1629 2894 1682 Ut
2919 1633 3110 1682 autem
3153 1629 3235 1682 rei
3267 1629 3562 1682 veritatem
3615 1627 3868 1698 penitus

2155 1716 2454 1786 indagaret
2483 1733 2546 1770 ac
2597 1717 2806 1770 certius
2838 1721 3226 1786 cognosceret,
3283 1733 3397 1770 una
3449 1733 3578 1770 cum
3635 1715 3868 1770 aedituo

2159 1804 2574 1858 cubicularium
2613 1821 2813 1872 unum,
2871 1810 2998 1875 post
3045 1805 3292 1858 alterum
3349 1821 3416 1858 eo
3449 1803 3736 1870 submisit,
3795 1808 3872 1856 ut

2159 1893 2428 1963 quisnam
2458 1892 2516 1946 in
2559 1893 2705 1947 turri
2757 1899 2904 1946 esset
2934 1899 2991 1947 et
3038 1893 3146 1964 ipsi
3175 1897 3600 1963 cognoscerent.
3658 1896 3732 1948 At
3773 1891 3870 1945 illi

2159 1981 2391 2050 quidem
2426 1981 2714 2035 neminem
2748 1981 2978 2050 penitus
3005 1981 3158 2036 ibise
3189 1981 3392 2035 vidisse
3423 1981 3864 2045 renuntiarunt,

2158 2085 2288 2122 cum
2345 2069 2542 2122 omnia
2602 2072 3072 2139 perlustrassent;
3129 2069 3270 2123 visio
3319 2075 3514 2122 tamen
3570 2069 3670 2122 illa
3717 2085 3869 2140 per—

2160 2157 2394 2224 mansit,
2429 2158 2536 2212 illis
2567 2159 2968 2228 praeseutibus,
3014 2157 3235 2211 tametsi
3267 2157 3412 2211 nihil
3445 2156 3667 2228 uspiam
3700 2173 3870 2228 pras-

2157 2250 2246 2299 ter
2298 2246 2592 2299 horrorem
2649 2245 2956 2316 quemdam
3006 2246 3301 2298 insolitum
3354 2245 3867 2314 perseutiscerent,

2160 2349 2265 2387 nec
2288 2333 2422 2403 quid
2458 2334 2564 2387 sibi
2597 2335 2897 2404 episcopus
2954 2334 3142 2400 vellet,
3185 2333 3591 2404 intelligerent.
3621 2334 3686 2386 Et
3717 2349 3862 2386 cum

2161 2438 2219 2476 se
2247 2423 2418 2476 tertio
2441 2421 2783 2476 ostendisset
2812 2423 3012 2476 eadem
3039 2422 3349 2492 apparitio,
3403 2422 3631 2475 tandem
3663 2422 3864 2475 omni-

2162 2527 2236 2564 no
2268 2509 2572 2580 disparuit.
2606 2510 2859 2580 tlontigit
2882 2511 3100 2581 vesperi
3134 2516 3192 2562 ut
3221 2525 3350 2564 cum
3381 2509 3526 2580 ipso,
3567 2509 3637 2562 de
3671 2525 3865 2572 more,

2163 2614 2265 2668 per
2327 2599 2558 2652 hortum
2616 2599 2987 2663 ambulando,
3039 2599 3346 2652 matutinas
3411 2614 3539 2650 cum
3589 2598 3869 2651 laudibus

2162 2701 2358 2757 preces
2405 2691 2535 2738 aute
2589 2701 2810 2738 orenam
2859 2687 3271 2756 persolverem;
3306 2685 3515 2755 quibus
3553 2685 3623 2738 ad
3677 2685 3866 2738 ﬁnem

2161 2771 2435 2836 decursis,
2463 2771 2648 2825 verbis
2680 2772 2832 2825 hisce
2889 2788 2979 2825 me
3008 2772 3288 2826 allocutus
3319 2777 3404 2825 est
3453 2787 3467 2824 :
3499 2771 3750 2835 Qumstio
3778 2776 3871 2824 est

2162 2861 2230 2913 ad
2259 2865 2336 2922 te,
2369 2861 2571 2913 doctor
2604 2860 2848 2914 Fornere
2876 2875 2888 2912 :
2924 2860 2969 2913 si
2999 2861 3188 2914 Sancti
3218 2859 3467 2930 cuipiam
3516 2866 3866 2930 appareant.

2161 2953 2217 3002 et
2239 2948 2502 3002 manibus
2535 2947 2696 3018 quasi
2725 2949 3036 3002 aunuendo
3061 2949 3133 3003 ad
3155 2965 3212 3002 se
3245 2954 3466 3012 vocent,
3492 2948 3632 3019 quid
3673 2948 3866 3018 signi-

2091 3039 2130 3091 Ο
2170 3038 2338 3090 ticare
2387 3035 2711 3089 existimas?
2745 3036 3038 3106 Optimum
3095 3053 3285 3104 omen,
3319 3036 3675 3106 inquiebam,
3737 3053 3868 3090 esse

2084 4319 2124 4371 1)

2161 3125 2305 3179 duco
2350 3141 2362 3177 :
2418 3123 2648 3194 signum
2705 3130 2788 3178 est
2845 3124 3077 3178 Sanctus
3115 3141 3268 3190 eum,
3329 3141 3501 3195 quem
3543 3129 3769 3186 vocant,
3808 3125 3869 3179 in

2162 3229 2330 3266 suum
2361 3213 2710 3266 consortium
2739 3212 2896 3266 brevi
2935 3213 3325 3283 adoptaturos.
3384 3214 3449 3267 Et
3503 3212 3559 3266 id
3591 3213 3871 3280 colligere

2162 3307 2250 3354 est
2286 3317 2352 3354 ex
2403 3299 2570 3354 variis
2601 3299 3060 3370 apparitionibus
3090 3301 3450 3366 Sanctorum,
3497 3317 3639 3371 quas
3689 3301 3873 3354 refert

2160 3389 2214 3443 S.
2248 3388 2554 3458 Gregorius
2590 3389 2824 3458 Magnus
2849 3389 2908 3441 iu
2942 3388 3097 3442 libris
3140 3389 3535 3458 Dialogorum.
3581 3387 3670 3442 Sic
3703 3389 3868 3443 Ursi-

2163 3494 2238 3531 no
2283 3478 2616 3547 presbytero
2665 3482 3062 3548 apparuerunt
3115 3476 3208 3531 SS.
3265 3477 3523 3546 Apostoli
3549 3477 3754 3531 Petrus
3810 3482 3871 3530 et

2165 3566 2389 3628 Paulus,
2425 3571 2481 3618 et
2511 3581 2642 3618 eum
2673 3566 2741 3618 ad
2766 3565 3014 3619 cmlestia
3038 3569 3361 3618 evocarunt.

2230 3655 2318 3706 41.
2361 3676 2380 3701 ε
2436 3653 2527 3707 Sic
2575 3652 2761 3706 Probo
2819 3653 3089 3724 episcopo
3149 3652 3392 3707 Reatino
3422 3652 3477 3707 S.
3539 3653 3868 3718 Juvenalis,

2161 3742 2215 3796 S.
2252 3742 2608 3795 Eleutherius
2637 3741 2909 3811 Martyres
2938 3742 3131 3794 obitus
3158 3741 3312 3795 diem
3368 3741 3865 3810 prmnuntiarunt.

2161 3831 2250 3884 Sic
2279 3828 2576 3898 Arnulpho
2605 3828 3003 3882 Suessionensi
3049 3830 3320 3898 episcopo
3350 3829 3404 3883 S.
3468 3829 3702 3883 Michael
3762 3834 3870 3884 Ar-

2164 3917 2475 3986 cbangelus
2506 3916 2696 3970 obitus
2729 3917 2880 3971 diem
2939 3917 3220 3986 pracdixit.
3253 3916 3342 3971 Sic
3388 3917 3681 3981 Aredium,
3713 3919 3868 3971 refe-

2166 4010 2325 4059 rente
2365 4005 2424 4060 S.
2479 4004 2754 4074 Gregorio
2819 4004 3156 4071 Turonensi,
3212 4004 3268 4058 S.
3328 4005 3603 4057 Martinus
3658 4010 3716 4058 et
3768 4004 3870 4058 alii

2165 4098 2504 4163 apparentes
2534 4093 2603 4147 ad
2637 4093 2847 4161 gaudia
2879 4094 3177 4147 Beatorum
3209 4092 3545 4146 iuvitarunt.
3594 4093 3688 4146 Hac
3719 4098 3872 4146 tunc

2165 4181 2440 4250 temporis
2484 4181 2736 4235 historia”:
2793 4181 2932 4234 mihi
2989 4180 3384 4258 occurrebant.
3431 4180 3518 4234 Ad
3549 4196 3680 4250 quae
3724 4181 3867 4235 ille:

2167 4267 2335 4322 Recte
2362 4269 2648 4338 jndicasti.
2690 4270 2879 4323 Dicam
2926 4269 3031 4322 tibi
3059 4269 3198 4340 quid
3251 4274 3383 4322 ante
3413 4269 3636 4339 aliquot
3673 4269 3869 4334 horas,

2165 4357 2449 4410 hodierno
2509 4358 2827 4411 etiamnum
2881 4357 2990 4421 die,
3047 4356 3189 4410 mihi
3228 4357 3573 4426 contigerit:
3620 4357 3686 4410 Et
3734 4373 3862 4412 rem

2167 4461 2425 4510 omnem,
2460 4447 2543 4499 uti
2572 4445 2690 4515 jam
2723 4445 3137 4509 recensuimus,
3169 4461 3272 4514 per
3311 4446 3576 4499 ordinem
3608 4461 3866 4516 expone-

2166 4533 2278 4587 bat.
2310 4535 2374 4588 Et
2409 4533 2884 4603 interpretatione
2916 4535 3148 4587 visionis
3167 4533 3239 4587 de
3271 4532 3506 4586 instanti
3547 4539 3732 4587 morte
3767 4550 3869 4588 sua

2165 4623 2485 4676 luculenter
2541 4623 2841 4692 explicata,
2883 4623 3116 4676 tandem
3165 4623 3411 4692 ipsemet
3449 4622 3866 4692 subjungebat:

2167 4711 2345 4766 Audio
2376 4710 2624 4764 similem
2649 4711 2924 4764 visionem
2985 4710 3236 4764 oblatam
3291 4710 3636 4764 antecessori
3670 4726 3868 4780 quon-

2165 4800 2295 4853 dam
2357 4815 2502 4860 meo,
2554 4801 2829 4869 Wigando
2904 4799 3177 4853 Redwitio
3241 4799 3372 4860 (fuit
3447 4799 3495 4852 is
3553 4799 3872 4871 Episcopus

2171 4887 2602 4957 Bambergensis
2677 4887 3168 4958 quadragesimus,
3259 4903 3326 4939 eo
3415 4892 3676 4955 tempore
3752 4902 3867 4957 quo

2169 4977 2412 5028 haereses
2442 4981 2621 5028 totam
2655 4975 3016 5028 Germaniam
3053 4975 3503 5044 populabantur;
3527 4974 3626 5044 qui
3653 4974 3868 5029 Luthe-

2169 5081 2230 5118 ro
2261 5069 2319 5117 et
2344 5064 2467 5132 ejus
2489 5064 2735 5128 asseclis,
2761 5063 2805 5115 si
2832 5063 2959 5132 quis
2995 5062 3162 5129 alius,
3201 5063 3600 5115 strenuissime
3635 5065 3867 5128 restitit,

2167 5156 2223 5202 et
2253 5151 2376 5221 ejus
2401 5152 2690 5221 paradoxa
2719 5151 2790 5204 ab
2812 5151 3061 5203 ecclesiae
3094 5151 3266 5220 hujus
3306 5150 3466 5216 ovili,
3487 5150 3870 5220 quibuscum-

2165 5255 2276 5310 que
2308 5245 2550 5308 poterat,
2611 5239 2879 5292 remediis
2938 5239 3314 5308 profligavit).
3350 5239 3401 5292 ls
3454 5255 3627 5307 porro
3665 5241 3867 5293 eodem

2165 5343 2318 5380 anno
2350 5344 2380 5380 e
2402 5327 2541 5380 vivis
2571 5343 2691 5380 esse
2725 5327 2910 5380 desiit.
2972 5327 3213 5389 Videbis,
3271 5326 3586 5396 inquiebat,
3621 5326 3780 5382 idem
3811 5331 3864 5379 et

2170 5415 2311 5469 mihi
2343 5422 2702 5469 eventurum.
2741 5417 2878 5469 Nam
2923 5414 2983 5468 in
3021 5414 3195 5484 hujus
3233 5415 3372 5468 anni
3417 5414 3591 5468 ﬁdem
3623 5431 3740 5468 non
3775 5432 3868 5468 ero

2169 5502 2613 5572 supervicturus.
2669 5502 2833 5566 Dixit,
2906 5507 2963 5557 et
3039 5501 3213 5555 verbo
3271 5503 3568 5572 respondit
3620 5510 3862 5558 eventus

2170 5590 2340 5660 paulo
2370 5597 2503 5644 ante
2541 5592 2717 5644 tinem
2738 5590 2994 5658 ejusdem
3023 5590 3156 5644 anni
3190 5607 3424 5643 unxexm
3444 5632 3455 5643 .
