3976 6454
100 368 195 418 149

1766 374 1849 427 AC
1859 371 1961 425 TA.

3535 380 3633 430 150

158 490 249 543 42.
294 512 313 537 ε
350 489 579 544 lnterea
607 490 887 561 temporis
936 504 1163 543 summa
1215 494 1272 543 et
1327 489 1496 543 unica
1526 489 1648 560 ejus
1677 506 1813 545 cura
1843 495 1887 545 Α
1930 493 2190 563 pluribus
2222 491 2446 563 paginis
2466 492 2816 564 exsequitur.
2869 496 3111 549 Demum
3142 498 3631 553 concludit:Can-

86 579 194 631 fuit
223 595 289 631 se
340 584 679 633 sanctorum
741 581 1124 633 Patronorum
1177 579 1488 644 consortio,
1549 579 1617 633 ad
1657 580 1813 651 quod

86 668 155 718 ab
200 666 475 735 ipsismet
531 668 950 738 gratiosissime
993 666 1269 720 invitatus
1319 667 1525 731 fuerat,
1570 668 1811 738 dignum

85 755 352 808 reddere.
435 756 751 810 Restabant
808 760 944 808 tuuc
1016 755 1292 826 temporis
1343 756 1566 827 aliquot
1624 756 1813 810 adhuc

82 842 327 912 oppida,
433 852 496 897 ut
592 845 1061 908 Hochstadiense,
1162 845 1808 915 Hertzogenauracense,

84 932 751 998 Obserscheinteldense,
775 933 1332 988 Burckunstadiense
1358 950 1486 987 cum
1517 932 1811 987 nonnullis

84 1021 269 1089 pagis,
306 1021 369 1073 in
396 1021 609 1091 quibus
642 1021 974 1075 reformatio
1001 1021 1262 1093 quidem,
1317 1027 1370 1076 et
1401 1021 1717 1075 errantium
1740 1021 1811 1075 ad

91 1109 355 1162 Ecclesiae
408 1109 690 1162 unitatem
744 1109 1003 1163 reductio
1058 1110 1178 1179 jam
1240 1110 1527 1175 inchoata,
1564 1109 1807 1163 necdum

88 1204 283 1249 tamen
326 1197 397 1250 ad
428 1201 692 1267 optatum
743 1200 918 1252 tinem
980 1199 1253 1267 perducta
1314 1204 1453 1251 erat.
1491 1198 1810 1252 Arbitratus

92 1286 267 1355 igitur
297 1302 361 1338 se
381 1287 593 1339 sanctis
636 1287 1053 1340 Fundatoribus
1092 1288 1553 1357 acceptissimum
1600 1293 1808 1341 ventu-

90 1389 241 1437 rum,
292 1373 345 1427 si
396 1374 696 1428 ecclesiam
750 1375 819 1428 ab
866 1375 1006 1444 ipsis
1052 1376 1372 1438 fundatam,
1432 1375 1554 1429 sine
1586 1377 1810 1430 macula

92 1462 329 1515 haeresis
380 1468 734 1531 praasentare
785 1464 1019 1517 illorum
1061 1464 1393 1533 conspectui
1424 1470 1637 1534 posset,
1687 1470 1805 1517 tota

93 1552 277 1603 virum
328 1550 705 1603 contentione
761 1550 821 1604 in
873 1550 931 1605 id
973 1551 1383 1621 perficiendum
1417 1551 1719 1605 incubuit:
1753 1555 1809 1604 et

94 1638 239 1708 quod
268 1639 331 1691 in
366 1642 514 1691 votis
570 1638 837 1705 habebat,
898 1644 981 1692 est
1023 1646 1333 1708 assecutus,
1389 1641 1632 1694 Domino
1664 1638 1804 1693 ﬁde-

92 1727 293 1780 lissimi
345 1727 439 1781 sui
494 1728 643 1780 servi
694 1727 988 1781 conatibus
1030 1727 1273 1793 favente,
1335 1733 1393 1783 et
1446 1727 1804 1782 evidentibus
1837 1768 1876 1820 Β

93 1816 285 1885 εςτόῑίεὲ
317 1815 531 1869 divinze
567 1815 834 1869 subsidiis
861 1822 1227 1883 cooperante.

158 1906 245 1957 43.
284 1924 312 1955 α
378 1906 685 1968 Praeterea,
743 1920 873 1957 cum
917 1905 1025 1959 sibi
1073 1922 1107 1958 a
1160 1904 1215 1959 8.
1282 1905 1547 1960 Heinrico
1600 1907 1804 1961 eturri

92 2008 256 2046 manu
293 1998 615 2058 annuente,
649 1993 979 2047 denuntiari
1008 1993 1266 2047 crederet
1319 1993 1459 2047 illud
1499 1996 1714 2065 Regum
1748 1997 1800 2061 4,

96 2098 215 2151 cap.
256 2084 324 2134 ‘20
354 2098 367 2134 :
399 2100 427 2131 ii
463 2081 756 2151 Praecipue
779 2081 977 2134 domui
1008 2086 1123 2136 tua:
1151 2097 1164 2146 ;
1196 2080 1627 2136 morierisenim
1657 2089 1713 2135 tu
1749 2088 1805 2137 et

96 2186 199 2223 non
232 2170 409 2233 vives,
438 2191 461 2219 ι
513 2170 686 2240 coepit
734 2169 929 2223 omnia
977 2170 1083 2223 rite
1128 2170 1421 2238 ordinare,
1464 2174 1581 2224 tam
1618 2172 1802 2241 quoad

98 2259 430 2329 temporalia
477 2274 652 2329 quam
686 2259 869 2330 quoad
920 2263 1131 2313 statum
1165 2259 1373 2312 anima:
1404 2275 1541 2313 suae.
1572 2261 1802 2314 Peccata

100 2363 190 2399 sua
215 2347 604 2417 eleemosynis
657 2348 937 2401 redimere
968 2347 1226 2418 cupiens,
1258 2349 1318 2401 in
1363 2348 1557 2401 omnia
1588 2350 1804 2419 templa

103 2443 151 2488 et
179 2435 527 2489 monasteria
558 2452 877 2505 pauperum
928 2436 1355 2506 religiosorum,
1403 2438 1461 2490 in
1494 2437 1804 2508 hospitalia

102 2531 151 2575 et
196 2523 532 2578 nosocomia
590 2524 939 2594 largissimas
1010 2525 1407 2597 eleemosynas
1462 2526 1797 2580 destinavit:

102 2612 216 2665 aliis
288 2628 528 2683 quoque
595 2612 800 2667 Christi
882 2613 1232 2683 pauperibus
1329 2614 1596 2684 pecunias
1679 2614 1802 2668 sine

104 2716 333 2754 numero
402 2701 701 2769 dispertiri
755 2701 975 2755 curavi.
1040 2702 1105 2755 Et
1153 2707 1458 2772 postquam
1510 2703 1802 2771 Herbipoli

108 2806 229 2858 quo
275 2796 516 2860 proliter
575 2790 806 2859 negotia
885 2797 1157 2861 tanquam
1227 2792 1574 2861 Priepositus
1650 2793 1803 2845 illius

107 2877 340 2931 ecclesias
410 2884 792 2943 concesserat)
850 2879 909 2931 in
965 2880 1229 2932 morbum
1314 2879 1623 2945 incidisset,
1685 2887 1801 2934 tam

110 2966 255 3031 mihi,
285 2982 461 3035 quam
494 2966 624 3018 aliis
665 2970 785 3018 toto
834 2965 1019 3019 morbi
1078 2973 1336 3036 tempore
1386 2967 1493 3036 ipsi
1525 2968 1799 3021 adstanti—

1922 582 2052 635 dide
2084 583 2289 644 fateor,
2329 586 2385 635 et
2413 582 2567 653 quod
2597 598 2689 636 res
2720 588 2825 648 est,
2870 583 3051 637 edico.
3085 585 3373 649 Plurimis,
3407 588 3506 657 qui
3539 588 3633 655 pie

1921 669 2230 723 admodum
2264 685 2328 722 ex
2377 668 2483 722 hac
2530 670 2643 721 vita
2682 686 2968 739 emigrare
3026 673 3421 739 credebantur,
3478 674 3633 727 adfui

1921 756 1979 809 in
2012 758 2279 811 extremis
2315 774 2326 811 :
2359 757 2457 811 sed
2496 758 2788 811 neminem
2832 759 3020 812 adhuc
3063 760 3177 814 vidi
3207 760 3267 814 in
3296 761 3631 816 hodiernam

1921 845 2096 911 diem,
2134 845 2248 898 imo
2280 851 2336 899 et
2382 844 2473 899 vix
2504 846 2694 899 audivi
2723 847 2973 900 similem
3003 848 3255 902 hominis
3280 850 3401 917 jam
3455 850 3633 904 mori-

1920 933 2035 986 turi
2067 934 2361 1004 pietatem,
2404 950 2519 1004 qua
2547 934 2643 988 ille
2678 934 2831 987 diem
2860 952 3029 990 suum
3058 938 3261 991 clausit
3286 941 3628 994 extremum.

1918 1021 2158 1074 Tantum
2218 1022 2495 1085 momenti
2546 1028 2601 1076 et
2632 1022 2901 1077 efﬁcacia;
2944 1025 3016 1078 ad
3078 1025 3224 1080 bene
3266 1026 3630 1081 moriendum

1918 1109 2529 1180 babuitpatrocinium
2579 1110 2669 1164 SS.
2733 1110 2982 1164 lieinrici
3038 1116 3095 1164 et
3127 1113 3521 1182 Cunegundis,
3576 1120 3632 1169 et

1918 1198 2262 1251 eorumdem
2295 1198 2549 1266 gratiosa
2574 1198 2885 1268 apparitio,
2910 1199 3180 1253 devotum
3221 1200 3331 1255 sibi
3361 1202 3630 1256 clientem

1918 1285 1985 1338 ad
2018 1286 2241 1339 beatam
2292 1287 2675 1340 aeternitatem
2724 1286 3111 1343 invitantium.
3176 1289 3411 1344 Videtur
3456 1290 3631 1345 etiam

1918 1374 2023 1428 hoc
2064 1375 2181 1427 loco
2221 1375 2725 1430 commemoranda
2763 1376 2873 1429 alia
2906 1377 3049 1431 visio
3096 1378 3329 1432 Praasuli
3356 1378 3491 1433 huic
3519 1378 3628 1433 ali-

1917 1467 2058 1532 quot
2087 1467 2217 1515 ante
2264 1469 2512 1517 mortem
2558 1464 2719 1518 horis
2777 1464 2990 1533 oblata,
3040 1482 3154 1537 qua
3209 1467 3413 1521 certior
3450 1468 3630 1521 factus

1916 1550 2025 1604 fuit
2054 1550 2123 1604 de
2153 1550 2349 1605 futuro
2389 1552 2685 1621 quondam
2746 1568 3072 1608 successore
3102 1570 3226 1619 suo,
3257 1555 3356 1625 qui
3402 1571 3468 1608 ea
3500 1571 3630 1625 quas

1914 1639 2037 1708 ipse
2070 1656 2174 1709 pro
2204 1640 2358 1694 bono
2381 1641 2635 1695 ecclesiae
2690 1642 3123 1711 Bambergensis
3180 1649 3330 1697 recte
3356 1649 3626 1712 coeperat,

1917 1732 2149 1783 strenue
2206 1735 2330 1783 erat
2385 1736 2811 1800 prosecuturus.
2857 1731 3053 1786 Refert
3104 1731 3437 1786 vaticinium
3488 1733 3630 1786 illud

1917 1817 2126 1887 saepius
2188 1818 2453 1871 laudatus
2511 1818 2829 1872 Fridericus
2888 1821 3166 1874 Fornerus
3196 1819 3255 1874 in
3313 1820 3482 1873 citato
3521 1825 3631 1874 tra-

1915 1912 2090 1969 ctatu,
2168 1908 2281 1959 Duo
2356 1907 2574 1974 specula
2658 1909 2936 1977 Principis
3010 1910 3377 1969 ecclesiastici.
3448 1914 3504 1962 et
3569 1908 3630 1962 in

1915 1992 2189 2047 concione
2246 1995 2497 2047 secunda
2558 1994 2787 2048 funebri
2840 1995 2909 2049 de
2956 1997 3171 2050 Joanne
3232 1996 3629 2051 Godefridoab

1912 2083 2262 2146 Aschausen,
2296 2097 2429 2152 pag.
2462 2084 2552 2148 60,
2578 2082 2677 2136 ubi
2710 2083 2788 2137 sic
2813 2083 3034 2138 scribit:

1984 2170 2071 2223 46.
2101 2190 2129 2221 (ι
2161 2169 2304 2224 Cum
2345 2170 2773 2224 lllustrissimus
2804 2176 2859 2225 et
2899 2172 3423 2227 Reverendissimus
3454 2174 3627 2228 Bam-

1912 2256 2208 2327 bergensis
2265 2258 2572 2328 episcopus
2642 2259 2988 2330 Nytbardus,
3043 2261 3450 2315 laudatissima:
3508 2278 3629 2315 me-

1913 2346 2135 2406 morias,
2168 2346 2595 2400 anno'uoxcvni
2650 2347 2709 2400 in
2766 2348 2889 2417 ipsa
2943 2347 2996 2403 S.
3050 2348 3325 2417 Stephani
3355 2349 3626 2403 festivita-

1913 2438 1988 2499 te,
2022 2434 2225 2505 quain
2278 2434 2416 2488 vivis
2448 2451 2571 2488 esse
2628 2435 2819 2501 desiit,
2878 2452 3047 2490 mane
3115 2437 3392 2491 sacriﬁcio
3450 2436 3629 2491 inter-

1913 2522 2129 2589 fuisset,
2202 2538 2330 2592 ego,
2422 2523 2521 2593 qui
2587 2524 2640 2577 ei
2723 2540 2951 2594 semper
3033 2526 3286 2591 aderam,
3367 2530 3629 2580 nostrum

1911 2611 2195 2665 Joannem
2251 2612 2645 2679 Godefridum,
2710 2613 2809 2682 qui
2867 2613 3282 2667 nudiustertius
3339 2630 3403 2668 ex
3436 2613 3630 2669 Galliis

1913 2699 2153 2753 domum
2210 2700 2482 2767 redierat,
2540 2700 2607 2753 ad
2668 2717 2801 2753 eum
2857 2700 2916 2753 in
2977 2702 3120 2754 lecto
3165 2702 3625 2765 decumbentem,

1913 2787 2111 2841 multis
2145 2789 2547 2857 praesentibus.
2582 2788 2878 2843 introduxi
2905 2806 2917 2843 :
2942 2806 3111 2859 quem
3142 2806 3270 2844 cum
3309 2790 3634 2860 ingredien-

1914 2882 2027 2930 tem
2059 2878 2468 2946 conspexisset,
2521 2877 2588 2931 ad
2659 2894 2749 2930 me
2806 2893 3160 2932 conversus:
3228 2878 3628 2943 Quali-mnam,

1913 2966 2211 3035 inquiens,
2270 2966 2605 3035 episcopum
2667 2966 2809 3019 mihi
2851 2966 3090 3020 adducis
3118 2968 3146 3020 ?
3177 2968 3291 3037 Ego
3338 2968 3464 3020 illi:
3499 2969 3629 3020 Illu-

110 3053 219 3116 bus,
258 3054 503 3107 liberam
544 3055 613 3106 de
649 3054 920 3106 omnibus
981 3055 1142 3108 bonis
1194 3055 1332 3120 suis,
1383 3056 1439 3108 in
1468 3056 1714 3121 horreis,
1745 3056 1803 3109 in
1840 3046 1879 3099 (Ι
1919 3052 2194 3105 strissime
2255 3052 2518 3115 Domine.
2584 3059 2667 3105 est
2715 3053 2946 3123 juvenis
3002 3055 3320 3109 Canonicus
3377 3055 3629 3108 Joannes

112 3143 405 3209 pecuariis,
444 3143 504 3195 in
552 3158 665 3194 ιρι-ει
726 3142 1017 3211 przesenti,
1079 3160 1471 3214 quascumque
1504 3146 1800 3205 vollemus,

111 3233 487 3299 eleemosynas
526 3230 597 3283 ad
657 3230 883 3283 libitum
943 3236 1204 3283 nostrum
1264 3246 1367 3300 pro
1427 3230 1620 3284 anima
1680 3249 1801 3289 sua,

112 3320 439 3389 pauperibus
506 3324 563 3371 et
641 3318 776 3371 locis
834 3318 944 3386 piis
1025 3318 1403 3386 dispertiendi
1477 3320 1801 3373 facultatem

112 3410 385 3471 conressit,
430 3407 555 3460 haec
621 3421 772 3475 saepe
833 3406 1042 3459 iterans
1094 3406 1312 3461 verba:
1365 3407 1651 3477 Quidquid
1701 3424 1803 3477 pro

113 3496 284 3549 anima
315 3512 444 3549 mea
480 3497 980 3563 eleemosynarum
1031 3496 1423 3564 erogaveritis,
1477 3513 1583 3566 ego
1616 3502 1803 3549 ratum

116 3584 332 3637 habebo.

175 3673 260 3725 44.
301 3695 325 3717 α
358 3672 539 3742 quue
572 3670 954 3740 praesentibus
1001 3670 1174 3724 etiam
1206 3671 1456 3725 ecclesiae
1488 3672 1804 3740 imperialis

122 3760 532 3829 Bimbergensis
565 3759 789 3812 duobus
833 3758 1109 3825 Praelatis,
1164 3760 1263 3830 qui
1294 3760 1640 3823 Herbipolim
1677 3760 1806 3813 ideo

119 3848 528 3909 descenderant.
611 3854 675 3901 ut
723 3864 853 3900 eum
902 3848 960 3901 in
1002 3849 1205 3903 morbo
1260 3865 1364 3902 suo
1410 3849 1720 3902 inviserent
1752 3855 1807 3901 et

122 3938 556 4001 consolarentur,
607 3936 824 4006 pluries
875 3936 1124 4002 iteravit,
1182 3936 1396 3990 addens
1454 3953 1569 3990 non
1599 3937 1803 3990 semel;

124 4026 330 4079 Peccata
360 4043 487 4079 mea
544 4024 881 4095 gravissima
940 4030 1092 4089 sunt,
1148 4031 1205 4079 et
1237 4041 1478 4078 numero
1510 4041 1809 4094 propemo-

126 4116 242 4167 dum
273 4115 495 4169 inﬁnita
538 4131 550 4166 :
582 4113 780 4167 multis
816 4113 1061 4183 proinde
1091 4119 1149 4167 et
1178 4114 1403 4183 magnis
1431 4114 1809 4185 eleemosynis

126 4202 381 4258 diluenda.
443 4203 717 4257 Ultimam
801 4218 965 4256 suam
1027 4203 1379 4255 voluntatem
1427 4203 1709 4272 exposuit,
1747 4207 1810 4256 ut

130 4292 392 4361 sequitur:
441 4290 655 4347 Omnia
708 4306 836 4344 mea
891 4290 1063 4355 bona,
1101 4289 1310 4360 inquit,
1368 4290 1437 4343 de
1483 4290 1692 4355 quibus
1749 4296 1811 4343 ut

130 4382 319 4448 peculio
346 4380 610 4451 prOprio,
668 4378 870 4449 majori
901 4394 965 4432 ex
1000 4384 1157 4448 parte
1207 4377 1579 4446 hereditario,
1627 4378 1815 4448 dispo—

132 4483 244 4521 nere
273 4486 525 4540 possum.
560 4468 620 4522 in
653 4474 765 4521 tres
792 4473 979 4538 partes
1021 4466 1198 4521 dividi
1230 4467 1377 4520 volo.
1427 4466 1619 4521 Prima
1647 4468 1815 4522 detur

135 4556 361 4612 Ecclesiae
413 4575 426 4624 ;
489 4558 675 4610 altera
746 4571 1066 4627 pauperum
1126 4555 1320 4609 usibus
1378 4554 1749 4624 impendatur
1797 4574 1810 4622 ;

133 4644 274 4697 tertia
317 4645 573 4715 cognatis
635 4643 777 4697 meis
834 4644 1019 4707 cedat,
1079 4659 1225 4714 quos
1305 4644 1457 4695 inter
1494 4645 1815 4714 praecipuos

135 4747 236 4785 esse
260 4735 377 4787 volo
420 4751 519 4788 eos
576 4732 681 4802 qui
737 4732 797 4786 in
848 4731 1053 4786 studiis
1105 4731 1291 4785 adhuc
1348 4737 1701 4799 versantur;
1760 4738 1816 4787 et

137 4819 299 4875 fratris
327 4823 472 4876 ﬁlios
517 4821 913 4885 minorennes,
967 4826 1033 4873 ut
1085 4819 1145 4873 in
1206 4820 1495 4874 Catholica
1535 4820 1813 4890 religione

138 4909 331 4964 valeant
361 4912 615 4965 educari.
678 4910 901 4963 Nollem
950 4914 1163 4974 autem,
1199 4909 1269 4962 de
1316 4908 1483 4962 bonis
1528 4908 1810 4976 Ecclesia,

141 4997 259 5052 milii
303 5000 577 5066 sanguine
621 4997 839 5069 junctis
893 4996 1211 5069 quidquam
1278 4996 1534 5067 elargiri,
1591 4996 1703 5050 nisi
1746 5012 1809 5050 ex

143 5088 449 5153 patrimonio
494 5105 626 5143 meo
674 5091 1024 5157 suppeteret,
1069 5091 1133 5139 ut
1183 5086 1265 5139 eis
1310 5085 1643 5139 benefacere
1674 5102 1813 5155 pos-

142 5177 416 5229 semzscio
466 5177 624 5230 enim
683 5174 1065 5228 ecclesiastica
1118 5176 1270 5230 bona
1318 5174 1432 5228 illis
1461 5190 1573 5227 non
1595 5173 1812 5229 deberi.

143 5260 338 5316 Addidit
361 5264 415 5317 in
462 5265 601 5329 line,
663 5262 894 5333 sepeliri
924 5278 983 5316 se
1026 5262 1167 5315 velle
1216 5262 1272 5315 in
1331 5262 1565 5316 ecclesia
1622 5262 1817 5316 cathe-

146 5347 265 5403 drali
310 5351 731 5421 Bamhergensi,
784 5350 906 5403 sine
950 5367 1179 5422 pompa,
1240 5355 1298 5404 et
1354 5367 1528 5421 quam
1573 5350 1814 5404 minimo

148 5430 245 5488 ﬁeri
273 5446 447 5507 posset
475 5446 735 5511 sumptu.
1221 5497 1224 5500 .

204 5523 279 5577 45.
312 5546 337 5575 ιι
367 5530 630 5582 Ceterum
660 5542 835 5598 quam
867 5530 1060 5581 exacte
1093 5526 1251 5589 selad
1304 5526 1529 5579 beatam
1570 5529 1813 5579 mortem

153 5617 530 5680 praeparaverit,
565 5625 621 5669 et
656 5632 829 5685 quam
864 5616 955 5685 pie
982 5616 1136 5668 illam
1169 5614 1497 5684 oppetierit.
1534 5614 1815 5666 Fornerus

1917 3140 2259 3194 Godefridus
2290 3140 2359 3193 ab
2416 3141 2769 3206 Aschauscu,
2829 3158 3040 3211 paucos
3075 3147 3206 3195 ante
3254 3141 3374 3195 dies
3400 3158 3465 3195 ex
3498 3142 3625 3195 Gal-

1919 3228 1990 3281 lia
2022 3229 2258 3282 domum
2312 3229 2506 3282 redux.
2569 3230 2700 3297 Ejus
2763 3230 2955 3299 itaque
2997 3246 3173 3283 manu
3228 3231 3624 3300 apprehensa:

1918 3318 2050 3384 Iste,
2090 3318 2298 3387 inquit,
2334 3324 2463 3385 post
2492 3334 2705 3388 paucos
2744 3334 2930 3371 annos
2973 3319 3382 3373 condecorabit
3434 3319 3626 3371 sedem

1916 3407 2298 3475 episcopalem
2328 3408 2383 3460 8.
2418 3407 2641 3461 Ottonis
2698 3408 2764 3460 Et
2820 3414 2951 3477 post
2992 3408 3110 3461 hac
3141 3408 3311 3462 verba
3353 3408 3631 3461 conticuit

1917 3495 2363 3548 meditabundus
2419 3495 2839 3565 aliquantisper
2881 3513 2893 3550 :
2932 3513 2993 3550 ac
3042 3497 3273 3550 demum
3315 3497 3384 3551 de
3442 3496 3627 3550 reditu

1916 3584 1968 3636 ei
2002 3590 2087 3636 est
2117 3584 2566 3653 congratulatus.
2627 3585 3053 3639 Recordabatur
3104 3585 3386 3652 ejusmodi
3425 3584 3626 3638 verbo-

1914 3687 2046 3724 rum
2092 3687 2210 3724 non
2251 3687 2382 3724 raro
2423 3670 2845 3726 lllustrissimus
2898 3679 3090 3726 noster
3136 3674 3383 3725 Joannes
3443 3670 3626 3727 Gode-

1916 3760 2116 3825 fridus,
2161 3759 2273 3828 piae
2331 3760 2626 3813 memoria:
2688 3776 2701 3825 ;
2763 3761 2987 3814 vetabat
3042 3766 3236 3814 tamen
3292 3760 3418 3814 aliis
3476 3760 3631 3813 evul-

1917 3847 2062 3917 gari.

1987 3938 2078 3990 47.
2114 3956 2134 3982 ι
2174 3934 2479 4003 Hucusque
2513 3934 2682 3987 verba
2741 3934 2974 3988 Forneri
3009 3950 3139 4004 pag.
3196 3938 3284 3995 60,
3319 3934 3417 4003 qui
3455 3950 3628 4002 supra

1920 4040 2049 4094 pag.
2099 4027 2153 4077 ll
2192 4024 2482 4082 retulerat.
2529 4022 2846 4092 piissimam
2877 4023 3001 4091 ejus
3054 4028 3295 4076 matrem
3332 4022 3628 4093 Brigittam

1919 4114 1988 4167 de.
2016 4112 2207 4172 Zobel,
2260 4112 2396 4165 dum
2460 4111 2668 4165 iiliolus
2701 4112 2824 4182 ejus
2854 4113 3036 4165 adhuc
3066 4112 3125 4165 in
3172 4111 3334 4164 cunis
3388 4111 3627 4180 vagiret,

1920 4207 2083 4256 nocte
2144 4200 2415 4270 quadam,
2474 4215 2604 4253 cum
2689 4200 2875 4270 pridie
2950 4215 3167 4253 sacram
3223 4199 3629 4253 Eucharistiam

1842 4320 1883 4373 ι)
1923 4289 2277 4359 sumpsisset,
2331 4294 2389 4341 et
2427 4287 2613 4342 tilium
2668 4305 2836 4341 suum
2889 4290 3113 4341 Christo
3173 4293 3228 4341 et
3278 4287 3438 4340 Matri
3506 4287 3630 4357 ejus

1926 4377 2185 4432 devotius
2214 4376 2684 4439 commendasset,
2736 4377 2907 4430 mitra
2941 4381 2999 4430 et
3055 4374 3255 4430 habitu
3310 4375 3630 4445 pontiﬁcali

1927 4472 2217 4529 ornatum,
2251 4481 2314 4518 ac
2353 4465 2500 4519 miro
2530 4465 2753 4534 fulgore
2782 4480 3082 4518 coruscum
3114 4469 3246 4517 ante
3296 4479 3355 4515 se
3384 4469 3631 4516 stantem

1925 4554 2302 4625 conspexisse.
2342 4554 2467 4607 Erat
2522 4553 2784 4607 laudatus
2830 4552 3076 4622 juvenis,
3114 4550 3213 4620 qui
3266 4556 3403 4603 tunc
3426 4550 3633 4620 agebat

1926 4659 2145 4697 annum
2172 4641 2351 4696 astatis
2380 4641 2723 4710 vigesimum
2779 4646 3070 4711 quartum,
3114 4640 3169 4693 S.
3202 4638 3465 4692 Heinrico
3497 4655 3630 4709 spe-

1925 4732 2143 4785 cialiter
2174 4730 2412 4783 devotus
2445 4745 2458 4793 ;
2493 4733 2548 4783 et
2577 4728 2762 4783 eidem
2813 4729 3041 4794 Sancto,
3112 4732 3175 4780 ut
3209 4726 3415 4779 merito
3454 4726 3633 4780 credi-

1924 4823 2038 4884 tur,
2064 4817 2325 4887 apprime
2351 4816 2580 4883 chartis,
2637 4832 2750 4868 non
2785 4817 2972 4869 solum
3003 4815 3075 4869 ob
3132 4814 3449 4867 devotionis
3472 4820 3631 4869 tene-

1926 4906 2259 4971 ritudinem,
2290 4904 2383 4959 sed
2416 4905 2501 4958 vel
2549 4904 2795 4958 maxime
2844 4904 2917 4958 ob
2975 4903 3416 4958 similitudinem
3466 4904 3633 4957 casti-

1927 4993 2160 5059 moniae,
2193 5010 2321 5063 qua:
2342 4992 2573 5061 juvenis
2604 5009 2780 5063 supra
2805 5009 3173 5048 communem
3213 4991 3446 5047 modum
3478 4992 3635 5047 efful-

1926 5084 2116 5153 gehat,
2169 5086 2225 5136 et
2300 5098 2416 5135 non
2465 5082 2543 5136 ita
2610 5082 2834 5152 pridem
2906 5081 3221 5152 Herbipoli,
3290 5081 3386 5135 ubi
3432 5080 3635 5134 studiis

1928 5171 2182 5233 vacabat,
2218 5172 2403 5240 ejusce
2433 5171 2662 5225 virtutis
2702 5172 2998 5241 specimen
3055 5171 3294 5225 dederat
3325 5168 3637 5224 immortali

1927 5260 2206 5313 memoria
2232 5259 2493 5329 dignum.
2538 5262 2820 5316 Foruerus
2880 5260 2938 5316 in
2990 5259 3265 5316 concione
3322 5256 3510 5327 prima
3558 5253 3637 5308 fu.

1926 5348 2089 5402 nebri
2120 5364 2252 5417 pag.
2290 5351 2375 5413 26,
2410 5348 2553 5401 illud
2585 5348 2663 5401 ita
2686 5350 2862 5403 refert
2889 5366 2901 5401 :

1999 5438 2087 5492 48.
2117 5460 2137 5485 α
2160 5437 2301 5490 Rem
2333 5436 2757 5502 admirandam,
2816 5437 3171 5495 verissimam
3228 5438 3442 5495 tamen,
3478 5431 3635 5485 vobis

1931 5525 2278 5579 memorabo.
2339 5526 2585 5579 Joannes
2665 5525 3008 5580 Codefridus
3056 5523 3126 5577 ab
3176 5522 3495 5579 Ascliausen
3545 5519 3634 5572 iu-

1930 5614 2315 5667 adnlescentia
2346 5630 2467 5677 sua,
2505 5618 2564 5665 ut
2599 5630 2765 5665 nemo
2810 5629 2920 5665 non
2966 5610 3141 5673 novit,
3190 5606 3635 5663 formosissimus
