  <div class='ocr_page' id='page_1' title='image "/cluster/home/n/w/nwhite01/storage/ocr_20150623/140-141/uc1.31175018559917/083.png"; bbox 0 0 4696 6474; ppageno 0'>
   <div class='ocr_carea' id='block_1_1' title="bbox 685 370 776 420">
    <p class='ocr_par' dir='ltr' id='par_1_1' title="bbox 685 370 776 420">
     <span class='ocr_line' id='line_1_1' title="bbox 685 370 776 420; baseline 0 0"><span class='ocrx_word' id='word_1_1' title='bbox 685 370 776 420; x_wconf 78' lang='lat' dir='ltr'><strong>l5!</strong></span> 
     </span>
    </p>
   </div>
   <div class='ocr_carea' id='block_1_2' title="bbox 679 575 2372 649">
    <p class='ocr_par' dir='ltr' id='par_1_2' title="bbox 679 575 2372 649">
     <span class='ocr_line' id='line_1_2' title="bbox 679 575 2372 649; baseline 0.001 -19"><span class='ocrx_word' id='word_1_2' title='bbox 679 575 1086 631; x_wconf 77' lang='lat' dir='ltr'><strong>constitutione</strong></span> <span class='ocrx_word' id='word_1_3' title='bbox 1117 592 1132 630; x_wconf 86' lang='lat'>:</span> <span class='ocrx_word' id='word_1_4' title='bbox 1164 592 1279 647; x_wconf 89' lang='lat' dir='ltr'><strong>qua</strong></span> <span class='ocrx_word' id='word_1_5' title='bbox 1325 577 1614 631; x_wconf 86' lang='lat' dir='ltr'><strong>occasione</strong></span> <span class='ocrx_word' id='word_1_6' title='bbox 1663 577 1900 632; x_wconf 84' lang='lat' dir='ltr'><strong>humani</strong></span> <span class='ocrx_word' id='word_1_7' title='bbox 1929 577 2152 649; x_wconf 75' lang='lat' dir='ltr'><strong>generis</strong></span> <span class='ocrx_word' id='word_1_8' title='bbox 2195 578 2372 632; x_wconf 91' lang='lat' dir='ltr'><strong>hostis</strong></span> 
     </span>
    </p>
   </div>
   <div class='ocr_carea' id='block_1_3' title="bbox 683 664 2372 737">
    <p class='ocr_par' dir='ltr' id='par_1_3' title="bbox 683 664 2372 737">
     <span class='ocr_line' id='line_1_3' title="bbox 683 664 2372 737; baseline 0.001 -17"><span class='ocrx_word' id='word_1_9' title='bbox 683 664 1082 720; x_wconf 84' lang='lat' dir='ltr'><strong>hareditarios</strong></span> <span class='ocrx_word' id='word_1_10' title='bbox 1155 668 1402 735; x_wconf 87' lang='lat' dir='ltr'><strong>arrepta,</strong></span> <span class='ocrx_word' id='word_1_11' title='bbox 1457 665 1579 736; x_wconf 87' lang='lat' dir='ltr'><strong>ejus</strong></span> <span class='ocrx_word' id='word_1_12' title='bbox 1636 666 1906 737; x_wconf 87' lang='lat' dir='ltr'><strong>virginea</strong></span> <span class='ocrx_word' id='word_1_13' title='bbox 1963 666 2194 736; x_wconf 89' lang='lat' dir='ltr'><strong>poritati</strong></span> <span class='ocrx_word' id='word_1_14' title='bbox 2267 668 2372 722; x_wconf 91' lang='lat' dir='ltr'><strong>hoc</strong></span> 
     </span>
    </p>
   </div>
   <div class='ocr_carea' id='block_1_4' title="bbox 681 753 2371 825">
    <p class='ocr_par' dir='ltr' id='par_1_4' title="bbox 681 753 2371 825">
     <span class='ocr_line' id='line_1_4' title="bbox 681 753 2371 825; baseline 0.001 -18"><span class='ocrx_word' id='word_1_15' title='bbox 681 757 1083 823; x_wconf 78' lang='lat' dir='ltr'><strong>strategemate</strong></span> <span class='ocrx_word' id='word_1_16' title='bbox 1112 753 1349 808; x_wconf 82' lang='lat' dir='ltr'><strong>insidias</strong></span> <span class='ocrx_word' id='word_1_17' title='bbox 1385 755 1607 819; x_wconf 80' lang='lat' dir='ltr'><strong>struxit,</strong></span> <span class='ocrx_word' id='word_1_18' title='bbox 1656 761 1713 808; x_wconf 92' lang='lat' dir='ltr'><strong>et</strong></span> <span class='ocrx_word' id='word_1_19' title='bbox 1741 756 1964 825; x_wconf 82' lang='lat' dir='ltr'><strong>pedicas</strong></span> <span class='ocrx_word' id='word_1_20' title='bbox 2009 755 2233 825; x_wconf 84' lang='lat' dir='ltr'><strong>objecit.</strong></span> <span class='ocrx_word' id='word_1_21' title='bbox 2272 756 2371 809; x_wconf 75' lang='lat' dir='ltr'><strong>Fe-</strong></span> 
     </span>
    </p>
   </div>
   <div class='ocr_carea' id='block_1_5' title="bbox 687 842 2372 914">
    <p class='ocr_par' dir='ltr' id='par_1_5' title="bbox 687 842 2372 914">
     <span class='ocr_line' id='line_1_5' title="bbox 687 842 2372 914; baseline 0.001 -18"><span class='ocrx_word' id='word_1_22' title='bbox 687 842 859 897; x_wconf 89' lang='lat' dir='ltr'><strong>mina</strong></span> <span class='ocrx_word' id='word_1_23' title='bbox 897 842 1162 914; x_wconf 87' lang='lat' dir='ltr'><strong>quadam</strong></span> <span class='ocrx_word' id='word_1_24' title='bbox 1191 858 1256 896; x_wconf 86' lang='lat' dir='ltr'><strong>ex</strong></span> <span class='ocrx_word' id='word_1_25' title='bbox 1303 858 1572 912; x_wconf 78' lang='lat' dir='ltr'><strong>gynaceo</strong></span> <span class='ocrx_word' id='word_1_26' title='bbox 1626 843 1820 913; x_wconf 81' lang='lat' dir='ltr'><strong>magni</strong></span> <span class='ocrx_word' id='word_1_27' title='bbox 1871 843 2116 896; x_wconf 85' lang='lat' dir='ltr'><strong>nominis</strong></span> <span class='ocrx_word' id='word_1_28' title='bbox 2146 849 2204 898; x_wconf 90' lang='lat' dir='ltr'><strong>et</strong></span> <span class='ocrx_word' id='word_1_29' title='bbox 2235 844 2372 898; x_wconf 93' lang='lat' dir='ltr'><strong>illu-</strong></span> 
     </span>
    </p>
   </div>
   <div class='ocr_carea' id='block_1_6' title="bbox 685 929 2374 1004">
    <p class='ocr_par' dir='ltr' id='par_1_6' title="bbox 685 929 2374 1004">
     <span class='ocr_line' id='line_1_6' title="bbox 685 929 2374 1004; baseline 0.001 -20"><span class='ocrx_word' id='word_1_30' title='bbox 685 930 816 984; x_wconf 84' lang='lat' dir='ltr'><strong>stris</strong></span> <span class='ocrx_word' id='word_1_31' title='bbox 880 929 1242 998; x_wconf 84' lang='lat' dir='ltr'><strong>conditionis,</strong></span> <span class='ocrx_word' id='word_1_32' title='bbox 1290 930 1598 997; x_wconf 76' lang='lat' dir='ltr'><strong>instigante</strong></span> <span class='ocrx_word' id='word_1_33' title='bbox 1666 932 2081 997; x_wconf 84' lang='lat' dir='ltr'><strong>cacodamone,</strong></span> <span class='ocrx_word' id='word_1_34' title='bbox 2159 933 2374 1004; x_wconf 88' lang='lat' dir='ltr'><strong>insigni</strong></span> 
     </span>
    </p>
   </div>
   <div class='ocr_carea' id='block_1_7' title="bbox 685 1019 2374 1093">
    <p class='ocr_par' dir='ltr' id='par_1_7' title="bbox 685 1019 2374 1093">
     <span class='ocr_line' id='line_1_7' title="bbox 685 1019 2374 1093; baseline 0.002 -20"><span class='ocrx_word' id='word_1_35' title='bbox 685 1021 808 1090; x_wconf 86' lang='lat' dir='ltr'><strong>ejus</strong></span> <span class='ocrx_word' id='word_1_36' title='bbox 838 1019 1021 1074; x_wconf 86' lang='lat' dir='ltr'><strong>forma</strong></span> <span class='ocrx_word' id='word_1_37' title='bbox 1073 1023 1128 1073; x_wconf 91' lang='lat' dir='ltr'><strong>et</strong></span> <span class='ocrx_word' id='word_1_38' title='bbox 1171 1019 1590 1089; x_wconf 82' lang='lat' dir='ltr'><strong>pulchritudine</strong></span> <span class='ocrx_word' id='word_1_39' title='bbox 1645 1024 1844 1090; x_wconf 88' lang='lat' dir='ltr'><strong>capta,</strong></span> <span class='ocrx_word' id='word_1_40' title='bbox 1900 1021 2134 1075; x_wconf 83' lang='lat' dir='ltr'><strong>honoris</strong></span> <span class='ocrx_word' id='word_1_41' title='bbox 2188 1023 2374 1093; x_wconf 84' lang='lat' dir='ltr'><strong>specie</strong></span> 
     </span>
    </p>
   </div>
   <div class='ocr_carea' id='block_1_8' title="bbox 685 1107 2376 1181">
    <p class='ocr_par' dir='ltr' id='par_1_8' title="bbox 685 1107 2376 1181">
     <span class='ocr_line' id='line_1_8' title="bbox 685 1107 2376 1181; baseline 0.002 -19"><span class='ocrx_word' id='word_1_42' title='bbox 685 1107 757 1162; x_wconf 89' lang='lat' dir='ltr'><strong>ad</strong></span> <span class='ocrx_word' id='word_1_43' title='bbox 778 1107 1100 1162; x_wconf 84' lang='lat' dir='ltr'><strong>convivium</strong></span> <span class='ocrx_word' id='word_1_44' title='bbox 1129 1107 1441 1162; x_wconf 87' lang='lat' dir='ltr'><strong>invitaront</strong></span> <span class='ocrx_word' id='word_1_45' title='bbox 1481 1125 1493 1161; x_wconf 89' lang='lat'><strong>:</strong></span> <span class='ocrx_word' id='word_1_46' title='bbox 1527 1107 1642 1172; x_wconf 91' lang='lat' dir='ltr'><strong>ubi,</strong></span> <span class='ocrx_word' id='word_1_47' title='bbox 1687 1123 1819 1161; x_wconf 91' lang='lat' dir='ltr'><strong>cum</strong></span> <span class='ocrx_word' id='word_1_48' title='bbox 1867 1125 1998 1164; x_wconf 91' lang='lat' dir='ltr'><strong>eum</strong></span> <span class='ocrx_word' id='word_1_49' title='bbox 2033 1109 2131 1181; x_wconf 94' lang='lat' dir='ltr'><strong>qui</strong></span> <span class='ocrx_word' id='word_1_50' title='bbox 2179 1127 2376 1166; x_wconf 91' lang='lat' dir='ltr'><strong>curam</strong></span> 
     </span>
    </p>
   </div>
   <div class='ocr_carea' id='block_1_9' title="bbox 685 1195 2375 1268">
    <p class='ocr_par' dir='ltr' id='par_1_9' title="bbox 685 1195 2375 1268">
     <span class='ocr_line' id='line_1_9' title="bbox 685 1195 2375 1268; baseline 0.002 -19"><span class='ocrx_word' id='word_1_51' title='bbox 685 1211 746 1249; x_wconf 90' lang='lat' dir='ltr'><strong>ex</strong></span> <span class='ocrx_word' id='word_1_52' title='bbox 779 1195 968 1249; x_wconf 80' lang='lat' dir='ltr'><strong>officio</strong></span> <span class='ocrx_word' id='word_1_53' title='bbox 1017 1212 1213 1267; x_wconf 88' lang='lat' dir='ltr'><strong>gerere</strong></span> <span class='ocrx_word' id='word_1_54' title='bbox 1259 1195 1521 1260; x_wconf 83' lang='lat' dir='ltr'><strong>debebat,</strong></span> <span class='ocrx_word' id='word_1_55' title='bbox 1566 1195 1642 1249; x_wconf 90' lang='lat' dir='ltr'><strong>nil</strong></span> <span class='ocrx_word' id='word_1_56' title='bbox 1695 1196 1830 1256; x_wconf 87' lang='lat' dir='ltr'><strong>mali</strong></span> <span class='ocrx_word' id='word_1_57' title='bbox 1885 1197 2270 1268; x_wconf 73' lang='lat' dir='ltr'><strong>suspicantem</strong></span> <span class='ocrx_word' id='word_1_58' title='bbox 2309 1215 2375 1253; x_wconf 89' lang='lat' dir='ltr'><strong>ex</strong></span> 
     </span>
    </p>
   </div>
   <div class='ocr_carea' id='block_1_10' title="bbox 688 1282 2377 1358">
    <p class='ocr_par' dir='ltr' id='par_1_10' title="bbox 688 1282 2377 1358">
     <span class='ocr_line' id='line_1_10' title="bbox 688 1282 2377 1358; baseline 0.002 -21"><span class='ocrx_word' id='word_1_59' title='bbox 688 1282 968 1338; x_wconf 89' lang='lat' dir='ltr'><strong>industria</strong></span> <span class='ocrx_word' id='word_1_60' title='bbox 1025 1284 1418 1350; x_wconf 87' lang='lat' dir='ltr'><strong>inebriassent,</strong></span> <span class='ocrx_word' id='word_1_61' title='bbox 1482 1284 1859 1356; x_wconf 79' lang='lat' dir='ltr'><strong>cubitumque</strong></span> <span class='ocrx_word' id='word_1_62' title='bbox 1914 1286 2135 1340; x_wconf 86' lang='lat' dir='ltr'><strong>ductari</strong></span> <span class='ocrx_word' id='word_1_63' title='bbox 2165 1288 2377 1358; x_wconf 74' lang='lat' dir='ltr'><strong>jussis-</strong></span> 
     </span>
    </p>
   </div>
   <div class='ocr_carea' id='block_1_11' title="bbox 687 1373 2376 1447">
    <p class='ocr_par' dir='ltr' id='par_1_11' title="bbox 687 1373 2376 1447">
     <span class='ocr_line' id='line_1_11' title="bbox 687 1373 2376 1447; baseline 0.003 -21"><span class='ocrx_word' id='word_1_64' title='bbox 687 1378 830 1437; x_wconf 89' lang='lat' dir='ltr'><strong>sent,</strong></span> <span class='ocrx_word' id='word_1_65' title='bbox 854 1389 920 1426; x_wconf 90' lang='lat' dir='ltr'><strong>ea</strong></span> <span class='ocrx_word' id='word_1_66' title='bbox 979 1378 1141 1426; x_wconf 92' lang='lat' dir='ltr'><strong>nocte</strong></span> <span class='ocrx_word' id='word_1_67' title='bbox 1198 1373 1618 1430; x_wconf 89' lang='lat' dir='ltr'><strong>adolescentem</strong></span> <span class='ocrx_word' id='word_1_68' title='bbox 1673 1391 1903 1446; x_wconf 89' lang='lat' dir='ltr'><strong>quoque</strong></span> <span class='ocrx_word' id='word_1_69' title='bbox 1955 1377 2107 1447; x_wconf 90' lang='lat' dir='ltr'><strong>apud</strong></span> <span class='ocrx_word' id='word_1_70' title='bbox 2138 1393 2197 1431; x_wconf 90' lang='lat' dir='ltr'><strong>se</strong></span> <span class='ocrx_word' id='word_1_71' title='bbox 2234 1378 2376 1431; x_wconf 85' lang='lat' dir='ltr'><strong>reti-</strong></span> 
     </span>
    </p>
   </div>
   <div class='ocr_carea' id='block_1_12' title="bbox 687 1460 2376 1534">
    <p class='ocr_par' dir='ltr' id='par_1_12' title="bbox 687 1460 2376 1534">
     <span class='ocr_line' id='line_1_12' title="bbox 687 1460 2376 1534; baseline 0.004 -22"><span class='ocrx_word' id='word_1_72' title='bbox 687 1476 818 1512; x_wconf 88' lang='lat' dir='ltr'><strong>nere</strong></span> <span class='ocrx_word' id='word_1_73' title='bbox 843 1461 1161 1526; x_wconf 89' lang='lat' dir='ltr'><strong>voluerunt,</strong></span> <span class='ocrx_word' id='word_1_74' title='bbox 1187 1460 1339 1531; x_wconf 87' lang='lat' dir='ltr'><strong>quia,</strong></span> <span class='ocrx_word' id='word_1_75' title='bbox 1373 1477 1445 1514; x_wconf 90' lang='lat' dir='ltr'><strong>ne</strong></span> <span class='ocrx_word' id='word_1_76' title='bbox 1478 1463 1596 1530; x_wconf 75' lang='lat' dir='ltr'><strong>ipse</strong></span> <span class='ocrx_word' id='word_1_77' title='bbox 1646 1462 1782 1515; x_wconf 89' lang='lat' dir='ltr'><strong>mali</strong></span> <span class='ocrx_word' id='word_1_78' title='bbox 1811 1463 2110 1534; x_wconf 86' lang='lat' dir='ltr'><strong>quidpiam</strong></span> <span class='ocrx_word' id='word_1_79' title='bbox 2146 1465 2376 1519; x_wconf 84' lang='lat' dir='ltr'><strong>subesse</strong></span> 
     </span>
    </p>
   </div>
   <div class='ocr_carea' id='block_1_13' title="bbox 686 1549 2377 1620">
    <p class='ocr_par' dir='ltr' id='par_1_13' title="bbox 686 1549 2377 1620">
     <span class='ocr_line' id='line_1_13' title="bbox 686 1549 2377 1620; baseline 0.002 -20"><span class='ocrx_word' id='word_1_80' title='bbox 686 1552 857 1614; x_wconf 85' lang='lat' dir='ltr'><strong>ratus,</strong></span> <span class='ocrx_word' id='word_1_81' title='bbox 911 1564 1041 1602; x_wconf 92' lang='lat' dir='ltr'><strong>cum</strong></span> <span class='ocrx_word' id='word_1_82' title='bbox 1093 1549 1407 1604; x_wconf 75' lang='lat' dir='ltr'><strong>dormitum</strong></span> <span class='ocrx_word' id='word_1_83' title='bbox 1458 1550 1578 1620; x_wconf 90' lang='lat' dir='ltr'><strong>jam</strong></span> <span class='ocrx_word' id='word_1_84' title='bbox 1631 1551 2018 1617; x_wconf 87' lang='lat' dir='ltr'><strong>concessisset,</strong></span> <span class='ocrx_word' id='word_1_85' title='bbox 2073 1551 2377 1606; x_wconf 87' lang='lat' dir='ltr'><strong>libidinosa</strong></span> 
     </span>
    </p>
   </div>
   <div class='ocr_carea' id='block_1_14' title="bbox 685 1635 2374 1710">
    <p class='ocr_par' dir='ltr' id='par_1_14' title="bbox 685 1635 2374 1710">
     <span class='ocr_line' id='line_1_14' title="bbox 685 1635 2374 1710; baseline 0.002 -22"><span class='ocrx_word' id='word_1_86' title='bbox 685 1635 781 1688; x_wconf 91' lang='lat' dir='ltr'><strong>illa</strong></span> <span class='ocrx_word' id='word_1_87' title='bbox 809 1636 1018 1690; x_wconf 88' lang='lat' dir='ltr'><strong>diaboli</strong></span> <span class='ocrx_word' id='word_1_88' title='bbox 1043 1653 1258 1708; x_wconf 89' lang='lat' dir='ltr'><strong>organa</strong></span> <span class='ocrx_word' id='word_1_89' title='bbox 1278 1639 1424 1692; x_wconf 87' lang='lat' dir='ltr'><strong>clam</strong></span> <span class='ocrx_word' id='word_1_90' title='bbox 1475 1638 1757 1710; x_wconf 80' lang='lat' dir='ltr'><strong>taciteque</strong></span> <span class='ocrx_word' id='word_1_91' title='bbox 1800 1641 2005 1694; x_wconf 91' lang='lat' dir='ltr'><strong>lectum</strong></span> <span class='ocrx_word' id='word_1_92' title='bbox 2037 1641 2158 1709; x_wconf 91' lang='lat' dir='ltr'><strong>ejus</strong></span> <span class='ocrx_word' id='word_1_93' title='bbox 2193 1658 2374 1694; x_wconf 87' lang='lat' dir='ltr'><strong>acces-</strong></span> 
     </span>
    </p>
   </div>
   <div class='ocr_carea' id='block_1_15' title="bbox 683 1726 2374 1800">
    <p class='ocr_par' dir='ltr' id='par_1_15' title="bbox 683 1726 2374 1800">
     <span class='ocr_line' id='line_1_15' title="bbox 683 1726 2374 1800; baseline 0.002 -22"><span class='ocrx_word' id='word_1_94' title='bbox 683 1729 898 1790; x_wconf 90' lang='lat' dir='ltr'><strong>serunt,</strong></span> <span class='ocrx_word' id='word_1_95' title='bbox 943 1730 999 1780; x_wconf 89' lang='lat' dir='ltr'><strong>et</strong></span> <span class='ocrx_word' id='word_1_96' title='bbox 1035 1726 1217 1780; x_wconf 85' lang='lat' dir='ltr'><strong>verbis</strong></span> <span class='ocrx_word' id='word_1_97' title='bbox 1263 1727 1478 1796; x_wconf 87' lang='lat' dir='ltr'><strong>pariter</strong></span> <span class='ocrx_word' id='word_1_98' title='bbox 1530 1727 1766 1794; x_wconf 86' lang='lat' dir='ltr'><strong>lascivit,</strong></span> <span class='ocrx_word' id='word_1_99' title='bbox 1816 1733 1872 1782; x_wconf 88' lang='lat' dir='ltr'><strong>et</strong></span> <span class='ocrx_word' id='word_1_100' title='bbox 1918 1729 2374 1800; x_wconf 80' lang='lat' dir='ltr'><strong>quibuscumque</strong></span> 
     </span>
    </p>
   </div>
   <div class='ocr_carea' id='block_1_16' title="bbox 687 1813 2382 1884">
    <p class='ocr_par' dir='ltr' id='par_1_16' title="bbox 687 1813 2382 1884">
     <span class='ocr_line' id='line_1_16' title="bbox 687 1813 2382 1884; baseline 0.004 -18"><span class='ocrx_word' id='word_1_101' title='bbox 687 1818 948 1884; x_wconf 84' lang='lat' dir='ltr'><strong>poterant</strong></span> <span class='ocrx_word' id='word_1_102' title='bbox 1003 1813 1428 1869; x_wconf 88' lang='lat' dir='ltr'><strong>titillationibus</strong></span> <span class='ocrx_word' id='word_1_103' title='bbox 1474 1817 1542 1870; x_wconf 91' lang='lat' dir='ltr'><strong>ad</strong></span> <span class='ocrx_word' id='word_1_104' title='bbox 1598 1832 1687 1870; x_wconf 89' lang='lat' dir='ltr'><strong>res</strong></span> <span class='ocrx_word' id='word_1_105' title='bbox 1719 1817 1964 1871; x_wconf 81' lang='lat' dir='ltr'><strong>nefarias</strong></span> <span class='ocrx_word' id='word_1_106' title='bbox 2002 1834 2135 1872; x_wconf 93' lang='lat' dir='ltr'><strong>eum</strong></span> <span class='ocrx_word' id='word_1_107' title='bbox 2167 1818 2382 1872; x_wconf 76' lang='lat' dir='ltr'><strong>sollici-</strong></span> 
     </span>
    </p>
   </div>
   <div class='ocr_carea' id='block_1_17' title="bbox 686 1903 2385 1976">
    <p class='ocr_par' dir='ltr' id='par_1_17' title="bbox 686 1903 2385 1976">
     <span class='ocr_line' id='line_1_17' title="bbox 686 1903 2385 1976; baseline 0.001 -20"><span class='ocrx_word' id='word_1_108' title='bbox 686 1905 804 1957; x_wconf 88' lang='lat' dir='ltr'><strong>tare</strong></span> <span class='ocrx_word' id='word_1_109' title='bbox 849 1906 1166 1973; x_wconf 84' lang='lat' dir='ltr'><strong>coeperunt.</strong></span> <span class='ocrx_word' id='word_1_110' title='bbox 1222 1903 1370 1968; x_wconf 87' lang='lat' dir='ltr'><strong>Quid</strong></span> <span class='ocrx_word' id='word_1_111' title='bbox 1395 1904 1799 1976; x_wconf 86' lang='lat' dir='ltr'><strong>pudicissimus</strong></span> <span class='ocrx_word' id='word_1_112' title='bbox 1839 1907 2165 1960; x_wconf 89' lang='lat' dir='ltr'><strong>adolescens</strong></span> <span class='ocrx_word' id='word_1_113' title='bbox 2186 1907 2213 1960; x_wconf 68' lang='grc' dir='ltr'><strong>’ἱ</strong></span> <span class='ocrx_word' id='word_1_114' title='bbox 2245 1908 2385 1962; x_wconf 88' lang='lat' dir='ltr'><strong>Hor—</strong></span> 
     </span>
    </p>
   </div>
   <div class='ocr_carea' id='block_1_18' title="bbox 687 1991 2389 2062">
    <p class='ocr_par' dir='ltr' id='par_1_18' title="bbox 687 1991 2389 2062">
     <span class='ocr_line' id='line_1_18' title="bbox 687 1991 2389 2062; baseline 0.004 -18"><span class='ocrx_word' id='word_1_115' title='bbox 687 1992 925 2046; x_wconf 87' lang='lat' dir='ltr'><strong>rendom</strong></span> <span class='ocrx_word' id='word_1_116' title='bbox 960 1991 1297 2058; x_wconf 83' lang='lat' dir='ltr'><strong>vociferans,</strong></span> <span class='ocrx_word' id='word_1_117' title='bbox 1330 2008 1360 2046; x_wconf 91' lang='lat' dir='ltr'><strong>e</strong></span> <span class='ocrx_word' id='word_1_118' title='bbox 1412 1993 1575 2059; x_wconf 87' lang='lat' dir='ltr'><strong>lecto,</strong></span> <span class='ocrx_word' id='word_1_119' title='bbox 1626 1999 1689 2048; x_wconf 89' lang='lat' dir='ltr'><strong>ut</strong></span> <span class='ocrx_word' id='word_1_120' title='bbox 1727 2000 1869 2062; x_wconf 90' lang='lat' dir='ltr'><strong>erat,</strong></span> <span class='ocrx_word' id='word_1_121' title='bbox 1914 1995 2081 2050; x_wconf 90' lang='lat' dir='ltr'><strong>lineis</strong></span> <span class='ocrx_word' id='word_1_122' title='bbox 2111 1996 2302 2062; x_wconf 81' lang='lat' dir='ltr'><strong>caligit</strong></span> <span class='ocrx_word' id='word_1_123' title='bbox 2332 1999 2389 2050; x_wconf 91' lang='lat' dir='ltr'><strong>et</strong></span> 
     </span>
    </p>
   </div>
   <div class='ocr_carea' id='block_1_19' title="bbox 686 2079 2385 2154">
    <p class='ocr_par' dir='ltr' id='par_1_19' title="bbox 686 2079 2385 2154">
     <span class='ocr_line' id='line_1_19' title="bbox 686 2079 2385 2154; baseline 0.001 -20"><span class='ocrx_word' id='word_1_124' title='bbox 686 2079 913 2134; x_wconf 90' lang='lat' dir='ltr'><strong>indusio</strong></span> <span class='ocrx_word' id='word_1_125' title='bbox 944 2080 1181 2134; x_wconf 90' lang='lat' dir='ltr'><strong>vestitus</strong></span> <span class='ocrx_word' id='word_1_126' title='bbox 1230 2080 1500 2150; x_wconf 83' lang='lat' dir='ltr'><strong>prosiliit,</strong></span> <span class='ocrx_word' id='word_1_127' title='bbox 1532 2097 1562 2136; x_wconf 92' lang='lat' dir='ltr'><strong>e</strong></span> <span class='ocrx_word' id='word_1_128' title='bbox 1595 2083 1859 2138; x_wconf 88' lang='lat' dir='ltr'><strong>manibus</strong></span> <span class='ocrx_word' id='word_1_129' title='bbox 1900 2085 2127 2138; x_wconf 90' lang='lat' dir='ltr'><strong>illarum</strong></span> <span class='ocrx_word' id='word_1_130' title='bbox 2177 2085 2385 2154; x_wconf 83' lang='lat' dir='ltr'><strong>erupit,</strong></span> 
     </span>
    </p>
   </div>
   <div class='ocr_carea' id='block_1_20' title="bbox 683 2167 2388 2242">
    <p class='ocr_par' dir='ltr' id='par_1_20' title="bbox 683 2167 2388 2242">
     <span class='ocr_line' id='line_1_20' title="bbox 683 2167 2388 2242; baseline 0.002 -21"><span class='ocrx_word' id='word_1_131' title='bbox 683 2167 892 2222; x_wconf 89' lang='lat' dir='ltr'><strong>ostium</strong></span> <span class='ocrx_word' id='word_1_132' title='bbox 927 2168 1132 2223; x_wconf 92' lang='lat' dir='ltr'><strong>domus</strong></span> <span class='ocrx_word' id='word_1_133' title='bbox 1163 2168 1499 2224; x_wconf 83' lang='lat' dir='ltr'><strong>festinanter</strong></span> <span class='ocrx_word' id='word_1_134' title='bbox 1540 2171 1724 2242; x_wconf 86' lang='lat' dir='ltr'><strong>petiit,</strong></span> <span class='ocrx_word' id='word_1_135' title='bbox 1759 2177 1834 2238; x_wconf 92' lang='lat' dir='ltr'><strong>et,</strong></span> <span class='ocrx_word' id='word_1_136' title='bbox 1886 2173 2096 2227; x_wconf 89' lang='lat' dir='ltr'><strong>relictis</strong></span> <span class='ocrx_word' id='word_1_137' title='bbox 2123 2174 2388 2227; x_wconf 88' lang='lat' dir='ltr'><strong>omnibus</strong></span> 
     </span>
    </p>
   </div>
   <div class='ocr_carea' id='block_1_21' title="bbox 687 2257 2385 2331">
    <p class='ocr_par' dir='ltr' id='par_1_21' title="bbox 687 2257 2385 2331">
     <span class='ocr_line' id='line_1_21' title="bbox 687 2257 2385 2331; baseline 0.003 -21"><span class='ocrx_word' id='word_1_138' title='bbox 687 2261 820 2327; x_wconf 90' lang='lat' dir='ltr'><strong>post</strong></span> <span class='ocrx_word' id='word_1_139' title='bbox 855 2273 916 2310; x_wconf 92' lang='lat' dir='ltr'><strong>se</strong></span> <span class='ocrx_word' id='word_1_140' title='bbox 949 2257 1327 2324; x_wconf 86' lang='lat' dir='ltr'><strong>vestimentis,</strong></span> <span class='ocrx_word' id='word_1_141' title='bbox 1374 2259 1443 2313; x_wconf 89' lang='lat' dir='ltr'><strong>ad</strong></span> <span class='ocrx_word' id='word_1_142' title='bbox 1497 2259 1732 2315; x_wconf 91' lang='lat' dir='ltr'><strong>domum</strong></span> <span class='ocrx_word' id='word_1_143' title='bbox 1762 2261 2058 2331; x_wconf 86' lang='lat' dir='ltr'><strong>cujusdam</strong></span> <span class='ocrx_word' id='word_1_144' title='bbox 2098 2263 2264 2316; x_wconf 88' lang='lat' dir='ltr'><strong>amici</strong></span> <span class='ocrx_word' id='word_1_145' title='bbox 2295 2279 2385 2315; x_wconf 87' lang='lat' dir='ltr'><strong>ve-</strong></span> 
     </span>
    </p>
   </div>
   <div class='ocr_carea' id='block_1_22' title="bbox 687 2344 2390 2422">
    <p class='ocr_par' dir='ltr' id='par_1_22' title="bbox 687 2344 2390 2422">
     <span class='ocr_line' id='line_1_22' title="bbox 687 2344 2390 2422; baseline 0.004 -24"><span class='ocrx_word' id='word_1_146' title='bbox 687 2344 796 2410; x_wconf 85' lang='lat' dir='ltr'><strong>nit,</strong></span> <span class='ocrx_word' id='word_1_147' title='bbox 829 2345 1027 2416; x_wconf 89' lang='lat' dir='ltr'><strong>ibique</strong></span> <span class='ocrx_word' id='word_1_148' title='bbox 1057 2345 1214 2416; x_wconf 92' lang='lat' dir='ltr'><strong>quod</strong></span> <span class='ocrx_word' id='word_1_149' title='bbox 1270 2347 1556 2418; x_wconf 89' lang='lat' dir='ltr'><strong>reliquum</strong></span> <span class='ocrx_word' id='word_1_150' title='bbox 1612 2355 1728 2403; x_wconf 88' lang='lat' dir='ltr'><strong>erat</strong></span> <span class='ocrx_word' id='word_1_151' title='bbox 1770 2350 1972 2415; x_wconf 89' lang='lat' dir='ltr'><strong>noctis,</strong></span> <span class='ocrx_word' id='word_1_152' title='bbox 2035 2352 2148 2404; x_wconf 91' lang='lat' dir='ltr'><strong>Deo</strong></span> <span class='ocrx_word' id='word_1_153' title='bbox 2178 2352 2390 2422; x_wconf 85' lang='lat' dir='ltr'><strong>gratias</strong></span> 
     </span>
    </p>
   </div>
   <div class='ocr_carea' id='block_1_23' title="bbox 689 2433 2388 2510">
    <p class='ocr_par' dir='ltr' id='par_1_23' title="bbox 689 2433 2388 2510">
     <span class='ocr_line' id='line_1_23' title="bbox 689 2433 2388 2510; baseline 0.004 -25"><span class='ocrx_word' id='word_1_154' title='bbox 689 2448 869 2503; x_wconf 89' lang='lat' dir='ltr'><strong>agens</strong></span> <span class='ocrx_word' id='word_1_155' title='bbox 919 2449 1023 2504; x_wconf 92' lang='lat' dir='ltr'><strong>pro</strong></span> <span class='ocrx_word' id='word_1_156' title='bbox 1099 2433 1338 2488; x_wconf 89' lang='lat' dir='ltr'><strong>obtenta</strong></span> <span class='ocrx_word' id='word_1_157' title='bbox 1391 2435 1661 2490; x_wconf 88' lang='lat' dir='ltr'><strong>castitatis</strong></span> <span class='ocrx_word' id='word_1_158' title='bbox 1720 2439 1927 2508; x_wconf 89' lang='lat' dir='ltr'><strong>palma,</strong></span> <span class='ocrx_word' id='word_1_159' title='bbox 2005 2439 2199 2509; x_wconf 87' lang='lat' dir='ltr'><strong>quiete</strong></span> <span class='ocrx_word' id='word_1_160' title='bbox 2262 2454 2388 2510; x_wconf 83' lang='lat' dir='ltr'><strong>per-</strong></span> 
     </span>
    </p>
   </div>
   <div class='ocr_carea' id='block_1_24' title="bbox 690 2521 891 2592">
    <p class='ocr_par' dir='ltr' id='par_1_24' title="bbox 690 2521 891 2592">
     <span class='ocr_line' id='line_1_24' title="bbox 690 2521 891 2592; baseline 0.005 -18"><span class='ocrx_word' id='word_1_161' title='bbox 690 2521 891 2592; x_wconf 90' lang='lat' dir='ltr'><strong>git.....</strong></span> 
     </span>
    </p>
   </div>
   <div class='ocr_carea' id='block_1_25' title="bbox 764 2609 2392 2685">
    <p class='ocr_par' dir='ltr' id='par_1_25' title="bbox 764 2609 2392 2685">
     <span class='ocr_line' id='line_1_25' title="bbox 764 2609 2392 2685; baseline 0.002 -21"><span class='ocrx_word' id='word_1_162' title='bbox 764 2611 854 2664; x_wconf 71' lang='lat'><strong>49.</strong></span> <span class='ocrx_word' id='word_1_163' title='bbox 901 2627 928 2660; x_wconf 89' lang='grc'><strong>‹‹</strong></span> <span class='ocrx_word' id='word_1_164' title='bbox 987 2609 1233 2665; x_wconf 87' lang='lat' dir='ltr'><strong>Clericus</strong></span> <span class='ocrx_word' id='word_1_165' title='bbox 1261 2611 1492 2666; x_wconf 88' lang='lat' dir='ltr'><strong>tandem</strong></span> <span class='ocrx_word' id='word_1_166' title='bbox 1552 2613 1828 2679; x_wconf 89' lang='lat' dir='ltr'><strong>initiatus,</strong></span> <span class='ocrx_word' id='word_1_167' title='bbox 1881 2616 2098 2685; x_wconf 86' lang='lat' dir='ltr'><strong>majore</strong></span> <span class='ocrx_word' id='word_1_168' title='bbox 2159 2615 2392 2670; x_wconf 87' lang='lat' dir='ltr'><strong>solertia</strong></span> 
     </span>
    </p>
   </div>
   <div class='ocr_carea' id='block_1_26' title="bbox 691 2698 2390 2774">
    <p class='ocr_par' dir='ltr' id='par_1_26' title="bbox 691 2698 2390 2774">
     <span class='ocr_line' id='line_1_26' title="bbox 691 2698 2390 2774; baseline 0.004 -22"><span class='ocrx_word' id='word_1_169' title='bbox 691 2698 951 2768; x_wconf 88' lang='lat' dir='ltr'><strong>corporis</strong></span> <span class='ocrx_word' id='word_1_170' title='bbox 1002 2703 1059 2753; x_wconf 88' lang='lat' dir='ltr'><strong>et</strong></span> <span class='ocrx_word' id='word_1_171' title='bbox 1112 2699 1319 2754; x_wconf 83' lang='lat' dir='ltr'><strong>mentis</strong></span> <span class='ocrx_word' id='word_1_172' title='bbox 1375 2701 1727 2756; x_wconf 80' lang='lat' dir='ltr'><strong>castimonia</strong></span> <span class='ocrx_word' id='word_1_173' title='bbox 1805 2703 1911 2758; x_wconf 86' lang='lat' dir='ltr'><strong>sibi</strong></span> <span class='ocrx_word' id='word_1_174' title='bbox 1972 2704 2390 2774; x_wconf 84' lang='lat' dir='ltr'><strong>iuvigilandum</strong></span> 
     </span>
    </p>
   </div>
   <div class='ocr_carea' id='block_1_27' title="bbox 693 2785 2392 2863">
    <p class='ocr_par' dir='ltr' id='par_1_27' title="bbox 693 2785 2392 2863">
     <span class='ocr_line' id='line_1_27' title="bbox 693 2785 2392 2863; baseline 0.003 -24"><span class='ocrx_word' id='word_1_175' title='bbox 693 2785 1033 2841; x_wconf 81' lang='lat' dir='ltr'><strong>existimavit</strong></span> <span class='ocrx_word' id='word_1_176' title='bbox 1065 2803 1079 2852; x_wconf 90' lang='lat'><strong>;</strong></span> <span class='ocrx_word' id='word_1_177' title='bbox 1112 2787 1285 2858; x_wconf 89' lang='lat' dir='ltr'><strong>idque</strong></span> <span class='ocrx_word' id='word_1_178' title='bbox 1313 2793 1470 2843; x_wconf 90' lang='lat' dir='ltr'><strong>tanto</strong></span> <span class='ocrx_word' id='word_1_179' title='bbox 1517 2790 1867 2861; x_wconf 90' lang='lat' dir='ltr'><strong>diligentius,</strong></span> <span class='ocrx_word' id='word_1_180' title='bbox 1901 2799 2116 2863; x_wconf 88' lang='lat' dir='ltr'><strong>quanto</strong></span> <span class='ocrx_word' id='word_1_181' title='bbox 2147 2794 2392 2862; x_wconf 84' lang='lat' dir='ltr'><strong>majores</strong></span> 
     </span>
    </p>
   </div>
   <div class='ocr_carea' id='block_1_28' title="bbox 693 2875 2392 2951">
    <p class='ocr_par' dir='ltr' id='par_1_28' title="bbox 693 2875 2392 2951">
     <span class='ocr_line' id='line_1_28' title="bbox 693 2875 2392 2951; baseline 0.002 -22"><span class='ocrx_word' id='word_1_182' title='bbox 693 2878 816 2929; x_wconf 90' lang='lat' dir='ltr'><strong>tum</strong></span> <span class='ocrx_word' id='word_1_183' title='bbox 847 2875 1120 2945; x_wconf 88' lang='lat' dir='ltr'><strong>temporis</strong></span> <span class='ocrx_word' id='word_1_184' title='bbox 1169 2879 1507 2948; x_wconf 87' lang='lat' dir='ltr'><strong>corruptela</strong></span> <span class='ocrx_word' id='word_1_185' title='bbox 1565 2879 1778 2949; x_wconf 89' lang='lat' dir='ltr'><strong>passim</strong></span> <span class='ocrx_word' id='word_1_186' title='bbox 1832 2880 2253 2951; x_wconf 85' lang='lat' dir='ltr'><strong>vigebant.......</strong></span> <span class='ocrx_word' id='word_1_187' title='bbox 2293 2881 2392 2933; x_wconf 82' lang='lat' dir='ltr'><strong>Vix</strong></span> 
     </span>
    </p>
   </div>
   <div class='ocr_carea' id='block_1_29' title="bbox 691 2963 2392 3040">
    <p class='ocr_par' dir='ltr' id='par_1_29' title="bbox 691 2963 2392 3040">
     <span class='ocr_line' id='line_1_29' title="bbox 691 2963 2392 3040; baseline 0.003 -23"><span class='ocrx_word' id='word_1_188' title='bbox 691 2979 811 3017; x_wconf 86' lang='lat' dir='ltr'><strong>avo</strong></span> <span class='ocrx_word' id='word_1_189' title='bbox 834 2967 1025 3018; x_wconf 88' lang='lat' dir='ltr'><strong>nostro</strong></span> <span class='ocrx_word' id='word_1_190' title='bbox 1053 2963 1316 3020; x_wconf 91' lang='lat' dir='ltr'><strong>inventus</strong></span> <span class='ocrx_word' id='word_1_191' title='bbox 1373 2973 1454 3020; x_wconf 90' lang='lat' dir='ltr'><strong>est</strong></span> <span class='ocrx_word' id='word_1_192' title='bbox 1484 2967 1685 3021; x_wconf 90' lang='lat' dir='ltr'><strong>similis</strong></span> <span class='ocrx_word' id='word_1_193' title='bbox 1736 2968 1840 3034; x_wconf 87' lang='lat' dir='ltr'><strong>illi,</strong></span> <span class='ocrx_word' id='word_1_194' title='bbox 1901 2969 1999 3040; x_wconf 86' lang='lat' dir='ltr'><strong>qui</strong></span> <span class='ocrx_word' id='word_1_195' title='bbox 2029 2974 2186 3023; x_wconf 88' lang='lat' dir='ltr'><strong>tanto</strong></span> <span class='ocrx_word' id='word_1_196' title='bbox 2219 2969 2392 3038; x_wconf 86' lang='lat' dir='ltr'><strong>virgi-</strong></span> 
     </span>
    </p>
   </div>
   <div class='ocr_carea' id='block_1_30' title="bbox 1971 366 2877 423">
    <p class='ocr_par' dir='ltr' id='par_1_30' title="bbox 1971 366 2877 423">
     <span class='ocr_line' id='line_1_30' title="bbox 1971 366 2877 423; baseline -0.003 0"><span class='ocrx_word' id='word_1_197' title='bbox 1971 368 2027 423; x_wconf 87' lang='lat' dir='ltr'><strong>S.</strong></span> <span class='ocrx_word' id='word_1_198' title='bbox 2073 367 2360 423; x_wconf 75' lang='lat' dir='ltr'><strong>HENIthl</strong></span> <span class='ocrx_word' id='word_1_199' title='bbox 2403 366 2877 422; x_wconf 69' lang='lat' dir='ltr'><strong>IMPERATORIS</strong></span> 
     </span>
    </p>
   </div>
   <div class='ocr_carea' id='block_1_31' title="bbox 679 485 2446 560">
    <p class='ocr_par' dir='ltr' id='par_1_31' title="bbox 679 485 2446 560">
     <span class='ocr_line' id='line_1_31' title="bbox 679 485 2446 560; baseline 0.001 -20"><span class='ocrx_word' id='word_1_200' title='bbox 679 490 803 542; x_wconf 88' lang='lat' dir='ltr'><strong>erat</strong></span> <span class='ocrx_word' id='word_1_201' title='bbox 821 490 880 542; x_wconf 89' lang='lat' dir='ltr'><strong>et</strong></span> <span class='ocrx_word' id='word_1_202' title='bbox 921 485 1354 541; x_wconf 89' lang='lat' dir='ltr'><strong>venustissimus</strong></span> <span class='ocrx_word' id='word_1_203' title='bbox 1385 503 1400 554; x_wconf 85' lang='lat'><strong>;</strong></span> <span class='ocrx_word' id='word_1_204' title='bbox 1459 487 1817 558; x_wconf 84' lang='lat' dir='ltr'><strong>pereleganti</strong></span> <span class='ocrx_word' id='word_1_205' title='bbox 1858 503 2089 560; x_wconf 90' lang='lat' dir='ltr'><strong>quoque</strong></span> <span class='ocrx_word' id='word_1_206' title='bbox 2120 487 2372 559; x_wconf 88' lang='lat' dir='ltr'><strong>corporis</strong></span> <span class='ocrx_word' id='word_1_207' title='bbox 2402 491 2446 542; x_wconf 78' lang='grc' dir='ltr'><strong>Α</strong></span> 
     </span>
    </p>
   </div>
   <div class='ocr_carea' id='block_1_32' title="bbox 4085 364 4178 416">
    <p class='ocr_par' dir='ltr' id='par_1_32' title="bbox 4085 364 4178 416">
     <span class='ocr_line' id='line_1_32' title="bbox 4085 364 4178 416; baseline 0 -2"><span class='ocrx_word' id='word_1_208' title='bbox 4085 364 4178 416; x_wconf 64' lang='lat'><strong>15&quot;!</strong></span> 
     </span>
    </p>
   </div>
   <div class='ocr_carea' id='block_1_33' title="bbox 2557 485 4180 553">
    <p class='ocr_par' dir='ltr' id='par_1_33' title="bbox 2557 485 4180 553">
     <span class='ocr_line' id='line_1_33' title="bbox 2557 485 4180 553; baseline -0.002 -10"><span class='ocrx_word' id='word_1_209' title='bbox 2557 492 2644 544; x_wconf 84' lang='lat' dir='ltr'><strong>5t.</strong></span> <span class='ocrx_word' id='word_1_210' title='bbox 2680 507 2705 541; x_wconf 74' lang='grc' dir='ltr'>ι</span> <span class='ocrx_word' id='word_1_211' title='bbox 2741 488 2967 543; x_wconf 82' lang='lat' dir='ltr'><strong>Nemini</strong></span> <span class='ocrx_word' id='word_1_212' title='bbox 3023 491 3158 542; x_wconf 89' lang='lat' dir='ltr'><strong>tunc</strong></span> <span class='ocrx_word' id='word_1_213' title='bbox 3202 486 3260 540; x_wconf 90' lang='lat' dir='ltr'><strong>in</strong></span> <span class='ocrx_word' id='word_1_214' title='bbox 3321 491 3573 542; x_wconf 89' lang='lat' dir='ltr'><strong>mentem</strong></span> <span class='ocrx_word' id='word_1_215' title='bbox 3624 485 3907 553; x_wconf 84' lang='lat' dir='ltr'><strong>veniebat,</strong></span> <span class='ocrx_word' id='word_1_216' title='bbox 3956 487 4014 541; x_wconf 89' lang='lat' dir='ltr'><strong>in</strong></span> <span class='ocrx_word' id='word_1_217' title='bbox 4066 487 4180 540; x_wconf 89' lang='lat' dir='ltr'><strong>ele-</strong></span> 
     </span>
    </p>
   </div>
   <div class='ocr_carea' id='block_1_34' title="bbox 2483 576 4182 648">
    <p class='ocr_par' dir='ltr' id='par_1_34' title="bbox 2483 576 4182 648">
     <span class='ocr_line' id='line_1_34' title="bbox 2483 576 4182 648; baseline 0 -18"><span class='ocrx_word' id='word_1_218' title='bbox 2483 577 2671 632; x_wconf 89' lang='lat' dir='ltr'><strong>ctione</strong></span> <span class='ocrx_word' id='word_1_219' title='bbox 2702 576 3011 648; x_wconf 89' lang='lat' dir='ltr'><strong>episcopali</strong></span> <span class='ocrx_word' id='word_1_220' title='bbox 3067 593 3132 630; x_wconf 88' lang='lat' dir='ltr'><strong>ex</strong></span> <span class='ocrx_word' id='word_1_221' title='bbox 3174 591 3316 629; x_wconf 90' lang='lat' dir='ltr'><strong>urna</strong></span> <span class='ocrx_word' id='word_1_222' title='bbox 3364 576 3725 647; x_wconf 92' lang='lat' dir='ltr'><strong>proditurum</strong></span> <span class='ocrx_word' id='word_1_223' title='bbox 3767 577 4040 632; x_wconf 81' lang='lat' dir='ltr'><strong>Joannem</strong></span> <span class='ocrx_word' id='word_1_224' title='bbox 4072 577 4182 632; x_wconf 83' lang='lat' dir='ltr'><strong>Go-</strong></span> 
     </span>
    </p>
   </div>
   <div class='ocr_carea' id='block_1_35' title="bbox 2483 665 4187 737">
    <p class='ocr_par' dir='ltr' id='par_1_35' title="bbox 2483 665 4187 737">
     <span class='ocr_line' id='line_1_35' title="bbox 2483 665 4187 737; baseline -0.001 -17"><span class='ocrx_word' id='word_1_225' title='bbox 2483 665 2789 731; x_wconf 85' lang='lat' dir='ltr'><strong>defridom,</strong></span> <span class='ocrx_word' id='word_1_226' title='bbox 2819 671 2942 719; x_wconf 92' lang='lat' dir='ltr'><strong>tum</strong></span> <span class='ocrx_word' id='word_1_227' title='bbox 2971 665 3106 737; x_wconf 87' lang='lat' dir='ltr'><strong>quia</strong></span> <span class='ocrx_word' id='word_1_228' title='bbox 3133 665 3181 718; x_wconf 93' lang='lat' dir='ltr'><strong>is</strong></span> <span class='ocrx_word' id='word_1_229' title='bbox 3223 671 3342 719; x_wconf 89' lang='lat' dir='ltr'><strong>erat</strong></span> <span class='ocrx_word' id='word_1_230' title='bbox 3373 681 3441 719; x_wconf 92' lang='lat' dir='ltr'><strong>ex</strong></span> <span class='ocrx_word' id='word_1_231' title='bbox 3485 665 3812 733; x_wconf 87' lang='lat' dir='ltr'><strong>junioribus</strong></span> <span class='ocrx_word' id='word_1_232' title='bbox 3863 665 4187 736; x_wconf 86' lang='lat' dir='ltr'><strong>capitulari-</strong></span> 
     </span>
    </p>
   </div>
   <div class='ocr_carea' id='block_1_36' title="bbox 2486 753 4182 824">
    <p class='ocr_par' dir='ltr' id='par_1_36' title="bbox 2486 753 4182 824">
     <span class='ocr_line' id='line_1_36' title="bbox 2486 753 4182 824; baseline 0 -17"><span class='ocrx_word' id='word_1_233' title='bbox 2486 754 2610 818; x_wconf 90' lang='lat' dir='ltr'><strong>bus,</strong></span> <span class='ocrx_word' id='word_1_234' title='bbox 2668 759 2791 808; x_wconf 92' lang='lat' dir='ltr'><strong>tum</strong></span> <span class='ocrx_word' id='word_1_235' title='bbox 2852 753 2988 824; x_wconf 90' lang='lat' dir='ltr'><strong>quia</strong></span> <span class='ocrx_word' id='word_1_236' title='bbox 3053 753 3326 822; x_wconf 75' lang='lat' dir='ltr'><strong>suffragia</strong></span> <span class='ocrx_word' id='word_1_237' title='bbox 3380 753 3750 806; x_wconf 82' lang='lat' dir='ltr'><strong>collimabaut</strong></span> <span class='ocrx_word' id='word_1_238' title='bbox 3799 754 3858 807; x_wconf 91' lang='lat' dir='ltr'><strong>in</strong></span> <span class='ocrx_word' id='word_1_239' title='bbox 3909 755 4182 809; x_wconf 82' lang='lat' dir='ltr'><strong>Joannem</strong></span> 
     </span>
    </p>
   </div>
   <div class='ocr_carea' id='block_1_37' title="bbox 2486 841 4186 912">
    <p class='ocr_par' dir='ltr' id='par_1_37' title="bbox 2486 841 4186 912">
     <span class='ocr_line' id='line_1_37' title="bbox 2486 841 4186 912; baseline -0.002 -14"><span class='ocrx_word' id='word_1_240' title='bbox 2486 843 2958 912; x_wconf 83' lang='lat' dir='ltr'><strong>Cliristophorum</strong></span> <span class='ocrx_word' id='word_1_241' title='bbox 3000 843 3316 894; x_wconf 68' lang='lat' dir='ltr'><strong>Venstetter</strong></span> <span class='ocrx_word' id='word_1_242' title='bbox 3355 841 3571 894; x_wconf 88' lang='lat' dir='ltr'><strong>dictum</strong></span> <span class='ocrx_word' id='word_1_243' title='bbox 3627 842 3903 907; x_wconf 89' lang='lat' dir='ltr'><strong>Stormer,</strong></span> <span class='ocrx_word' id='word_1_244' title='bbox 3937 842 4186 896; x_wconf 85' lang='lat' dir='ltr'><strong>ecclesia</strong></span> 
     </span>
    </p>
   </div>
   <div class='ocr_carea' id='block_1_38' title="bbox 2486 929 4190 1003">
    <p class='ocr_par' dir='ltr' id='par_1_38' title="bbox 2486 929 4190 1003">
     <span class='ocr_line' id='line_1_38' title="bbox 2486 929 4190 1003; baseline -0.002 -18"><span class='ocrx_word' id='word_1_245' title='bbox 2486 932 2798 1003; x_wconf 78' lang='lat' dir='ltr'><strong>imperialls</strong></span> <span class='ocrx_word' id='word_1_246' title='bbox 2845 932 3144 984; x_wconf 87' lang='lat' dir='ltr'><strong>decauum.</strong></span> <span class='ocrx_word' id='word_1_247' title='bbox 3231 931 3338 983; x_wconf 86' lang='lat' dir='ltr'><strong>Sed</strong></span> <span class='ocrx_word' id='word_1_248' title='bbox 3413 930 3746 1000; x_wconf 76' lang='lat' dir='ltr'><strong>suffragium</strong></span> <span class='ocrx_word' id='word_1_249' title='bbox 3817 931 3871 984; x_wconf 88' lang='lat' dir='ltr'><strong>S.</strong></span> <span class='ocrx_word' id='word_1_250' title='bbox 3945 929 4190 985; x_wconf 88' lang='lat' dir='ltr'><strong>Heinrici</strong></span> 
     </span>
    </p>
   </div>
   <div class='ocr_carea' id='block_1_39' title="bbox 2487 1019 4190 1092">
    <p class='ocr_par' dir='ltr' id='par_1_39' title="bbox 2487 1019 4190 1092">
     <span class='ocr_line' id='line_1_39' title="bbox 2487 1019 4190 1092; baseline -0.001 -18"><span class='ocrx_word' id='word_1_251' title='bbox 2487 1037 2589 1092; x_wconf 91' lang='lat' dir='ltr'><strong>pro</strong></span> <span class='ocrx_word' id='word_1_252' title='bbox 2629 1021 2834 1074; x_wconf 91' lang='lat' dir='ltr'><strong>cliente</strong></span> <span class='ocrx_word' id='word_1_253' title='bbox 2865 1036 2966 1073; x_wconf 90' lang='lat' dir='ltr'><strong>suo</strong></span> <span class='ocrx_word' id='word_1_254' title='bbox 2994 1021 3211 1074; x_wconf 82' lang='lat' dir='ltr'><strong>Joanne</strong></span> <span class='ocrx_word' id='word_1_255' title='bbox 3243 1019 3547 1073; x_wconf 86' lang='lat' dir='ltr'><strong>Godefrido</strong></span> <span class='ocrx_word' id='word_1_256' title='bbox 3570 1020 3719 1090; x_wconf 89' lang='lat' dir='ltr'><strong>apud</strong></span> <span class='ocrx_word' id='word_1_257' title='bbox 3743 1020 3921 1074; x_wconf 86' lang='lat' dir='ltr'><strong>Deum</strong></span> <span class='ocrx_word' id='word_1_258' title='bbox 3953 1019 4190 1073; x_wconf 90' lang='lat' dir='ltr'><strong>demum</strong></span> 
     </span>
    </p>
   </div>
   <div class='ocr_carea' id='block_1_40' title="bbox 2488 1108 4190 1181">
    <p class='ocr_par' dir='ltr' id='par_1_40' title="bbox 2488 1108 4190 1181">
     <span class='ocr_line' id='line_1_40' title="bbox 2488 1108 4190 1181; baseline -0.001 -19"><span class='ocrx_word' id='word_1_259' title='bbox 2488 1109 2804 1181; x_wconf 88' lang='lat' dir='ltr'><strong>pravaluit.</strong></span> <span class='ocrx_word' id='word_1_260' title='bbox 2841 1109 2998 1173; x_wconf 89' lang='lat' dir='ltr'><strong>Hinc,</strong></span> <span class='ocrx_word' id='word_1_261' title='bbox 3041 1108 3263 1161; x_wconf 88' lang='lat' dir='ltr'><strong>etiamsi</strong></span> <span class='ocrx_word' id='word_1_262' title='bbox 3313 1114 3664 1161; x_wconf 86' lang='lat' dir='ltr'><strong>memoratus</strong></span> <span class='ocrx_word' id='word_1_263' title='bbox 3707 1108 3953 1167; x_wconf 87' lang='lat' dir='ltr'><strong>decanus</strong></span> <span class='ocrx_word' id='word_1_264' title='bbox 4001 1109 4190 1178; x_wconf 92' lang='lat' dir='ltr'><strong>primo</strong></span> 
     </span>
    </p>
   </div>
   <div class='ocr_carea' id='block_1_41' title="bbox 2486 1195 4194 1266">
    <p class='ocr_par' dir='ltr' id='par_1_41' title="bbox 2486 1195 4194 1266">
     <span class='ocr_line' id='line_1_41' title="bbox 2486 1195 4194 1266; baseline -0.002 -15"><span class='ocrx_word' id='word_1_265' title='bbox 2486 1198 2674 1251; x_wconf 88' lang='lat' dir='ltr'><strong>statim</strong></span> <span class='ocrx_word' id='word_1_266' title='bbox 2707 1197 2980 1251; x_wconf 90' lang='lat' dir='ltr'><strong>scrutinio</strong></span> <span class='ocrx_word' id='word_1_267' title='bbox 3015 1197 3072 1250; x_wconf 93' lang='lat' dir='ltr'><strong>in</strong></span> <span class='ocrx_word' id='word_1_268' title='bbox 3121 1196 3450 1266; x_wconf 87' lang='lat' dir='ltr'><strong>episcopum</strong></span> <span class='ocrx_word' id='word_1_269' title='bbox 3510 1196 3723 1249; x_wconf 88' lang='lat' dir='ltr'><strong>electus</strong></span> <span class='ocrx_word' id='word_1_270' title='bbox 3750 1196 3967 1260; x_wconf 83' lang='lat' dir='ltr'><strong>fuisset,</strong></span> <span class='ocrx_word' id='word_1_271' title='bbox 4004 1195 4194 1248; x_wconf 87' lang='lat' dir='ltr'><strong>noluit</strong></span> 
     </span>
    </p>
   </div>
   <div class='ocr_carea' id='block_1_42' title="bbox 2488 1285 4190 1356">
    <p class='ocr_par' dir='ltr' id='par_1_42' title="bbox 2488 1285 4190 1356">
     <span class='ocr_line' id='line_1_42' title="bbox 2488 1285 4190 1356; baseline -0.002 -15"><span class='ocrx_word' id='word_1_272' title='bbox 2488 1293 2678 1341; x_wconf 89' lang='lat' dir='ltr'><strong>tamen</strong></span> <span class='ocrx_word' id='word_1_273' title='bbox 2705 1287 3044 1356; x_wconf 88' lang='lat' dir='ltr'><strong>dignitatem</strong></span> <span class='ocrx_word' id='word_1_274' title='bbox 3102 1285 3385 1338; x_wconf 86' lang='lat' dir='ltr'><strong>amittere.</strong></span> <span class='ocrx_word' id='word_1_275' title='bbox 3426 1285 3505 1348; x_wconf 81' lang='lat' dir='ltr'><strong>Et,</strong></span> <span class='ocrx_word' id='word_1_276' title='bbox 3543 1285 3670 1337; x_wconf 89' lang='lat' dir='ltr'><strong>licet</strong></span> <span class='ocrx_word' id='word_1_277' title='bbox 3726 1300 3759 1336; x_wconf 84' lang='lat' dir='ltr'><strong>a</strong></span> <span class='ocrx_word' id='word_1_278' title='bbox 3789 1290 3907 1338; x_wconf 89' lang='lat' dir='ltr'><strong>toto</strong></span> <span class='ocrx_word' id='word_1_279' title='bbox 3938 1285 4190 1355; x_wconf 90' lang='lat' dir='ltr'><strong>capitulo</strong></span> 
     </span>
    </p>
   </div>
   <div class='ocr_carea' id='block_1_43' title="bbox 2486 1373 4191 1444">
    <p class='ocr_par' dir='ltr' id='par_1_43' title="bbox 2486 1373 4191 1444">
     <span class='ocr_line' id='line_1_43' title="bbox 2486 1373 4191 1444; baseline -0.002 -15"><span class='ocrx_word' id='word_1_280' title='bbox 2486 1376 2766 1430; x_wconf 84' lang='lat' dir='ltr'><strong>instanter</strong></span> <span class='ocrx_word' id='word_1_281' title='bbox 2810 1380 3102 1444; x_wconf 80' lang='lat' dir='ltr'><strong>rogaretur</strong></span> <span class='ocrx_word' id='word_1_282' title='bbox 3131 1379 3188 1427; x_wconf 93' lang='lat' dir='ltr'><strong>et</strong></span> <span class='ocrx_word' id='word_1_283' title='bbox 3241 1379 3544 1444; x_wconf 86' lang='lat' dir='ltr'><strong>urgeretur</strong></span> <span class='ocrx_word' id='word_1_284' title='bbox 3593 1374 3661 1426; x_wconf 90' lang='lat' dir='ltr'><strong>ad</strong></span> <span class='ocrx_word' id='word_1_285' title='bbox 3695 1373 4191 1433; x_wconf 89' lang='lat' dir='ltr'><strong>consentiendum,</strong></span> 
     </span>
    </p>
   </div>
   <div class='ocr_carea' id='block_1_44' title="bbox 2491 1462 4196 1532">
    <p class='ocr_par' dir='ltr' id='par_1_44' title="bbox 2491 1462 4196 1532">
     <span class='ocr_line' id='line_1_44' title="bbox 2491 1462 4196 1532; baseline -0.003 -14"><span class='ocrx_word' id='word_1_286' title='bbox 2491 1481 2604 1518; x_wconf 91' lang='lat' dir='ltr'><strong>non</strong></span> <span class='ocrx_word' id='word_1_287' title='bbox 2647 1470 2866 1518; x_wconf 86' lang='lat' dir='ltr'><strong>tantum</strong></span> <span class='ocrx_word' id='word_1_288' title='bbox 2909 1463 3155 1517; x_wconf 88' lang='lat' dir='ltr'><strong>secundo</strong></span> <span class='ocrx_word' id='word_1_289' title='bbox 3187 1468 3242 1516; x_wconf 90' lang='lat' dir='ltr'><strong>et</strong></span> <span class='ocrx_word' id='word_1_290' title='bbox 3296 1462 3486 1527; x_wconf 91' lang='lat' dir='ltr'><strong>tertio,</strong></span> <span class='ocrx_word' id='word_1_291' title='bbox 3526 1462 3624 1515; x_wconf 87' lang='lat' dir='ltr'><strong>sed</strong></span> <span class='ocrx_word' id='word_1_292' title='bbox 3657 1463 3826 1515; x_wconf 87' lang='lat' dir='ltr'><strong>etiam</strong></span> <span class='ocrx_word' id='word_1_293' title='bbox 3874 1467 4076 1532; x_wconf 89' lang='lat' dir='ltr'><strong>quarto</strong></span> <span class='ocrx_word' id='word_1_294' title='bbox 4111 1476 4196 1513; x_wconf 82' lang='lat' dir='ltr'><strong>re-</strong></span> 
     </span>
    </p>
   </div>
   <div class='ocr_carea' id='block_1_45' title="bbox 2488 1549 4190 1624">
    <p class='ocr_par' dir='ltr' id='par_1_45' title="bbox 2488 1549 4190 1624">
     <span class='ocr_line' id='line_1_45' title="bbox 2488 1549 4190 1624; baseline -0.004 -16"><span class='ocrx_word' id='word_1_295' title='bbox 2488 1554 2719 1608; x_wconf 89' lang='lat' dir='ltr'><strong>cusavit.</strong></span> <span class='ocrx_word' id='word_1_296' title='bbox 2782 1554 3038 1624; x_wconf 86' lang='lat' dir='ltr'><strong>Cumque</strong></span> <span class='ocrx_word' id='word_1_297' title='bbox 3084 1552 3205 1605; x_wconf 83' lang='lat' dir='ltr'><strong>hac</strong></span> <span class='ocrx_word' id='word_1_298' title='bbox 3258 1551 3405 1603; x_wconf 83' lang='lat' dir='ltr'><strong>lucta</strong></span> <span class='ocrx_word' id='word_1_299' title='bbox 3464 1551 3558 1603; x_wconf 92' lang='lat' dir='ltr'><strong>diu</strong></span> <span class='ocrx_word' id='word_1_300' title='bbox 3634 1555 3875 1614; x_wconf 87' lang='lat' dir='ltr'><strong>teneret,</strong></span> <span class='ocrx_word' id='word_1_301' title='bbox 3931 1549 4190 1608; x_wconf 87' lang='lat' dir='ltr'><strong>demum.</strong></span> 
     </span>
    </p>
   </div>
   <div class='ocr_carea' id='block_1_46' title="bbox 2487 1638 4196 1711">
    <p class='ocr_par' dir='ltr' id='par_1_46' title="bbox 2487 1638 4196 1711">
     <span class='ocr_line' id='line_1_46' title="bbox 2487 1638 4196 1711; baseline -0.004 -15"><span class='ocrx_word' id='word_1_302' title='bbox 2487 1644 2736 1711; x_wconf 91' lang='lat' dir='ltr'><strong>ipsomet</strong></span> <span class='ocrx_word' id='word_1_303' title='bbox 2791 1642 3005 1695; x_wconf 90' lang='lat' dir='ltr'><strong>decano</strong></span> <span class='ocrx_word' id='word_1_304' title='bbox 3061 1645 3371 1710; x_wconf 75' lang='lat' dir='ltr'><strong>praeunte,</strong></span> <span class='ocrx_word' id='word_1_305' title='bbox 3433 1654 3496 1691; x_wconf 88' lang='lat' dir='ltr'><strong>ex</strong></span> <span class='ocrx_word' id='word_1_306' title='bbox 3547 1639 3922 1709; x_wconf 88' lang='lat' dir='ltr'><strong>inspiratione</strong></span> <span class='ocrx_word' id='word_1_307' title='bbox 3947 1638 4196 1707; x_wconf 89' lang='lat' dir='ltr'><strong>Spiritus</strong></span> 
     </span>
    </p>
   </div>
   <div class='ocr_carea' id='block_1_47' title="bbox 2492 1726 4196 1797">
    <p class='ocr_par' dir='ltr' id='par_1_47' title="bbox 2492 1726 4196 1797">
     <span class='ocr_line' id='line_1_47' title="bbox 2492 1726 4196 1797; baseline -0.003 -12"><span class='ocrx_word' id='word_1_308' title='bbox 2492 1731 2669 1784; x_wconf 86' lang='lat' dir='ltr'><strong>sancti</strong></span> <span class='ocrx_word' id='word_1_309' title='bbox 2694 1737 2751 1785; x_wconf 89' lang='lat' dir='ltr'><strong>et</strong></span> <span class='ocrx_word' id='word_1_310' title='bbox 2773 1729 3033 1782; x_wconf 82' lang='lat' dir='ltr'><strong>unanimi</strong></span> <span class='ocrx_word' id='word_1_311' title='bbox 3064 1742 3344 1782; x_wconf 90' lang='lat' dir='ltr'><strong>consensu</strong></span> <span class='ocrx_word' id='word_1_312' title='bbox 3371 1727 3739 1781; x_wconf 90' lang='lat' dir='ltr'><strong>dominorum</strong></span> <span class='ocrx_word' id='word_1_313' title='bbox 3791 1726 4196 1797; x_wconf 88' lang='lat' dir='ltr'><strong>capitularium</strong></span> 
     </span>
    </p>
   </div>
   <div class='ocr_carea' id='block_1_48' title="bbox 2495 1813 4200 1888">
    <p class='ocr_par' dir='ltr' id='par_1_48' title="bbox 2495 1813 4200 1888">
     <span class='ocr_line' id='line_1_48' title="bbox 2495 1813 4200 1888; baseline -0.004 -15"><span class='ocrx_word' id='word_1_314' title='bbox 2495 1821 2742 1873; x_wconf 91' lang='lat' dir='ltr'><strong>Joannes</strong></span> <span class='ocrx_word' id='word_1_315' title='bbox 2764 1817 3100 1888; x_wconf 65' lang='lat' dir='ltr'><strong>Godgfridus</strong></span> <span class='ocrx_word' id='word_1_316' title='bbox 3132 1816 3203 1869; x_wconf 87' lang='lat' dir='ltr'><strong>ad</strong></span> <span class='ocrx_word' id='word_1_317' title='bbox 3241 1816 3568 1869; x_wconf 77' lang='lat' dir='ltr'><strong>Aschausen</strong></span> <span class='ocrx_word' id='word_1_318' title='bbox 3628 1815 3901 1868; x_wconf 79' lang='lat' dir='ltr'><strong>salutatus</strong></span> <span class='ocrx_word' id='word_1_319' title='bbox 3933 1815 4038 1868; x_wconf 86' lang='lat' dir='ltr'><strong>fuit</strong></span> <span class='ocrx_word' id='word_1_320' title='bbox 4068 1813 4200 1882; x_wconf 82' lang='lat' dir='ltr'><strong>epi-</strong></span> 
     </span>
    </p>
   </div>
   <div class='ocr_carea' id='block_1_49' title="bbox 2496 1903 4196 1977">
    <p class='ocr_par' dir='ltr' id='par_1_49' title="bbox 2496 1903 4196 1977">
     <span class='ocr_line' id='line_1_49' title="bbox 2496 1903 4196 1977; baseline -0.004 -16"><span class='ocrx_word' id='word_1_321' title='bbox 2496 1924 2702 1977; x_wconf 88' lang='lat' dir='ltr'><strong>scopus</strong></span> <span class='ocrx_word' id='word_1_322' title='bbox 2762 1905 3193 1974; x_wconf 84' lang='lat' dir='ltr'><strong>Bambcrgeosis</strong></span> <span class='ocrx_word' id='word_1_323' title='bbox 3261 1920 3350 1958; x_wconf 85' lang='lat' dir='ltr'><strong>xxi</strong></span> <span class='ocrx_word' id='word_1_324' title='bbox 3407 1904 3564 1970; x_wconf 87' lang='lat' dir='ltr'><strong>Julii,</strong></span> <span class='ocrx_word' id='word_1_325' title='bbox 3604 1919 3752 1957; x_wconf 85' lang='lat' dir='ltr'><strong>anno</strong></span> <span class='ocrx_word' id='word_1_326' title='bbox 3829 1919 4007 1958; x_wconf 74' lang='lat' dir='ltr'><strong>IDCIX.</strong></span> <span class='ocrx_word' id='word_1_327' title='bbox 4072 1903 4196 1957; x_wconf 83' lang='lat' dir='ltr'><strong>Ele-</strong></span> 
     </span>
    </p>
   </div>
   <div class='ocr_carea' id='block_1_50' title="bbox 2495 1991 4199 2063">
    <p class='ocr_par' dir='ltr' id='par_1_50' title="bbox 2495 1991 4199 2063">
     <span class='ocr_line' id='line_1_50' title="bbox 2495 1991 4199 2063; baseline -0.004 -13"><span class='ocrx_word' id='word_1_328' title='bbox 2495 1998 2743 2050; x_wconf 89' lang='lat' dir='ltr'><strong>ctionem</strong></span> <span class='ocrx_word' id='word_1_329' title='bbox 2776 1995 2942 2059; x_wconf 91' lang='lat' dir='ltr'><strong>hanc,</strong></span> <span class='ocrx_word' id='word_1_330' title='bbox 3007 1993 3236 2063; x_wconf 86' lang='lat' dir='ltr'><strong>speciali</strong></span> <span class='ocrx_word' id='word_1_331' title='bbox 3283 1992 3544 2046; x_wconf 86' lang='lat' dir='ltr'><strong>Numinis</strong></span> <span class='ocrx_word' id='word_1_332' title='bbox 3577 1992 3944 2063; x_wconf 82' lang='lat' dir='ltr'><strong>providentia,</strong></span> <span class='ocrx_word' id='word_1_333' title='bbox 3985 1991 4043 2045; x_wconf 92' lang='lat' dir='ltr'><strong>in</strong></span> <span class='ocrx_word' id='word_1_334' title='bbox 4090 1993 4199 2044; x_wconf 88' lang='lat' dir='ltr'><strong>bo-</strong></span> 
     </span>
    </p>
   </div>
   <div class='ocr_carea' id='block_1_51' title="bbox 2496 2079 4201 2150">
    <p class='ocr_par' dir='ltr' id='par_1_51' title="bbox 2496 2079 4201 2150">
     <span class='ocr_line' id='line_1_51' title="bbox 2496 2079 4201 2150; baseline -0.005 -12"><span class='ocrx_word' id='word_1_335' title='bbox 2496 2100 2634 2139; x_wconf 91' lang='lat' dir='ltr'><strong>num</strong></span> <span class='ocrx_word' id='word_1_336' title='bbox 2670 2083 2926 2137; x_wconf 81' lang='lat' dir='ltr'><strong>Ecclesia</strong></span> <span class='ocrx_word' id='word_1_337' title='bbox 2961 2082 3417 2150; x_wconf 85' lang='lat' dir='ltr'><strong>Bambergensis,</strong></span> <span class='ocrx_word' id='word_1_338' title='bbox 3445 2081 3570 2149; x_wconf 91' lang='lat' dir='ltr'><strong>opis</strong></span> <span class='ocrx_word' id='word_1_339' title='bbox 3619 2079 3928 2134; x_wconf 86' lang='lat' dir='ltr'><strong>admodum</strong></span> <span class='ocrx_word' id='word_1_340' title='bbox 3962 2079 4201 2147; x_wconf 80' lang='lat' dir='ltr'><strong>indiga,</strong></span> 
     </span>
    </p>
   </div>
   <div class='ocr_carea' id='block_1_52' title="bbox 2497 2167 4206 2242">
    <p class='ocr_par' dir='ltr' id='par_1_52' title="bbox 2497 2167 4206 2242">
     <span class='ocr_line' id='line_1_52' title="bbox 2497 2167 4206 2242; baseline -0.004 -16"><span class='ocrx_word' id='word_1_341' title='bbox 2497 2173 2831 2242; x_wconf 87' lang='lat' dir='ltr'><strong>dispositam</strong></span> <span class='ocrx_word' id='word_1_342' title='bbox 2865 2188 2926 2223; x_wconf 90' lang='lat' dir='ltr'><strong>ac</strong></span> <span class='ocrx_word' id='word_1_343' title='bbox 2952 2170 3276 2223; x_wconf 90' lang='lat' dir='ltr'><strong>ordinatam</strong></span> <span class='ocrx_word' id='word_1_344' title='bbox 3307 2169 3499 2232; x_wconf 87' lang='lat' dir='ltr'><strong>fuisse,</strong></span> <span class='ocrx_word' id='word_1_345' title='bbox 3552 2168 3873 2221; x_wconf 91' lang='lat' dir='ltr'><strong>communis</strong></span> <span class='ocrx_word' id='word_1_346' title='bbox 3901 2173 4023 2220; x_wconf 89' lang='lat' dir='ltr'><strong>erat</strong></span> <span class='ocrx_word' id='word_1_347' title='bbox 4055 2167 4206 2236; x_wconf 81' lang='lat' dir='ltr'><strong>peri-</strong></span> 
     </span>
    </p>
   </div>
   <div class='ocr_carea' id='block_1_53' title="bbox 2497 2261 3033 2330">
    <p class='ocr_par' dir='ltr' id='par_1_53' title="bbox 2497 2261 3033 2330">
     <span class='ocr_line' id='line_1_53' title="bbox 2497 2261 3033 2330; baseline -0.009 -16"><span class='ocrx_word' id='word_1_348' title='bbox 2497 2266 2686 2314; x_wconf 91' lang='lat' dir='ltr'><strong>torum</strong></span> <span class='ocrx_word' id='word_1_349' title='bbox 2719 2261 3033 2330; x_wconf 89' lang='lat' dir='ltr'><strong>persuasio.</strong></span> 
     </span>
    </p>
   </div>
   <div class='ocr_carea' id='block_1_54' title="bbox 2569 2342 4207 2411">
    <p class='ocr_par' dir='ltr' id='par_1_54' title="bbox 2569 2342 4207 2411">
     <span class='ocr_line' id='line_1_54' title="bbox 2569 2342 4207 2411; baseline -0.004 -10"><span class='ocrx_word' id='word_1_350' title='bbox 2715 2373 2746 2411; x_wconf 59' lang='grc' dir='ltr'><strong>,ε</strong></span> <span class='ocrx_word' id='word_1_351' title='bbox 2813 2346 3308 2401; x_wconf 80' lang='lat' dir='ltr'><strong>EminentissimUs</strong></span> <span class='ocrx_word' id='word_1_352' title='bbox 3366 2344 3671 2396; x_wconf 87' lang='lat' dir='ltr'><strong>cardinalis</strong></span> <span class='ocrx_word' id='word_1_353' title='bbox 3730 2343 4111 2397; x_wconf 87' lang='lat' dir='ltr'><strong>Bellarminus</strong></span> <span class='ocrx_word' id='word_1_354' title='bbox 4146 2342 4207 2395; x_wconf 93' lang='lat' dir='ltr'><strong>in</strong></span> 
     </span>
    </p>
   </div>
   <div class='ocr_carea' id='block_1_55' title="bbox 2499 2431 4206 2509">
    <p class='ocr_par' dir='ltr' id='par_1_55' title="bbox 2499 2431 4206 2509">
     <span class='ocr_line' id='line_1_55' title="bbox 2499 2431 4206 2509; baseline -0.004 -18"><span class='ocrx_word' id='word_1_355' title='bbox 2499 2438 2684 2509; x_wconf 88' lang='lat' dir='ltr'><strong>prima</strong></span> <span class='ocrx_word' id='word_1_356' title='bbox 2713 2437 2955 2506; x_wconf 88' lang='lat' dir='ltr'><strong>epistola</strong></span> <span class='ocrx_word' id='word_1_357' title='bbox 2987 2436 3058 2488; x_wconf 89' lang='lat' dir='ltr'><strong>ad</strong></span> <span class='ocrx_word' id='word_1_358' title='bbox 3105 2436 3379 2488; x_wconf 87' lang='lat' dir='ltr'><strong>Joannem</strong></span> <span class='ocrx_word' id='word_1_359' title='bbox 3435 2432 3802 2487; x_wconf 85' lang='lat' dir='ltr'><strong>Godefridum</strong></span> <span class='ocrx_word' id='word_1_360' title='bbox 3871 2431 4206 2502; x_wconf 83' lang='lat' dir='ltr'><strong>episcopum</strong></span> 
     </span>
    </p>
   </div>
   <div class='ocr_carea' id='block_1_56' title="bbox 2502 2521 4202 2594">
    <p class='ocr_par' dir='ltr' id='par_1_56' title="bbox 2502 2521 4202 2594">
     <span class='ocr_line' id='line_1_56' title="bbox 2502 2521 4202 2594; baseline -0.005 -14"><span class='ocrx_word' id='word_1_361' title='bbox 2502 2527 2978 2594; x_wconf 83' lang='lat' dir='ltr'><strong>Bambergensem</strong></span> <span class='ocrx_word' id='word_1_362' title='bbox 3048 2539 3232 2592; x_wconf 87' lang='lat' dir='ltr'><strong>nuper</strong></span> <span class='ocrx_word' id='word_1_363' title='bbox 3309 2523 3574 2586; x_wconf 82' lang='lat' dir='ltr'><strong>electum,</strong></span> <span class='ocrx_word' id='word_1_364' title='bbox 3633 2521 3763 2574; x_wconf 90' lang='lat' dir='ltr'><strong>data</strong></span> <span class='ocrx_word' id='word_1_365' title='bbox 3817 2537 3867 2573; x_wconf 86' lang='lat' dir='ltr'><strong>iv</strong></span> <span class='ocrx_word' id='word_1_366' title='bbox 3927 2521 4202 2574; x_wconf 82' lang='lat' dir='ltr'><strong>Novemb.</strong></span> 
     </span>
    </p>
   </div>
   <div class='ocr_carea' id='block_1_57' title="bbox 2505 2609 4209 2682">
    <p class='ocr_par' dir='ltr' id='par_1_57' title="bbox 2505 2609 4209 2682">
     <span class='ocr_line' id='line_1_57' title="bbox 2505 2609 4209 2682; baseline -0.006 -13"><span class='ocrx_word' id='word_1_367' title='bbox 2505 2633 2683 2682; x_wconf 74' lang='grc' dir='ltr'><strong>ιυειι,</strong></span> <span class='ocrx_word' id='word_1_368' title='bbox 2734 2616 2811 2668; x_wconf 88' lang='lat' dir='ltr'><strong>ita</strong></span> <span class='ocrx_word' id='word_1_369' title='bbox 2879 2614 3116 2666; x_wconf 87' lang='lat' dir='ltr'><strong>scribit:</strong></span> <span class='ocrx_word' id='word_1_370' title='bbox 3182 2611 3564 2665; x_wconf 86' lang='lat' dir='ltr'><strong>Illustrissiuie</strong></span> <span class='ocrx_word' id='word_1_371' title='bbox 3616 2626 3679 2662; x_wconf 88' lang='lat' dir='ltr'><strong>ac</strong></span> <span class='ocrx_word' id='word_1_372' title='bbox 3736 2609 4209 2662; x_wconf 86' lang='lat' dir='ltr'><strong>reverendissime</strong></span> 
     </span>
    </p>
   </div>
   <div class='ocr_carea' id='block_1_58' title="bbox 2501 2696 4212 2767">
    <p class='ocr_par' dir='ltr' id='par_1_58' title="bbox 2501 2696 4212 2767">
     <span class='ocr_line' id='line_1_58' title="bbox 2501 2696 4212 2767; baseline -0.005 -9"><span class='ocrx_word' id='word_1_373' title='bbox 2501 2704 2756 2767; x_wconf 90' lang='lat' dir='ltr'><strong>domine,</strong></span> <span class='ocrx_word' id='word_1_374' title='bbox 2785 2720 2813 2755; x_wconf 91' lang='lat' dir='ltr'><strong>a</strong></span> <span class='ocrx_word' id='word_1_375' title='bbox 2851 2703 3090 2756; x_wconf 85' lang='lat' dir='ltr'><strong>Domino</strong></span> <span class='ocrx_word' id='word_1_376' title='bbox 3125 2702 3334 2753; x_wconf 81' lang='lat' dir='ltr'><strong>factum</strong></span> <span class='ocrx_word' id='word_1_377' title='bbox 3366 2704 3449 2752; x_wconf 88' lang='lat' dir='ltr'><strong>est</strong></span> <span class='ocrx_word' id='word_1_378' title='bbox 3502 2698 3651 2752; x_wconf 88' lang='lat' dir='ltr'><strong>istud</strong></span> <span class='ocrx_word' id='word_1_379' title='bbox 3684 2714 3696 2760; x_wconf 89' lang='lat'>;</span> <span class='ocrx_word' id='word_1_380' title='bbox 3730 2703 3784 2750; x_wconf 91' lang='lat' dir='ltr'><strong>et</strong></span> <span class='ocrx_word' id='word_1_381' title='bbox 3813 2701 3896 2749; x_wconf 85' lang='lat' dir='ltr'><strong>est</strong></span> <span class='ocrx_word' id='word_1_382' title='bbox 3943 2696 4212 2750; x_wconf 85' lang='lat' dir='ltr'><strong>mirabile</strong></span> 
     </span>
    </p>
   </div>
   <div class='ocr_carea' id='block_1_59' title="bbox 2502 2786 4214 2846">
    <p class='ocr_par' dir='ltr' id='par_1_59' title="bbox 2502 2786 4214 2846">
     <span class='ocr_line' id='line_1_59' title="bbox 2502 2786 4214 2846; baseline -0.005 0"><span class='ocrx_word' id='word_1_383' title='bbox 2502 2793 2561 2846; x_wconf 91' lang='lat' dir='ltr'><strong>in</strong></span> <span class='ocrx_word' id='word_1_384' title='bbox 2593 2793 2770 2845; x_wconf 90' lang='lat' dir='ltr'><strong>oculis</strong></span> <span class='ocrx_word' id='word_1_385' title='bbox 2805 2791 3028 2844; x_wconf 91' lang='lat' dir='ltr'><strong>nostris.</strong></span> <span class='ocrx_word' id='word_1_386' title='bbox 3080 2790 3324 2843; x_wconf 82' lang='lat' dir='ltr'><strong>Nuntius</strong></span> <span class='ocrx_word' id='word_1_387' title='bbox 3355 2788 3425 2840; x_wconf 93' lang='lat' dir='ltr'><strong>de</strong></span> <span class='ocrx_word' id='word_1_388' title='bbox 3480 2788 3754 2840; x_wconf 89' lang='lat' dir='ltr'><strong>electione</strong></span> <span class='ocrx_word' id='word_1_389' title='bbox 3811 2786 4214 2839; x_wconf 85' lang='lat' dir='ltr'><strong>illustrissima</strong></span> 
     </span>
    </p>
   </div>
   <div class='ocr_carea' id='block_1_60' title="bbox 2503 2874 4212 2935">
    <p class='ocr_par' dir='ltr' id='par_1_60' title="bbox 2503 2874 4212 2935">
     <span class='ocr_line' id='line_1_60' title="bbox 2503 2874 4212 2935; baseline -0.005 0"><span class='ocrx_word' id='word_1_390' title='bbox 2503 2887 2560 2935; x_wconf 90' lang='lat' dir='ltr'><strong>et</strong></span> <span class='ocrx_word' id='word_1_391' title='bbox 2589 2879 3072 2933; x_wconf 85' lang='lat' dir='ltr'><strong>reverendissima</strong></span> <span class='ocrx_word' id='word_1_392' title='bbox 3133 2878 3291 2930; x_wconf 84' lang='lat' dir='ltr'><strong>Dom.</strong></span> <span class='ocrx_word' id='word_1_393' title='bbox 3343 2883 3543 2928; x_wconf 84' lang='lat' dir='ltr'><strong>vestra</strong></span> <span class='ocrx_word' id='word_1_394' title='bbox 3594 2875 3838 2928; x_wconf 78' lang='lat' dir='ltr'><strong>latiticat</strong></span> <span class='ocrx_word' id='word_1_395' title='bbox 3881 2874 4212 2927; x_wconf 86' lang='lat' dir='ltr'><strong>universam</strong></span> 
     </span>
    </p>
   </div>
   <div class='ocr_carea' id='block_1_61' title="bbox 2501 2961 4215 3034">
    <p class='ocr_par' dir='ltr' id='par_1_61' title="bbox 2501 2961 4215 3034">
     <span class='ocr_line' id='line_1_61' title="bbox 2501 2961 4215 3034; baseline -0.005 -11"><span class='ocrx_word' id='word_1_396' title='bbox 2501 2970 2785 3023; x_wconf 90' lang='lat' dir='ltr'><strong>civitatem</strong></span> <span class='ocrx_word' id='word_1_397' title='bbox 2827 2967 2944 3021; x_wconf 89' lang='lat' dir='ltr'><strong>Dei.</strong></span> <span class='ocrx_word' id='word_1_398' title='bbox 3004 2967 3345 3020; x_wconf 89' lang='lat' dir='ltr'><strong>Dolebamus</strong></span> <span class='ocrx_word' id='word_1_399' title='bbox 3394 2963 3824 3034; x_wconf 88' lang='lat' dir='ltr'><strong>oppressionem</strong></span> <span class='ocrx_word' id='word_1_400' title='bbox 3859 2961 4067 3016; x_wconf 86' lang='lat' dir='ltr'><strong>nobilis</strong></span> <span class='ocrx_word' id='word_1_401' title='bbox 4110 2963 4215 3014; x_wconf 77' lang='lat' dir='ltr'><strong>Ec-</strong></span> 
     </span>
    </p>
   </div>
   <div class='ocr_carea' id='block_1_62' title="bbox 692 3052 4216 3126">
    <p class='ocr_par' dir='ltr' id='par_1_62' title="bbox 692 3052 4216 3126">
     <span class='ocr_line' id='line_1_62' title="bbox 692 3052 4216 3126; baseline -0.001 -20"><span class='ocrx_word' id='word_1_402' title='bbox 692 3067 815 3106; x_wconf 88' lang='lat' dir='ltr'><strong>nea</strong></span> <span class='ocrx_word' id='word_1_403' title='bbox 847 3052 1114 3122; x_wconf 90' lang='lat' dir='ltr'><strong>purilatis</strong></span> <span class='ocrx_word' id='word_1_404' title='bbox 1153 3055 1272 3108; x_wconf 87' lang='lat' dir='ltr'><strong>zelo</strong></span> <span class='ocrx_word' id='word_1_405' title='bbox 1320 3061 1682 3110; x_wconf 89' lang='lat' dir='ltr'><strong>conservaret</strong></span> <span class='ocrx_word' id='word_1_406' title='bbox 1733 3058 1913 3126; x_wconf 89' lang='lat' dir='ltr'><strong>legem</strong></span> <span class='ocrx_word' id='word_1_407' title='bbox 1950 3058 2180 3112; x_wconf 85' lang='lat' dir='ltr'><strong>Excelsi.</strong></span> <span class='ocrx_word' id='word_1_408' title='bbox 2219 3059 2395 3126; x_wconf 77' lang='lat' dir='ltr'><strong>Hujus</strong></span> <span class='ocrx_word' id='word_1_409' title='bbox 2427 3054 2467 3107; x_wconf 82' lang='lat' dir='ltr'><strong>C</strong></span> <span class='ocrx_word' id='word_1_410' title='bbox 2503 3057 2689 3112; x_wconf 82' lang='lat' dir='ltr'><strong>clesia</strong></span> <span class='ocrx_word' id='word_1_411' title='bbox 2737 3057 3169 3125; x_wconf 72' lang='lat' dir='ltr'><strong>Dambergensis</strong></span> <span class='ocrx_word' id='word_1_412' title='bbox 3205 3071 3216 3106; x_wconf 91' lang='lat'>:</span> <span class='ocrx_word' id='word_1_413' title='bbox 3251 3061 3306 3106; x_wconf 90' lang='lat' dir='ltr'><strong>et</strong></span> <span class='ocrx_word' id='word_1_414' title='bbox 3335 3069 3462 3108; x_wconf 87' lang='lat' dir='ltr'><strong>cum</strong></span> <span class='ocrx_word' id='word_1_415' title='bbox 3517 3068 3629 3104; x_wconf 94' lang='lat' dir='ltr'><strong>non</strong></span> <span class='ocrx_word' id='word_1_416' title='bbox 3689 3055 4044 3104; x_wconf 87' lang='lat' dir='ltr'><strong>succurreret</strong></span> <span class='ocrx_word' id='word_1_417' title='bbox 4113 3066 4216 3120; x_wconf 80' lang='lat' dir='ltr'><strong>ap-</strong></span> 
     </span>
    </p>
   </div>
   <div class='ocr_carea' id='block_1_63' title="bbox 691 3140 2395 3216">
    <p class='ocr_par' dir='ltr' id='par_1_63' title="bbox 691 3140 2395 3216">
     <span class='ocr_line' id='line_1_63' title="bbox 691 3140 2395 3216; baseline 0.004 -23"><span class='ocrx_word' id='word_1_418' title='bbox 691 3141 866 3211; x_wconf 87' lang='lat' dir='ltr'><strong>igitur</strong></span> <span class='ocrx_word' id='word_1_419' title='bbox 919 3140 1270 3198; x_wconf 88' lang='lat' dir='ltr'><strong>castimonia</strong></span> <span class='ocrx_word' id='word_1_420' title='bbox 1348 3144 1733 3216; x_wconf 85' lang='lat' dir='ltr'><strong>aliarumque,</strong></span> <span class='ocrx_word' id='word_1_421' title='bbox 1793 3145 2002 3216; x_wconf 88' lang='lat' dir='ltr'><strong>quibus</strong></span> <span class='ocrx_word' id='word_1_422' title='bbox 2052 3147 2148 3199; x_wconf 90' lang='lat' dir='ltr'><strong>illa</strong></span> <span class='ocrx_word' id='word_1_423' title='bbox 2197 3145 2395 3214; x_wconf 87' lang='lat' dir='ltr'><strong>stipari</strong></span> 
     </span>
    </p>
   </div>
   <div class='ocr_carea' id='block_1_64' title="bbox 693 3229 2395 3301">
    <p class='ocr_par' dir='ltr' id='par_1_64' title="bbox 693 3229 2395 3301">
     <span class='ocr_line' id='line_1_64' title="bbox 693 3229 2395 3301; baseline 0.002 -17"><span class='ocrx_word' id='word_1_424' title='bbox 693 3230 859 3298; x_wconf 86' lang='lat' dir='ltr'><strong>solet,</strong></span> <span class='ocrx_word' id='word_1_425' title='bbox 921 3229 1195 3284; x_wconf 88' lang='lat' dir='ltr'><strong>virtutum</strong></span> <span class='ocrx_word' id='word_1_426' title='bbox 1259 3231 1575 3301; x_wconf 86' lang='lat' dir='ltr'><strong>fragrantia</strong></span> <span class='ocrx_word' id='word_1_427' title='bbox 1647 3233 1960 3287; x_wconf 87' lang='lat' dir='ltr'><strong>delectatus</strong></span> <span class='ocrx_word' id='word_1_428' title='bbox 2016 3234 2070 3288; x_wconf 90' lang='lat' dir='ltr'><strong>S.</strong></span> <span class='ocrx_word' id='word_1_429' title='bbox 2123 3234 2395 3289; x_wconf 84' lang='lat' dir='ltr'><strong>Henricus</strong></span> 
     </span>
    </p>
   </div>
   <div class='ocr_carea' id='block_1_65' title="bbox 693 3317 2395 3391">
    <p class='ocr_par' dir='ltr' id='par_1_65' title="bbox 693 3317 2395 3391">
     <span class='ocr_line' id='line_1_65' title="bbox 693 3317 2395 3391; baseline 0.004 -20"><span class='ocrx_word' id='word_1_430' title='bbox 693 3317 918 3372; x_wconf 90' lang='lat' dir='ltr'><strong>videtur</strong></span> <span class='ocrx_word' id='word_1_431' title='bbox 962 3319 1243 3372; x_wconf 87' lang='lat' dir='ltr'><strong>Joannem</strong></span> <span class='ocrx_word' id='word_1_432' title='bbox 1308 3319 1683 3375; x_wconf 85' lang='lat' dir='ltr'><strong>Godefridum</strong></span> <span class='ocrx_word' id='word_1_433' title='bbox 1764 3321 2049 3391; x_wconf 88' lang='lat' dir='ltr'><strong>selegisse,</strong></span> <span class='ocrx_word' id='word_1_434' title='bbox 2098 3327 2152 3377; x_wconf 89' lang='lat' dir='ltr'><strong>et</strong></span> <span class='ocrx_word' id='word_1_435' title='bbox 2193 3339 2226 3376; x_wconf 92' lang='lat' dir='ltr'><strong>a</strong></span> <span class='ocrx_word' id='word_1_436' title='bbox 2282 3325 2395 3377; x_wconf 88' lang='lat' dir='ltr'><strong>Deu</strong></span> 
     </span>
    </p>
   </div>
   <div class='ocr_carea' id='block_1_66' title="bbox 696 3405 2396 3480">
    <p class='ocr_par' dir='ltr' id='par_1_66' title="bbox 696 3405 2396 3480">
     <span class='ocr_line' id='line_1_66' title="bbox 696 3405 2396 3480; baseline 0.003 -20"><span class='ocrx_word' id='word_1_437' title='bbox 696 3405 1013 3460; x_wconf 86' lang='lat' dir='ltr'><strong>obtinuisse</strong></span> <span class='ocrx_word' id='word_1_438' title='bbox 1047 3423 1151 3478; x_wconf 89' lang='lat' dir='ltr'><strong>pro</strong></span> <span class='ocrx_word' id='word_1_439' title='bbox 1189 3423 1291 3461; x_wconf 89' lang='lat' dir='ltr'><strong>sua</strong></span> <span class='ocrx_word' id='word_1_440' title='bbox 1334 3407 1580 3462; x_wconf 81' lang='lat' dir='ltr'><strong>Ecclesia</strong></span> <span class='ocrx_word' id='word_1_441' title='bbox 1621 3408 1977 3480; x_wconf 90' lang='lat' dir='ltr'><strong>episcopum,</strong></span> <span class='ocrx_word' id='word_1_442' title='bbox 2031 3427 2130 3464; x_wconf 90' lang='lat' dir='ltr'><strong>seu</strong></span> <span class='ocrx_word' id='word_1_443' title='bbox 2183 3411 2396 3465; x_wconf 90' lang='lat' dir='ltr'><strong>instru-</strong></span> 
     </span>
    </p>
   </div>
   <div class='ocr_carea' id='block_1_67' title="bbox 700 3494 2394 3570">
    <p class='ocr_par' dir='ltr' id='par_1_67' title="bbox 700 3494 2394 3570">
     <span class='ocr_line' id='line_1_67' title="bbox 700 3494 2394 3570; baseline 0.004 -24"><span class='ocrx_word' id='word_1_444' title='bbox 700 3497 957 3547; x_wconf 89' lang='lat' dir='ltr'><strong>mentum</strong></span> <span class='ocrx_word' id='word_1_445' title='bbox 980 3495 1223 3548; x_wconf 82' lang='lat' dir='ltr'><strong>maxime</strong></span> <span class='ocrx_word' id='word_1_446' title='bbox 1247 3494 1524 3549; x_wconf 91' lang='lat' dir='ltr'><strong>idoneum</strong></span> <span class='ocrx_word' id='word_1_447' title='bbox 1547 3496 1617 3551; x_wconf 91' lang='lat' dir='ltr'><strong>ad</strong></span> <span class='ocrx_word' id='word_1_448' title='bbox 1648 3498 2060 3554; x_wconf 90' lang='lat' dir='ltr'><strong>restituendum</strong></span> <span class='ocrx_word' id='word_1_449' title='bbox 2097 3499 2394 3570; x_wconf 90' lang='lat' dir='ltr'><strong>pudorem,</strong></span> 
     </span>
    </p>
   </div>
   <div class='ocr_carea' id='block_1_68' title="bbox 700 3581 2398 3655">
    <p class='ocr_par' dir='ltr' id='par_1_68' title="bbox 700 3581 2398 3655">
     <span class='ocr_line' id='line_1_68' title="bbox 700 3581 2398 3655; baseline 0.005 -21"><span class='ocrx_word' id='word_1_450' title='bbox 700 3581 801 3652; x_wconf 88' lang='lat' dir='ltr'><strong>qui</strong></span> <span class='ocrx_word' id='word_1_451' title='bbox 833 3597 948 3636; x_wconf 93' lang='lat' dir='ltr'><strong>non</strong></span> <span class='ocrx_word' id='word_1_452' title='bbox 984 3587 1208 3637; x_wconf 90' lang='lat' dir='ltr'><strong>tantum</strong></span> <span class='ocrx_word' id='word_1_453' title='bbox 1236 3583 1297 3636; x_wconf 88' lang='lat' dir='ltr'><strong>in</strong></span> <span class='ocrx_word' id='word_1_454' title='bbox 1345 3585 1575 3655; x_wconf 92' lang='lat' dir='ltr'><strong>populo,</strong></span> <span class='ocrx_word' id='word_1_455' title='bbox 1626 3585 1722 3639; x_wconf 91' lang='lat' dir='ltr'><strong>sed</strong></span> <span class='ocrx_word' id='word_1_456' title='bbox 1753 3586 1924 3640; x_wconf 90' lang='lat' dir='ltr'><strong>etiam</strong></span> <span class='ocrx_word' id='word_1_457' title='bbox 1980 3586 2039 3642; x_wconf 92' lang='lat' dir='ltr'><strong>in</strong></span> <span class='ocrx_word' id='word_1_458' title='bbox 2081 3588 2256 3653; x_wconf 89' lang='lat' dir='ltr'><strong>clero,</strong></span> <span class='ocrx_word' id='word_1_459' title='bbox 2292 3589 2398 3642; x_wconf 85' lang='lat' dir='ltr'><strong>mi-</strong></span> 
     </span>
    </p>
   </div>
   <div class='ocr_carea' id='block_1_69' title="bbox 700 3670 2396 3745">
    <p class='ocr_par' dir='ltr' id='par_1_69' title="bbox 700 3670 2396 3745">
     <span class='ocr_line' id='line_1_69' title="bbox 700 3670 2396 3745; baseline 0.005 -23"><span class='ocrx_word' id='word_1_460' title='bbox 700 3670 1008 3724; x_wconf 88' lang='lat' dir='ltr'><strong>serandum</strong></span> <span class='ocrx_word' id='word_1_461' title='bbox 1067 3670 1126 3726; x_wconf 89' lang='lat' dir='ltr'><strong>in</strong></span> <span class='ocrx_word' id='word_1_462' title='bbox 1187 3672 1424 3727; x_wconf 90' lang='lat' dir='ltr'><strong>modum</strong></span> <span class='ocrx_word' id='word_1_463' title='bbox 1480 3675 1761 3745; x_wconf 89' lang='lat' dir='ltr'><strong>collapsus</strong></span> <span class='ocrx_word' id='word_1_464' title='bbox 1801 3675 2004 3730; x_wconf 81' lang='lat' dir='ltr'><strong>fuerat.</strong></span> <span class='ocrx_word' id='word_1_465' title='bbox 2044 3677 2202 3730; x_wconf 90' lang='lat' dir='ltr'><strong>Unde</strong></span> <span class='ocrx_word' id='word_1_466' title='bbox 2245 3693 2396 3740; x_wconf 92' lang='lat' dir='ltr'><strong>cum,</strong></span> 
     </span>
    </p>
   </div>
   <div class='ocr_carea' id='block_1_70' title="bbox 699 3762 2398 3836">
    <p class='ocr_par' dir='ltr' id='par_1_70' title="bbox 699 3762 2398 3836">
     <span class='ocr_line' id='line_1_70' title="bbox 699 3762 2398 3836; baseline 0.004 -24"><span class='ocrx_word' id='word_1_467' title='bbox 699 3775 852 3813; x_wconf 89' lang='lat' dir='ltr'><strong>anno</strong></span> <span class='ocrx_word' id='word_1_468' title='bbox 909 3775 1068 3814; x_wconf 79' lang='lat' dir='ltr'><strong>imoix</strong></span> <span class='ocrx_word' id='word_1_469' title='bbox 1130 3777 1276 3816; x_wconf 83' lang='lat' dir='ltr'><strong>vau</strong></span> <span class='ocrx_word' id='word_1_470' title='bbox 1343 3762 1644 3834; x_wconf 89' lang='lat' dir='ltr'><strong>episcopus</strong></span> <span class='ocrx_word' id='word_1_471' title='bbox 1705 3763 1766 3818; x_wconf 93' lang='lat' dir='ltr'><strong>in</strong></span> <span class='ocrx_word' id='word_1_472' title='bbox 1848 3765 2116 3819; x_wconf 81' lang='lat' dir='ltr'><strong>extremis</strong></span> <span class='ocrx_word' id='word_1_473' title='bbox 2182 3771 2398 3836; x_wconf 88' lang='lat' dir='ltr'><strong>ageret,</strong></span> 
     </span>
    </p>
   </div>
   <div class='ocr_carea' id='block_1_71' title="bbox 700 3847 2402 3923">
    <p class='ocr_par' dir='ltr' id='par_1_71' title="bbox 700 3847 2402 3923">
     <span class='ocr_line' id='line_1_71' title="bbox 700 3847 2402 3923; baseline 0.005 -24"><span class='ocrx_word' id='word_1_474' title='bbox 700 3847 941 3917; x_wconf 85' lang='lat' dir='ltr'><strong>virginei</strong></span> <span class='ocrx_word' id='word_1_475' title='bbox 1015 3849 1286 3919; x_wconf 82' lang='lat' dir='ltr'><strong>conjuges</strong></span> <span class='ocrx_word' id='word_1_476' title='bbox 1339 3850 1395 3904; x_wconf 92' lang='lat' dir='ltr'><strong>S.</strong></span> <span class='ocrx_word' id='word_1_477' title='bbox 1458 3851 1751 3906; x_wconf 88' lang='lat' dir='ltr'><strong>Heinricus</strong></span> <span class='ocrx_word' id='word_1_478' title='bbox 1803 3857 1861 3906; x_wconf 91' lang='lat' dir='ltr'><strong>et</strong></span> <span class='ocrx_word' id='word_1_479' title='bbox 1919 3853 2288 3923; x_wconf 86' lang='lat' dir='ltr'><strong>Cunegundis</strong></span> <span class='ocrx_word' id='word_1_480' title='bbox 2342 3853 2402 3907; x_wconf 91' lang='lat' dir='ltr'><strong>in</strong></span> 
     </span>
    </p>
   </div>
   <div class='ocr_carea' id='block_1_72' title="bbox 699 3935 2402 4010">
    <p class='ocr_par' dir='ltr' id='par_1_72' title="bbox 699 3935 2402 4010">
     <span class='ocr_line' id='line_1_72' title="bbox 699 3935 2402 4010; baseline 0.002 -21"><span class='ocrx_word' id='word_1_481' title='bbox 699 3935 844 3989; x_wconf 91' lang='lat' dir='ltr'><strong>turri</strong></span> <span class='ocrx_word' id='word_1_482' title='bbox 898 3936 1143 3990; x_wconf 84' lang='lat' dir='ltr'><strong>ecclesia</strong></span> <span class='ocrx_word' id='word_1_483' title='bbox 1200 3938 1544 3992; x_wconf 73' lang='lat' dir='ltr'><strong>cathedralis</strong></span> <span class='ocrx_word' id='word_1_484' title='bbox 1600 3941 1788 3994; x_wconf 92' lang='lat' dir='ltr'><strong>denuo</strong></span> <span class='ocrx_word' id='word_1_485' title='bbox 1855 3957 1914 3994; x_wconf 87' lang='lat' dir='ltr'><strong>se</strong></span> <span class='ocrx_word' id='word_1_486' title='bbox 1971 3941 2402 4010; x_wconf 83' lang='lat' dir='ltr'><strong>conspiciendus</strong></span> 
     </span>
    </p>
   </div>
   <div class='ocr_carea' id='block_1_73' title="bbox 702 4024 2404 4096">
    <p class='ocr_par' dir='ltr' id='par_1_73' title="bbox 702 4024 2404 4096">
     <span class='ocr_line' id='line_1_73' title="bbox 702 4024 2404 4096; baseline 0.002 -18"><span class='ocrx_word' id='word_1_487' title='bbox 702 4028 760 4078; x_wconf 79' lang='lat' dir='ltr'><strong>et</strong></span> <span class='ocrx_word' id='word_1_488' title='bbox 803 4039 909 4095; x_wconf 88' lang='lat' dir='ltr'><strong>pro</strong></span> <span class='ocrx_word' id='word_1_489' title='bbox 966 4024 1228 4094; x_wconf 91' lang='lat' dir='ltr'><strong>eligendo</strong></span> <span class='ocrx_word' id='word_1_490' title='bbox 1279 4042 1427 4080; x_wconf 86' lang='lat' dir='ltr'><strong>novo</strong></span> <span class='ocrx_word' id='word_1_491' title='bbox 1486 4028 1728 4096; x_wconf 84' lang='lat' dir='ltr'><strong>prasule</strong></span> <span class='ocrx_word' id='word_1_492' title='bbox 1798 4028 2069 4082; x_wconf 89' lang='lat' dir='ltr'><strong>sollicitos</strong></span> <span class='ocrx_word' id='word_1_493' title='bbox 2131 4030 2404 4083; x_wconf 83' lang='lat' dir='ltr'><strong>exhibue-</strong></span> 
     </span>
    </p>
   </div>
   <div class='ocr_carea' id='block_1_74' title="bbox 704 4116 860 4165">
    <p class='ocr_par' dir='ltr' id='par_1_74' title="bbox 704 4116 860 4165">
     <span class='ocr_line' id='line_1_74' title="bbox 704 4116 860 4165; baseline 0 0"><span class='ocrx_word' id='word_1_494' title='bbox 704 4116 860 4165; x_wconf 90' lang='lat' dir='ltr'><strong>runt.</strong></span> 
     </span>
    </p>
   </div>
   <div class='ocr_carea' id='block_1_75' title="bbox 775 4200 2400 4270">
    <p class='ocr_par' dir='ltr' id='par_1_75' title="bbox 775 4200 2400 4270">
     <span class='ocr_line' id='line_1_75' title="bbox 775 4200 2400 4270; baseline 0.002 -15"><span class='ocrx_word' id='word_1_495' title='bbox 775 4204 864 4255; x_wconf 83' lang='lat'><strong>50.</strong></span> <span class='ocrx_word' id='word_1_496' title='bbox 911 4219 938 4251; x_wconf 77' lang='grc' dir='ltr'><strong><em>α</em></strong></span> <span class='ocrx_word' id='word_1_497' title='bbox 975 4200 1035 4254; x_wconf 89' lang='lat' dir='ltr'><strong>Id</strong></span> <span class='ocrx_word' id='word_1_498' title='bbox 1080 4201 1236 4270; x_wconf 91' lang='lat' dir='ltr'><strong>quod</strong></span> <span class='ocrx_word' id='word_1_499' title='bbox 1300 4201 1361 4254; x_wconf 91' lang='lat' dir='ltr'><strong>in</strong></span> <span class='ocrx_word' id='word_1_500' title='bbox 1419 4203 1714 4270; x_wconf 88' lang='lat' dir='ltr'><strong>opusculo,</strong></span> <span class='ocrx_word' id='word_1_501' title='bbox 1765 4203 1855 4256; x_wconf 91' lang='lat' dir='ltr'><strong>cui</strong></span> <span class='ocrx_word' id='word_1_502' title='bbox 1906 4203 2151 4270; x_wconf 89' lang='lat' dir='ltr'><strong>titulus;</strong></span> <span class='ocrx_word' id='word_1_503' title='bbox 2203 4205 2400 4259; x_wconf 80' lang='lat' dir='ltr'><strong>Luctus</strong></span> 
     </span>
    </p>
   </div>
   <div class='ocr_carea' id='block_1_76' title="bbox 705 4287 2402 4356">
    <p class='ocr_par' dir='ltr' id='par_1_76' title="bbox 705 4287 2402 4356">
     <span class='ocr_line' id='line_1_76' title="bbox 705 4287 2402 4356; baseline 0.004 -15"><span class='ocrx_word' id='word_1_504' title='bbox 705 4287 960 4356; x_wconf 80' lang='lat' dir='ltr'><strong>publicus</strong></span> <span class='ocrx_word' id='word_1_505' title='bbox 1051 4289 1368 4344; x_wconf 74' lang='lat' dir='ltr'><strong>Franconia</strong></span> <span class='ocrx_word' id='word_1_506' title='bbox 1426 4291 1489 4343; x_wconf 84' lang='lat' dir='ltr'><strong>ob</strong></span> <span class='ocrx_word' id='word_1_507' title='bbox 1545 4291 1895 4346; x_wconf 79' lang='lat' dir='ltr'><strong>immaturum</strong></span> <span class='ocrx_word' id='word_1_508' title='bbox 1941 4308 1966 4345; x_wconf 90' lang='lat' dir='ltr'><strong>e</strong></span> <span class='ocrx_word' id='word_1_509' title='bbox 2023 4295 2138 4346; x_wconf 81' lang='lat' dir='ltr'><strong>vita</strong></span> <span class='ocrx_word' id='word_1_510' title='bbox 2191 4294 2402 4347; x_wconf 79' lang='lat' dir='ltr'><strong>abitum</strong></span> 
     </span>
    </p>
   </div>
   <div class='ocr_carea' id='block_1_77' title="bbox 705 4377 2402 4451">
    <p class='ocr_par' dir='ltr' id='par_1_77' title="bbox 705 4377 2402 4451">
     <span class='ocr_line' id='line_1_77' title="bbox 705 4377 2402 4451; baseline 0.002 -21"><span class='ocrx_word' id='word_1_511' title='bbox 705 4378 932 4431; x_wconf 81' lang='lat' dir='ltr'><strong>Joannis</strong></span> <span class='ocrx_word' id='word_1_512' title='bbox 979 4377 1282 4445; x_wconf 74' lang='lat' dir='ltr'><strong>Godeﬁ-idi,</strong></span> <span class='ocrx_word' id='word_1_513' title='bbox 1337 4378 1488 4433; x_wconf 91' lang='lat' dir='ltr'><strong>edito</strong></span> <span class='ocrx_word' id='word_1_514' title='bbox 1536 4395 1570 4433; x_wconf 92' lang='lat' dir='ltr'><strong>a</strong></span> <span class='ocrx_word' id='word_1_515' title='bbox 1616 4380 1854 4451; x_wconf 87' lang='lat' dir='ltr'><strong>collegio</strong></span> <span class='ocrx_word' id='word_1_516' title='bbox 1913 4381 2208 4436; x_wconf 86' lang='lat' dir='ltr'><strong>Societatis</strong></span> <span class='ocrx_word' id='word_1_517' title='bbox 2271 4383 2402 4435; x_wconf 89' lang='lat' dir='ltr'><strong>Jesu</strong></span> 
     </span>
    </p>
   </div>
   <div class='ocr_carea' id='block_1_78' title="bbox 710 4465 2409 4540">
    <p class='ocr_par' dir='ltr' id='par_1_78' title="bbox 710 4465 2409 4540">
     <span class='ocr_line' id='line_1_78' title="bbox 710 4465 2409 4540; baseline 0.002 -20"><span class='ocrx_word' id='word_1_518' title='bbox 710 4465 1001 4535; x_wconf 89' lang='lat' dir='ltr'><strong>Herbipoli</strong></span> <span class='ocrx_word' id='word_1_519' title='bbox 1057 4483 1207 4522; x_wconf 90' lang='lat' dir='ltr'><strong>anno</strong></span> <span class='ocrx_word' id='word_1_520' title='bbox 1263 4485 1521 4535; x_wconf 69' lang='lat' dir='ltr'><strong>uncxxm,</strong></span> <span class='ocrx_word' id='word_1_521' title='bbox 1576 4485 1706 4540; x_wconf 91' lang='lat' dir='ltr'><strong>pag.</strong></span> <span class='ocrx_word' id='word_1_522' title='bbox 1765 4474 1817 4531; x_wconf 86' lang='lat'><strong>3,</strong></span> <span class='ocrx_word' id='word_1_523' title='bbox 1877 4470 2031 4524; x_wconf 90' lang='lat' dir='ltr'><strong>hisce</strong></span> <span class='ocrx_word' id='word_1_524' title='bbox 2089 4471 2274 4525; x_wconf 90' lang='lat' dir='ltr'><strong>verbis</strong></span> <span class='ocrx_word' id='word_1_525' title='bbox 2311 4487 2409 4524; x_wconf 91' lang='lat' dir='ltr'><strong>re-</strong></span> 
     </span>
    </p>
   </div>
   <div class='ocr_carea' id='block_1_79' title="bbox 710 4553 2409 4629">
    <p class='ocr_par' dir='ltr' id='par_1_79' title="bbox 710 4553 2409 4629">
     <span class='ocr_line' id='line_1_79' title="bbox 710 4553 2409 4629; baseline 0.002 -22"><span class='ocrx_word' id='word_1_526' title='bbox 710 4553 940 4608; x_wconf 86' lang='lat' dir='ltr'><strong>fertur:</strong></span> <span class='ocrx_word' id='word_1_527' title='bbox 1001 4555 1095 4610; x_wconf 90' lang='lat' dir='ltr'><strong>SS.</strong></span> <span class='ocrx_word' id='word_1_528' title='bbox 1152 4556 1446 4611; x_wconf 89' lang='lat' dir='ltr'><strong>Heinricos</strong></span> <span class='ocrx_word' id='word_1_529' title='bbox 1502 4563 1559 4611; x_wconf 90' lang='lat' dir='ltr'><strong>et</strong></span> <span class='ocrx_word' id='word_1_530' title='bbox 1620 4558 1987 4627; x_wconf 88' lang='lat' dir='ltr'><strong>Cunegundis</strong></span> <span class='ocrx_word' id='word_1_531' title='bbox 2055 4561 2229 4629; x_wconf 90' lang='lat' dir='ltr'><strong>paulo</strong></span> <span class='ocrx_word' id='word_1_532' title='bbox 2277 4563 2409 4612; x_wconf 87' lang='lat' dir='ltr'><strong>ante</strong></span> 
     </span>
    </p>
   </div>
   <div class='ocr_carea' id='block_1_80' title="bbox 709 4643 2407 4719">
    <p class='ocr_par' dir='ltr' id='par_1_80' title="bbox 709 4643 2407 4719">
     <span class='ocr_line' id='line_1_80' title="bbox 709 4643 2407 4719; baseline 0.004 -25"><span class='ocrx_word' id='word_1_533' title='bbox 709 4643 828 4712; x_wconf 73' lang='lat' dir='ltr'><strong>ejus</strong></span> <span class='ocrx_word' id='word_1_534' title='bbox 857 4643 1192 4700; x_wconf 86' lang='lat' dir='ltr'><strong>electionem</strong></span> <span class='ocrx_word' id='word_1_535' title='bbox 1244 4645 1348 4699; x_wconf 87' lang='lat' dir='ltr'><strong>visi</strong></span> <span class='ocrx_word' id='word_1_536' title='bbox 1399 4648 1600 4702; x_wconf 87' lang='lat' dir='ltr'><strong>urbem</strong></span> <span class='ocrx_word' id='word_1_537' title='bbox 1650 4664 1681 4702; x_wconf 91' lang='lat' dir='ltr'><strong>e</strong></span> <span class='ocrx_word' id='word_1_538' title='bbox 1737 4647 1883 4702; x_wconf 91' lang='lat' dir='ltr'><strong>turri</strong></span> <span class='ocrx_word' id='word_1_539' title='bbox 1948 4649 2407 4719; x_wconf 90' lang='lat' dir='ltr'><strong>circumspicere,</strong></span> 
     </span>
    </p>
   </div>
   <div class='ocr_carea' id='block_1_81' title="bbox 709 4734 1988 4808">
    <p class='ocr_par' dir='ltr' id='par_1_81' title="bbox 709 4734 1988 4808">
     <span class='ocr_line' id='line_1_81' title="bbox 709 4734 1988 4808; baseline 0 -18"><span class='ocrx_word' id='word_1_540' title='bbox 709 4736 886 4800; x_wconf 89' lang='lat' dir='ltr'><strong>Quam</strong></span> <span class='ocrx_word' id='word_1_541' title='bbox 912 4734 1328 4804; x_wconf 88' lang='lat' dir='ltr'><strong>apparitionem</strong></span> <span class='ocrx_word' id='word_1_542' title='bbox 1370 4742 1538 4806; x_wconf 89' lang='lat' dir='ltr'><strong>poeta</strong></span> <span class='ocrx_word' id='word_1_543' title='bbox 1567 4736 1648 4789; x_wconf 92' lang='lat' dir='ltr'><strong>sic</strong></span> <span class='ocrx_word' id='word_1_544' title='bbox 1675 4736 1943 4808; x_wconf 84' lang='lat' dir='ltr'><strong>exprimit</strong></span> <span class='ocrx_word' id='word_1_545' title='bbox 1975 4753 1988 4790; x_wconf 90' lang='lat'><strong>:</strong></span> 
     </span>
    </p>
   </div>
   <div class='ocr_carea' id='block_1_82' title="bbox 849 4823 1451 4893">
    <p class='ocr_par' dir='ltr' id='par_1_82' title="bbox 849 4823 1451 4893">
     <span class='ocr_line' id='line_1_82' title="bbox 849 4823 1451 4893; baseline 0 -17"><span class='ocrx_word' id='word_1_546' title='bbox 849 4824 1027 4888; x_wconf 86' lang='lat' dir='ltr'><strong>Quem</strong></span> <span class='ocrx_word' id='word_1_547' title='bbox 1058 4823 1257 4893; x_wconf 88' lang='lat' dir='ltr'><strong>patria</strong></span> <span class='ocrx_word' id='word_1_548' title='bbox 1286 4824 1451 4877; x_wconf 89' lang='lat' dir='ltr'><strong>Pater</strong></span> 
     </span>
    </p>
   </div>
   <div class='ocr_carea' id='block_1_83' title="bbox 920 4909 1669 4980">
    <p class='ocr_par' dir='ltr' id='par_1_83' title="bbox 920 4909 1669 4980">
     <span class='ocr_line' id='line_1_83' title="bbox 920 4909 1669 4980; baseline -0.001 -15"><span class='ocrx_word' id='word_1_549' title='bbox 920 4911 960 4965; x_wconf 87' lang='lat' dir='ltr'><strong>E</strong></span> <span class='ocrx_word' id='word_1_550' title='bbox 997 4927 1171 4964; x_wconf 89' lang='lat' dir='ltr'><strong>censu</strong></span> <span class='ocrx_word' id='word_1_551' title='bbox 1195 4910 1478 4980; x_wconf 86' lang='lat' dir='ltr'><strong>Superum</strong></span> <span class='ocrx_word' id='word_1_552' title='bbox 1509 4909 1669 4980; x_wconf 90' lang='lat' dir='ltr'><strong>gravi</strong></span> 
     </span>
    </p>
   </div>
   <div class='ocr_carea' id='block_1_84' title="bbox 853 4999 1890 5070">
    <p class='ocr_par' dir='ltr' id='par_1_84' title="bbox 853 4999 1890 5070">
     <span class='ocr_line' id='line_1_84' title="bbox 853 4999 1890 5070; baseline -0.001 -16"><span class='ocrx_word' id='word_1_553' title='bbox 853 4999 1170 5066; x_wconf 87' lang='lat' dir='ltr'><strong>Heinricus,</strong></span> <span class='ocrx_word' id='word_1_554' title='bbox 1197 4999 1364 5052; x_wconf 89' lang='lat' dir='ltr'><strong>lateri</strong></span> <span class='ocrx_word' id='word_1_555' title='bbox 1395 4999 1614 5068; x_wconf 87' lang='lat' dir='ltr'><strong>virgine</strong></span> <span class='ocrx_word' id='word_1_556' title='bbox 1645 5000 1890 5070; x_wconf 82' lang='lat' dir='ltr'><strong>conjuge</strong></span> 
     </span>
    </p>
   </div>
   <div class='ocr_carea' id='block_1_85' title="bbox 923 5087 1530 5155">
    <p class='ocr_par' dir='ltr' id='par_1_85' title="bbox 923 5087 1530 5155">
     <span class='ocr_line' id='line_1_85' title="bbox 923 5087 1530 5155; baseline -0.002 -14"><span class='ocrx_word' id='word_1_557' title='bbox 923 5088 1145 5155; x_wconf 83' lang='lat' dir='ltr'><strong>Adtixa,</strong></span> <span class='ocrx_word' id='word_1_558' title='bbox 1174 5087 1530 5141; x_wconf 86' lang='lat' dir='ltr'><strong>venerabiles</strong></span> 
     </span>
    </p>
   </div>
   <div class='ocr_carea' id='block_1_86' title="bbox 854 5175 1912 5246">
    <p class='ocr_par' dir='ltr' id='par_1_86' title="bbox 854 5175 1912 5246">
     <span class='ocr_line' id='line_1_86' title="bbox 854 5175 1912 5246; baseline -0.001 -15"><span class='ocrx_word' id='word_1_559' title='bbox 854 5175 1179 5246; x_wconf 74' lang='lat' dir='ltr'><strong>Acquisisse</strong></span> <span class='ocrx_word' id='word_1_560' title='bbox 1200 5175 1348 5229; x_wconf 92' lang='lat' dir='ltr'><strong>viros</strong></span> <span class='ocrx_word' id='word_1_561' title='bbox 1377 5175 1544 5241; x_wconf 90' lang='lat' dir='ltr'><strong>inter,</strong></span> <span class='ocrx_word' id='word_1_562' title='bbox 1580 5175 1912 5246; x_wconf 90' lang='lat' dir='ltr'><strong>episcopum</strong></span> 
     </span>
    </p>
   </div>
   <div class='ocr_carea' id='block_1_87' title="bbox 930 5263 1642 5334">
    <p class='ocr_par' dir='ltr' id='par_1_87' title="bbox 930 5263 1642 5334">
     <span class='ocr_line' id='line_1_87' title="bbox 930 5263 1642 5334; baseline -0.003 -15"><span class='ocrx_word' id='word_1_563' title='bbox 930 5266 1104 5319; x_wconf 82' lang='lat' dir='ltr'><strong>Fama</strong></span> <span class='ocrx_word' id='word_1_564' title='bbox 1131 5263 1348 5318; x_wconf 90' lang='lat' dir='ltr'><strong>diditur</strong></span> <span class='ocrx_word' id='word_1_565' title='bbox 1377 5263 1602 5334; x_wconf 87' lang='lat' dir='ltr'><strong>integra</strong></span> <span class='ocrx_word' id='word_1_566' title='bbox 1628 5279 1642 5317; x_wconf 91' lang='lat'><strong>:</strong></span> 
     </span>
    </p>
   </div>
   <div class='ocr_carea' id='block_1_88' title="bbox 861 5351 2172 5423">
    <p class='ocr_par' dir='ltr' id='par_1_88' title="bbox 861 5351 2172 5423">
     <span class='ocr_line' id='line_1_88' title="bbox 861 5351 2172 5423; baseline -0.002 -14"><span class='ocrx_word' id='word_1_567' title='bbox 861 5353 1067 5410; x_wconf 89' lang='lat' dir='ltr'><strong>Urbem</strong></span> <span class='ocrx_word' id='word_1_568' title='bbox 1092 5353 1228 5407; x_wconf 90' lang='lat' dir='ltr'><strong>dum</strong></span> <span class='ocrx_word' id='word_1_569' title='bbox 1253 5353 1568 5422; x_wconf 90' lang='lat' dir='ltr'><strong>propriam,</strong></span> <span class='ocrx_word' id='word_1_570' title='bbox 1600 5351 1887 5423; x_wconf 90' lang='lat' dir='ltr'><strong>turrigera</strong></span> <span class='ocrx_word' id='word_1_571' title='bbox 1913 5369 1944 5408; x_wconf 92' lang='lat' dir='ltr'><strong>e</strong></span> <span class='ocrx_word' id='word_1_572' title='bbox 1977 5352 2172 5419; x_wconf 91' lang='lat' dir='ltr'><strong>domo,</strong></span> 
     </span>
    </p>
   </div>
   <div class='ocr_carea' id='block_1_89' title="bbox 931 5440 1646 5498">
    <p class='ocr_par' dir='ltr' id='par_1_89' title="bbox 931 5440 1646 5498">
     <span class='ocr_line' id='line_1_89' title="bbox 931 5440 1646 5498; baseline -0.006 0"><span class='ocrx_word' id='word_1_573' title='bbox 931 5441 1399 5498; x_wconf 84' lang='lat' dir='ltr'><strong>Circumfundere</strong></span> <span class='ocrx_word' id='word_1_574' title='bbox 1423 5440 1646 5496; x_wconf 88' lang='lat' dir='ltr'><strong>lumina</strong></span> 
     </span>
    </p>
   </div>
   <div class='ocr_carea' id='block_1_90' title="bbox 864 5529 2048 5604">
    <p class='ocr_par' dir='ltr' id='par_1_90' title="bbox 864 5529 2048 5604">
     <span class='ocr_line' id='line_1_90' title="bbox 864 5529 2048 5604; baseline 0 -22"><span class='ocrx_word' id='word_1_575' title='bbox 864 5533 1044 5599; x_wconf 88' lang='lat' dir='ltr'><strong>Visus,</strong></span> <span class='ocrx_word' id='word_1_576' title='bbox 1075 5531 1305 5604; x_wconf 90' lang='lat' dir='ltr'><strong>quando</strong></span> <span class='ocrx_word' id='word_1_577' title='bbox 1334 5529 1552 5584; x_wconf 88' lang='lat' dir='ltr'><strong>abitum</strong></span> <span class='ocrx_word' id='word_1_578' title='bbox 1583 5530 1696 5584; x_wconf 86' lang='lat' dir='ltr'><strong>fata</strong></span> <span class='ocrx_word' id='word_1_579' title='bbox 1728 5530 2048 5600; x_wconf 87' lang='lat' dir='ltr'><strong>superstitis</strong></span> 
     </span>
    </p>
   </div>
   <div class='ocr_carea' id='block_1_91' title="bbox 933 5617 1684 5690">
    <p class='ocr_par' dir='ltr' id='par_1_91' title="bbox 933 5617 1684 5690">
     <span class='ocr_line' id='line_1_91' title="bbox 933 5617 1684 5690; baseline -0.004 -17"><span class='ocrx_word' id='word_1_580' title='bbox 933 5620 1223 5690; x_wconf 89' lang='lat' dir='ltr'><strong>Urgebant</strong></span> <span class='ocrx_word' id='word_1_581' title='bbox 1258 5619 1377 5673; x_wconf 83' lang='lat' dir='ltr'><strong>fera</strong></span> <span class='ocrx_word' id='word_1_582' title='bbox 1404 5617 1684 5690; x_wconf 81' lang='lat' dir='ltr'><strong>prasulis.</strong></span> 
     </span>
    </p>
   </div>
   <div class='ocr_carea' id='block_1_92' title="bbox 2507 3139 4213 3209">
    <p class='ocr_par' dir='ltr' id='par_1_92' title="bbox 2507 3139 4213 3209">
     <span class='ocr_line' id='line_1_92' title="bbox 2507 3139 4213 3209; baseline -0.006 -9"><span class='ocrx_word' id='word_1_583' title='bbox 2507 3154 2628 3200; x_wconf 90' lang='lat' dir='ltr'><strong>tum</strong></span> <span class='ocrx_word' id='word_1_584' title='bbox 2680 3147 3022 3208; x_wconf 85' lang='lat' dir='ltr'><strong>remedium,</strong></span> <span class='ocrx_word' id='word_1_585' title='bbox 3069 3160 3100 3196; x_wconf 89' lang='lat' dir='ltr'><strong>a</strong></span> <span class='ocrx_word' id='word_1_586' title='bbox 3154 3142 3398 3196; x_wconf 88' lang='lat' dir='ltr'><strong>Domino</strong></span> <span class='ocrx_word' id='word_1_587' title='bbox 3475 3141 3751 3194; x_wconf 77' lang='lat' dir='ltr'><strong>auxilium</strong></span> <span class='ocrx_word' id='word_1_588' title='bbox 3808 3139 4213 3209; x_wconf 85' lang='lat' dir='ltr'><strong>precabamur.</strong></span> 
     </span>
    </p>
   </div>
   <div class='ocr_carea' id='block_1_93' title="bbox 2505 3227 4212 3306">
    <p class='ocr_par' dir='ltr' id='par_1_93' title="bbox 2505 3227 4212 3306">
     <span class='ocr_line' id='line_1_93' title="bbox 2505 3227 4212 3306; baseline -0.006 -16"><span class='ocrx_word' id='word_1_589' title='bbox 2505 3236 2613 3290; x_wconf 92' lang='lat' dir='ltr'><strong>Sed</strong></span> <span class='ocrx_word' id='word_1_590' title='bbox 2647 3236 2773 3306; x_wconf 89' lang='lat' dir='ltr'><strong>pius</strong></span> <span class='ocrx_word' id='word_1_591' title='bbox 2799 3233 3066 3287; x_wconf 89' lang='lat' dir='ltr'><strong>dominus</strong></span> <span class='ocrx_word' id='word_1_592' title='bbox 3123 3231 3253 3285; x_wconf 90' lang='lat' dir='ltr'><strong>fecit</strong></span> <span class='ocrx_word' id='word_1_593' title='bbox 3307 3227 3869 3298; x_wconf 88' lang='lat' dir='ltr'><strong>superabundantius</strong></span> <span class='ocrx_word' id='word_1_594' title='bbox 3908 3243 4085 3297; x_wconf 83' lang='lat' dir='ltr'><strong>quam</strong></span> <span class='ocrx_word' id='word_1_595' title='bbox 4119 3244 4212 3297; x_wconf 87' lang='lat' dir='ltr'><strong>pe-</strong></span> 
     </span>
    </p>
   </div>
   <div class='ocr_carea' id='block_1_94' title="bbox 2506 3320 4209 3391">
    <p class='ocr_par' dir='ltr' id='par_1_94' title="bbox 2506 3320 4209 3391">
     <span class='ocr_line' id='line_1_94' title="bbox 2506 3320 4209 3391; baseline -0.006 -12"><span class='ocrx_word' id='word_1_596' title='bbox 2506 3331 2624 3380; x_wconf 90' lang='lat' dir='ltr'><strong>tere</strong></span> <span class='ocrx_word' id='word_1_597' title='bbox 2655 3331 2754 3378; x_wconf 88' lang='lat' dir='ltr'><strong>aut</strong></span> <span class='ocrx_word' id='word_1_598' title='bbox 2809 3323 3133 3391; x_wconf 87' lang='lat' dir='ltr'><strong>intelligere</strong></span> <span class='ocrx_word' id='word_1_599' title='bbox 3191 3325 3535 3390; x_wconf 88' lang='lat' dir='ltr'><strong>poteramus.</strong></span> <span class='ocrx_word' id='word_1_600' title='bbox 3588 3320 3859 3387; x_wconf 88' lang='lat' dir='ltr'><strong>Superest</strong></span> <span class='ocrx_word' id='word_1_601' title='bbox 3921 3332 4074 3369; x_wconf 91' lang='lat' dir='ltr'><strong>nunc</strong></span> <span class='ocrx_word' id='word_1_602' title='bbox 4124 3323 4209 3377; x_wconf 87' lang='lat' dir='ltr'><strong>ut,</strong></span> 
     </span>
    </p>
   </div>
   <div class='ocr_carea' id='block_1_95' title="bbox 2507 3405 4210 3484">
    <p class='ocr_par' dir='ltr' id='par_1_95' title="bbox 2507 3405 4210 3484">
     <span class='ocr_line' id='line_1_95' title="bbox 2507 3405 4210 3484; baseline -0.006 -18"><span class='ocrx_word' id='word_1_603' title='bbox 2507 3413 2607 3484; x_wconf 91' lang='lat' dir='ltr'><strong>qui</strong></span> <span class='ocrx_word' id='word_1_604' title='bbox 2671 3411 2842 3482; x_wconf 75' lang='lat' dir='ltr'><strong>coepit</strong></span> <span class='ocrx_word' id='word_1_605' title='bbox 2891 3411 2950 3464; x_wconf 93' lang='lat' dir='ltr'><strong>in</strong></span> <span class='ocrx_word' id='word_1_606' title='bbox 2981 3410 3137 3462; x_wconf 88' lang='lat' dir='ltr'><strong>vobis</strong></span> <span class='ocrx_word' id='word_1_607' title='bbox 3182 3424 3327 3478; x_wconf 89' lang='lat' dir='ltr'><strong>opus</strong></span> <span class='ocrx_word' id='word_1_608' title='bbox 3387 3407 3622 3471; x_wconf 92' lang='lat' dir='ltr'><strong>bonum,</strong></span> <span class='ocrx_word' id='word_1_609' title='bbox 3670 3407 3790 3475; x_wconf 90' lang='lat' dir='ltr'><strong>ipse</strong></span> <span class='ocrx_word' id='word_1_610' title='bbox 3834 3405 4113 3477; x_wconf 85' lang='lat' dir='ltr'><strong>perticiat,</strong></span> <span class='ocrx_word' id='word_1_611' title='bbox 4152 3411 4210 3457; x_wconf 88' lang='lat' dir='ltr'><strong>et</strong></span> 
     </span>
    </p>
   </div>
   <div class='ocr_carea' id='block_1_96' title="bbox 2507 3495 4216 3572">
    <p class='ocr_par' dir='ltr' id='par_1_96' title="bbox 2507 3495 4216 3572">
     <span class='ocr_line' id='line_1_96' title="bbox 2507 3495 4216 3572; baseline -0.005 -16"><span class='ocrx_word' id='word_1_612' title='bbox 2507 3517 2612 3572; x_wconf 88' lang='lat' dir='ltr'><strong>per</strong></span> <span class='ocrx_word' id='word_1_613' title='bbox 2662 3517 2760 3553; x_wconf 89' lang='lat' dir='ltr'><strong>vos</strong></span> <span class='ocrx_word' id='word_1_614' title='bbox 2811 3499 3051 3554; x_wconf 83' lang='lat' dir='ltr'><strong>Ecclesia</strong></span> <span class='ocrx_word' id='word_1_615' title='bbox 3109 3497 3543 3566; x_wconf 85' lang='lat' dir='ltr'><strong>Bambergensis</strong></span> <span class='ocrx_word' id='word_1_616' title='bbox 3614 3496 3856 3565; x_wconf 88' lang='lat' dir='ltr'><strong>gloriam</strong></span> <span class='ocrx_word' id='word_1_617' title='bbox 3936 3510 4101 3547; x_wconf 87' lang='lat' dir='ltr'><strong>suam</strong></span> <span class='ocrx_word' id='word_1_618' title='bbox 4156 3495 4216 3547; x_wconf 93' lang='lat' dir='ltr'><strong>in</strong></span> 
     </span>
    </p>
   </div>
   <div class='ocr_carea' id='block_1_97' title="bbox 2510 3581 4214 3660">
    <p class='ocr_par' dir='ltr' id='par_1_97' title="bbox 2510 3581 4214 3660">
     <span class='ocr_line' id='line_1_97' title="bbox 2510 3581 4214 3660; baseline -0.005 -17"><span class='ocrx_word' id='word_1_619' title='bbox 2510 3589 2778 3660; x_wconf 84' lang='lat' dir='ltr'><strong>prasenti</strong></span> <span class='ocrx_word' id='word_1_620' title='bbox 2815 3588 3072 3658; x_wconf 84' lang='lat' dir='ltr'><strong>recipiat,</strong></span> <span class='ocrx_word' id='word_1_621' title='bbox 3108 3590 3254 3640; x_wconf 91' lang='lat' dir='ltr'><strong>utet</strong></span> <span class='ocrx_word' id='word_1_622' title='bbox 3310 3601 3407 3637; x_wconf 86' lang='lat' dir='ltr'><strong>vos</strong></span> <span class='ocrx_word' id='word_1_623' title='bbox 3461 3584 3521 3637; x_wconf 92' lang='lat' dir='ltr'><strong>in</strong></span> <span class='ocrx_word' id='word_1_624' title='bbox 3570 3583 3661 3637; x_wconf 90' lang='lat' dir='ltr'><strong>die</strong></span> <span class='ocrx_word' id='word_1_625' title='bbox 3719 3582 3942 3636; x_wconf 87' lang='lat' dir='ltr'><strong>Domini</strong></span> <span class='ocrx_word' id='word_1_626' title='bbox 3973 3581 4214 3635; x_wconf 90' lang='lat' dir='ltr'><strong>immor-</strong></span> 
     </span>
    </p>
   </div>
   <div class='ocr_carea' id='block_1_98' title="bbox 2508 3670 4214 3747">
    <p class='ocr_par' dir='ltr' id='par_1_98' title="bbox 2508 3670 4214 3747">
     <span class='ocr_line' id='line_1_98' title="bbox 2508 3670 4214 3747; baseline -0.005 -17"><span class='ocrx_word' id='word_1_627' title='bbox 2508 3679 2680 3731; x_wconf 68' lang='lat' dir='ltr'><strong>talem</strong></span> <span class='ocrx_word' id='word_1_628' title='bbox 2735 3677 2932 3747; x_wconf 87' lang='lat' dir='ltr'><strong>gloria</strong></span> <span class='ocrx_word' id='word_1_629' title='bbox 2990 3689 3262 3729; x_wconf 88' lang='lat' dir='ltr'><strong>coronam</strong></span> <span class='ocrx_word' id='word_1_630' title='bbox 3323 3692 3355 3726; x_wconf 88' lang='lat' dir='ltr'><strong>a</strong></span> <span class='ocrx_word' id='word_1_631' title='bbox 3411 3672 3670 3742; x_wconf 88' lang='lat' dir='ltr'><strong>Principe</strong></span> <span class='ocrx_word' id='word_1_632' title='bbox 3724 3676 4016 3740; x_wconf 86' lang='lat' dir='ltr'><strong>pastorum</strong></span> <span class='ocrx_word' id='word_1_633' title='bbox 4068 3670 4214 3723; x_wconf 89' lang='lat' dir='ltr'><strong>reci-</strong></span> 
     </span>
    </p>
   </div>
   <div class='ocr_carea' id='block_1_99' title="bbox 2512 3765 2695 3836">
    <p class='ocr_par' dir='ltr' id='par_1_99' title="bbox 2512 3765 2695 3836">
     <span class='ocr_line' id='line_1_99' title="bbox 2512 3765 2695 3836; baseline -0.011 -18"><span class='ocrx_word' id='word_1_634' title='bbox 2512 3765 2695 3836; x_wconf 89' lang='lat' dir='ltr'><strong>piatis.</strong></span> 
     </span>
    </p>
   </div>
   <div class='ocr_carea' id='block_1_100' title="bbox 2581 3845 4219 3913">
    <p class='ocr_par' dir='ltr' id='par_1_100' title="bbox 2581 3845 4219 3913">
     <span class='ocr_line' id='line_1_100' title="bbox 2581 3845 4219 3913; baseline -0.006 -6"><span class='ocrx_word' id='word_1_635' title='bbox 2581 3858 2672 3908; x_wconf 78' lang='grc'><strong>53.</strong></span> <span class='ocrx_word' id='word_1_636' title='bbox 2717 3877 2742 3899; x_wconf 89' lang='grc'><strong>‹‹</strong></span> <span class='ocrx_word' id='word_1_637' title='bbox 2782 3853 2934 3906; x_wconf 88' lang='lat' dir='ltr'><strong>Idem</strong></span> <span class='ocrx_word' id='word_1_638' title='bbox 2965 3849 3287 3913; x_wconf 78' lang='lat' dir='ltr'><strong>cardinalis,</strong></span> <span class='ocrx_word' id='word_1_639' title='bbox 3349 3848 3549 3902; x_wconf 87' lang='lat' dir='ltr'><strong>eodem</strong></span> <span class='ocrx_word' id='word_1_640' title='bbox 3579 3847 3669 3900; x_wconf 93' lang='lat' dir='ltr'><strong>die</strong></span> <span class='ocrx_word' id='word_1_641' title='bbox 3701 3852 3757 3900; x_wconf 88' lang='lat' dir='ltr'><strong>et</strong></span> <span class='ocrx_word' id='word_1_642' title='bbox 3783 3863 3933 3900; x_wconf 86' lang='lat' dir='ltr'><strong>anno</strong></span> <span class='ocrx_word' id='word_1_643' title='bbox 3962 3845 4219 3899; x_wconf 84' lang='lat' dir='ltr'><strong>scribens</strong></span> 
     </span>
    </p>
   </div>
   <div class='ocr_carea' id='block_1_101' title="bbox 2512 3934 4218 4000">
    <p class='ocr_par' dir='ltr' id='par_1_101' title="bbox 2512 3934 4218 4000">
     <span class='ocr_line' id='line_1_101' title="bbox 2512 3934 4218 4000; baseline -0.007 -3"><span class='ocrx_word' id='word_1_644' title='bbox 2512 3942 2874 3997; x_wconf 89' lang='lat' dir='ltr'><strong>serenissimo</strong></span> <span class='ocrx_word' id='word_1_645' title='bbox 2909 3940 3156 3993; x_wconf 84' lang='lat' dir='ltr'><strong>Bavaria</strong></span> <span class='ocrx_word' id='word_1_646' title='bbox 3183 3937 3311 3991; x_wconf 92' lang='lat' dir='ltr'><strong>duci</strong></span> <span class='ocrx_word' id='word_1_647' title='bbox 3346 3936 3748 4000; x_wconf 72' lang='lat' dir='ltr'><strong>Maximiliano,</strong></span> <span class='ocrx_word' id='word_1_648' title='bbox 3784 3935 3935 3989; x_wconf 90' lang='lat' dir='ltr'><strong>inter</strong></span> <span class='ocrx_word' id='word_1_649' title='bbox 3955 3934 4067 3987; x_wconf 87' lang='lat' dir='ltr'><strong>alia</strong></span> <span class='ocrx_word' id='word_1_650' title='bbox 4099 3934 4218 3986; x_wconf 76' lang='lat' dir='ltr'><strong>hac</strong></span> 
     </span>
    </p>
   </div>
   <div class='ocr_carea' id='block_1_102' title="bbox 2510 4024 4219 4094">
    <p class='ocr_par' dir='ltr' id='par_1_102' title="bbox 2510 4024 4219 4094">
     <span class='ocr_line' id='line_1_102' title="bbox 2510 4024 4219 4094; baseline -0.006 -10"><span class='ocrx_word' id='word_1_651' title='bbox 2510 4031 2717 4085; x_wconf 88' lang='lat' dir='ltr'><strong>habet:</strong></span> <span class='ocrx_word' id='word_1_652' title='bbox 2752 4030 2828 4083; x_wconf 89' lang='lat' dir='ltr'><strong>De</strong></span> <span class='ocrx_word' id='word_1_653' title='bbox 2851 4030 3028 4082; x_wconf 88' lang='lat' dir='ltr'><strong>electo</strong></span> <span class='ocrx_word' id='word_1_654' title='bbox 3047 4044 3176 4080; x_wconf 89' lang='lat' dir='ltr'><strong>vero</strong></span> <span class='ocrx_word' id='word_1_655' title='bbox 3206 4024 3610 4094; x_wconf 82' lang='lat' dir='ltr'><strong>Barnbergeusi</strong></span> <span class='ocrx_word' id='word_1_656' title='bbox 3641 4024 3778 4094; x_wconf 87' lang='lat' dir='ltr'><strong>quid</strong></span> <span class='ocrx_word' id='word_1_657' title='bbox 3809 4024 4030 4076; x_wconf 77' lang='lat' dir='ltr'><strong>dicam?</strong></span> <span class='ocrx_word' id='word_1_658' title='bbox 4056 4024 4219 4075; x_wconf 82' lang='lat' dir='ltr'><strong>Sensi</strong></span> 
     </span>
    </p>
   </div>
   <div class='ocr_carea' id='block_1_103' title="bbox 2515 4115 4221 4188">
    <p class='ocr_par' dir='ltr' id='par_1_103' title="bbox 2515 4115 4221 4188">
     <span class='ocr_line' id='line_1_103' title="bbox 2515 4115 4221 4188; baseline -0.004 -18"><span class='ocrx_word' id='word_1_659' title='bbox 2515 4118 2766 4188; x_wconf 82' lang='lat' dir='ltr'><strong>profecto</strong></span> <span class='ocrx_word' id='word_1_660' title='bbox 2797 4117 3191 4170; x_wconf 87' lang='lat' dir='ltr'><strong>incredibilem</strong></span> <span class='ocrx_word' id='word_1_661' title='bbox 3248 4115 3428 4168; x_wconf 90' lang='lat' dir='ltr'><strong>animi</strong></span> <span class='ocrx_word' id='word_1_662' title='bbox 3467 4115 3838 4182; x_wconf 80' lang='lat' dir='ltr'><strong>voluptatem,</strong></span> <span class='ocrx_word' id='word_1_663' title='bbox 3863 4118 3914 4164; x_wconf 89' lang='lat' dir='ltr'><strong>et</strong></span> <span class='ocrx_word' id='word_1_664' title='bbox 3949 4117 4065 4164; x_wconf 84' lang='lat' dir='ltr'><strong>tam</strong></span> <span class='ocrx_word' id='word_1_665' title='bbox 4099 4127 4221 4164; x_wconf 86' lang='lat' dir='ltr'><strong>ma-</strong></span> 
     </span>
    </p>
   </div>
   <div class='ocr_carea' id='block_1_104' title="bbox 2515 4199 4218 4276">
    <p class='ocr_par' dir='ltr' id='par_1_104' title="bbox 2515 4199 4218 4276">
     <span class='ocr_line' id='line_1_104' title="bbox 2515 4199 4218 4276; baseline -0.006 -16"><span class='ocrx_word' id='word_1_666' title='bbox 2515 4207 2734 4260; x_wconf 83' lang='lat' dir='ltr'><strong>nifesta</strong></span> <span class='ocrx_word' id='word_1_667' title='bbox 2763 4207 2959 4276; x_wconf 80' lang='lat' dir='ltr'><strong>gratia</strong></span> <span class='ocrx_word' id='word_1_668' title='bbox 3013 4205 3113 4259; x_wconf 85' lang='lat' dir='ltr'><strong>Dei</strong></span> <span class='ocrx_word' id='word_1_669' title='bbox 3167 4204 3520 4258; x_wconf 87' lang='lat' dir='ltr'><strong>humillimas</strong></span> <span class='ocrx_word' id='word_1_670' title='bbox 3575 4201 3786 4270; x_wconf 79' lang='lat' dir='ltr'><strong>gratias</strong></span> <span class='ocrx_word' id='word_1_671' title='bbox 3834 4199 3945 4268; x_wconf 82' lang='lat' dir='ltr'><strong>egi.</strong></span> <span class='ocrx_word' id='word_1_672' title='bbox 3989 4200 4070 4253; x_wconf 88' lang='lat' dir='ltr'><strong>Ita</strong></span> <span class='ocrx_word' id='word_1_673' title='bbox 4100 4200 4218 4252; x_wconf 85' lang='lat' dir='ltr'><strong>ille.</strong></span> 
     </span>
    </p>
   </div>
   <div class='ocr_carea' id='block_1_105' title="bbox 2518 4288 4224 4363">
    <p class='ocr_par' dir='ltr' id='par_1_105' title="bbox 2518 4288 4224 4363">
     <span class='ocr_line' id='line_1_105' title="bbox 2518 4288 4224 4363; baseline -0.005 -15"><span class='ocrx_word' id='word_1_674' title='bbox 2518 4295 2762 4348; x_wconf 86' lang='lat' dir='ltr'><strong>Historia</strong></span> <span class='ocrx_word' id='word_1_675' title='bbox 2816 4295 3089 4363; x_wconf 86' lang='lat' dir='ltr'><strong>inscripta</strong></span> <span class='ocrx_word' id='word_1_676' title='bbox 3144 4293 3370 4360; x_wconf 79' lang='lat' dir='ltr'><strong>collegii</strong></span> <span class='ocrx_word' id='word_1_677' title='bbox 3423 4291 3544 4344; x_wconf 88' lang='lat' dir='ltr'><strong>Soc.</strong></span> <span class='ocrx_word' id='word_1_678' title='bbox 3599 4291 3724 4343; x_wconf 74' lang='lat' dir='ltr'><strong>Jesu</strong></span> <span class='ocrx_word' id='word_1_679' title='bbox 3762 4288 4070 4356; x_wconf 87' lang='lat' dir='ltr'><strong>Herbipoli,</strong></span> <span class='ocrx_word' id='word_1_680' title='bbox 4125 4289 4224 4340; x_wconf 88' lang='lat' dir='ltr'><strong>illo</strong></span> 
     </span>
    </p>
   </div>
   <div class='ocr_carea' id='block_1_106' title="bbox 2520 4373 4225 4453">
    <p class='ocr_par' dir='ltr' id='par_1_106' title="bbox 2520 4373 4225 4453">
     <span class='ocr_line' id='line_1_106' title="bbox 2520 4373 4225 4453; baseline -0.005 -19"><span class='ocrx_word' id='word_1_681' title='bbox 2520 4382 2642 4453; x_wconf 88' lang='lat' dir='ltr'><strong>ipso</strong></span> <span class='ocrx_word' id='word_1_682' title='bbox 2689 4399 2838 4435; x_wconf 90' lang='lat' dir='ltr'><strong>anno</strong></span> <span class='ocrx_word' id='word_1_683' title='bbox 2889 4397 3066 4444; x_wconf 71' lang='lat' dir='ltr'><strong>uucrx,</strong></span> <span class='ocrx_word' id='word_1_684' title='bbox 3118 4381 3187 4434; x_wconf 92' lang='lat' dir='ltr'><strong>de</strong></span> <span class='ocrx_word' id='word_1_685' title='bbox 3239 4379 3508 4449; x_wconf 87' lang='lat' dir='ltr'><strong>episcopo</strong></span> <span class='ocrx_word' id='word_1_686' title='bbox 3566 4373 3966 4443; x_wconf 74' lang='lat' dir='ltr'><strong>Bambergensi</strong></span> <span class='ocrx_word' id='word_1_687' title='bbox 4021 4389 4225 4426; x_wconf 85' lang='lat' dir='ltr'><strong>recens</strong></span> 
     </span>
    </p>
   </div>
   <div class='ocr_carea' id='block_1_107' title="bbox 2519 4461 4220 4539">
    <p class='ocr_par' dir='ltr' id='par_1_107' title="bbox 2519 4461 4220 4539">
     <span class='ocr_line' id='line_1_107' title="bbox 2519 4461 4220 4539; baseline -0.005 -17"><span class='ocrx_word' id='word_1_688' title='bbox 2519 4471 2698 4522; x_wconf 91' lang='lat' dir='ltr'><strong>electo</strong></span> <span class='ocrx_word' id='word_1_689' title='bbox 2723 4470 2798 4522; x_wconf 87' lang='lat' dir='ltr'><strong>ita</strong></span> <span class='ocrx_word' id='word_1_690' title='bbox 2855 4469 3146 4539; x_wconf 89' lang='lat' dir='ltr'><strong>loquitur:</strong></span> <span class='ocrx_word' id='word_1_691' title='bbox 3184 4468 3254 4521; x_wconf 81' lang='lat' dir='ltr'><strong>Ex</strong></span> <span class='ocrx_word' id='word_1_692' title='bbox 3315 4465 3749 4536; x_wconf 83' lang='lat' dir='ltr'><strong>partheniorum</strong></span> <span class='ocrx_word' id='word_1_693' title='bbox 3801 4461 4079 4515; x_wconf 82' lang='lat' dir='ltr'><strong>sodalium</strong></span> <span class='ocrx_word' id='word_1_694' title='bbox 4112 4477 4220 4514; x_wconf 88' lang='lat' dir='ltr'><strong>nu-</strong></span> 
     </span>
    </p>
   </div>
   <div class='ocr_carea' id='block_1_108' title="bbox 2523 4549 4224 4624">
    <p class='ocr_par' dir='ltr' id='par_1_108' title="bbox 2523 4549 4224 4624">
     <span class='ocr_line' id='line_1_108' title="bbox 2523 4549 4224 4624; baseline -0.005 -13"><span class='ocrx_word' id='word_1_695' title='bbox 2523 4575 2682 4612; x_wconf 85' lang='lat' dir='ltr'><strong>mero</strong></span> <span class='ocrx_word' id='word_1_696' title='bbox 2719 4557 2974 4611; x_wconf 83' lang='lat' dir='ltr'><strong>Ecclesia</strong></span> <span class='ocrx_word' id='word_1_697' title='bbox 3027 4553 3430 4624; x_wconf 69' lang='lat' dir='ltr'><strong>Bambergensi</strong></span> <span class='ocrx_word' id='word_1_698' title='bbox 3488 4552 3697 4622; x_wconf 82' lang='lat' dir='ltr'><strong>prasul</strong></span> <span class='ocrx_word' id='word_1_699' title='bbox 3753 4549 4024 4604; x_wconf 86' lang='lat' dir='ltr'><strong>divinitus</strong></span> <span class='ocrx_word' id='word_1_700' title='bbox 4053 4549 4224 4602; x_wconf 90' lang='lat' dir='ltr'><strong>datus</strong></span> 
     </span>
    </p>
   </div>
   <div class='ocr_carea' id='block_1_109' title="bbox 2520 4638 4226 4708">
    <p class='ocr_par' dir='ltr' id='par_1_109' title="bbox 2520 4638 4226 4708">
     <span class='ocr_line' id='line_1_109' title="bbox 2520 4638 4226 4708; baseline -0.008 -6"><span class='ocrx_word' id='word_1_701' title='bbox 2520 4652 2605 4702; x_wconf 90' lang='lat' dir='ltr'><strong>est</strong></span> <span class='ocrx_word' id='word_1_702' title='bbox 2633 4649 2877 4702; x_wconf 88' lang='lat' dir='ltr'><strong>Joannes</strong></span> <span class='ocrx_word' id='word_1_703' title='bbox 2908 4645 3244 4700; x_wconf 86' lang='lat' dir='ltr'><strong>Godefridus</strong></span> <span class='ocrx_word' id='word_1_704' title='bbox 3283 4645 3353 4696; x_wconf 89' lang='lat' dir='ltr'><strong>ab</strong></span> <span class='ocrx_word' id='word_1_705' title='bbox 3413 4643 3757 4705; x_wconf 79' lang='lat' dir='ltr'><strong>Aschausen,</strong></span> <span class='ocrx_word' id='word_1_706' title='bbox 3807 4640 3979 4693; x_wconf 92' lang='lat' dir='ltr'><strong>homo</strong></span> <span class='ocrx_word' id='word_1_707' title='bbox 4039 4638 4226 4708; x_wconf 83' lang='lat' dir='ltr'><strong>philo-</strong></span> 
     </span>
    </p>
   </div>
   <div class='ocr_carea' id='block_1_110' title="bbox 2521 4727 4229 4806">
    <p class='ocr_par' dir='ltr' id='par_1_110' title="bbox 2521 4727 4229 4806">
     <span class='ocr_line' id='line_1_110' title="bbox 2521 4727 4229 4806; baseline -0.006 -16"><span class='ocrx_word' id='word_1_708' title='bbox 2521 4736 2783 4806; x_wconf 87' lang='lat' dir='ltr'><strong>sophiam</strong></span> <span class='ocrx_word' id='word_1_709' title='bbox 2814 4740 2870 4788; x_wconf 90' lang='lat' dir='ltr'><strong>et</strong></span> <span class='ocrx_word' id='word_1_710' title='bbox 2899 4736 3053 4803; x_wconf 89' lang='lat' dir='ltr'><strong>leges</strong></span> <span class='ocrx_word' id='word_1_711' title='bbox 3085 4734 3365 4787; x_wconf 85' lang='lat' dir='ltr'><strong>humanas</strong></span> <span class='ocrx_word' id='word_1_712' title='bbox 3408 4731 3741 4800; x_wconf 87' lang='lat' dir='ltr'><strong>divinasque</strong></span> <span class='ocrx_word' id='word_1_713' title='bbox 3771 4727 3986 4791; x_wconf 81' lang='lat' dir='ltr'><strong>doctus,</strong></span> <span class='ocrx_word' id='word_1_714' title='bbox 4021 4728 4079 4780; x_wconf 91' lang='lat' dir='ltr'><strong>in</strong></span> <span class='ocrx_word' id='word_1_715' title='bbox 4110 4743 4229 4796; x_wconf 87' lang='lat' dir='ltr'><strong>quo</strong></span> 
     </span>
    </p>
   </div>
   <div class='ocr_carea' id='block_1_111' title="bbox 2523 4819 4228 4885">
    <p class='ocr_par' dir='ltr' id='par_1_111' title="bbox 2523 4819 4228 4885">
     <span class='ocr_line' id='line_1_111' title="bbox 2523 4819 4228 4885; baseline -0.006 -7"><span class='ocrx_word' id='word_1_716' title='bbox 2523 4825 2667 4879; x_wconf 87' lang='lat' dir='ltr'><strong>nihil</strong></span> <span class='ocrx_word' id='word_1_717' title='bbox 2697 4825 2868 4877; x_wconf 86' lang='lat' dir='ltr'><strong>fastus</strong></span> <span class='ocrx_word' id='word_1_718' title='bbox 2897 4829 2996 4876; x_wconf 90' lang='lat' dir='ltr'><strong>aut</strong></span> <span class='ocrx_word' id='word_1_719' title='bbox 3023 4823 3135 4876; x_wconf 90' lang='lat' dir='ltr'><strong>fuci</strong></span> <span class='ocrx_word' id='word_1_720' title='bbox 3170 4839 3182 4885; x_wconf 89' lang='lat'>;</span> <span class='ocrx_word' id='word_1_721' title='bbox 3213 4837 3401 4875; x_wconf 89' lang='lat' dir='ltr'><strong>mures</strong></span> <span class='ocrx_word' id='word_1_722' title='bbox 3448 4819 3520 4873; x_wconf 92' lang='lat' dir='ltr'><strong>ad</strong></span> <span class='ocrx_word' id='word_1_723' title='bbox 3554 4819 3969 4872; x_wconf 88' lang='lat' dir='ltr'><strong>humanitatem</strong></span> <span class='ocrx_word' id='word_1_724' title='bbox 3997 4831 4228 4885; x_wconf 86' lang='lat' dir='ltr'><strong>compo-</strong></span> 
     </span>
    </p>
   </div>
   <div class='ocr_carea' id='block_1_112' title="bbox 2523 4905 4229 4980">
    <p class='ocr_par' dir='ltr' id='par_1_112' title="bbox 2523 4905 4229 4980">
     <span class='ocr_line' id='line_1_112' title="bbox 2523 4905 4229 4980; baseline -0.008 -13"><span class='ocrx_word' id='word_1_725' title='bbox 2523 4914 2653 4980; x_wconf 86' lang='lat' dir='ltr'><strong>siti;</strong></span> <span class='ocrx_word' id='word_1_726' title='bbox 2723 4917 2860 4966; x_wconf 80' lang='lat' dir='ltr'><strong>atas</strong></span> <span class='ocrx_word' id='word_1_727' title='bbox 2914 4913 3146 4974; x_wconf 83' lang='lat' dir='ltr'><strong>florens,</strong></span> <span class='ocrx_word' id='word_1_728' title='bbox 3202 4915 3280 4975; x_wconf 86' lang='lat' dir='ltr'><strong>et,</strong></span> <span class='ocrx_word' id='word_1_729' title='bbox 3319 4908 3471 4980; x_wconf 90' lang='lat' dir='ltr'><strong>quod</strong></span> <span class='ocrx_word' id='word_1_730' title='bbox 3529 4907 3772 4963; x_wconf 89' lang='lat' dir='ltr'><strong>miseris.</strong></span> <span class='ocrx_word' id='word_1_731' title='bbox 3826 4905 4229 4959; x_wconf 78' lang='lat' dir='ltr'><strong>adolescentia</strong></span> 
     </span>
    </p>
   </div>
   <div class='ocr_carea' id='block_1_113' title="bbox 2526 4993 4232 5070">
    <p class='ocr_par' dir='ltr' id='par_1_113' title="bbox 2526 4993 4232 5070">
     <span class='ocr_line' id='line_1_113' title="bbox 2526 4993 4232 5070; baseline -0.007 -15"><span class='ocrx_word' id='word_1_732' title='bbox 2526 5002 2806 5067; x_wconf 87' lang='lat' dir='ltr'><strong>vicinior;</strong></span> <span class='ocrx_word' id='word_1_733' title='bbox 2852 5001 3053 5070; x_wconf 86' lang='lat' dir='ltr'><strong>prisca</strong></span> <span class='ocrx_word' id='word_1_734' title='bbox 3115 4997 3415 5069; x_wconf 88' lang='lat' dir='ltr'><strong>probitatis</strong></span> <span class='ocrx_word' id='word_1_735' title='bbox 3458 5002 3516 5050; x_wconf 90' lang='lat' dir='ltr'><strong>et</strong></span> <span class='ocrx_word' id='word_1_736' title='bbox 3561 4993 3878 5049; x_wconf 89' lang='lat' dir='ltr'><strong>sanctitatis</strong></span> <span class='ocrx_word' id='word_1_737' title='bbox 3931 4993 4232 5046; x_wconf 90' lang='lat' dir='ltr'><strong>severioris</strong></span> 
     </span>
    </p>
   </div>
   <div class='ocr_carea' id='block_1_114' title="bbox 2524 5093 2886 5160">
    <p class='ocr_par' dir='ltr' id='par_1_114' title="bbox 2524 5093 2886 5160">
     <span class='ocr_line' id='line_1_114' title="bbox 2524 5093 2886 5160; baseline -0.011 -14"><span class='ocrx_word' id='word_1_738' title='bbox 2524 5093 2740 5160; x_wconf 88' lang='lat' dir='ltr'><strong>imago,</strong></span> <span class='ocrx_word' id='word_1_739' title='bbox 2782 5094 2886 5144; x_wconf 90' lang='lat' dir='ltr'><strong>etc.</strong></span> 
     </span>
    </p>
   </div>
   <div class='ocr_carea' id='block_1_115' title="bbox 2596 5167 4230 5241">
    <p class='ocr_par' dir='ltr' id='par_1_115' title="bbox 2596 5167 4230 5241">
     <span class='ocr_line' id='line_1_115' title="bbox 2596 5167 4230 5241; baseline -0.007 -11"><span class='ocrx_word' id='word_1_740' title='bbox 2596 5180 2684 5232; x_wconf 73' lang='grc'><strong>54.</strong></span> <span class='ocrx_word' id='word_1_741' title='bbox 2721 5173 3265 5241; x_wconf 86' lang='lat' dir='ltr'><strong>«Quemadmodum</strong></span> <span class='ocrx_word' id='word_1_742' title='bbox 3321 5178 3513 5226; x_wconf 89' lang='lat' dir='ltr'><strong>autem</strong></span> <span class='ocrx_word' id='word_1_743' title='bbox 3565 5170 3873 5240; x_wconf 84' lang='lat' dir='ltr'><strong>praclarus</strong></span> <span class='ocrx_word' id='word_1_744' title='bbox 3928 5167 4068 5221; x_wconf 85' lang='lat' dir='ltr'><strong>adeo</strong></span> <span class='ocrx_word' id='word_1_745' title='bbox 4101 5167 4230 5236; x_wconf 82' lang='lat' dir='ltr'><strong>epi-</strong></span> 
     </span>
    </p>
   </div>
   <div class='ocr_carea' id='block_1_116' title="bbox 2527 5255 4230 5336">
    <p class='ocr_par' dir='ltr' id='par_1_116' title="bbox 2527 5255 4230 5336">
     <span class='ocr_line' id='line_1_116' title="bbox 2527 5255 4230 5336; baseline -0.008 -16"><span class='ocrx_word' id='word_1_746' title='bbox 2527 5281 2736 5336; x_wconf 89' lang='lat' dir='ltr'><strong>scopus</strong></span> <span class='ocrx_word' id='word_1_747' title='bbox 2776 5263 3038 5319; x_wconf 86' lang='lat' dir='ltr'><strong>Ecclesia</strong></span> <span class='ocrx_word' id='word_1_748' title='bbox 3083 5259 3510 5329; x_wconf 86' lang='lat' dir='ltr'><strong>Bambergensi,</strong></span> <span class='ocrx_word' id='word_1_749' title='bbox 3553 5265 3811 5327; x_wconf 89' lang='lat' dir='ltr'><strong>tempore</strong></span> <span class='ocrx_word' id='word_1_750' title='bbox 3870 5255 4230 5326; x_wconf 84' lang='lat' dir='ltr'><strong>periculosis-</strong></span> 
     </span>
    </p>
   </div>
   <div class='ocr_carea' id='block_1_117' title="bbox 2525 5344 4231 5424">
    <p class='ocr_par' dir='ltr' id='par_1_117' title="bbox 2525 5344 4231 5424">
     <span class='ocr_line' id='line_1_117' title="bbox 2525 5344 4231 5424; baseline -0.006 -16"><span class='ocrx_word' id='word_1_751' title='bbox 2525 5355 2695 5421; x_wconf 88' lang='lat' dir='ltr'><strong>simo,</strong></span> <span class='ocrx_word' id='word_1_752' title='bbox 2755 5357 3045 5424; x_wconf 89' lang='lat' dir='ltr'><strong>satagente</strong></span> <span class='ocrx_word' id='word_1_753' title='bbox 3092 5352 3146 5406; x_wconf 89' lang='lat' dir='ltr'><strong>S.</strong></span> <span class='ocrx_word' id='word_1_754' title='bbox 3203 5350 3467 5406; x_wconf 88' lang='lat' dir='ltr'><strong>Heinrico</strong></span> <span class='ocrx_word' id='word_1_755' title='bbox 3500 5347 3744 5402; x_wconf 85' lang='lat' dir='ltr'><strong>donatus</strong></span> <span class='ocrx_word' id='word_1_756' title='bbox 3800 5345 3924 5411; x_wconf 88' lang='lat' dir='ltr'><strong>fuit,</strong></span> <span class='ocrx_word' id='word_1_757' title='bbox 3969 5344 4046 5398; x_wconf 90' lang='lat' dir='ltr'><strong>ita</strong></span> <span class='ocrx_word' id='word_1_758' title='bbox 4077 5344 4231 5398; x_wconf 88' lang='lat' dir='ltr'><strong>idem</strong></span> 
     </span>
    </p>
   </div>
   <div class='ocr_carea' id='block_1_118' title="bbox 2528 5431 4230 5512">
    <p class='ocr_par' dir='ltr' id='par_1_118' title="bbox 2528 5431 4230 5512">
     <span class='ocr_line' id='line_1_118' title="bbox 2528 5431 4230 5512; baseline -0.006 -16"><span class='ocrx_word' id='word_1_759' title='bbox 2528 5441 2852 5512; x_wconf 89' lang='lat' dir='ltr'><strong>episcopus,</strong></span> <span class='ocrx_word' id='word_1_760' title='bbox 2918 5439 3122 5494; x_wconf 90' lang='lat' dir='ltr'><strong>eodem</strong></span> <span class='ocrx_word' id='word_1_761' title='bbox 3170 5443 3365 5492; x_wconf 87' lang='lat' dir='ltr'><strong>sancto</strong></span> <span class='ocrx_word' id='word_1_762' title='bbox 3423 5435 3769 5506; x_wconf 88' lang='lat' dir='ltr'><strong>imperatore</strong></span> <span class='ocrx_word' id='word_1_763' title='bbox 3819 5431 4230 5503; x_wconf 84' lang='lat' dir='ltr'><strong>patrocinante.</strong></span> 
     </span>
    </p>
   </div>
   <div class='ocr_carea' id='block_1_119' title="bbox 2529 5522 4232 5600">
    <p class='ocr_par' dir='ltr' id='par_1_119' title="bbox 2529 5522 4232 5600">
     <span class='ocr_line' id='line_1_119' title="bbox 2529 5522 4232 5600; baseline -0.008 -16"><span class='ocrx_word' id='word_1_764' title='bbox 2529 5530 2699 5584; x_wconf 89' lang='lat' dir='ltr'><strong>simul</strong></span> <span class='ocrx_word' id='word_1_765' title='bbox 2747 5546 2811 5582; x_wconf 92' lang='lat' dir='ltr'><strong>ac</strong></span> <span class='ocrx_word' id='word_1_766' title='bbox 2869 5527 3209 5600; x_wconf 87' lang='lat' dir='ltr'><strong>pastoralem</strong></span> <span class='ocrx_word' id='word_1_767' title='bbox 3262 5539 3459 5580; x_wconf 88' lang='lat' dir='ltr'><strong>curam</strong></span> <span class='ocrx_word' id='word_1_768' title='bbox 3519 5522 3783 5592; x_wconf 88' lang='lat' dir='ltr'><strong>suscepit,</strong></span> <span class='ocrx_word' id='word_1_769' title='bbox 3844 5535 3933 5574; x_wconf 91' lang='lat' dir='ltr'><strong>res</strong></span> <span class='ocrx_word' id='word_1_770' title='bbox 3993 5534 4232 5589; x_wconf 83' lang='lat' dir='ltr'><strong>magnas</strong></span> 
     </span>
    </p>
   </div>
   <div class='ocr_carea' id='block_1_120' title="bbox 2531 5608 4233 5688">
    <p class='ocr_par' dir='ltr' id='par_1_120' title="bbox 2531 5608 4233 5688">
     <span class='ocr_line' id='line_1_120' title="bbox 2531 5608 4233 5688; baseline -0.007 -16"><span class='ocrx_word' id='word_1_771' title='bbox 2531 5634 2636 5688; x_wconf 90' lang='lat' dir='ltr'><strong>pro</strong></span> <span class='ocrx_word' id='word_1_772' title='bbox 2669 5618 2782 5671; x_wconf 89' lang='lat' dir='ltr'><strong>Deo</strong></span> <span class='ocrx_word' id='word_1_773' title='bbox 2809 5621 2864 5670; x_wconf 90' lang='lat' dir='ltr'><strong>et</strong></span> <span class='ocrx_word' id='word_1_774' title='bbox 2923 5615 3186 5678; x_wconf 83' lang='lat' dir='ltr'><strong>Ecclesia,</strong></span> <span class='ocrx_word' id='word_1_775' title='bbox 3239 5619 3355 5667; x_wconf 91' lang='lat' dir='ltr'><strong>tam</strong></span> <span class='ocrx_word' id='word_1_776' title='bbox 3394 5612 3451 5665; x_wconf 93' lang='lat' dir='ltr'><strong>in</strong></span> <span class='ocrx_word' id='word_1_777' title='bbox 3510 5608 3859 5664; x_wconf 88' lang='lat' dir='ltr'><strong>restituendo</strong></span> <span class='ocrx_word' id='word_1_778' title='bbox 3890 5608 4046 5660; x_wconf 89' lang='lat' dir='ltr'><strong>cultu</strong></span> <span class='ocrx_word' id='word_1_779' title='bbox 4092 5608 4233 5660; x_wconf 85' lang='lat' dir='ltr'><strong>divi-</strong></span> 
     </span>
    </p>
   </div>
  </div>
