4696 6434
65 358 143 413 liii}

1667 360 1860 416 ACTA.

3406 368 3504 425 154

54 499 116 537 no
156 493 314 552 quam
359 476 423 533 in
466 476 838 533 emendandis
883 476 1017 532 cleri
1089 484 1146 533 et
1198 479 1397 551 populi
1443 480 1700 536 moribus
1730 486 1768 538 Α
1810 481 2187 553 patrocinium
2219 481 2492 552 confugit.
2523 481 2589 537 Et
2632 485 2696 537 ut
2738 482 2973 541 haberet
3014 485 3284 556 adjutorii
3318 487 3501 559 ipsius

51 584 316 641 aggressus
354 566 524 630 fuit;
589 572 759 636 atque
817 565 943 637 ipsa
1008 567 1402 637 magnitudine
1471 585 1708 640 Operam

51 674 158 730 qua:
210 656 437 727 peregit,
507 656 698 724 palam
758 655 1026 708 omnibus
1100 656 1249 719 fecit,
1316 674 1374 711 se
1426 673 1538 711 non
1593 663 1708 712 tam

51 744 312 801 hominum
361 758 538 814 quam
597 743 816 796 caelitus
870 741 1152 811 sull’ragiis
1199 743 1268 796 ad
1298 743 1706 813 episcopatum,

48 850 135 903 pro
176 833 315 887 bono
365 832 623 885 Ecclesia:
677 836 1050 900 assumptum.
1106 830 1241 895 Quae
1292 833 1522 902 egregia
1566 833 1709 887 facta

48 937 157 974 cum
202 920 433 976 Romam
487 920 659 973 latere
726 934 838 971 non
912 924 1156 988 possent,
1227 919 1710 974 eminentissimus

50 1007 393 1062 Bellarminus
443 1005 634 1059 denuo
692 1005 761 1059 ad
812 1006 1083 1059 Joannem
1142 1007 1509 1062 Godefridum
1557 1024 1707 1061 anno

52 1096 210 1151 MDCX
244 1094 321 1148 ita
360 1094 559 1148 scribit
606 1110 618 1147 :
666 1093 826 1157 Quod
869 1093 959 1163 egi
1018 1092 1078 1146 in
1132 1109 1393 1147 causa...
1453 1095 1709 1165 quamvis

48 1199 229 1251 magna
256 1182 543 1235 voluntate
572 1182 810 1251 egerim,
864 1197 978 1235 non
1012 1182 1154 1234 tanti
1184 1183 1459 1236 momenti
1490 1182 1615 1242 fuit.
1646 1188 1711 1235 ut

47 1286 170 1339 opus
195 1276 332 1323 esset
380 1269 609 1339 fatigari
647 1271 707 1323 in
754 1269 1050 1323 scribendo
1104 1274 1331 1324 tantum
1375 1271 1706 1341 episcopum

44 1364 91 1411 et
115 1359 167 1412 in
188 1358 345 1412 rebus
375 1356 733 1427 gravioribus
763 1362 1122 1427 occupatum.
1157 1358 1301 1422 Quia
1329 1362 1521 1411 tamen
1571 1358 1706 1411 scri-

45 1446 160 1498 bere
188 1444 367 1511 libuit,
391 1444 534 1498 mihi
567 1460 797 1515 quoque
854 1445 1199 1510 respondere
1227 1446 1707 1514 jucundissimum

44 1538 116 1585 est
143 1534 189 1585 ei
229 1532 362 1598 viro,
415 1548 588 1602 quem
618 1532 782 1602 quasi
824 1533 894 1586 de
948 1535 1086 1587 coelo
1140 1532 1377 1586 missum
1435 1534 1702 1602 suspicio.

49 1622 151 1673 Non
173 1619 295 1673 novi
316 1621 383 1673 de
423 1620 564 1673 facie
617 1620 948 1690 episcopum
980 1627 1035 1673 et
1084 1620 1399 1691 principem
1450 1622 1707 1674 Bambar-

42 1722 249 1776 gensem
282 1706 665 1774 Godefridum,
699 1708 796 1760 sed
846 1724 911 1761 ex
945 1708 1211 1777 Operibus
1243 1708 1487 1778 egregiis
1525 1709 1708 1762 notis-

42 1796 226 1848 simum
264 1794 627 1848 vehementer
670 1795 848 1865 diligo
880 1801 936 1848 et
964 1811 1205 1849 veneror
1242 1816 1256 1861 ;
1289 1802 1345 1850 et
1386 1812 1586 1866 precor
1618 1814 1705 1850 as-

42 1882 184 1935 siduo
244 1882 420 1935 Deum
494 1888 577 1947 ut,
648 1898 820 1952 quem
877 1890 1201 1953 opportuno
1270 1889 1546 1953 tempore,
1623 1886 1705 1937 la-

42 1970 177 2023 benti
206 1969 460 2023 Ecrlesias
512 1971 915 2040 Bambergensi
949 1972 1235 2036 prmﬁcere
1280 1972 1546 2041 dignatus
1600 1978 1705 2037 est,

40 2073 150 2111 eum
180 2058 344 2127 longo
368 2063 627 2127 tempore
679 2058 1029 2113 incolumem
1061 2076 1304 2123 servare,
1352 2060 1597 2129 dirigere
1652 2065 1709 2113 et

40 2152 329 2215 protegere,
365 2150 419 2199 et
452 2147 685 2199 tandem
732 2146 901 2200 etiam
933 2148 1166 2216 plenum
1197 2147 1419 2201 dierum
1452 2153 1509 2201 et
1534 2147 1704 2200 meri-

40 2239 204 2286 torum
231 2233 475 2303 gloriose
496 2250 770 2287 coronare
803 2234 1091 2302 dignetur.

95 2324 171 2374 55.
206 2321 412 2375 «ldem
471 2320 776 2374 cardinalis
833 2337 983 2373 anno
1037 2338 1234 2388 uncxu,
1287 2339 1357 2375 xu
1397 2321 1703 2388 Februarii,

39 2408 97 2461 ad
126 2408 464 2462 Fridericum
522 2410 835 2462 Fornerum
867 2408 1292 2477 suifraganeum
1328 2410 1705 2479 Bainbergen-

38 2509 136 2546 sem
161 2495 425 2562 scribens,
461 2496 621 2549 addit
648 2496 944 2564 sequentia
983 2512 996 2549 :
1041 2496 1149 2549 Sed
1182 2497 1269 2549 his
1299 2496 1543 2561 omissis,
1573 2513 1704 2567 gra-

40 2581 128 2633 tias
155 2582 405 2653 ingentes
458 2584 640 2637 habeo
672 2600 775 2653 pro
824 2582 894 2636 iis
932 2599 1061 2653 quas
1116 2584 1185 2637 ad
1217 2599 1306 2637 me
1337 2585 1607 2653 scripsisti
1638 2584 1707 2638 de

39 2667 225 2738 insigni
257 2686 565 2741 progressu
619 2671 820 2741 optimi
848 2670 1120 2740 principis
1153 2676 1208 2724 et
1236 2671 1487 2741 episcopi
1517 2672 1705 2735 vestri,

39 2772 186 2825 quem
216 2773 325 2811 non
359 2758 663 2811 hominum
724 2764 854 2812 vota
884 2763 981 2811 aut
1010 2759 1215 2823 studia,
1261 2760 1355 2812 sed
1390 2761 1534 2812 Deus
1562 2759 1703 2827 ipse,

40 2859 124 2911 pro
149 2861 240 2897 sua
273 2846 498 2899 intinita
558 2846 783 2916 pietate.
846 2846 1105 2900 Ecclesiae
1136 2863 1252 2899 suae
1311 2847 1558 2900 donavit.
1594 2847 1706 2916 Ego

38 2936 163 2984 certe
185 2933 257 2986 ita
288 2933 371 2986 illi
404 2949 681 3002 germana
714 2932 988 2987 charitate
1020 2932 1254 2996 afficior,
1292 2939 1373 2998 ut,
1415 2934 1461 2986 si
1494 2949 1707 3003 pennas

38 3020 287 3074 columba:
316 3037 610 3075 assumere
669 3037 911 3091 possein,
950 3022 1089 3074 nihil
1144 3037 1234 3074 me
1263 3022 1541 3074 detineret
1567 3022 1704 3091 quin
1738 3026 1773 3077 t3

36 3107 201 3161 statim
222 3109 285 3161 ad
337 3110 461 3178 ejus
509 3110 869 3178 complexum
928 3109 1198 3161 volarem.
1240 3109 1463 3163 Utinam
1498 3109 1706 3161 multos

36 3192 291 3249 eisimiles
355 3213 475 3250 non
535 3198 723 3249 solum
780 3195 837 3249 in
887 3196 1208 3262 Germania,
1265 3196 1364 3249 sed
1405 3196 1576 3249 etiam
1649 3197 1706 3248 in

38 3280 175 3334 Italia
222 3289 273 3337 et
325 3284 387 3347 in
458 3284 682 3353 reliquo
765 3284 900 3336 orbe
940 3283 1258 3336 Christiano
1306 3283 1643 3336 haberemus
1692 3282 1702 3336 !

40 3367 338 3423 Videremus
366 3371 525 3424 enim
553 3366 827 3423 continuo
860 3369 1082 3423 vineam
1117 3370 1341 3423 Domini
1392 3376 1507 3423 tam
1541 3371 1707 3424 bonis

38 3458 270 3526 agricolis
336 3460 705 3514 commissam
742 3459 979 3513 miriﬁce
1041 3460 1419 3513 reflorescere.
1506 3462 1710 3514 Precor

38 3544 107 3596 illi
132 3561 193 3599 ex
221 3547 387 3600 corde
438 3547 859 3617 longitudinem
912 3548 1155 3612 dierum,
1209 3553 1424 3617 quanta
1453 3563 1707 3601 necessa-

40 3631 107 3683 ria
134 3639 211 3686 est
240 3635 307 3687 ad
339 3635 607 3689 Ecclesiae
637 3634 1122 3700 reformationem,
1156 3640 1261 3688 etc.

97 3722 171 3773 56.
206 3742 231 3768 κ
287 3724 458 3777 Plura
517 3722 803 3793 ejusmodi
852 3721 911 3775 in
944 3722 1196 3791 epistolis
1232 3722 1349 3775 suis
1379 3722 1550 3775 habet
1579 3723 1710 3775 lau-

38 3806 175 3861 datus
201 3811 524 3875 cardinalis,
586 3810 879 3880 signanter
922 3811 1196 3863 extollens
1254 3810 1711 3880 magnitudinem

39 3893 268 3951 beneﬁcii
324 3898 485 3970 quod
544 3898 740 3953 divina
775 3897 998 3952 bonitas
1031 3897 1294 3967 praestitit
1340 3898 1549 3951 labenti
1608 3899 1712 3951 Ec-

38 3981 195 4036 clesia
224 3986 751 4056 Bambergensi,illi
779 3986 1127 4055 providendo
1150 3986 1217 4039 de
1232 3985 1516 4056 episcopo,
1556 4010 1574 4034 ι
1613 3986 1712 4055 qui

40 4068 87 4119 in
114 4071 212 4123 vita
240 4089 339 4125 sua
372 4073 627 4128 snﬁ‘ulsit
656 4074 914 4139 domum,
964 4079 1020 4127 et
1065 4072 1124 4126 in
1158 4073 1355 4126 diebus
1376 4074 1491 4126 suis
1515 4089 1712 4126 corro-

40 4154 227 4212 beravit
248 4162 533 4230 templum
569 4177 581 4214 :
615 4161 714 4231 qui
763 4161 981 4214 curavit
1007 4166 1233 4230 gentem
1269 4177 1431 4213 suam
1488 4167 1543 4213 et
1574 4161 1711 4213 Iibe-

42 4242 159 4295 ravit
185 4260 303 4299 eam
331 4247 722 4317 aperditione
777 4248 964 4312 (Eccli.
1018 4246 1088 4313 L).
1130 4268 1148 4293 ιι
1207 4245 1366 4309 Quod
1416 4246 1632 4298 meritis
1655 4248 1712 4299 et

38 4325 398 4388 intercessioni
428 4335 527 4389 SS.
568 4334 815 4387 Heinrici
865 4338 920 4387 et
968 4333 1332 4402 Cunegundis
1361 4332 1419 4385 in
1468 4332 1710 4401 acceptis

39 4413 305 4474 ferendum
340 4438 463 4476 esse
507 4422 714 4493 probat
770 4421 1009 4491 pervigil
1056 4436 1256 4474 eorum
1284 4420 1535 4473 studium
1566 4420 1714 4473 circa

39 4503 338 4563 electionem
368 4510 550 4579 hujus
576 4509 826 4580 episcopi
862 4508 1200 4574 exhibitum,
1250 4513 1313 4561 ut
1341 4524 1512 4577 supra
1560 4509 1710 4560 rela-

40 4597 138 4645 tum
173 4595 294 4663 fuit,
324 4614 429 4650 nec
462 4612 586 4650 non
614 4596 918 4667 singularis
940 4596 1191 4665 episcopi
1217 4596 1439 4651 devotio
1478 4601 1531 4648 et
1561 4596 1709 4650 tidu-

39 4678 109 4731 cia
150 4696 274 4752 erga
329 4690 557 4738 sanctos
618 4684 992 4749 fundatores;
1051 4682 1212 4753 cujus
1270 4682 1585 4737 devotionis
1650 4700 1712 4736 ac

41 4766 227 4823 tiducia:
254 4770 551 4840 specimen
586 4771 817 4842 aliquod
839 4772 931 4824 hic
961 4770 1363 4840 subjungitur:

96 4858 169 4910 57.
226 4880 245 4905 ι
280 4861 345 4914 Ut
392 4861 658 4930 primum
696 4860 941 4914 Joannes
995 4858 1332 4913 Godefridus
1394 4873 1539 4911 onus
1592 4857 1713 4926 epi-

40 4946 226 5010 scopale
254 4949 528 5017 suscepit,
593 4946 921 5000 colluctatio
951 4946 1035 4999 illi
1065 4946 1174 4999 fuit
1211 4962 1326 4998 non
1357 4949 1580 4997 tantum
1612 4944 1709 4997 ad-

42 5042 201 5085 versus
230 5035 556 5103 spiritualia
632 5034 904 5104 nequitiae
952 5033 1013 5086 in
1069 5032 1408 5097 coelestibus,
1456 5031 1713 5085 videlicet

39 5118 266 5175 adversus
292 5124 588 5189 haeresim,
644 5122 915 5192 magiam,
954 5121 1242 5188 veneﬁcia,
1293 5119 1711 5174 diemoniacnm

42 5202 427 5279 idolomaniam,
493 5210 843 5266 foedissimas
927 5209 1112 5262 carnis
1188 5208 1601 5275 corruptiones,
1656 5212 1712 5260 et

42 5290 302 5352 innumera
358 5300 729 5371 ﬂagitiorum
785 5304 1060 5360 monstra,
1136 5297 1232 5349 sed
1290 5296 1461 5348 etiam
1519 5299 1712 5348 contra

44 5378 391 5443 formidabiles
483 5386 820 5459 principum
917 5384 1317 5439 haereticorum
1413 5382 1709 5449 exercitus,

45 5466 329 5531 Franconize
378 5481 670 5548 perpetuo
700 5473 1087 5529 imminentes.
1134 5468 1342 5527 Contra
1371 5487 1515 5541 quos
1545 5471 1709 5524 coele-

46 5555 99 5606 sti
124 5564 363 5629 praesidio
392 5565 504 5619 sibi
535 5579 687 5635 opus
716 5578 838 5615 esse
894 5560 1241 5631 intelligens,
1272 5559 1340 5612 ad
1374 5560 1430 5614 S.
1466 5557 1711 5612 Heinrici

1743 1756 1779 1809 Β

1740 4287 1780 4339 D

1819 571 2066 636 arrham,
2099 570 2345 626 obtinuit
2382 571 2452 624 ab
2484 572 2802 627 Eberhardo
2854 577 3185 644 Augustano
3213 576 3500 646 episcopo,

1819 664 2205 712 consecratore
2254 675 2375 722 suo,
2437 660 2691 729 gladium
2746 677 2861 731 quo
2918 667 3141 716 sanctus
3193 663 3505 734 imperator

1819 748 2105 817 quondam
2135 748 2194 801 in
2248 747 2456 818 proeliis
2510 747 2583 801 ad
2640 748 2987 803 edomandos
3035 751 3289 806 Ecclesia
3319 751 3505 807 hostes

1820 850 1955 888 usus
1991 834 2174 889 fuerat
2223 850 2236 888 :
2279 851 2449 905 quem
2498 841 2756 890 sanctum
2813 837 3067 905 gladium
3119 838 3335 909 accepit
3384 843 3503 894 tan-

1821 938 1991 992 quam
2024 938 2293 976 munusa
2332 923 2444 975 Deo
2497 924 2756 987 missum,
2815 925 2976 994 cujus
3032 924 3239 980 virtute
3290 932 3506 980 arceret

1818 1010 2166 1063 adversarios
2199 1010 2397 1080 populi
2447 1010 2553 1075 sui,
2586 1012 2686 1081 qui
2715 1016 2875 1065 erant
2906 1012 3070 1067 multi
3128 1018 3185 1067 et
3225 1018 3502 1083 potentes.

1821 1097 2106 1167 Imprimis
2139 1098 2453 1151 Fridericus
2513 1098 2574 1163 V,
2606 1115 2794 1152 comes
2861 1100 3145 1168 palatinus
3185 1102 3387 1169 Rheni,
3418 1103 3508 1156 in-

1823 1201 1981 1239 vasor
2055 1201 2276 1239 coronae
2330 1186 2646 1239 Bohemicae
2695 1202 2710 1255 ;
2772 1187 3183 1253 Mansfeldius;
3245 1190 3500 1243 marcliio

1821 1274 2194 1337 Durlacensis,
2251 1273 2360 1326 dux
2421 1274 2781 1340 Anlialtinus,
2814 1274 3167 1329 Christianus
3223 1278 3501 1330 Brunswi-

1817 1360 1998 1414 censis
2056 1375 2155 1413 seu
2225 1360 2752 1427 Halberstadiensis,
2818 1378 3132 1432 eorumque
3186 1363 3345 1427 socii,
3403 1365 3503 1434 qui

1817 1447 2102 1503 dicecesim
2139 1448 2632 1517 Bambergensem,
2674 1448 2758 1502 uti
2817 1454 2872 1502 et
2902 1449 3388 1519 Herbipolensem,
3416 1452 3501 1505 fo-

1818 1536 1906 1589 liis
1938 1536 2123 1605 palam
2148 1536 2458 1605 impressis,
2491 1536 2597 1589 sibi
2644 1535 2701 1606 in
2761 1537 3009 1606 praedam
3065 1537 3505 1604 destinaverant,

1817 1630 1873 1677 et
1902 1604 2000 1692 spe
2023 1604 2579 1693 jamdevoraverant.
2648 1604 2671 1621 ’

1888 1714 2036 1765 58.·«
2074 1711 2339 1774 Quamvis
2372 1716 2563 1764 autem
2608 1711 2668 1764 in
2720 1717 3021 1783 utramque
3060 1712 3346 1767 dioecesim
3388 1714 3508 1784 plu-

1818 1798 1927 1851 ries
2009 1798 2387 1867 irruptionem
2442 1800 2805 1866 tentaverint,
2871 1801 3115 1853 Joannes
3168 1800 3506 1855 Godefridus

1819 1891 2009 1939 tamen
2066 1885 2185 1955 (qui
2237 1886 2456 1939 interea
2510 1889 2679 1939 etiam
2734 1887 3153 1955 Herbipolensis
3201 1888 3503 1958 episcopus

1817 1978 2037 2026 creatus
2078 1973 2279 2042 fuerat)
2333 1973 2563 2025 hostiles
2621 1979 2857 2025 conatus
2882 1975 3086 2042 partim
3125 1974 3295 2028 elusit
3322 1974 3507 2029 consi-

1818 2062 1913 2125 lio,
1956 2061 2161 2130 partim
2212 2060 2381 2129 fregit
2433 2060 2780 2125 fortitudine,
2843 2061 3184 2130 opponendo
3242 2061 3507 2115 hostibus

1816 2152 2005 2219 copias
2052 2164 2201 2213 suas,
2259 2163 2399 2217 quas
2457 2147 2889 2215 conscripserat,
2968 2163 3080 2201 una
3144 2164 3275 2202 cum
3326 2148 3503 2218 copiis

1815 2236 2186 2289 auxiliaribus
2221 2234 2567 2287 serenissimi
2623 2235 2780 2288 ducis
2832 2235 3099 2288 Bavariaz.
3137 2236 3200 2289 Et
3230 2236 3369 2289 dum
3400 2236 3507 2289 mi-

1814 2324 1939 2378 lites
1988 2327 2310 2393 pugnarent
2383 2323 2443 2375 in
2497 2321 2696 2392 patriae
2752 2322 3036 2387 conﬁniis,
3090 2323 3210 2391 ipse
3260 2322 3509 2376 interdiu

1815 2418 2124 2481 noctuque,
2148 2411 2397 2480 projecta
2429 2409 2490 2463 in
2530 2415 2737 2463 terram
2783 2410 2945 2475 facie,
2995 2410 3147 2463 velut
3175 2410 3316 2463 alter
3344 2410 3498 2478 Moy-

1817 2517 1923 2564 ses,
1967 2515 2067 2569 pro
2118 2498 2327 2568 populo
2380 2514 2481 2551 suo
2536 2497 2823 2551 orationes
2874 2497 2945 2550 ad
3004 2498 3181 2551 Deum
3213 2496 3507 2551 fundebat.

1818 2587 1883 2639 Et
1914 2588 2067 2655 quod
2112 2586 2180 2639 de
2239 2585 2331 2638 die
2376 2584 2665 2638 interdum
2694 2585 2765 2638 ob
2806 2586 3144 2654 legatorum,
3195 2601 3259 2638 ac
3290 2584 3509 2638 militia:

1817 2674 2235 2744 praefectorum,
2276 2674 2533 2726 euntium
2568 2688 2629 2725 ac
2685 2672 3052 2726 redeuntium
3085 2672 3507 2742 interpellatio-

1818 2778 1935 2828 nes,
2004 2766 2270 2831 praestare
2328 2776 2445 2812 non
2501 2765 2741 2829 poterat,
2779 2760 2966 2813 media
3023 2776 3260 2829 surgens
3323 2765 3505 2825 nocte,

1816 2865 2013 2911 somno
2074 2848 2422 2900 antelucanis
2493 2846 2741 2900 excubiis
2818 2848 3096 2915 majorem
3154 2847 3214 2900 in
3272 2848 3507 2901 modum

1816 2941 2116 3001 coarctato,
2141 2935 2374 3003 integris
2412 2934 2570 2987 horis
2606 2950 2733 2987 cum
2781 2935 2890 2987 Deo
2937 2934 3311 3003 colloquendo
3344 2950 3503 2987 com-

1815 3025 2102 3091 pensabat.
2168 3022 2323 3075 Hisce
2401 3021 2571 3074 armis
2623 3022 2855 3075 devotus
2904 3022 2960 3075 S.
3026 3021 3270 3075 Heinrici
3330 3022 3506 3075 cliens

1818 3112 2112 3164 Ecclesiam
2146 3126 2325 3174 suam,
2357 3113 2475 3162 toto
2508 3108 2800 3178 regiminis
2829 3108 2915 3161 sui
2966 3114 3245 3179 tempore,
3303 3109 3373 3161 ab
3405 3109 3502 3162 ho-

1814 3198 1981 3250 stium
2043 3195 2475 3264 irruptionibus,
2529 3195 3049 3264 depraedationibus
3105 3201 3159 3249 et
3228 3196 3505 3249 incendiis

1814 3285 1980 3354 (quin
2012 3290 2067 3337 et
2096 3301 2125 3337 a
2150 3289 2323 3354 peste,
2352 3299 2478 3353 quae
2507 3287 2673 3336 antea
2701 3283 2945 3353 singulis
2977 3282 3141 3336 annis
3182 3283 3507 3352 Bamberga:

1815 3372 2096 3435 saeviebat)
2126 3371 2368 3424 servavit
2386 3371 2728 3425 immunem.

1885 3463 1971 3514 59.
2000 3480 2021 3509 ι
2084 3460 2427 3528 Supremum
2455 3475 2487 3511 a
2533 3459 2586 3513 S.
2651 3457 2911 3513 Heinrico
2957 3459 3207 3511 favorem
3250 3458 3497 3511 Joannes

1815 3547 2148 3602 Godefridus
2179 3552 2445 3615 expertus
2475 3546 2583 3599 fuit
2638 3552 2769 3600 ante
2819 3551 3062 3599 mortem
3109 3560 3292 3610 suam,
3326 3559 3498 3614 quam

1815 3636 1867 3689 ei
1887 3640 2112 3688 sanctus
2141 3634 2454 3703 imperator
2504 3650 2616 3686 una
2677 3649 2806 3686 cum
2837 3632 3089 3703 virginea
3136 3632 3379 3701 conjuge
3411 3647 3510 3701 ap-

1815 3739 2019 3793 parens
2047 3721 2458 3791 pronuntiavit,
2494 3725 2555 3773 ut
2593 3721 2837 3774 refertur
2874 3719 2934 3772 in
2964 3720 3088 3771 Vita
3120 3717 3509 3787 manuscripts

1817 3811 1984 3879 hujus
2015 3808 2304 3880 principis.
2334 3809 2417 3861 Ab
2451 3824 2517 3860 eo
2548 3812 2804 3877 tempore
2838 3823 2951 3860 non
2977 3806 3168 3860 omisit
3226 3822 3284 3858 se
3334 3821 3508 3875 quam

1817 3897 2231 3951 accuratissime
2262 3896 2327 3949 ad
2386 3896 2603 3949 felicem
2630 3911 2699 3948 ex
2750 3896 2855 3948 hac
2885 3893 2996 3946 vita
3023 3892 3321 3946 transitum
3354 3908 3510 3945 com-

1818 4001 2036 4057 parare.
2069 3986 2208 4038 Tota
2256 3983 2488 4053 quidem
2541 3982 2653 4037 vita
2703 3983 2844 4051 ejus,
2900 3981 3214 4052 praesertim
3244 3996 3417 4050 quam
3449 3978 3511 4033 in

1819 4073 2145 4143 episcopatu
2180 4071 2361 4137 duxit,
2414 4071 2521 4124 fuit
2572 4074 2850 4140 perpetua
2902 4070 2969 4122 ad
3005 4068 3228 4122 beatam
3270 4071 3510 4121 mortem

1821 4160 2160 4231 praeparatio
2196 4175 2208 4213 :
2245 4159 2439 4212 habito
2470 4164 2661 4212 tamen
2691 4158 2901 4212 ccelesti
2927 4157 2996 4210 de
3054 4155 3371 4219 eaindicio,
3408 4171 3510 4206 cu—

1822 4265 1911 4302 ras
1941 4264 2067 4301 suas
2100 4248 2167 4301 ad
2213 4262 2544 4316 supremum
2599 4245 2740 4298 illud
2781 4244 3073 4313 negotium
3113 4242 3294 4310 magis
3322 4242 3512 4295 inten-

1822 4336 1921 4389 dit.
1955 4336 2116 4399 Cum,
2150 4335 2247 4388 illo
2300 4334 2422 4404 ipso
2482 4349 2630 4386 anno
2681 4349 2796 4401 quo
2844 4331 3001 4395 obiit,
3057 4345 3120 4383 ex
3178 4328 3509 4399 praescripto

1825 4423 2197 4487 medicorum,
2270 4422 2329 4475 in
2400 4437 2526 4474 arce
2584 4417 3084 4482 Waldaschacensi,
3125 4415 3510 4469 instaurandis

1824 4510 2135 4564 valetudini
2192 4514 2432 4571 vacaret,
2495 4512 2610 4559 toto
2661 4523 2726 4559 eo
2768 4512 3044 4573 tempore,
3112 4502 3226 4555 sive
3286 4501 3509 4571 publice

1822 4598 1937 4651 sive
1993 4596 2259 4665 privatim
2320 4595 2599 4664 panderet
2661 4599 2761 4645 aut
2833 4595 3098 4655 casnaret,
3161 4590 3282 4658 ejus
3346 4591 3509 4659 jussu

1822 4700 2047 4753 semper
2137 4683 2343 4752 aliquis
2409 4700 2437 4734 e
2494 4678 2853 4734 cubiculariis
2920 4678 3174 4731 libellum
3253 4675 3513 4729 Jeremia:

1828 4770 2065 4824 Drexelii
2093 4771 2147 4825 S.
2181 4771 2227 4823 J.
2260 4769 2328 4823 de
2388 4768 2705 4821 aeternitate
2754 4765 3120 4836 praelegebat,
3164 4778 3336 4835 quem
3361 4769 3512 4817 tem-

1822 4874 1958 4927 pore
1990 4858 2086 4911 illo
2118 4862 2301 4910 totum
2364 4855 2531 4909 tertio
2579 4854 2876 4925 percurrit.
2933 4854 3157 4908 Interea
3188 4867 3339 4919 vero,
3372 4852 3512 4904 dum

1822 4951 1919 5019 aut
1942 4944 2160 4999 balneis
2188 4950 2445 4997 uteretur
2497 4946 2594 4996 aut
2648 4942 2948 4995 sudoribus
3014 4939 3309 4993 eliciendis
3364 4952 3518 4990 vaca-

1821 5038 1927 5101 ret,
1960 5032 2084 5087 aliis
2114 5032 2219 5103 piis
2241 5032 2467 5097 libellis,
2523 5030 2883 5101 potissimum
2914 5027 3167 5082 historiis
3224 5025 3293 5079 de
3345 5025 3515 5076 rebus

1821 5121 1991 5192 gestis
2021 5126 2346 5175 sanctorum
2380 5120 2653 5189 legendis,
2685 5118 2943 5171 animum
2989 5113 3296 5168 relaxabat.

1891 5211 1977 5263 60.
2014 5227 2041 5259 ‹‹
2080 5208 2306 5262 Memini
2330 5207 2503 5261 fuisse
2562 5205 2661 5275 qui
2691 5206 2751 5259 in
2786 5220 2913 5257 mea
2967 5199 3270 5272 praesentia
3301 5197 3353 5251 ei
3385 5212 3514 5249 sua-

1821 5296 1980 5350 deret
2010 5312 2097 5349 res
2128 5296 2313 5366 potius
2350 5294 2634 5364 jucundas
2692 5308 2863 5363 quam
2922 5290 3145 5343 tetricas
3184 5291 3240 5340 et
3295 5285 3516 5337 melan-

1822 5383 2065 5438 cholicas
2086 5384 2155 5437 de
2201 5387 2403 5448 morte,
2433 5382 2503 5436 de
2532 5380 2780 5444 inferno,
2824 5379 2893 5432 de
2932 5376 3161 5430 aeternis
3217 5372 3509 5426 damnato-

1823 5486 1948 5524 rum
2015 5471 2217 5540 pmnis,
2286 5470 2367 5522 illi
2427 5468 2674 5537 tempori
2722 5463 3025 5519 convenire
3071 5475 3183 5532 quo
3252 5457 3515 5512 valetudo

1818 5564 2077 5611 curatur:
2132 5558 2460 5627 respondit:
2513 5556 2637 5609 Scio
2685 5570 2774 5608 me
2815 5550 2967 5604 brevi
3017 5549 3381 5603 moriturum.
3415 5546 3509 5599 Sto
