3976 6398
1654 346 1710 399 8.
1755 346 2040 402 HENRICI
2082 345 2557 402 IMPERATORIS

3775 354 3790 402 t
3808 352 3878 401 3345

342 471 476 520 ante
495 465 736 536 januam
781 466 1138 532 aeternitatis,
1189 471 1296 519 etc.
1334 467 1434 521 lllo
1476 467 1601 537 ipso
1647 471 1906 538 tempore
1947 483 2052 522 saa-
2087 469 2128 521 Λ
2165 475 2267 532 ret,
2300 469 2523 524 dicebat
2557 469 2866 542 Episcopus
2896 487 2910 526 :
2944 487 3061 525 non
3093 471 3250 526 soleo
3279 473 3512 544 quidem
3536 473 3690 528 dicta
3719 489 3877 527 mea.

342 554 475 624 pius
503 555 574 609 de
605 561 790 609 morte
824 571 946 618 sua,
980 571 1154 625 quam
1194 554 1438 608 vicinam
1489 556 1792 626 aliquoties
1826 555 2050 610 dictita-

343 642 459 709 bat,
508 648 566 698 et
612 643 682 698 de
745 643 1118 712 dispositione
1182 644 1402 698 ultimas
1468 643 1773 698 voluntatis
1824 660 2049 698 mecum

343 732 566 803 agebat.
589 732 820 787 Similia
849 737 906 786 et
926 747 1237 802 pronuper,
1280 731 1726 785 Lanckhemium
1775 733 1842 786 ad
1877 732 2048 786 bene-

343 821 654 874 dictionem
706 820 924 874 domini
965 820 1183 875 abbatis
1241 820 1453 886 eundo,
1500 825 1554 873 et
1603 819 1919 885 redeundo,
1945 821 2050 874 soli

343 925 535 962 secum
593 909 653 962 in
726 924 898 962 curru
977 908 1219 976 sedenti,
1295 909 1447 962 ultro
1501 907 1850 973 insinuabat,
1933 925 2050 962 cer-

342 1001 467 1051 tum
496 1013 754 1050 asserens
785 1013 898 1051 non
929 997 1028 1051 diu
1061 1013 1120 1050 se
1156 996 1435 1050 victurum
1467 1014 1483 1060 ;
1533 1001 1609 1061 et,
1656 996 1716 1050 ni
1750 1002 2049 1051 maturan-

341 1085 480 1139 dum
513 1090 659 1139 esset
688 1085 794 1139 iter
842 1085 1279 1149 Ratishonense,
1320 1084 1461 1137 nihil
1502 1085 1656 1138 aliud
1707 1085 1912 1138 diebus
1942 1084 2046 1138 ali-

341 1178 481 1244 quot
527 1173 920 1228 factitaturum
970 1188 1144 1243 quam
1195 1171 1394 1226 domui
1447 1188 1564 1226 suae
1606 1172 2044 1242 dispositurum,

340 1267 615 1332 tanquam
647 1263 801 1315 brevi
852 1261 1220 1323 moriturum,
1258 1260 1488 1330 Vesperi
1520 1265 1649 1314 ante
1681 1261 1900 1314 abitum
1933 1262 2045 1316 Ra-

339 1349 624 1403 tisbonam
657 1365 871 1412 versus,
907 1365 1020 1419 quo
1078 1365 1210 1402 eum
1247 1349 1325 1409 ad,
1360 1348 1591 1402 comitia
1621 1349 1858 1404 Caesaris
1907 1350 2047 1404 obe-

338 1437 572 1502 dientia,
605 1442 663 1490 et
691 1437 999 1506 singularis
1045 1452 1209 1490 amor
1250 1442 1424 1506 atque
1477 1437 1836 1491 observantia
1879 1454 2042 1492 voca-

337 1526 455 1590 bat,
496 1541 720 1579 summo
749 1542 918 1579 mane
947 1525 1140 1579 itineri
1169 1541 1229 1578 se
1261 1525 1517 1589 daturus,
1550 1525 1694 1579 mihi
1723 1525 2044 1579 valedicens

338 1613 586 1668 dicebat:
622 1613 953 1667 Videbimus
997 1629 1100 1666 nos
1131 1597 1330 1667 mutuo
1364 1631 1377 1679 ;
1429 1613 1476 1666 si
1506 1629 1618 1667 non
1647 1612 1760 1681 hic,
1807 1614 1923 1667 Deo
1957 1619 2044 1667 ta—

337 1717 471 1756 men
500 1702 688 1766 dante,
721 1703 780 1754 in
803 1702 977 1756 caelis.

361 1819 367 1824 -
408 1791 542 1844 61..-
582 1791 654 1844 Ex
714 1790 802 1842 his
853 1789 1047 1860 colligi
1095 1793 1283 1860 potest
1335 1790 1618 1844 Joannem
1673 1789 2044 1843 Godefridum

338 1878 407 1932 de
445 1878 786 1931 imminente
817 1894 920 1931 sua
961 1883 1146 1931 morte
1189 1877 1276 1930 bis
1307 1877 1479 1930 fuisse
1505 1877 1728 1931 coalitus
1784 1877 2042 1932 admoni-

335 1970 458 2020 tum
484 1982 497 2019 :
531 1967 707 2020 semel
733 1971 864 2019 ante
883 1970 1211 2034 susceptum
1235 1965 1341 2018 iter
1362 1965 1791 2032 Ratisbouense,
1812 1965 2044 2036 quando

339 2055 523 2108 solum
570 2054 857 2108 intellexit
903 2059 1152 2107 mortem
1199 2068 1360 2106 suam
1406 2069 1529 2106 esse
1558 2053 1802 2107 vicinam
1835 2053 2046 2123 absque

337 2147 489 2196 certa
519 2142 796 2211 temporis
843 2140 1322 2195 determinatione
1364 2157 1376 2194 :
1411 2141 1589 2194 altera
1623 2141 1738 2194 vice
1780 2141 2046 2195 Ratisbo-

338 2245 454 2295 me,
484 2229 585 2283 ubi
642 2230 880 2300 insuper
933 2229 1202 2299 cognovit
1258 2245 1314 2282 se
1347 2229 1688 2283 moriturum
1721 2234 1853 2283 ante
1885 2230 2048 2283 novi-

339 2318 477 2371 anni
507 2317 776 2371 initium:
810 2317 866 2370 id
900 2317 1052 2387 quod
1079 2317 1274 2371 multis
1305 2322 1435 2371 ante
1466 2317 1664 2371 diebus
1690 2317 1838 2386 apud
1863 2319 2048 2372 diver-

341 2423 432 2459 sos
452 2405 663 2474 saapius
695 2406 999 2460 afﬁrmavit
1031 2405 1338 2475 ;jussitque
1359 2411 1618 2472 proterea
1641 2410 2047 2460 testamentum

341 2509 512 2547 suum
538 2494 856 2562 Bamberga
890 2493 1262 2548 Ratisbonam
1293 2494 1500 2547 alferri.

413 2585 502 2635 62.
539 2600 566 2632 α
611 2581 787 2634 Porro
820 2581 966 2634 hanc
1017 2581 1512 2636 denuntiationem
1537 2575 1544 2582 ’
1570 2581 1653 2635 illi
1700 2582 1905 2636 factam
1929 2598 2050 2636 esse

343 2669 673 2724 Ratisbonze
703 2686 734 2722 a
789 2669 882 2724 SS.
922 2669 1187 2723 Heinrico
1220 2674 1276 2724 et
1324 2669 1682 2739 Cunigunde,
1719 2670 1962 2724 habetur
1991 2670 2051 2724 in

344 2759 470 2810 Vita
501 2758 679 2827 ipsius
701 2757 1108 2828 manuscripta.
1153 2758 1347 2828 Neque
1405 2758 1616 2811 mirum
1668 2757 1935 2828 cuiquam
1971 2757 2050 2810 vi-

347 2845 470 2900 deri
507 2846 676 2900 debet
725 2845 878 2915 quod
925 2845 1114 2900 Sancti
1171 2845 1229 2899 hi
1271 2845 1505 2899 Patroni
1559 2851 1675 2899 tam
1707 2846 2049 2916 exquisitam

344 2950 536 2988 curam
570 2934 853 3004 gesserint
901 2933 972 2987 de
1027 2933 1251 2986 clientis
1309 2933 1398 2986 sui
1454 2933 1606 2988 felici
1672 2948 1738 2986 ex
1796 2933 1900 2986 hac
1937 2933 2052 2984 vita

340 3022 582 3076 transitu
608 3042 622 3088 ;
653 3021 788 3092 quia
819 3021 914 3076 ille
945 3021 1501 3092 specialemillorum
1535 3022 1788 3075 favorem
1813 3019 2046 3089 speciali
2079 3029 2119 3082 (ς

341 3110 528 3163 studio
561 3110 856 3179 virginalis
888 3110 1262 3174 castimoniae,
1313 3116 1613 3178 tantopere
1665 3109 1736 3162 ab
1787 3109 1899 3161 illis
1931 3109 2054 3162 ada-

345 3202 535 3261 matie,
575 3198 927 3267 promeritus
955 3197 1086 3252 fuit.
1121 3199 1276 3250 Hanc
1306 3197 1460 3250 enim
1493 3213 1608 3250 non
1643 3198 1829 3249 solum
1861 3196 1920 3248 in
1951 3213 2054 3249 sua

345 3284 750 3349 adolescentia,
803 3290 866 3338 ut
922 3301 1097 3353 supra
1153 3285 1400 3338 relatum
1449 3285 1574 3350 fuit,
1629 3285 1724 3338 sed
1777 3284 1947 3337 etiam
1993 3283 2052 3336 in

346 3373 518 3426 totius
568 3373 698 3426 vitae
746 3389 864 3425 sum
923 3373 1164 3426 decursu
1223 3378 1420 3426 contra
1465 3372 1692 3441 quasvis
1755 3372 1941 3425 carnis
1997 3377 2054 3424 et

346 3467 562 3514 satanae
619 3461 967 3514 tentationes
1025 3460 1231 3514 invicte
1281 3466 1498 3514 tutatus
1546 3466 1647 3513 est.
1691 3460 1839 3524 Quin
1890 3467 1946 3513 et
1991 3458 2053 3512 il-

345 3548 622 3602 lustribus
661 3548 995 3602 castissima:
1029 3548 1158 3601 vita:
1190 3565 1306 3600 suae
1351 3548 1648 3616 exemplis,
1708 3547 2051 3617 quibusdam

347 3653 378 3690 e
441 3637 670 3691 L-utheri
721 3643 873 3690 secta
923 3636 1202 3706 persuasit
1257 3637 1368 3690 ﬁde
1425 3636 1662 3707 dignum
1720 3652 1842 3688 esse
1898 3636 2051 3705 quod

345 3726 418 3780 SS
467 3725 760 3778 Heinricus
783 3731 841 3778 et
893 3725 1255 3794 (lunegundis
1313 3724 1370 3778 in
1429 3723 1694 3794 conjugio
1752 3724 1872 3794 pari
1919 3740 2052 3777 con-

346 3829 517 3866 sensu
547 3814 888 3882 virginalem
947 3812 1355 3867 continentiam
1401 3812 1767 3876 servaverint,
1813 3812 1865 3864 id
1900 3812 2052 3881 quod

345 3900 608 3954 homines
661 3903 812 3953 ultra
842 3917 1072 3954 carnem
1130 3901 1211 3953 nil
1265 3900 1550 3969 sapientes
1580 3907 1856 3968 tanquam
1883 3901 2050 3953 fabu-

347 3989 528 4042 losum
572 3989 926 4055 rejiciebant,
977 3988 1362 4041 adscribentes
1415 3994 1637 4040 natura:
1687 3987 1972 4040 sterilitati
1998 3992 2055 4040 et

347 4076 709 4146 impotentia:
738 4076 892 4145 quod
925 4075 1120 4128 virtuti
1162 4081 1219 4127 et
1257 4075 1454 4143 gratiae
1508 4074 1878 4128 tribuendum
1909 4084 2048 4128 erat.

346 4146 644 4218 Jactabant
671 4163 927 4233 insuper,
959 4179 1028 4216 ne
1059 4162 1293 4233 quidem
1326 4163 1666 4230 sacerdotes,
1721 4164 1900 4217 multo
1941 4164 2053 4216 mi-

347 4267 456 4304 nus
478 4252 748 4320 conjuges
781 4268 944 4321 posse
975 4267 1096 4304 esse
1125 4251 1504 4304 continentes.

423 4343 510 4394 63.
543 4359 568 4389 ι(
597 4340 658 4393 1η
689 4339 836 4393 hanc
862 4355 983 4392 rem
1009 4339 1383 4394 memorabile
1422 4338 1558 4410 quid
1591 4339 1765 4393 refert
1805 4341 2051 4393 Joannes

346 4425 528 4480 Seller
555 4425 680 4480 Sec.
729 4426 860 4479 Jesu
901 4426 1269 4479 concionator
1313 4425 1652 4479 cathedralis
1705 4426 2049 4494 Ratisbonaa,

339 4513 404 4565 in
438 4513 710 4567 concione
736 4515 967 4568 funebri
1008 4531 1180 4584 quam
1213 4515 1425 4569 ibidem
1488 4514 1689 4568 habuit
1738 4515 1806 4569 de
1833 4516 2051 4569 Joanne

345 4601 672 4661 Godefrido.
723 4608 983 4672 tempore
1033 4603 1423 4667 comitiorum,
1467 4620 1542 4657 xu
1599 4604 1856 4669 Januar.,
1903 4619 2052 4656 anno

343 4705 602 4743 uncxxm.
638 4691 776 4744 Cum
812 4691 1082 4760 Princeps
1122 4692 1357 4762 quidam
1414 4691 1766 4744 acatholicus
1795 4696 2055 4744 cerneret

344 4777 493 4847 quod
517 4778 806 4842 Johannes
829 4780 1166 4833 Godefridus
1217 4779 1663 4833 abominabilem
1717 4779 2054 4833 clericorum

343 4863 812 4928 concubinatum,
851 4865 1286 4936 libidinoszeque
1349 4869 1479 4921 vita:
1542 4867 1829 4921 licentiam
1865 4867 1922 4920 in
1953 4884 2056 4920 sua

345 4951 573 5006 dioecesi
605 4951 1046 5020 implacabiliter
1104 4954 1502 5019 insectaretur,
1553 4961 1610 5008 et
1639 4955 2055 5026 incorrigibiles

343 5037 630 5108 parochiis
662 5044 715 5091 et
766 5038 1056 5093 beneﬁciis
1113 5041 1447 5110 privaret,et
1472 5057 1502 5095 e
1545 5041 1772 5096 diaecesi
1803 5042 2053 5097 dimitte-

343 5132 452 5190 ret,
489 5125 544 5178 in
574 5125 842 5178 familiari
872 5141 1001 5179 cum
1055 5127 1332 5197 Episcopo
1391 5144 1695 5198 congressu
1747 5131 2052 5184 contende-

345 5213 445 5268 bat
474 5213 860 5267 sacerdotibus
905 5215 1358 5284 permittendum
1417 5232 1539 5270 esse
1581 5217 1940 5286 conjugium,
1988 5234 2054 5272 eo

346 5301 496 5372 quod
558 5301 670 5355 illis
721 5301 1074 5372 impossibile
1125 5307 1271 5356 esset
1336 5319 1563 5357 servare
1619 5305 2052 5370 continentiam,

346 5388 657 5458 Episcopus
687 5396 919 5444 econtra
949 5389 1132 5443 ﬁrmis
1185 5389 1506 5446 rationibus
1537 5392 1899 5456 ostendebat,
1923 5409 2055 5447 cum

348 5475 543 5530 divina
597 5478 781 5545 gratia
833 5478 888 5531 id
938 5493 1059 5531 esse
1089 5478 1382 5546 possibile.
1440 5479 1546 5533 Sed
1602 5495 1730 5533 cum
1789 5483 2055 5551 princeps

336 5564 700 5617 aratholieus
757 5567 914 5618 nullo
945 5567 1001 5618 id
1035 5566 1142 5619 sibi
1188 5575 1528 5633 argumento
1560 5569 1890 5637 persuaderi
1912 5570 2057 5623 siue-

2157 559 2486 628 juramento
2521 558 2752 613 ﬁrmare
2781 579 2798 625 ;
2829 561 2932 613 hac
2961 565 3154 614 tamen
3193 561 3335 627 vice,
3365 562 3703 616 sacerdotali
3743 580 3884 616 mea

2161 648 2274 702 ﬁde
2313 653 2371 701 et
2417 647 2694 718 dignitate
2741 663 3000 702 assevero
3059 649 3330 718 possibile
3374 666 3520 718 esse,
3592 666 3696 720 per
3772 651 3878 704 Dei

2158 735 2424 805 gratiam,
2456 741 2609 788 caste
2640 735 2828 789 vivere
2880 753 2892 787 :
2925 735 3142 806 quippe
3182 737 3426 807 ipsemet
3451 754 3583 808 ego,
3614 754 3718 807 per
3741 754 3881 791 om-

2160 837 2293 874 nem
2317 821 2494 874 vitam
2527 837 2731 885 meam,
2768 837 3067 890 nunquam
3117 823 3392 876 feminam
3425 824 3629 892 attigi;
3681 840 3881 893 neque

2156 909 2226 963 ad
2263 909 2319 963 id
2361 909 2657 962 stimulum
2691 908 2863 962 sensi.
2924 909 3194 979 Princeps
3238 911 3590 964 acatholicus
3622 927 3882 982 percon-

2157 1001 2284 1051 tans
2313 998 2550 1050 aiebat:
2611 1001 2698 1051 An
2753 1013 2883 1050 vere
2933 999 3010 1050 ita
3069 1014 3128 1050 se
3188 997 3362 1054 habet
3405 999 3559 1069 quod
3635 999 3879 1053 dilectio

2154 1090 2342 1138 vestra
2371 1085 2442 1140 de
2500 1100 2558 1138 se
2616 1085 2920 1138 afﬁrmat?
2968 1086 3109 1139 Vere
3166 1085 3245 1139 ita
3279 1102 3337 1140 se
3387 1087 3580 1150 habet,
3613 1089 3882 1157 reposuit

2158 1173 2467 1243 Episcopus
2499 1190 2512 1237 ;
2549 1173 2718 1244 idque
2749 1173 2941 1227 denuo
3000 1190 3125 1226 mea
3186 1174 3500 1245 episcopali
3531 1175 3643 1229 tide
3677 1183 3878 1230 sancte

2153 1278 2434 1315 assevero.
2469 1261 2800 1315 Commotus
2859 1261 3062 1315 intime
3121 1263 3227 1316 hoc
3280 1278 3546 1317 sermone
3599 1264 3874 1334 princeps

2152 1350 2520 1414 acatholicus,
2577 1350 2811 1403 Joannis
2842 1350 3135 1404 Codefridi
3192 1350 3484 1420 virgineas
3515 1368 3719 1406 manus
3777 1368 3874 1406 re-

2153 1443 2416 1492 verenter
2443 1437 2801 1492 deosculatus
2851 1437 2979 1504 fuit,
3038 1455 3154 1493 una
3184 1443 3508 1494 contestans
3546 1440 3714 1493 hasce
3743 1456 3872 1494 ma-

2152 1542 2259 1580 nus
2286 1526 2489 1596 dignas
2519 1541 2639 1579 esse
2660 1541 2789 1596 quae
2813 1526 3154 1580 sacriﬁcium
3188 1527 3448 1581 offerant.

2223 1617 2309 1668 64.
2349 1637 2369 1661 ι
2414 1614 2654 1667 Demum
2682 1613 3025 1684 virginalem
3041 1615 3466 1680 castimoniam,
3495 1631 3666 1684 quam
3687 1617 3877 1670 Joan-

2153 1718 2256 1756 nes
2279 1701 2616 1757 Godefridus
2647 1701 2753 1756 sub
2809 1701 3078 1756 clientela
3132 1703 3227 1758 SS.
3293 1703 3542 1758 lleinrici
3585 1709 3644 1756 et
3673 1704 3876 1758 Cune-

2156 1789 2388 1857 gundis,
2430 1789 2488 1843 in
2523 1790 2922 1844 adolescentia
2976 1795 3032 1844 et
3089 1791 3327 1860 reliqum
3386 1791 3517 1845 vitae
3572 1791 3874 1862 periculis,

2155 1880 2312 1933 velut
2331 1878 2390 1931 in
2419 1877 2610 1932 medio
2639 1878 2891 1932 fornacis
2956 1878 3333 1948 Babylonica,
3389 1878 3625 1933 illmsam
3653 1895 3718 1932 ac
3747 1879 3880 1933 sine

2156 1966 2306 2036 ignis
2385 1967 2558 2020 odore
2614 1966 2990 2033 conservavit,
3053 1967 3342 2031 eamdem,
3375 1967 3479 2021 sub
3531 1967 3878 2022 earumdem

2156 2056 2490 2108 Sanctorum
2574 2054 2917 2124 patrocinio,
2995 2054 3238 2108 feliciter
3306 2053 3598 2109 aeternitas
3653 2054 3878 2108 intulit.

2157 2143 2265 2196 Vos
2298 2143 2472 2212 ipsos,
2505 2142 2696 2212 inquit
2719 2143 3005 2196 Fornerus
3037 2142 3099 2196 in
3153 2143 3432 2196 concione
3463 2142 3693 2197 funebri
3719 2143 3884 2196 Bamo

2156 2230 2349 2300 bergee
2384 2230 2597 2294 habita,
2629 2236 2913 2301 quotquot
2943 2230 3036 2285 hic
3065 2231 3294 2298 adestis,
3332 2236 3506 2285 testes
3537 2231 3760 2295 invoco,
3802 2246 3883 2284 an

2159 2335 2273 2372 non
2306 2319 2494 2372 omnis
2531 2318 2656 2387 ejus
2684 2319 2800 2372 vita
2851 2319 3127 2372 eximium
3183 2319 3460 2372 castitatis
3511 2319 3884 2373 sacerdotalis

2159 2408 2453 2476 speculum
2486 2407 2663 2477 possit
2705 2407 3050 2484 appellan’K‘.’
3105 2408 3230 2461 Non
3288 2407 3543 2461 dubitate
3603 2407 3883 2462 eumdem

2160 2495 2312 2548 hunc
2371 2494 2756 2548 castissimum
2811 2496 3124 2548 Praasulem
3176 2495 3461 2549 illibatum
3529 2494 3881 2564 virginitatis

2160 2583 2383 2647 ﬂorem,
2417 2583 2470 2636 id
2504 2583 2655 2651 quod
2693 2582 2834 2635 mihi
2878 2583 2937 2636 in
2999 2583 3204 2635 ultimo
3233 2581 3421 2636 adhuc
3453 2581 3682 2646 itinere,
3716 2581 3878 2650 quod

2160 2688 2289 2724 cum
2321 2671 2443 2741 ipso
2473 2670 2693 2739 peregi,
2724 2676 2788 2724 ut
2819 2671 2959 2724 alias
2988 2671 3218 2741 sapius,
3270 2669 3644 2732 concredidit,
3675 2684 3880 2722 secum

2160 2775 2224 2813 ex
2259 2759 2364 2812 hac
2396 2757 2589 2811 vitain
2623 2759 2865 2812 alteram
2897 2758 3054 2811 illam
3089 2758 3156 2812 ad
3192 2757 3399 2812 Christi
3439 2757 3640 2810 aeterni
3662 2756 3883 2826 judicis

2159 2845 2412 2901 tribunal
2448 2847 2600 2899 haub
2651 2847 2824 2900 dubie
2857 2854 3250 2916 asportasse...
3291 2829 3573 2915 Pugnavit
3613 2845 3882 2898 animose

2161 2936 2370 2989 nobilis
2389 2934 2597 2988 Christi
2631 2935 2847 2988 athleta
2903 2941 2962 2988 et
3010 2934 3178 2988 heros
3234 2935 3482 2988 Joannes
3510 2932 3879 2997 Godefridus,

2159 3029 2213 3076 et
2244 3023 2490 3092 gloriose
2520 3022 2916 3091 triumphavit,
2954 3029 3011 3076 et
3057 3022 3401 3091 virginitatis
3447 3021 3765 3085 aureolam,
3799 3021 3884 3074 in-

2164 3116 2321 3178 tegra
2349 3125 2518 3162 carne
2549 3116 2604 3162 et
2631 3110 2924 3175 membris,
2961 3113 3024 3162 ut
3054 3110 3314 3180 loquitur
3365 3109 3419 3164 8.
3457 3110 3872 3179 Hieronymus.

2163 3197 2486 3265 reportavit.

2259 3289 2344 3338 65.
2385 3307 2405 3331 α
2461 3284 2615 3338 Obiit
2691 3284 3108 3338 Iaudatissimus
3194 3283 3466 3354 Princeps
3549 3282 3882 3337 Ratisbonm

2161 3388 2284 3425 XXIX
2327 3373 2590 3426 Decemb.
2627 3389 2778 3425 anno
2833 3389 3076 3438 uucxxu,
3111 3372 3231 3442 qui,
3288 3373 3393 3434 uti,
3427 3389 3456 3424 a
3487 3371 3578 3426 SS.
3621 3371 3880 3440 impera-

2161 3460 2380 3514 toribus
2421 3460 2684 3514 Heinrico
2715 3466 2772 3514 et
2820 3460 3170 3530 Cunegunde
3215 3459 3687 3513 extraordinariis
3716 3459 3881 3512 favo-

2161 3549 2337 3608 ribus.
2369 3549 2429 3601 in
2460 3549 2573 3601 vita
2619 3555 2676 3601 et
2705 3555 2887 3602 morte
2945 3554 3184 3602 ornatus
3227 3548 3337 3602 fuit
3370 3549 3446 3601 ita
3480 3547 3882 3612 veneratione,

2160 3643 2420 3706 tempore
2451 3636 2602 3701 vitae,
2637 3637 2848 3690 sanctis
2898 3636 3159 3706 patronis
3207 3636 3459 3690 exhibita
3491 3652 3604 3689 non
3633 3641 3883 3688 conten-

2161 3730 2274 3789 tus,
2314 3725 2493 3777 voluit
2531 3725 2700 3778 etiam
2745 3725 2916 3778 funus
2971 3740 3138 3777 suum
3171 3731 3394 3778 exstare
3436 3740 3554 3776 suae
3584 3738 3721 3788 erga
3748 3723 3887 3776 illos

2160 3813 2494 3866 reverentiae
2529 3817 2992 3866 monumentum.
3042 3813 3182 3866 Nam
3215 3811 3578 3866 humillimus
3606 3811 3888 3882 Princeps

2160 3901 2448 3954 aestimans
2483 3918 2540 3954 se
2601 3901 2904 3970 indignum
2972 3900 3268 3954 communi
3330 3915 3459 3954 cum
3509 3899 3727 3954 Sanctis
3765 3899 3890 3953 illis

2161 3989 2474 4058 sepultura,
2517 3989 2689 4058 jussit
2733 3989 2963 4058 quidem
2999 4005 3205 4058 corpus
3235 4004 3402 4042 suum
3434 3987 3660 4041 humari
3691 3987 3751 4040 in
3777 4003 3888 4040 ca-

2161 4077 2406 4130 thedrali
2466 4077 2894 4146 Bambergensi,
2948 4094 3064 4130 non
3093 4083 3285 4130 tamen
3334 4077 3395 4129 in
3450 4075 3576 4145 ipsa
3619 4076 3885 4136 ecclesia,

2163 4165 2259 4218 ubi
2295 4164 2484 4219 Sancti
2538 4165 2929 4236 quiescebant,
2988 4165 3082 4219 sed
3116 4165 3316 4219 subtus
3369 4180 3516 4228 eam,
3551 4164 3606 4216 in
3635 4164 3891 4218 obscura

2161 4259 2358 4323 crypta
2415 4269 2544 4323 quae
2576 4259 2662 4306 est
2711 4253 2814 4307 sub
2872 4254 3047 4307 choro
3097 4254 3152 4307 S.
3207 4253 3432 4322 Georgii
3491 4251 3772 4322 martyris,
3805 4253 3883 4307 ad

2163 4356 2333 4412 quem
2367 4341 2596 4406 deinde,
2637 4357 2788 4396 anno
2815 4358 3085 4406 uocum,
3118 4342 3458 4396 Sanctorum
3485 4340 3718 4393 illorum
3749 4356 3888 4394 ossa

2159 4429 2432 4483 translata
2455 4429 2708 4483 luerunt.
2741 4431 2845 4484 Sed
2894 4433 3043 4485 Deus
3096 4431 3375 4484 humilem
3426 4444 3654 4482 servum
3704 4445 3883 4484 suum

2163 4516 2407 4571 vicissim
2441 4516 2501 4571 in
2541 4518 2788 4571 exanimi
2817 4519 2942 4588 ejus
2974 4534 3214 4589 corpore
3271 4518 3551 4572 honorare
3605 4517 3887 4587 dignatus

2161 4610 2263 4660 est.

2233 4697 2328 4750 66.
2367 4714 2394 4744 α
2426 4696 2564 4748 Nam
2598 4710 2725 4748 cum
2773 4694 2917 4748 illud
2953 4712 3019 4749 xv
3065 4694 3269 4748 diebus
3323 4696 3452 4764 post
3481 4695 3751 4753 mortem.
3787 4694 3886 4747 ni-

2163 4781 2375 4835 mirum
2407 4799 2480 4836 xu
2509 4783 2764 4836 Januarii
2819 4783 2954 4836 anni
2989 4799 3226 4836 uocxxm
3283 4782 3418 4851 (quo
3468 4780 3560 4834 die
3610 4781 3890 4835 solennes

2162 4869 2314 4924 illius
2347 4872 2654 4940 exsequiae,
2685 4871 2742 4924 in
2769 4871 3075 4940 prmsentia
3133 4885 3435 4940 procerum
3472 4869 3722 4936 Imperii,
3760 4870 3890 4924 Ba—

2161 4958 2404 5012 tisbonze
2464 4958 2521 5012 in
2579 4960 2799 5030 capella
2828 4961 3084 5014 Caesarea
3138 4958 3438 5013 celebratae
3493 4958 3642 5023 sunt)
3675 4956 3890 5012 habitu

2161 5046 2468 5118 episcopali
2499 5046 2784 5109 indutum,
2847 5047 2905 5100 in
2932 5047 3130 5101 tumba
3161 5048 3400 5110 elevata,
3444 5045 3708 5098 omnium
3741 5061 3892 5102 con-

2161 5135 2380 5204 spectui
2405 5141 2810 5204 exponeretur,
2843 5134 3015 5188 facies
3068 5135 3191 5205 ejus
3219 5138 3336 5187 tota
3384 5133 3574 5186 vivida
3610 5137 3668 5185 et
3718 5133 3891 5187 rubi-

2161 5222 2349 5276 cunda
2380 5223 2670 5293 apparuit,
2702 5239 2818 5277 non
2873 5239 3033 5277 secus
3064 5240 3130 5278 ac
3167 5223 3214 5276 si
3257 5222 3441 5276 adhuc
3487 5226 3608 5274 tum
3640 5220 3889 5276 viveret.

2164 5312 2250 5364 Ita
2279 5315 2522 5364 testatur
2589 5312 2974 5381 protocollum
3032 5311 3370 5366 historicum
3428 5308 3584 5363 urbis
3615 5308 3891 5364 Ratisbo-

2163 5400 2355 5452 neusis
2385 5401 2456 5453 de
2481 5415 2633 5454 anno
2684 5417 2903 5455 nocxxu
2961 5406 3017 5454 et
3047 5417 3333 5477 _MDCXXltl.
3374 5401 3437 5452 Et
3491 5413 3621 5460 cum
3666 5398 3890 5463 deinde

2163 5502 2256 5542 sex
2291 5487 2387 5541 alii
2422 5487 2556 5541 dies
2603 5488 3038 5550 insuwerentur
3083 5489 3311 5558 corpori
3342 5487 3466 5556 ejus
3498 5487 3888 5558 Bambergam

2158 5574 2516 5640 devehenda,
2554 5575 2652 5627 ubi
2692 5578 2924 5630 demum
2954 5577 3045 5630 die
3077 5594 3161 5629 xux
3205 5562 3480 5631 Januarii.
3510 5579 3680 5626 terrai
3715 5592 3890 5642 man-
