3976 6414
87 364 166 411 :57
1734 360 1771 411 Α

3500 360 3593 409 Iba

78 484 262 533 datum
296 479 424 547 fuit,
468 480 710 534 retinuit
740 481 1001 535 eamdem
1032 480 1301 551 gratiam,
1336 480 1418 533 uti
1451 479 1769 535 Fridericus
1801 482 1845 533 Α
1883 480 2143 534 omnium
2190 477 2405 548 linguis
2436 494 2499 530 ac
2550 476 2754 531 litteris
2808 476 3237 531 celebrandum.
3273 476 3590 531 Intuebun-

80 570 370 636 Fornerus,
402 570 669 624 oculatus
702 570 879 635 testis,
916 586 1047 641 pag.
1094 586 1183 624 ιιι
1215 574 1500 623 asseverat
1530 569 1724 622 dicens
1760 584 1772 621 :

79 655 191 709 Non
223 666 461 709 mortuo
486 657 710 721 similis,
734 658 827 711 sed
853 657 1193 725 dormienti,
1210 656 1527 726 jucundam
1551 671 1778 725 semper

76 754 121 797 et
150 744 569 799 vivacissiniam
597 747 799 799 faciem
851 752 980 818 post
1018 750 1103 799 tot
1142 746 1366 799 dierum
1397 744 1606 799 itinera
1637 745 1785 797 reti-‘

76 849 207 886 nens
233 850 420 904 usque
450 836 523 887 ad
559 837 761 889 horam
791 837 1121 906 sepulturae.

139 924 223 973 67.
282 944 304 970 ι
361 924 558 977 Talem
616 931 976 977 venustatem
1040 924 1283 977 contulit
1344 924 1493 977 Deus
1547 922 1778 993 corpori

76 1009 316 1062 exanimi
368 1011 605 1063 Joannis
647 1012 961 1079 Godefridi,
1006 1011 1159 1082 quod
1209 1010 1307 1065 ille
1368 1010 1428 1064 in
1472 1010 1631 1077 vivis,
1696 1014 1780 1063 tot

76 1098 501 1167 asperitatibus,
528 1104 613 1153 tot
644 1100 873 1171 vigiliis,
901 1105 985 1154 tot
1005 1099 1246 1170 jejuniis
1278 1100 1337 1153 in
1364 1115 1512 1168 pane
1544 1105 1601 1153 et
1630 1115 1779 1168 aqua

77 1188 239 1237 etiam
278 1187 437 1241 inter
467 1187 813 1258 principales
854 1189 1075 1257 epulas,
1113 1194 1198 1242 tot
1242 1187 1505 1257 flagellis,
1557 1188 1776 1250 ciliciis,

78 1274 597 1342 genuilexionibus,
644 1276 1214 1331 liumicubationibns
1260 1278 1636 1345 castigaverat
1679 1281 1782 1330 :et

75 1364 305 1434 insuper
338 1370 471 1433 post
509 1366 749 1425 obitum,
798 1366 868 1419 ad
903 1367 1178 1436 majorem
1233 1366 1320 1418 sui
1360 1370 1777 1435 contemptum,

78 1458 129 1503 et
175 1452 243 1504 ad
285 1452 569 1521 majorem
622 1458 950 1506 sanctorum
1013 1453 1259 1507 Heinrici
1306 1459 1364 1506 et
1410 1451 1781 1521 Cunegundis

79 1541 505 1609 exaltationem,
566 1541 629 1594 in
684 1542 966 1612 profunda
1017 1547 1074 1594 et
1115 1543 1353 1595 obscura
1390 1544 1605 1609 crypta,
1663 1552 1778 1607 quo

82 1645 235 1697 pauci
271 1630 536 1683 homines
581 1629 797 1683 intrare
846 1631 1050 1694 solent,
1100 1630 1374 1681 tumulari
1417 1628 1624 1698 jussit!
1671 1625 1778 1679 Sed

82 1722 138 1767 ut
182 1716 277 1769 ille
346 1734 408 1770 se
493 1733 712 1788 suaque
778 1716 1194 1786 contempserit
1263 1721 1320 1768 et
1387 1714 1773 1769 occultaverit.

82 1804 345 1873 splendor
376 1809 572 1859 tamen
630 1805 907 1859 virtutum
956 1806 1081 1875 ejus
1127 1804 1209 1858 ita
1255 1803 1371 1873 tegi
1426 1819 1538 1856 non
1590 1800 1780 1871 potuit

81 1892 211 1961 quin
261 1893 436 1946 multi
465 1899 879 1963 cognoscerent
908 1899 965 1947 et
1011 1893 1380 1946 aestimarent.
1418 1891 1643 1944 Littera:
1675 1906 1778 1943 an-

82 1997 199 2034 nua:
226 1982 458 2049 collegii
490 1982 788 2037 Societatis
816 1984 947 2035 Jesu
998 1981 1327 2035 Ratisbonza
1372 1997 1523 2034 anno
1557 1996 1778 2033 uncxxu

81 2070 345 2135 referunt,
384 2070 813 2124 Ferdinandum
857 2071 904 2124 ll
939 2071 1332 2125 Romanorum
1365 2071 1777 2139 Imperatorem

82 2165 312 2211 mortem
366 2159 541 2229 huius
574 2158 837 2230 Episc0pi
870 2160 1122 2229 graviter
1170 2159 1391 2223 tulisse,
1420 2166 1592 2229 atque
1632 2159 1781 2212 inter

82 2252 275 2301 uetera
306 2247 519 2301 dixisse
555 2263 569 2300 :
607 2248 805 2302 Fidum
845 2264 948 2301 nos
973 2248 1245 2314 amicum,
1282 2254 1527 2318 uterque
1566 2247 1781 2317 episco-

84 2342 234 2403 patus
265 2337 487 2389 bonum
520 2338 837 2402 Pastorem,
871 2336 1084 2390 subditi
1116 2338 1342 2391 Patrem
1383 2337 1437 2389 in
1476 2337 1581 2389 hoc
1618 2336 1778 2390 Prin-

86 2424 195 2492 cipe
225 2425 572 2479 amiserunt.

147 2514 228 2565 68.
265 2532 291 2563 α
320 2513 772 2581 illustrissimus
827 2514 1101 2567 Dominus
1130 2515 1361 2568 Carolus
1416 2514 1634 2569 Carafl'a
1660 2514 1784 2584 epi-

86 2616 271 2669 scopus
314 2604 665 2665 Aversanus,
715 2602 961 2655 Nuntius
1011 2602 1392 2673 Apostolicus,
1455 2602 1780 2658 Ratisbona:

85 2692 210 2741 tunc
235 2705 517 2759 praesens,
558 2690 618 2743 in
668 2690 814 2743 libro
845 2691 937 2744 cui
982 2691 1213 2744 titulum
1266 2691 1399 2745 fecit
1432 2707 1445 2743 :
1484 2693 1783 2745 Germania

88 2793 229 2831 sacra
291 2784 612 2833 restaurata
666 2779 783 2845 (libi
828 2780 981 2833 inter
1038 2780 1263 2849 reliqua
1320 2780 1591 2833 describit
1642 2780 1779 2850 quid

90 2866 245 2919 fuerit
280 2874 476 2920 actum
541 2867 868 2921 italis-bone
914 2869 974 2920 in
1032 2872 1319 2922 conventu
1368 2869 1686 2922 Electorum
1728 2872 1783 2922 et

90 2953 404 3024 Principum
438 2955 694 3024 Imperii.
733 2973 765 3008 a
798 2957 1160 3011 Ferdinando
1195 2959 1239 3010 ll
1268 2958 1594 3011 Hatisbonas
1627 2957 1780 3010 cele-

1887 567 1981 616 tur
2011 564 2069 617 in
2099 569 2153 617 te
2186 566 2379 618 omnia
2406 564 2614 617 smcula
2658 584 2673 630 ;
2706 569 2924 635 repetet
2980 570 3036 620 te
3062 564 3249 619 omnis
3282 566 3584 631 memoria,

1889 653 2078 707 omnis
2110 654 2413 723 posteritas
2444 654 2832 721 venerabitur,
2860 660 2967 707 etc.

1955 746 2044 798 70.
2082 762 2109 793 «
2143 742 2279 807 Qua:
2306 743 2375 796 de
2411 742 2698 812 praeclaris
2722 742 2895 811 gestis
2918 747 2973 795 et
2998 740 3303 795 virtutibus
3336 740 3587 794 duorum

1890 833 2295 903 Episcoporum
2333 833 2838 903 Bambergensium
2899 832 3172 885 hactenus
3230 830 3399 884 allata
3433 836 3588 894 sunt,

1885 938 2002 976 non
2035 926 2258 974 tantum
2314 921 2383 975 ad
2442 921 2676 974 illorum
2726 920 2980 985 laudem,
3032 920 3129 973 sed
3188 924 3245 973 et
3302 919 3369 972 ad
3414 935 3593 990 quam

1889 1010 2197 1064 maximam
2228 1009 2319 1065 SS.
2357 1010 2604 1064 Heinrici
2643 1016 2699 1064 et
2731 1008 3099 1078 Cunegundis
3152 1008 3397 1078 gloriam
3452 1023 3589 1078 per-

1888 1099 2089 1153 tinent.
2111 1099 2248 1152 Iude
2278 1098 2563 1169 siquidem
2595 1098 2805 1151 clarius
2836 1097 3001 1151 nobis
3052 1096 3363 1150 innotescit
3384 1095 3582 1166 quanti

1887 1188 2119 1241 illorum
2152 1187 2485 1240 intercessio
2510 1187 2659 1257 apud
2679 1188 2857 1240 Deum
2872 1186 2944 1238 sit
2976 1185 3269 1254 ponderis,
3293 1191 3349 1237 et
3370 1192 3585 1254 quanta

1888 1276 1958 1329 sit
1977 1292 2177 1328 eorum
2219 1290 2355 1343 erga
2413 1274 2709 1328 ecclesiam
2763 1274 3238 1341 Bambergensem
3288 1272 3587 1325 solicitudo

1887 1364 2135 1418 Charitas
2185 1369 2243 1416 et
2294 1362 2690 1417 beneficentia.
2743 1362 2908 1426 Quod
2965 1361 3120 1414 enim
3160 1361 3275 1414 duo
3307 1360 3401 1414 isti
3447 1361 3584 1426 Viri,

1889 1452 2375 1522 periculosissimo
2407 1457 2684 1522 tempore,
2714 1450 2963 1504 mirabili
2998 1451 3095 1504 Dei
3127 1450 3586 1520 providentiajad

1889 1541 2278 1611 episcopatum
2315 1540 2595 1610 assumpti
2630 1539 2882 1604 fuerint;
2912 1538 3064 1610 quod
3095 1538 3498 1592 indutivirtute
3520 1554 3584 1592 ex

1891 1632 2029 1694 alto,
2101 1628 2429 1698 posthabito
2488 1627 2646 1681 omni
2713 1632 2939 1680 terreno
2986 1626 3400 1691 emolumento,
3446 1642 3585 1679 con-

1891 1718 2240 1788 temptisque
2285 1717 2555 1771 omnibus
2597 1715 3053 1780 difficultatibus,
3087 1720 3203 1768 tum
3238 1731 3447 1784 magno
3480 1730 3584 1785 pro

1894 1807 2006 1860 Deo
2036 1811 2093 1859 et
2122 1805 2363 1859 subditis
2384 1804 2606 1875 operati
2628 1805 2762 1869 sint,
2788 1804 3007 1875 etquod
3032 1803 3276 1873 patriam
3312 1803 3586 1857 Bamber-

1890 1911 2149 1965 gensem,
2182 1911 2310 1965 quae
2332 1895 2510 1947 ferme
2564 1900 2683 1947 tota
2710 1893 2767 1946 iu
2798 1892 3065 1946 haeresim
3111 1897 3166 1945 et
3197 1892 3413 1961 flagitia
3443 1892 3587 1945 fmde

1890 1984 2158 2054 prolapsa
2184 1982 2393 2050 fuarat,
2418 1986 2575 2035 tanta
2604 1981 2936 2035 fortitudine
2965 1980 3137 2033 simul
3189 1997 3252 2033 ac
3283 1980 3591 2050 prudentia

1891 2073 1963 2127 ab
2043 2072 2281 2126 interitu
2354 2070 2763 2124 vindicaverint
2815 2076 2873 2122 et
2921 2069 2990 2123 ad
3049 2070 3198 2122 viam
3260 2070 3460 2122 salutis
3491 2085 3588 2122 re-

1889 2161 2179 2226 duxerint,
2231 2160 2289 2213 id
2338 2160 2676 2214 Sanctorum
2729 2159 2973 2211 istorum
3030 2157 3244 2223 favore,
3276 2157 3585 2227 patrocicio

1892 2255 1951 2304 et
1976 2250 2192 2304 auxilio
2215 2250 2479 2302 effectum
2513 2252 2617 2313 est,
2638 2247 2720 2300 uti
2740 2263 2841 2299 nos
2880 2246 3327 2300 extraordinaria
3355 2246 3587 2299 illorum

1895 2354 2031 2408 erga
2061 2339 2165 2392 hos
2193 2338 2331 2391 duos
2364 2336 2677 2407 Episcopos
2702 2335 2997 2405 vigilantia
3046 2339 3102 2388 et
3124 2334 3444 2388 sollicitudo
3471 2350 3589 2388 non

1893 2427 2029 2479 sinit
2052 2425 2367 2494 ambigere.
2403 2425 2642 2479 Multum
2675 2424 2911 2495 quidem
2930 2424 3093 2477 debet
3124 2424 3439 2490 Bamberga
3472 2422 3589 2476 suis

1892 2514 2134 2580 Sanctis,
2164 2514 2317 2584 quod
2367 2513 2599 2567 illorum
2657 2512 2871 2582 pietate
2916 2529 2979 2566 ac
3011 2512 3427 2580 muniﬁcentia,
3459 2512 3591 2566 sede

1893 2603 2202 2674 episcopali
2232 2609 2288 2656 et
2311 2602 2548 2656 ecclesia
2579 2600 2872 2671 lmperiali
2894 2600 3109 2655 fuerint
3138 2600 3424 2665 decorata,
3462 2601 3591 2670 plus

1893 2696 2090 2745 tamen
2121 2709 2179 2745 se
2240 2691 2444 2745 iisdem
2496 2692 2705 2744 debere
2737 2690 3052 2744 certissime
3083 2689 3189 2742 sibi
3221 2689 3582 2758 persuadeat,

1894 2781 2067 2850 quod,
2103 2786 2408 2849 postquam
2425 2779 2609 2849 patria
2633 2779 2942 2832 fermetota
2964 2778 3198 2831 haeresis
3222 2779 3366 2847 jugo
3399 2795 3457 2830 se
3490 2778 3592 2831 im-

1894 2868 2133 2937 provide
2168 2868 2531 2931 subdidisset,
2575 2866 2635 2920 in
2688 2865 3081 2920 infelicissimo
3114 2865 3213 2919 illo
3269 2872 3415 2918 statu
3472 2881 3590 2918 non

1894 2956 2067 3009 fuerit
2096 2956 2368 3009 derelicta
2408 2954 2512 3024 (uti
2555 2953 2750 3007 multis
2780 2953 2907 3006 aliis
2956 2952 3295 3007 dioecesibus
3326 2953 3385 3005 in
3411 2952 3595 3006 vicina

86 3040 231 3094 brato
268 3059 422 3096 anno
470 3060 734 3109 nocxxni,
772 3044 869 3097 ubi
916 3044 1344 3113 disceptabatur
1395 3046 1465 3099 de
1526 3044 1780 3099 Maximi-
1813 3044 1854 3100 C
1894 3044 2060 3097 nobis
2089 3044 2357 3111 Saxonia,
2382 3049 2437 3095 et
2464 3042 2587 3095 aliis
2620 3042 2786 3094 terris
2845 3041 3411 3111 septemtrionalibus
3447 3056 3593 3094 con-

90 3130 224 3182 liano
253 3131 470 3183 Bavaro
502 3131 903 3185 substituendo
929 3133 1129 3186 rebelli
1164 3132 1448 3187 Friderico
1475 3134 1515 3185 V
1540 3132 1778 3188 Electori

89 3218 344 3289 Palatino)
379 3220 451 3274 de
480 3226 678 3273 nostro
697 3221 915 3275 Joanne
943 3222 1251 3276 Godefrido
1282 3224 1403 3276 haec
1431 3222 1634 3275 habet:
1673 3223 1779 3275 Ilu-

82 3306 165 3372 jus
210 3307 522 3377 aliquando
602 3309 810 3361 mentis
884 3310 1073 3363 fuerat
1129 3311 1379 3365 Joannes
1441 3310 1780 3365 Godefridus

91 3394 337 3464 Princeps
366 3403 425 3448 et
489 3396 803 3466 Episcopus
840 3398 1285 3467 Herbipolensis,
1320 3415 1435 3469 quo
1469 3400 1650 3468 magis
1682 3399 1780 3453 Dei

89 3486 193 3535 zelo
221 3486 504 3553 percitum
532 3485 855 3554 Principem
892 3502 1007 3539 non
1044 3486 1186 3540 vidit
1230 3487 1552 3541 Germania.
1591 3488 1640 3540 ls
1673 3487 1776 3540 mi-

92 3572 235 3624 litum
266 3578 452 3643 pater,
509 3573 874 3628 sacerdotum
911 3576 1265 3645 exemplum,
1320 3576 1649 3645 Principum
1681 3576 1777 3629 de-

91 3676 191 3725 cus,
225 3662 653 3716 Catholicorum
688 3668 863 3726 tutor,
896 3664 983 3715 sui
1025 3663 1205 3733 ipsius
1256 3670 1638 3731 contemptor,
1683 3665 1781 3718 Ec-

93 3750 255 3802 clesia?
280 3751 580 3813 Romana),
614 3767 678 3803 ac
728 3752 996 3805 Caesareae
1050 3752 1364 3822 majestatis
1396 3754 1581 3806 cultor
1623 3769 1779 3806 acer-

92 3838 250 3891 rimus
279 3846 334 3893 et
363 3840 876 3910 prudentissimus,
913 3841 1059 3895 nihil
1095 3841 1206 3894 nisi
1236 3842 1305 3895 ad
1337 3842 1646 3895 Electorem
1683 3843 1779 3897 Ca-

91 3925 341 3983 tholicam
389 3928 767 3999 suspirabat;
829 3929 980 3983 inter
1040 3946 1171 4000 qua:
1225 3930 1489 4001 suspiria,
1551 3947 1778 3984 summo

94 4021 263 4069 nostro
292 4018 563 4071 omnium
595 4018 792 4071 dolore
825 4034 888 4071 cx
923 4019 1026 4071 hac
1060 4018 1174 4071 vita
1202 4018 1480 4072 discessit.

152 4108 229 4157 69.
262 4126 289 4156 ι
322 4105 735 4159 Concludimus
759 4106 903 4159 hanc
935 4107 1324 4161 narrationem
1360 4107 1568 4176 elogio,
1624 4108 1776 4178 quod

91 4186 270 4241 Joauni
327 4190 643 4243 Godefrido
713 4192 910 4243 tribuit
967 4198 1163 4244 orator
1219 4209 1248 4245 e
1303 4192 1578 4247 Societate
1623 4195 1775 4259 Jesu,

94 4290 340 4343 praesens,
376 4286 439 4331 ut
478 4279 731 4344 Vldellll‘,
766 4280 1083 4333 sodalitatis
1110 4280 1393 4341 Marianae.
1428 4281 1487 4333 in
1518 4282 1775 4335 oratione

94 4366 293 4419 funebri
345 4368 549 4421 habita
624 4368 683 4419 in
738 4370 954 4437 templo
1014 4370 1248 4422 Patrum
1304 4368 1599 4423 Societatis
1646 4371 1777 4423 Jesu

99 4453 399 4517 Bamberga:
432 4472 570 4509 xvm
608 4456 734 4509 Jan.
780 4472 930 4509 anno
965 4472 1232 4521 uocum,
1267 4456 1365 4509 ubi
1414 4456 1564 4510 circa
1612 4458 1782 4513 linem

96 4542 161 4593 sic
202 4544 451 4614 loquitur
482 4560 502 4598 ς
547 4544 698 4597 Nihil
745 4546 1083 4611 praeclarum
1142 4546 1337 4597 animo
1392 4546 1532 4613 tingi
1577 4553 1780 4616 potest,

95 4630 234 4699 cujus
265 4648 375 4686 non
408 4632 631 4686 eximia
664 4631 857 4702 aliqua
889 4634 1077 4702 portio
1107 4633 1314 4685 Joanui
1342 4634 1643 4687 Gudefrido
1673 4652 1783 4687 no-

96 4724 194 4771 stro
220 4720 492 4774 divinitus
553 4720 846 4790 obtigerit.
886 4721 1188 4789 Exemplar
1247 4721 1521 4775 virtutum
1563 4723 1688 4788 fuit,
1723 4723 1782 4776 in

98 4807 225 4876 quod
259 4809 520 4880 Episcopi
582 4824 806 4874 omnes,
867 4810 1166 4863 Antistites
1219 4826 1439 4876 omnes,
1496 4811 1781 4882 Principes

97 4910 269 4950 omnes
316 4897 534 4951 intueri
610 4897 847 4965 possint.
914 4898 1222 4966 Exemplar
1265 4899 1653 4968 perfectionis,
1711 4900 1778 4954 ad

97 4985 247 5052 quod,
267 4990 545 5057 tanquam
577 4986 647 5039 ad
681 4986 941 5039 relucens
962 4992 1019 5040 et
1041 4986 1421 5040 tersissimum
1459 4990 1777 5055 speculum.

97 5086 261 5126 mores
289 5092 436 5138 suos,
491 5076 788 5144 vitamque
854 5091 1203 5146 componere
1252 5076 1617 5130 ecclesiastici
1672 5078 1779 5131 viri

95 5158 330 5217 debeant.
410 5166 722 5233 Exemplar
775 5166 1033 5217 numeris
1104 5166 1375 5218 omnibus
1452 5166 1778 5219 absolutum

97 5252 364 5306 Ostendere
400 5253 622 5308 mundo
663 5253 813 5306 Deus
840 5253 1039 5317 voluit,
1073 5254 1214 5323 quid
1245 5259 1441 5307 eracta
1486 5256 1683 5321 virtus,
1720 5255 1779 5307 in

101 5342 526 5413 unoeodemque
562 5341 842 5411 Episcopo
872 5357 937 5395 ac
982 5342 1155 5407 Duce,
1202 5358 1332 5396 cum
1385 5343 1635 5397 maximo
1690 5344 1780 5397 lio-

103 5440 215 5480 nore
256 5446 315 5483 ac
362 5431 669 5499 (dignitate
714 5431 1023 5499 conjuncta
1080 5431 1385 5501 possit.....
1427 5431 1774 5486 Felicitatem

104 5520 234 5571 tuam
262 5518 362 5577 tibi
388 5526 675 5590 gratulor.
700 5518 849 5585 Scio,
878 5525 936 5573 te
964 5535 1077 5573 non
1102 5520 1161 5572 in
1195 5520 1509 5574 Franconia
1552 5525 1774 5577 tantum

106 5610 201 5666 tua,
232 5606 320 5660 sed
376 5612 499 5662 toto
557 5607 949 5663 universitatis
1001 5608 1174 5678 hujus
1231 5609 1472 5667 ambitu,
1514 5608 1773 5677 gentium

1891 3133 2066 3203 tigit),
2104 3133 2202 3187 sed
2231 3132 2320 3187 SS.
2381 3130 2629 3185 lleinrici
2659 3135 2717 3184 et
2755 3129 3125 3198 Cunegundis
3179 3128 3588 3193 sollicitudine,

1891 3221 2209 3291 patrocinio
2233 3236 2295 3273 ac
2318 3219 2693 3291 protectione,
2744 3234 2777 3271 a
2833 3216 3318 3288 perniciosissimo
3360 3218 3589 3270 haeresis

1891 3311 2065 3375 malo,
2100 3307 2251 3362 inter
2292 3308 2624 3361 innumeras
2673 3306 2803 3360 licet
2846 3306 3234 3372 difficultates,
3269 3305 3583 3359 hostilium-

1891 3414 2002 3468 que
2032 3397 2323 3468 copiarum
2370 3396 2605 3449 insidias
2635 3400 2690 3447 et
2721 3395 3209 3464 impugnationes,
3243 3394 3419 3447 fuerit
3448 3396 3587 3447 libe-

1891 3493 2031 3553 rata,
2074 3503 2139 3539 ac
2169 3485 2437 3555 deinceps
2466 3485 2524 3538 in
2554 3484 2816 3538 Ecclesiae
2848 3483 3150 3537 Catholicae
3190 3484 3412 3552 gremio
3444 3500 3581 3536 con-

1892 3580 2133 3628 servata.
2169 3596 2188 3621 »

2602 3660 2826 3715 CAPUT
2851 3660 2945 3712 Ill.

1889 3774 1964 3825 De
1985 3771 2041 3826 S.
2067 3770 2288 3823 Henrici
2319 3769 2523 3828 Manto,
2554 3770 2615 3819 ut
2666 3770 2878 3827 vocant,
2910 3764 3221 3831 Bamberga:
3260 3766 3316 3816 in
3362 3766 3581 3817 ecclesia

2493 3838 2773 3905 Impertuli
2817 3841 3109 3889 asservato.

1961 3933 2047 3983 7t.
2082 3930 2295 3982 Prmter
2320 3942 2475 3978 sacra
2509 3924 2735 3977 cimelia
2766 3924 2835 3977 de
2862 3924 3070 3993 quibus
3120 3937 3292 3991 supra
3318 3922 3375 3974 in
3419 3922 3587 3975 Com-

1892 4017 2174 4072 mentario
2231 4014 2320 4084 3‘4
2368 4020 2559 4067 actum
2608 4018 2715 4077 est,
2775 4027 3072 4080 superesse
3108 4010 3357 4064 diximus
3390 4026 3589 4063 monu-

1893 4112 2086 4160 menta
2133 4105 2190 4159 id
2250 4120 2431 4173 genus
2490 4102 2620 4167 alia,
2661 4101 2759 4153 sed
2817 4100 3109 4169 praecipua
3162 4102 3297 4163 duo,
3348 4100 3588 4153 Crucem

1891 4211 2099 4265 nempe
2124 4192 2592 4264 pretiosissimam
2613 4190 2669 4243 in
2693 4188 3171 4241 celebt'icoenobio
3220 4187 3588 4240 Benedictino

1893 4283 2095 4338 Montis
2147 4281 2202 4336 S.
2251 4279 2555 4344 Michaelis,
2591 4278 2661 4331 de
2704 4293 2820 4347 quo
2861 4277 2929 4329 ad
2962 4280 3099 4328 Acta
3138 4277 3191 4329 S.
3242 4274 3467 4329 Ottonis
3520 4275 3596 4327 lo-

1891 4373 2009 4426 cuti
2040 4387 2258 4436 sumus,
2292 4368 2460 4422 certis
2491 4366 2934 4421 solemnioribus
2972 4364 3129 4417 festis
3170 4364 3431 4417 adhiberi
3466 4364 3594 4417 soli-

1897 4465 2039 4523 tam,
2071 4466 2125 4514 et
2158 4459 2395 4515 Mantele
2435 4474 2534 4510 seu
2566 4457 2841 4520 Mantum,
2893 4460 2953 4507 ut
2984 4458 3179 4506 vocant
3215 4453 3590 4521 Bambergen-

1897 4566 2005 4614 ses,
2054 4554 2191 4619 puta
2244 4552 2438 4615 togam
2480 4544 2565 4597 vel
2617 4542 2853 4611 pallium
2886 4540 3252 4606 latissimum,
3280 4540 3363 4592 uti
3395 4540 3481 4593 hic
3514 4540 3591 4592 vi-

1894 4639 2014 4702 des,
2049 4638 2117 4690 ad
2152 4636 2385 4689 modum
2418 4632 2742 4686 vetustioris
2782 4631 3012 4694 casulae,
3057 4630 3384 4681 lateralibus
3425 4645 3592 4698 aper-

1893 4726 2037 4779 turis
2058 4722 2322 4785 carentis,
2357 4722 2413 4774 in
2446 4720 2716 4773 thesauro
2752 4717 3072 4787 Imperialis
3112 4717 3365 4771 ecclesia!
3398 4734 3593 4771 recon-

1894 4814 2100 4879 ditum,
2134 4811 2289 4882 quod
2320 4810 2391 4863 ab
2425 4807 2677 4869 lsmaele,
2708 4806 2797 4873 fde
2850 4822 2967 4876 quo
3003 4806 3286 4875 Anonymi
3336 4806 3595 4876 Legenda

1895 4901 2176 4959 meminit.
2201 4899 2522 4953 confectum
2554 4896 2771 4959 volunt,
2793 4900 2987 4947 sancto
3012 4894 3590 4965 lmperatoridatum,

1892 4992 1963 5045 ab
1994 5006 2178 5060 eoque
2210 4986 2448 5042 Caesarei
2492 4986 2671 5038 instar
2712 4984 3110 5055 paludamenti
3164 4983 3225 5037 in
3270 4983 3597 5038 celebriori-

1892 5078 1999 5131 bus
2028 5075 2385 5131 caeremoniis
2415 5074 2760 5137 adhibitum,
2792 5074 3061 5143 pluribus
3105 5072 3285 5144 signis
3327 5072 3594 5142 pretiosis

1890 5182 2062 5236 opere
2096 5164 2345 5235 Phrygio
2375 5164 2605 5217 intextis
2633 5169 2926 5227 ornatum,
2968 5162 3253 5231 variisque
3274 5161 3593 5232 inscriptio~

1891 5255 2061 5308 nibus
2099 5254 2235 5307 satis
2270 5252 2519 5306 mirabili
2558 5266 2852 5304 sacrorum
2904 5250 3398 5319 profanorumque
3428 5264 3586 5302 com-

1892 5343 2166 5397 mixtione
2197 5342 2556 5408 distinctum,
2589 5340 2798 5410 quibus
2830 5338 2889 5392 in
2922 5344 3139 5392 rectum
3177 5351 3409 5390 sensum
3436 5336 3591 5391 ordi—

1890 5432 2095 5485 nandis
2152 5437 2249 5484 aut
2313 5429 2665 5501 explicandis
2719 5430 2943 5481 curiosa
3008 5426 3245 5496 ingenia
3306 5424 3595 5481 incassum

1890 5522 2166 5575 hactenus
2210 5519 2517 5574 desudasse
2571 5518 2860 5572 dicuntur.
2923 5516 3083 5580 Quod
3136 5518 3294 5567 certe
3343 5515 3595 5585 experiri

1890 5609 2033 5663 mihi
2065 5607 2226 5661 licuit
2258 5607 2317 5660 in
2343 5606 2716 5661 eruditissimi
2750 5604 2863 5657 Viri
2893 5600 3413 5661 observationibus,
3445 5602 3595 5655 infra
