3976 6414
361 359 486 460 ’163
1694 406 1746 458 S.
1797 402 2080 458 llENIthl
2125 402 2600 457 IMI’ERATOHIS

3819 406 3929 455 16's

391 533 655 581 contorto
729 543 898 580 sensu
981 542 1176 586 AOVILA
1251 541 1412 579 rr'rvr.
1479 541 1719 578 ιοει-ι-Αιιε
1769 539 1984 576 vorans
2051 541 2102 576 ta
2134 529 2174 579 Α
2213 523 2466 594 antiquis
2505 530 2668 577 erant
2715 525 3056 594 frequentia.
3106 525 3294 579 Monet
3332 526 3538 579 deinde
3585 527 3930 581 notandum

398 632 600 680 asraa;
630 631 803 686 quem
837 617 914 669 sic
943 613 1130 668 reddit
1158 631 1170 668 :
1202 614 1410 684 Aquila
1441 619 1719 683 perpetuo
1750 629 1852 683 per
1870 613 2091 666 volatus

393 722 524 758 suos
565 722 622 758 se
661 705 856 758 locans
913 704 970 757 in
1021 710 1191 770 astra,
1239 703 1312 756 ob
1351 701 1830 756 cosstellationem
1880 701 2089 771 aquilas

394 792 658 862 expansis
697 791 801 845 alis
842 791 1098 844 volantis.
1146 790 1349 843 Ismael
1392 789 1568 854 enim,
1618 789 1713 852 ait,
1765 788 2086 858 astrologia:

396 880 654 932 addictus
699 878 874 931 fuisse
909 878 1147 936 videtur.
1185 876 1320 946 quia
1349 877 1471 943 ejus
1510 875 1870 929 ordinatione
1907 892 2085 945 prope

394 965 652 1019 Mantelis
710 965 1015 1018 humerum
1079 965 1338 1018 dextrum
1401 962 1522 1016 haec
1563 962 1835 1031 leguntur
1883 964 2087 1029 verba;

391 1053 732 1121 Astrologus
770 1052 863 1105 liic
907 1052 978 1106 sit
1006 1055 1222 1104 cautus.
1257 1051 1349 1103 Est
1388 1055 1442 1100 et
1469 1049 1579 1101 alia
1610 1049 1667 1101 in
1716 1050 1888 1102 altera
1917 1049 2088 1102 Menti

391 1142 576 1208 parte.
613 1139 707 1192 ubi
735 1140 813 1192 sic
844 1138 1053 1208 legitur
1085 1154 1096 1190 :
1134 1152 1469 1191 vmomuse
1509 1151 1712 1188 arena
1753 1151 1967 1189 uiuens;
1997 1152 2083 1190 ma.

397 1228 615 1281 Sonant
665 1228 787 1280 lucc
816 1227 924 1297 ipsi
959 1242 972 1280 :
1009 1225 1318 1291 Virginitas
1358 1225 1660 1292 approbata
1695 1227 1957 1277 miremur
1979 1231 2084 1278 ter-

393 1331 506 1384 ra;
549 1315 769 1368 sublata
805 1320 994 1367 autem
1048 1314 1248 1366 vitiosa
1313 1311 1638 1376 metatbesi,
1688 1312 1916 1366 videtur
1964 1329 2085 1367 esse

386 1405 598 1458 allusio
627 1403 882 1457 Ismaelis
919 1402 988 1457 ad
1023 1401 1417 1455 castimoniam
1448 1401 1502 1455 S.
1541 1399 1811 1464 Heinrici,
1847 1401 1904 1454 in
1934 1400 2087 1456 hunc

384 1492 533 1546 forte
566 1507 797 1544 sensum
833 1508 846 1544 :
881 1492 1265 1556 Virginitatem
1289 1491 1346 1542 in
1379 1491 1538 1543 terris
1574 1489 1934 1558 approbatam
1980 1492 2081 1543 mi-

385 1597 589 1634 remur.
632 1579 813 1649 Cupio
845 1581 1011 1650 plane
1045 1578 1330 1632 eruditiss.
1382 1578 1510 1630 Viro
1561 1577 1946 1643 subscribere;
1989 1594 2083 1630 ve-

386 1686 518 1722 rum
553 1670 598 1722 si
645 1685 712 1722 eo
761 1668 973 1733 Manto,
1018 1672 1081 1720 ut
1119 1667 1449 1737 nuperrime
1482 1665 1724 1731 dicebat,
1762 1664 1814 1719 S.
1865 1665 2085 1719 Heinri-

383 1774 512 1811 cum
560 1757 617 1810 in
650 1755 1016 1810 coronatione
1061 1755 1318 1809 Romana
1361 1769 1526 1807 usum
1577 1754 1684 1806 sibi
1715 1755 2080 1823 persuadeat,

385 1861 610 1899 necesse
643 1849 747 1911 est,
777 1844 1041 1907 fateatur,
1074 1841 1360 1912 cognitam
1390 1847 1519 1895 ante
1550 1841 1607 1895 id
1637 1847 1864 1911 tempus
1907 1842 2080 1895 fuisse

382 1933 611 2004 Ismaeli
661 1933 753 1986 isti
813 1931 1306 1986 sanctissimorum
1363 1930 1686 2000 Conjugum
1739 1929 2079 2000 virginalem

382 2022 822 2087 continentiam,
855 2036 1029 2091 quam
1060 2030 1128 2073 ut
1165 2035 1339 2089 supra
1367 2019 1769 2072 vindicandam
1812 2035 2076 2088 suscepe-

381 2111 516 2174 rim,
545 2114 603 2162 at
630 2108 850 2163 nemini
891 2114 1022 2162 ante
1053 2113 1370 2161 extremum
1405 2107 1596 2161 Sancti
1627 2107 1891 2160 morbum
1918 2107 2080 2160 inno-

383 2197 560 2250 tuisse
617 2196 880 2250 existimo
933 2212 1053 2250 esse
1109 2195 1515 2249 certissimum.
1577 2197 1652 2248 De
1717 2201 1946 2257 caetero,
2008 2211 2078 2249 an

380 2299 576 2337 manus
628 2283 843 2338 Orionis
887 2282 1049 2336 radat
1091 2284 1358 2348 Taurum;
1398 2299 1471 2336 an
1522 2282 1588 2348 is,
1639 2285 1882 2336 imitator
1932 2283 2081 2350 juris

378 2374 570 2438 fuerit,
610 2387 683 2425 an
721 2372 1102 2439 Serpentarius
1151 2370 1487 2439 Eculapius
1534 2370 1771 2424 medicus
1819 2369 2076 2432 dicatur;

382 2475 455 2512 an
487 2458 577 2512 his
617 2464 904 2512 asseratur
938 2459 1172 2523 Pegasus
1202 2473 1368 2525 equus
1409 2460 1624 2512 musicae
1652 2473 1762 2512 esse
1808 2464 2076 2524 sacratus,

382 2551 554 2617 atque
606 2546 662 2600 id
719 2561 901 2617 genus
948 2545 1080 2610 alia,
1130 2545 1200 2599 ab
1248 2545 1569 2600 obscuriori
1624 2545 1732 2600 isto
1788 2546 1875 2599 vel
1934 2547 2076 2601 forte

378 2640 672 2705 poetastro
703 2633 920 2687 artifice
953 2633 1264 2703 repetenda
1293 2650 1408 2688 non
1442 2650 1646 2687 censeo
1677 2650 1689 2687 :
1720 2634 1901 2688 nodus
1927 2650 2074 2703 prm-

376 2722 579 2792 cipuns
609 2727 887 2792 superest,
919 2727 1116 2774 utrum
1147 2720 1363 2774 intime
1395 2720 1782 2792 inscriptionis
1811 2725 2076 2774 confusos

375 2809 729 2863 characteres
759 2809 1020 2862 eruditus
1050 2809 1330 2879 interpres
1375 2809 1594 2863 felicius
1637 2810 2070 2865 combinaverit.

378 2898 560 2952 Verba
590 2897 713 2966 ejus
740 2897 811 2952 ad
844 2896 1063 2967 apicem
1097 2897 1413 2952 describam
1448 2913 1462 2950 :

442 2989 531 3039 75.
571 3005 598 3036 ς(
635 2985 882 3039 Fimbria
909 3001 1040 3040 vero
1071 2985 1245 3056 hujus
1276 2985 1533 3039 Mantelis
1572 2985 1949 3040 condecorata
1987 2991 2072 3040 est

2203 604 2357 674 quod
2406 604 2462 656 in
2501 603 2855 658 carminibus
2886 604 3130 658 timbria:
3165 605 3428 659 Mantelis
3467 606 3708 662 desint:
3758 606 3932 676 apud

2200 692 2442 746 verbum
2475 709 2652 746 nacus
2695 693 2881 746 littera
2914 693 2954 748 G
2998 693 3152 762 (nam
3191 693 3382 747 littera
3429 697 3474 748 A
3532 701 3620 747 est
3667 695 3932 748 abscon-

2198 780 2316 834 dita
2348 780 2404 832 in
2431 781 2497 843 N,
2528 781 2662 850 quia
2690 781 2755 847 N,
2788 789 2852 834 ut
2883 781 2958 834 ibi
2981 782 3342 835 etl‘ormatum
3368 789 3470 846 est,
3496 783 3737 836 denotat
3763 783 3932 836 litte-

2199 885 2322 922 ram
2355 869 2396 922 Ν
2430 875 2488 922 et
2523 872 2571 924 Α
2604 869 2773 922 simul
2807 869 2956 939 apud
3005 869 3322 940 antiquos,)
3353 876 3408 924 et
3439 871 3626 924 littera
3676 871 3718 924 E
3751 871 3926 940 apud

2197 957 2432 1010 verbum
2467 974 2624 1011 WEle
2654 958 2768 1010 sive
2801 975 2960 1011 BENE.
2994 959 3034 1011 E
3067 965 3262 1012 contra
3293 965 3420 1029 post
3451 959 3687 1012 verbqu
3713 961 3927 1030 Impe-

2196 1047 2350 1099 rium
2389 1052 2476 1099 est
2504 1062 2926 1115 supervacanea
2955 1047 3143 1100 littera
3177 1047 3249 1113 Μ,
3274 1048 3418 1101 torte
3445 1047 3568 1101 loco
3602 1047 3824 1101 littera:
3865 1047 3922 1100 M

2196 1133 2312 1187 sive
2345 1150 2389 1203 ﬂ
2420 1135 2478 1187 in
2528 1135 2724 1188 animo
2769 1135 3165 1188 substituenda
3195 1177 3210 1199 ,
3243 1141 3341 1188 aut
3384 1135 3549 1206 plane
3577 1137 3926 1190 omittenda

2195 1221 2295 1276 illo
2324 1228 2622 1292 tempore;
2658 1223 2807 1292 apud
2842 1239 3016 1294 quam
3039 1229 3152 1278 tres
3183 1225 3268 1276 lBl
3299 1230 3555 1294 spectant
3579 1232 3711 1295 post
3745 1225 3920 1278 litte-

2195 1317 2376 1364 teram
2403 1310 2467 1374 Ο.
2504 1311 2645 1365 Item
2681 1312 2740 1364 in
2773 1313 2944 1367 verbo
2972 1328 3202 1379 manu,
3235 1312 3424 1367 littera
3448 1314 3489 1366 V
3531 1320 3618 1368 est
3643 1314 3919 1380 inversa,

2193 1397 2324 1451 hinc
2357 1404 2418 1452 ut
2451 1399 2489 1452 Ν
2524 1403 2784 1468 apparet.
2822 1421 2844 1447 ι

2263 1490 2353 1540 77.
2411 1487 2692 1540 Hactenus
2747 1487 2894 1542 Clar.
2954 1487 3192 1553 amicus,
3248 1487 3349 1559 qui
3397 1488 3591 1544 subdit
3645 1494 3923 1559 quatuor

2195 1575 2306 1628 alia
2349 1575 2525 1628 serica
2555 1576 2762 1642 Manta,
2806 1577 3032 1630 cmrulei
3080 1576 3215 1629 item
3267 1577 3492 1645 coloris,
3549 1579 3768 1631 ibidem
3815 1595 3916 1630 as-

2193 1664 2426 1730 servari,
2463 1665 2532 1717 de
2560 1680 2807 1734 quorum
2832 1665 3030 1718 usibus
3061 1665 3152 1719 hic
3186 1665 3468 1718 disserere
3491 1666 3633 1719 nihil
3658 1667 3914 1720 attinet:

2193 1752 2379 1805 datam
2406 1753 2525 1821 jam
2555 1751 2762 1822 prioris
2808 1752 3250 1823 explicationem
3280 1754 3557 1824 tantisper
3602 1755 3913 1823 expenda-

2193 1857 2342 1894 mus.
2382 1841 2640 1904 Quatuor
2686 1841 2876 1911 prima
2930 1841 3206 1894 vocabula
3259 1842 3522 1895 distincte
3553 1842 3612 1896 in
3663 1843 3914 1897 timbria

2191 1945 2452 1999 expressa
2498 1929 2807 1999 conspicio.
2861 1929 2904 1984 Ο
2991 1929 3149 1982 decus
3200 1931 3440 1998 Eeropae
3507 1931 3671 1984 Cesar
3727 1932 3907 1984 Hein-

2186 2020 2325 2082 rice;
2359 2032 2475 2070 non
2500 2022 2616 2070 tam
2648 2017 2810 2071 facile
2840 2023 2926 2070 est
2957 2017 3212 2070 invenire
3237 2020 3306 2068 Τὸ
3328 2033 3516 2080 easne,
3553 2034 3682 2071 cum
3706 2034 3819 2087 pro
3859 2019 3904 2071 R

2187 2105 2415 2174 legatur
2459 2106 2497 2158 Β
2532 2121 2545 2159 :
2581 2122 2769 2175 neque
2823 2122 3033 2159 manu
3078 2106 3242 2160 educi
3273 2111 3481 2176 potest,
3523 2107 3901 2177 quandoqui-

2189 2193 2318 2247 dem
2359 2195 2547 2247 littera
2580 2195 2784 2248 ultima
2813 2211 2928 2247 non
2959 2196 3030 2247 sit
3054 2196 3095 2248 T
3129 2195 3224 2248 sed
3257 2195 3448 2264 potius
3479 2197 3538 2249 Υ.
3591 2197 3902 2264 Imperium

2187 2281 2409 2352 integre
2459 2299 2572 2336 non
2607 2283 2911 2350 reperitur,
2947 2283 3098 2352 quod
3156 2283 3362 2336 ultima
3401 2283 3586 2337 littera
3626 2284 3904 2337 videatur

2185 2369 2416 2440 duplex,
2471 2369 2657 2440 sitque
2689 2370 2728 2422 E
2769 2376 2825 2423 et
2873 2388 2906 2422 Α
2954 2371 3240 2435 Graecum;
3303 2369 3360 2423 in
3420 2386 3535 2440 quo
3578 2386 3694 2424 non
3752 2372 3902 2424 satis

2185 2464 2381 2527 aperte
2421 2458 2586 2527 argui
2629 2474 2794 2528 posse
2823 2458 3070 2524 videtur,
3104 2458 3256 2528 quod
3289 2462 3416 2528 post
3463 2461 3764 2529 Imperium
3797 2477 3902 2512 su-

2185 2561 2531 2614 pervacanea
2582 2547 2656 2598 sit
2698 2546 2889 2599 littera
2936 2545 3006 2612 M,
3061 2546 3159 2600 ubi
3219 2562 3325 2616 ego
3373 2545 3542 2600 fateri
3577 2563 3759 2618 cogor
3786 2564 3901 2602 nec

2183 2650 2600 2702 pervacaneum
2658 2635 2728 2700 M,
2819 2635 2936 2688 imo
3008 2651 3110 2688 nec
3178 2634 3563 2690 necessarium
3619 2636 3899 2707 reperiri,

2184 2736 2299 2790 quo
2323 2725 2379 2772 τὸ
2405 2723 2719 2792 Imperium
2744 2723 2832 2775 vel
2861 2723 3172 2791 lmpreium
3207 2722 3497 2776 etformari
3529 2729 3723 2793 queat.
3772 2726 3902 2778 Ne-

2184 2824 2296 2879 que
2355 2814 2471 2862 trcs
2513 2810 2604 2864 lBl
2647 2825 2830 2880 usque
2873 2809 3014 2863 adeo
3069 2811 3221 2863 clare
3265 2815 3580 2880 apparent;
3634 2827 3742 2864 nec
3803 2818 3901 2866 est

2185 2897 2336 2950 unde
2393 2898 2695 2966 colligatur
2732 2898 2774 2950 N
2815 2897 3102 2951 inversum
3165 2914 3306 2964 esse,
3360 2899 3513 2953 unde
3573 2915 3898 2968 exsurgere

2181 2984 2584 3038 verosimiliter
2640 2985 2821 3055 possit
2879 3001 3105 3039 AUGEAT.
3161 2986 3304 3041 IBMI
3365 2988 3586 3041 nullum
3648 3005 3893 3043 sensum

371 3075 579 3128 litteris
621 3074 903 3145 singulari
935 3074 1167 3128 artiﬁcis
1209 3073 1514 3144 diligentia
1560 3074 1785 3138 (litteris
1828 3075 2070 3145 singulis
2104 3080 2143 3134 C
2179 3072 2370 3126 reddit
2445 3073 2672 3133 Itaxoca
2713 3075 2797 3127 vel
2843 3088 2946 3127 Rex
3012 3090 3104 3135 QL‘I
3173 3074 3452 3140 habetur;
3503 3076 3600 3130 sed
3657 3078 3893 3147 relijua

373 3162 795 3234 particulariter
833 3163 949 3215 sive
980 3163 1218 3216 seorsim
1272 3168 1472 3216 aurato
1511 3163 1610 3215 tilo
1664 3162 1957 3224 confectis,
2005 3179 2069 3216 ac

371 3250 504 3303 dein
536 3249 822 3304 mediante
866 3249 962 3303 ﬁlo
1003 3251 1207 3314 serico,
1237 3249 1298 3303 in
1329 3249 1613 3304 destinato
1645 3266 1748 3304 suo
1799 3250 1922 3304 loco
1965 3251 2069 3304 fir-

367 3337 561 3400 matis)
595 3337 808 3392 all‘abre
839 3337 1110 3391 confectis
1156 3353 1327 3408 opere
1358 3337 1626 3408 phrygio,
1659 3354 1788 3391 cum
1820 3339 2070 3408 permul-

371 3425 445 3478 tis
483 3425 710 3479 intortis
775 3425 964 3479 aureis
1023 3425 1284 3490 cimeliis,
1339 3425 1747 3479 obscuritatem
1805 3425 2068 3480 lectionis

369 3512 815 3578 inducentibus;
848 3517 1093 3584 suntque
1133 3529 1216 3566 ea:
1247 3513 1450 3566 litterae
1485 3529 1710 3584 magnae
1761 3513 2068 3584 longitudi-

368 3600 495 3668 nis;
528 3601 607 3654 ita
641 3601 883 3655 invicem
922 3601 1223 3671 appositas,
1266 3607 1327 3654 ut
1362 3602 1538 3655 lector
1567 3602 1815 3656 maxime
1857 3602 2064 3656 dubius

365 3689 601 3754 haereat,
637 3690 734 3743 ubi
775 3689 941 3743 lectio
988 3690 1048 3743 in
1077 3689 1341 3743 circulari
1387 3689 1556 3742 chaos
1609 3691 1680 3743 sit
1717 3689 2059 3744 inchoanda.

364 3777 622 3847 Insuper,
656 3777 817 3831 omni
847 3783 1045 3831 carent
1075 3777 1558 3847 interpunctione,
1590 3777 1836 3848 hincque
1864 3777 1923 3830 in
1951 3779 2063 3831 I10-

365 3863 631 3918 diernum
664 3881 846 3935 usque
877 3866 1052 3932 diem,
1087 3867 1284 3920 multis
1325 3866 1629 3920 lectionem
1662 3867 1870 3920 frustra
1927 3871 2062 3920 ten-

363 3952 640 4017 tantibus,
675 3954 758 4005 uti
785 3953 1039 4018 iuaudio,
1074 3954 1418 4022 (prmsertim
1453 3959 1687 4023 propter
1709 3955 1901 4024 plures
1922 3954 2060 4007 alias

362 4040 1041 4110 parvas'obfuscatasque
1088 4040 1515 4110 inscriptiones)
1549 4041 1856 4110 incognitm
1904 4058 2060 4095 man-

362 4132 579 4181 serunt.
615 4149 635 4175 ι
664 4127 859 4196 Pergit
875 4127 1080 4181 deinde
1112 4127 1181 4181 ad
1211 4128 1669 4197 explicationem,
1699 4145 1870 4198 quam
1891 4145 2058 4183 nemo

360 4214 638 4268 hactenus
689 4214 930 4284 propius
961 4220 1248 4267 assecutus
1288 4219 1391 4268 est.
1431 4237 1451 4262 α
1485 4215 1666 4268 Verba
1712 4215 1955 4269 fimbriae
1985 4215 2056 4270 ad

362 4302 613 4356 litteram
638 4301 760 4355 hinc
791 4307 925 4355 sunt
957 4317 1088 4355 cum
1121 4301 1420 4356 metatbesi
1449 4301 1667 4356 vitiosa.

435 4391 478 4446 Ο
513 4392 692 4444 Decus
731 4390 987 4460 EerOpae
1019 4390 1186 4444 Cesar
1217 4390 1476 4443 Heinrice
1508 4390 1693 4444 beare.

427 4464 652 4550 Augeat
683 4479 989 4550 impreium
1015 4478 1154 4532 ibmi
1181 4479 1408 4549 Rexque
1437 4495 1576 4532 rena
1607 4479 1769 4532 bene.

428 4568 760 4638 Peripheria
787 4567 908 4620 haec
929 4567 1101 4621 litanti
1121 4567 1322 4620 intima
1348 4567 1616 4637 adaequat
1635 4567 2052 4637 longitudinem

359 4656 608 4710 sedecim
640 4656 849 4725 pedum
883 4661 941 4710 et
969 4656 1213 4710 duorum
1239 4657 1537 4726 pollicum.

429 4746 516 4797 76.
551 4763 580 4793 ί(
615 4743 722 4798 Ubi
753 4743 1072 4798 notandum
1097 4744 1252 4814 quod
1290 4744 1492 4798 Ismael
1522 4759 1626 4814 per
1647 4744 1897 4798 litteram
1927 4745 1967 4798 Χ
1995 4745 2052 4798 in

355 4831 531 4885 verbo
577 4830 694 4884 Rex
751 4832 1042 4900 singulare
1073 4832 1212 4902 quid
1260 4832 1582 4902 significare
1615 4832 1884 4896 voluerit,
1917 4833 2052 4902 quia

357 4919 477 4973 haec
505 4934 618 4972 una
648 4923 703 4971 et
729 4920 848 4972 sola
886 4920 1035 4972 inter
1083 4936 1282 4973 omnes
1331 4919 1732 4990 magnitudine
1767 4921 2050 4974 artiﬁciali

356 5007 595 5071 eminet,
651 5010 707 5059 et
747 5006 1012 5059 nonnihil
1066 5022 1098 5058 a
1163 5006 1368 5059 litteris
1427 5008 1466 5060 E
1536 5014 1667 5062 ante
1717 5012 1775 5062 et
1822 5008 1867 5072 Ο
1925 5012 2053 5078 post

329 5101 443 5154 .est
492 5098 785 5164 separata;
830 5093 967 5146 hinc
1014 5109 1130 5146 non
1163 5093 1450 5146 immerito
1483 5095 1759 5148 concludo
1801 5111 1933 5148 eum
1969 5101 2047 5162 ut,

354 5187 594 5254 propter
617 5180 922 5234 verborum
955 5184 1345 5233 excurrentem
1379 5180 1626 5248 copiam,
1658 5182 1892 5251 ligatam
1923 5199 2049 5236 ora-

354 5273 574 5326 tionem
608 5270 875 5336 salvaret,
909 5267 1352 5339 gratulationem
1386 5267 1534 5321 hanc
1563 5283 1670 5337 pro
1702 5269 1756 5323 S.
1790 5269 2050 5324 lleinrico

355 5359 623 5413 ordinare
681 5358 740 5412 in
793 5357 947 5411 hunc
995 5371 1227 5409 sensum
1275 5355 1439 5425 quasi
1491 5355 1733 5411 voluisse
1771 5371 1786 5410 :
1821 5357 2048 5428 [lexque

355 5447 562 5500 millies
592 5445 671 5498 ibi
710 5462 887 5516 regna
931 5445 1113 5508 bene;
1157 5443 1290 5513 quia
1319 5445 1358 5496 Χ
1409 5442 1638 5511 Graecis,
1690 5449 1745 5496 ut
1806 5451 2045 5510 constat,

353 5539 439 5586 est
482 5549 756 5586 numerus
790 5531 1147 5587 millenarius
1180 5547 1193 5583 :
1226 5532 1379 5584 salvo
1403 5536 1618 5598 tamen,
1651 5537 1713 5585 ut
1758 5532 1898 5600 dixi,
1949 5550 2052 5603 per

354 5621 548 5674 omnia
580 5620 823 5675 aliorum
862 5621 1083 5691 judicio
1115 5618 1362 5684 meliori,
1411 5619 1677 5674 acumina
1725 5621 1879 5675 enim
1929 5622 2049 5675 haec

2181 3161 2486 3231 plusquam
2518 3161 2740 3231 Olidipo
2790 3163 3074 3232 indigent,
3111 3179 3298 3233 neque
3341 3179 3402 3216 ex
3444 3163 3514 3217 iis
3565 3164 3890 3234 perfectam

2180 3249 2661 3302 constructionem
2699 3249 2829 3319 quis
2860 3249 3022 3302 facile
3058 3249 3360 3303 extuderit.
3399 3251 3526 3304 Hth
3574 3266 3640 3303 eo
3689 3249 3890 3305 solum

2179 3335 2331 3389 dicta
2368 3336 2501 3396 sint,
2550 3342 2612 3390 ut
2671 3335 2956 3406 intelligat
2999 3336 3179 3390 lector
3207 3337 3350 3391 nihil
3401 3354 3434 3390 a
3463 3336 3624 3390 nobis
3672 3339 3890 3406 negle-

2177 3429 2356 3492 ctum,
2389 3431 2444 3478 et
2483 3424 2864 3479 amicissimus
2895 3426 3126 3496 adjutor
3175 3425 3462 3493 observet,
3512 3427 3762 3496 aanigma
3811 3427 3891 3480 iis

2175 3511 2382 3566 litteris
2431 3512 2777 3580 involutum,
2830 3515 3076 3567 necdum
3120 3530 3182 3567 ex
3219 3513 3380 3567 omni
3431 3519 3590 3584 parte
3621 3514 3889 3568 solutum

2176 3617 2313 3654 esse.
2369 3601 2588 3666 Melius,
2641 3601 2893 3672 inquies,
2959 3601 3180 3671 aliquid
3234 3601 3546 3656 substituas
3597 3620 3609 3656 :
3675 3604 3886 3658 malim

2174 3705 2306 3742 vero
2362 3690 2602 3744 candide
2654 3690 2820 3743 fateri
2869 3691 3282 3760 ignorantiam,
3325 3707 3499 3762 quam
3553 3691 3622 3745 iis
3657 3692 3884 3763 disqui-

2175 3777 2365 3830 rendis
2396 3779 2584 3831 oleum
2613 3783 2669 3832 et
2707 3775 2943 3848 operém
2980 3779 3224 3849 perdere
3260 3795 3272 3832 :
3309 3795 3422 3833 non
3479 3781 3763 3850 gravabor
3791 3787 3882 3835 ta-

2175 3881 2328 3931 men,
2369 3867 2528 3920 nullo
2571 3883 2699 3920 meo
2750 3867 3030 3936 periculo,
3081 3867 3192 3920 viri
3225 3868 3460 3921 alterius
3497 3869 3880 3924 eruditissimi

2171 3953 2548 4024 cogitationes
2577 3954 2636 4008 in
2661 3955 2915 4008 medium
2950 3955 3226 4024 proferre,
3262 3962 3435 4026 prout
3461 3973 3683 4010 mecum
3713 3974 3873 4030 com.—

2171 4041 2476 4096 municataa
2507 4047 2658 4097 sunt.

2236 4132 2327 4183 '78.
2363 4129 2538 4182 Abest
2566 4129 2633 4196 is,
2670 4133 2734 4183 ut
2764 4130 3016 4200 primum
3049 4130 3259 4190 dicam.
3292 4147 3320 4183 a
3356 4131 3873 4201 Bambergensium

2169 4217 2464 4288 opinione,
2518 4219 2671 4288 quod
2732 4219 3037 4287 praefatum
3089 4219 3343 4272 Mantum
3383 4219 3452 4272 ad
3502 4220 3556 4273 S.
3612 4219 3872 4275 Heinrici

2167 4299 2444 4376 tempora~
2491 4306 2744 4360 revocari
2814 4307 3016 4378 possit,
3092 4312 3379 4377 negatque
3449 4308 3640 4362 Sancti
3699 4305 3871 4362 istius

2167 4400 2331 4448 relate
2387 4394 2446 4447 in
2505 4411 2614 4448 usu
2657 4394 2830 4448 fuisse
2884 4395 3122 4449 Caesaris
3179 4396 3648 4466 appellationem.
3695 4397 3870 4451 Putat

2167 4482 2360 4552 itaque
2393 4498 2536 4552 opus
2571 4499 2692 4535 esse
2729 4483 2918 4535 δέρει]ιί
2952 4499 3064 4551 xw,
3107 4483 3482 4554 implexisque
3531 4484 3644 4538 illis
3688 4500 3865 4539 voca-

2165 4568 2316 4622 bulis
2369 4567 2609 4622 indicari
2651 4569 2985 4634 Henricum,
3037 4569 3202 4624 istius
3247 4570 3496 4624 nominis
3546 4572 3865 4640 Imperato-

2165 4673 2288 4709 rem
2328 4656 2421 4709 V'Il
2470 4656 3013 4727 Luxemburgicum,
3055 4660 3154 4728 qui
3206 4665 3333 4730 post
3387 4675 3586 4712 necem
3642 4659 3862 4714 Alberti

2163 4744 2444 4798 Austriaci
2477 4745 2872 4799 Romanorum
2919 4747 3087 4816 regis,
3144 4763 3296 4800 anno
3358 4750 3492 4802 l308
3553 4748 3859 4818 patratam,

2162 4848 2217 4885 vi
2254 4832 2512 4885 Januarii
2542 4834 2676 4886 t309
2708 4833 3053 4903 Aquisgrani
3085 4839 3388 4888 coronatus
3411 4841 3530 4899 est;
3563 4842 3735 4904 atque
3783 4839 3858 4891 ad

2161 4920 2312 4973 hunc
2352 4919 2524 4990 dirigi
2583 4921 2882 4975 contendit
2929 4921 3174 4974 fimbriae
3221 4923 3651 4989 allocutionem,
3694 4925 3861 4994 cujus

2163 5007 2429 5062 ordinem
2488 5007 2784 5062 exorditur
2827 5025 2858 5061 a
2891 5009 3066 5062 Cassa
3107 5011 3368 5075 Haumca,
3409 5012 3461 5063 ei
3518 5018 3859 5067 conuertens

2163 5114 2268 5151 asa
2313 5115 2325 5152 :
2365 5099 2401 5151 Β
2435 5113 2568 5151 vero
2599 5114 2845 5168 sequens
2880 5104 2938 5152 et
2979 5099 3019 5152 E
3051 5100 3226 5152 sumit
3264 5117 3369 5170 pro
3424 5101 3859 5170 Bambergensis

2163 5185 2445 5251 Ecclesiae,
2489 5201 2556 5238 ex
2603 5186 2811 5240 litteris
2852 5187 3129 5257 proximis
3169 5187 3381 5241 faciens
3429 5205 3663 5253 ANGELV,
3706 5205 3737 5243 n
3785 5192 3857 5244 si-

2161 5280 2337 5342 gnato
2362 5288 2375 5327 :
2406 5278 2528 5327 tum
2549 5274 2626 5327 sic
2654 5275 2862 5346 pergit,
2887 5291 2952 5329 ex
2972 5275 3178 5329 litteris
3200 5277 3368 5330 verba
3390 5277 3570 5330 ferme
3589 5279 3856 5346 reddens,

2162 5361 2473 5414 IMPerium
2509 5361 2725 5431 Regere
2756 5365 2969 5432 lnjuste
3011 5364 3238 5431 Valens,
3277 5363 3355 5418 EA
3391 5365 3642 5433 (lambda
3670 5382 3857 5436 graeco

2160 5464 2264 5519 pro
2290 5465 2321 5502 ι.
2344 5450 2534 5518 latino)
2569 5451 2717 5504 unde
2752 5452 3008 5517 Eaectus,
3044 5453 3259 5513 Invitis,
3295 5455 3379 5506 vel
3414 5453 3663 5507 Inimicis
3698 5457 3857 5509 Bam-

2160 5536 2558 5605 bergensibus,
2593 5539 2987 5593 Miserabiliter
3015 5540 3239 5595 lnteriit
3277 5542 3398 5594 Rex
3445 5541 3589 5609 Qui;
3617 5543 3855 5599 demum

2161 5640 2227 5676 ex
2260 5641 2327 5677 Ill-2
2366 5631 2421 5678 ct
2456 5626 2757 5679 contractis
2797 5627 2922 5680 aliis
2965 5628 3192 5682 coniicit
3239 5644 3520 5695 m-axavrr,
3572 5636 3742 5700 atque
3783 5651 3849 5686 ex
