4696 6416
509 388 584 438 Μὶί
2131 381 2324 435 ACTA.
3878 390 3967 437 ltili

498 505 799 559 charactere
850 508 1143 573 sequente,
1203 518 1315 555 non
1360 501 1547 556 minus
1578 502 2005 571 hieroglyphico
2054 502 2172 555 for-
2204 506 2244 558 A
2285 502 2600 573 reliquerit,
2644 508 2981 575 perpetuum
3027 505 3432 558 munificentia:
3491 522 3608 560 sua!
3641 515 3975 562 monumen‘

497 598 744 645 mature
774 606 860 653 τε,
894 606 925 641 o
956 604 1120 641 nacus
1158 589 1421 641 Eanome.
1466 588 1546 641 Ita
1590 588 1702 650 ille,
1763 588 1855 641 cui
1901 589 2039 641 alios
2076 589 2170 642 fu-

496 680 576 748 gio
603 692 915 739 accensere,
977 677 1113 729 dum
1170 682 1285 728 tam
1344 677 1592 744 implexa
1641 681 1773 729 sunt
1814 682 1868 728 et
1916 676 2076 745 signa
2117 682 2173 730 et

498 764 761 830 vocabula,
796 772 859 816 ut
904 765 964 816 in
995 764 1219 817 diversa
1266 764 1488 832 rapiant
1519 769 1862 832 spectatores
1893 764 2169 832 singulos.

494 853 675 917 Feriet,
740 852 970 921 opinor,
1034 852 1476 921 Bambergenses
1529 868 1728 903 omnes
1767 867 1929 921 mque
1988 868 2049 904 ac
2081 868 2172 904 me

495 947 594 993 tam
630 941 818 1009 procul
853 940 1119 992 accersita
1152 939 1451 1008 expositio,
1484 939 1543 991 in
1573 955 1742 1008 quam
1774 938 1936 1008 argui
1991 944 2173 1008 potest

493 1026 735 1080 formatio
769 1026 918 1077 vocis
968 1040 1178 1078 Μίδεω
1220 1041 1322 1093 pro
1366 1028 1636 1090 angelum,
1695 1040 1823 1078 cum
1855 1026 2039 1078 littera
2074 1044 2172 1095 pe-

495 1115 715 1168 nultima
746 1129 861 1165 non
896 1113 970 1165 sit
1010 1114 1047 1165 L
1106 1113 1204 1165 sed
1234 1116 1297 1177 Α,
1367 1112 1448 1164 uti
1483 1112 1539 1164 in
1597 1112 1700 1168 Ces
1756 1118 1832 1165 Ar
1883 1118 1940 1166 et
1981 1115 2048 1166 be
2078 1116 2123 1167 Α
2157 1130 2169 1167 :

492 1204 680 1255 ultima
732 1218 868 1253 vero
924 1201 964 1253 Υ
1023 1201 1212 1270 potius
1252 1202 1333 1252 vel
1367 1200 1411 1251 V’
1454 1216 1626 1269 quam
1676 1201 1714 1254 U
1756 1201 2062 1269 signatum.
2105 1205 2173 1255 At

493 1291 682 1343 frustra
704 1289 794 1342 hic
815 1290 1061 1342 frontem
1120 1289 1388 1341 fricamus
1414 1304 1427 1352 ;
1460 1288 1593 1340 satis
1623 1287 1715 1351 sit,
1749 1288 1988 1341 curiosis
2016 1288 2173 1341 inda-

491 1376 764 1447 gatoribus
809 1377 1051 1429 ulterius
1101 1375 1438 1445 explorandi
1472 1376 1771 1428 materiam
1826 1376 2170 1445 sugessisse;

491 1482 547 1518 ac
573 1466 637 1519 de
664 1465 717 1519 S.
747 1464 990 1518 Henrico
1021 1465 1257 1534 ejusque
1287 1463 1696 1527 monumentis,
1731 1464 1881 1533 quod
1927 1464 2171 1518 maxime

488 1553 844 1610 intendimus.
878 1552 1022 1605 nihil
1055 1551 1414 1621 praeteriisse.

1183 1658 1407 1710 CAPUT
1440 1657 1525 1709 IV.

552 1749 617 1800 De
662 1746 1007 1799 celeberrima.
1101 1746 1285 1806 Cruce,
1350 1746 1581 1812 aliisque
1646 1744 1704 1799 S.
1765 1746 1983 1799 Ilcnrici
2022 1745 2172 1813 apud

898 1816 1311 1881 Bambergcnses
1349 1819 1520 1867 sacris
1550 1816 1787 1868 cimeln's.

550 1906 631 1957 79.
667 1903 743 1956 De
774 1902 1120 1957 Henriciana
1156 1903 1257 1955 hac
1295 1902 1704 1971 pretiosissima
1732 1904 1908 1956 Cruce
1962 1902 2172 1955 cursim

490 1992 695 2044 locutus
724 1998 811 2044 est
842 1990 1246 2054 Henschenius,
1280 1991 1416 2044 dum
1456 1995 1589 2043 Acta
1619 1990 1672 2043 S.
1713 1990 2077 2059 Cunegundis
2104 1993 2171 2043 ad

488 2078 624 2131 diem
659 2096 717 2132 ιιι
778 2079 963 2133 Martii
1024 2079 1351 2132 illustravit.
1417 2079 1679 2147 Ejusdem
1732 2078 2172 2131 delineationem

489 2169 546 2219 ad
610 2166 1062 2236 Papehrochium
1126 2166 1281 2220 misit
1334 2182 1486 2219 anno
1542 2170 1674 2219 1695
1719 2167 1782 2220 ll.
1834 2167 1894 2220 P.
1929 2167 2173 2219 Joannes

489 2254 653 2321 Risse,
684 2254 912 2323 collegii
966 2256 1145 2308 nostri
1181 2254 1611 2325 Bambergensis
1661 2270 1727 2308 eo
1765 2259 2022 2323 tempore
2069 2254 2176 2307 Re-

486 2348 629 2407 ctor;
663 2342 1037 2411 postmodum
1062 2358 1194 2395 vero
1233 2343 1403 2395 aliam
1452 2341 1510 2393 in
1546 2358 1621 2395 ass
1651 2340 1887 2395 incisam
1928 2342 2176 2409 vulgavit

487 2429 714 2481 Joannes
738 2430 941 2482 Petrus
972 2428 1257 2498 Ludewig,
1291 2428 1646 2498 inseruitque
1675 2430 1947 2483 volumini
1975 2447 2075 2482 suo
2105 2430 2173 2483 de

485 2516 855 2585 Scriptoribus
879 2531 1069 2568 rerum
1100 2516 1463 2584 episcopatus
1523 2516 1968 2585 Bambergensis.
2006 2518 2175 2569 Excu-

488 2620 601 2657 sum
628 2605 732 2657 hoc
764 2604 1063 2671 exemplar
1093 2608 1396 2672 postquam
1437 2619 1564 2655 cum
1623 2603 1878 2656 Rissiana
1929 2603 2175 2656 delinea-

487 2692 624 2745 tione
654 2691 1026 2745 contulissem
1075 2691 1238 2743 facile
1269 2691 1485 2745 adverti
1520 2697 1744 2743 tantum
1797 2691 1946 2743 inter
1987 2708 2043 2744 se
2074 2692 2175 2745 dif-

488 2780 639 2844 ferre,
673 2785 734 2832 ut
786 2786 995 2832 neutra
1022 2778 1223 2849 :imagq
1255 2778 1390 2831 satis
1441 2784 1629 2831 exacte
1660 2784 2002 2848 protolypon
2046 2780 2172 2832 red-

488 2867 683 2920 deret:
741 2868 1018 2938 quocirca
1076 2866 1445 2935 Bambergam
1499 2866 1905 2919 recurrendum
1939 2866 2064 2931 fuit,
2114 2872 2175 2920 ut

489 2953 719 3007 defectus
777 2955 837 3007 in
872 2954 940 3006 iis
1000 2959 1359 3006 occurrentes
1413 2958 1542 3023 apte
1592 2952 2026 3022 corrigerentur.
2062 2954 2170 3005 No-

488 3057 597 3094 vam
626 3042 818 3112 itaque
851 3040 1299 3095 delineationem
1352 3040 1422 3094 de
1476 3041 1699 3109 integro
1758 3057 2055 3110 aggressus
2085 3047 2170 3093 est
2203 3043 2242 3095 C

485 3123 732 3179 laudatus
800 3127 949 3180 mihi
1012 3143 1161 3196 saepe
1214 3127 1343 3182 Otto
1417 3128 1815 3197 Schugentius,
1897 3128 2173 3198 expressis

485 3212 638 3265 etiam
669 3218 790 3267 tum
828 3214 1213 3283 pretiosorum
1246 3215 1526 3284 lapidum,
1557 3220 1679 3268 tum
1721 3221 2055 3268 caaterorum
2087 3232 2173 3268 or-

484 3307 875 3355 namentorum
905 3302 1190 3355 coloribus
1224 3322 1239 3367 ;
1280 3302 1359 3355 sic
1405 3308 1467 3355 ut
1497 3301 1555 3355 in
1586 3319 1653 3355 ea
1692 3302 1833 3355 nihil
1864 3302 2172 3356 desiderari

484 3388 651 3442 testati
684 3389 800 3443 sint
833 3390 1211 3444 oculatissimi
1258 3390 1625 3460 inspectores,
1688 3390 1856 3443 toties
1885 3390 2053 3444 etiam
2088 3391 2173 3444 al-

483 3474 639 3543 legati
688 3478 834 3531 Clar.
886 3479 1227 3548 Eppenauer
1271 3483 1329 3531 et
1380 3479 1446 3532 R.
1481 3480 1547 3533 Ρ.
1590 3479 1848 3532 Nicolaus
1882 3479 2071 3543 Pottu,
2104 3472 2189 3531 de

484 3564 629 3631 cujus
658 3566 883 3618 meritis
948 3566 1087 3619 satis
1125 3566 1235 3619 dici
1285 3572 1398 3619 non
1431 3571 1636 3635 potest.
1702 3567 1878 3619 Porro
1933 3567 2170 3632 colores,

482 3652 842 3722 quoadusque
894 3668 989 3705 ars
1046 3655 1168 3720 ejus
1193 3653 1342 3717 tulit,
1404 3655 1650 3723 scalptor
1698 3653 1908 3705 referre
1939 3658 2175 3706 conatus

484 3741 579 3789 est.
616 3738 721 3801 Qui
752 3738 1223 3809 Ludewigiauam
1251 3738 1564 3809 imaginem
1595 3756 1723 3793 cum
1756 3746 1945 3793 nostro
1976 3747 2174 3810 ectypo

484 3825 778 3887 conferent,
815 3843 935 3880 non
965 3842 1139 3881 unam
1171 3827 1557 3881 diversitatem
1590 3828 1750 3881 facile
1773 3828 2172 3881 observabunt.

485 3909 663 3981 Itaque
689 3914 1045 3967 iconismum
1075 3915 1361 3984 praedicta!
1394 3915 1586 3968 Crucis
1616 3915 1706 3967 hic
1738 3916 1985 3984 primum
2015 3915 2174 3968 exhi-

484 3997 715 4055 bendum
750 4002 981 4067 censui,
1038 4002 1127 4055 cui
1157 4002 1384 4056 cimelia
1438 4004 1550 4056 alia
1606 4003 1824 4072 adjecta
1876 4007 2025 4069 sunt,
2078 4018 2178 4057 suo

486 4086 637 4140 etiam
668 4090 877 4143 ordine
910 4090 1280 4143 recensenda.

546 4176 620 4228 80.
653 4177 1004 4231 Henschenii
1028 4177 1197 4231 verba
1225 4176 1314 4230 hic
1358 4177 1760 4246 praemittenda
1791 4182 1941 4243 sunt,
1971 4177 2179 4247 quibus

484 4264 693 4317 sacras.
748 4264 1133 4335 Cunegundis
1189 4269 1577 4323 monumenta,
1633 4280 1662 4316 a
1702 4280 1759 4317 se
1811 4280 2001 4317 coram
2049 4280 2175 4333 spe-

484 4354 631 4417 ctata,
663 4368 1043 4416 enumerans,
1076 4353 1154 4405 ita
1204 4352 1462 4422 loquitur
1487 4351 1895 4405 Commentarii
1944 4352 2030 4404 sui
2062 4350 2089 4420 ἓ
2122 4353 2171 4415 4,

484 4450 624 4491 num.
680 4441 748 4493 25
802 4456 814 4493 :
864 4439 1097 4493 Addere
1151 4440 1358 4507 placet,
1408 4438 1615 4508 inquit,
1661 4455 1789 4509 quas
1853 4439 1959 4507 ipsi
2016 4441 2175 4492 Bam-

484 4520 650 4593 bergze
674 4526 932 4580 vidimus
966 4526 1028 4578 in
1061 4530 1255 4579 monte
1285 4526 1337 4579 S.
1375 4526 1679 4591 Michaelis,
1727 4525 1783 4578 in
1841 4526 2053 4595 templo
2075 4526 2170 4578 ab-

482 4608 674 4675 batiali,
705 4614 925 4667 scilicet
958 4612 1155 4666 dotem
1188 4630 1287 4666 seu
1342 4613 1827 4681 morghengabam
1862 4630 1889 4666 a
1918 4614 1971 4667 S.
2021 4613 2175 4666 Hen-

482 4697 582 4751 rico
612 4700 959 4771 Cunegundi
989 4700 1180 4752 datam
1216 4716 1230 4764 ;
1262 4716 1486 4753 crucem
1518 4716 1748 4753 auream
1778 4701 1966 4769 operis
1998 4700 2173 4753 Graeci

485 4788 868 4858 antiquissimi,
907 4787 997 4841 uti
1018 4804 1083 4840 ex
1112 4788 1580 4857 inscriptionibus
1611 4794 1779 4858 atque
1829 4788 2174 4857 imaginibus

485 4882 589 4927 erat
606 4892 980 4942 cognoscere.
1024 4876 1150 4928 Haec
1173 4875 1442 4929 nimirum
1476 4882 1561 4928 est
1611 4875 1991 4944 receptissima
2022 4877 2172 4946 apud

485 4961 910 5033 Bambergenses
948 4962 1208 5025 traditio,
1269 4963 1695 5016 celeberrimam
1728 4964 1985 5029 Crucem,
2028 4964 2173 5016 mul-

485 5048 544 5099 tis
564 5065 860 5105 aureorum
889 5049 1155 5103 millibus
1178 5049 1538 5115 aestimatam,
1573 5050 1785 5103 donum
1826 5050 1972 5103 istud
2002 5049 2174 5103 fuisse

486 5138 613 5203 quod
643 5156 891 5208 sponsae,
926 5138 1177 5201 Sanctae,
1202 5142 1429 5189 sanctus
1449 5142 1504 5189 et
1529 5137 1667 5205 ipse,
1686 5138 1937 5205 Sponsus
1954 5137 2175 5191 dederit

488 5226 735 5289 postridie
767 5223 1294 5297 nuptiarum,iude
1333 5222 1483 5293 apud
1518 5226 1828 5278 Germanos
1857 5226 2175 5295 appellatur

490 5326 935 5377 IORGRENGABAN,
995 5312 1153 5382 quod
1214 5312 1383 5364 latine
1442 5312 1791 5365 reddendum
1833 5321 1915 5365 est
1956 5314 2171 5366 donum

490 5403 804 5455 matutinum
836 5402 937 5470 (de
963 5416 1085 5470 quo
1119 5398 1175 5450 in
1206 5398 1856 5469 glossariisSpelmauni,
1889 5399 2088 5469 Cangii
2118 5407 2174 5454 et

492 5485 703 5542 aliorum
730 5491 901 5559 plura
935 5484 1247 5553 invenies),
1283 5485 1407 5555 ipsa
1437 5502 1568 5539 vero
1603 5487 1954 5540 sanctissima
1988 5488 2171 5557 Impe-

494 5575 641 5627 ratr-ix
671 5576 1017 5641 cmnnhin,a
1083 5588 1141 5624 se
1173 5588 1301 5625 cum
1364 5572 1617 5641 piissimo
1648 5574 1889 5642 conjuge
1917 5575 2165 5635 condito.

2282 596 2425 657 tum,
2450 608 2629 662 usque
2661 592 2831 645 hodie
2862 593 2921 645 in
2974 592 3131 645 festis
3170 592 3605 647 solemnioribus
3634 596 3975 665 quandoque

2280 678 2630 733 circumferri
2660 680 2911 743 solitum,
2945 679 3002 732 in
3053 688 3289 749 argento
3333 680 3581 734 obducto
3648 683 3973 748 manubrio,

2282 768 2619 837 adquinque
2672 768 2843 836 pedes
2909 767 3349 836 Noribergenses
3400 776 3655 836 extenso,
3712 771 3862 839 quod
3916 772 3975 825 in

2281 855 2531 925 imagine
2561 872 2835 925 apparere
2863 857 3165 909 voluimus.
3202 859 3245 909 Α
3268 856 3457 910 Graeco
3488 858 3572 910 vel
3601 859 3800 911 saltem
3830 874 3974 927 gras-

2280 944 2899 997 cizante‘elaboratam
2951 944 3201 1013 primum
3249 944 3421 997 fuisse
3476 945 3710 998 Crucem
3766 945 3970 1015 ipsam,

2280 1032 2413 1084 satis
2438 1032 2644 1101 opinor
2687 1037 2963 1100 apparet;
3001 1048 3063 1085 ac
3113 1033 3556 1085 circumductam
3610 1034 3970 1102 postmodum

2279 1120 2597 1172 censuerim
2644 1119 3073 1187 inscriptionem
3120 1120 3381 1183 latinam,
3433 1119 3492 1172 in
3551 1136 3663 1190 qua
3693 1136 3793 1173 cur
3840 1137 3974 1173 ver—

2280 1207 2416 1260 bum
2449 1206 2504 1259 in
2539 1208 2725 1260 futuro
2758 1207 3027 1260 inflexum
3059 1208 3148 1269 sit,
3200 1208 3435 1260 'candide
3485 1208 3667 1260 fateor
3694 1223 3782 1260 me
3833 1208 3975 1261 divi-

2280 1310 2415 1346 nare
2456 1311 2569 1347 non
2602 1311 2789 1364 posse,
2858 1294 2989 1359 nisi,
3050 1294 3175 1363 ipso
3221 1294 3366 1361 vivo,
3426 1294 3562 1348 ﬁdei
3609 1296 3971 1348 commissum

2279 1382 2469 1435 fuerit.

2350 1471 2436 1522 8|.
2471 1468 2641 1521 Multa
2674 1468 2783 1520 alia
2814 1467 2939 1520 istic
2969 1466 3372 1537 contempleris
3404 1466 3460 1519 in
3516 1466 3725 1537 quibus
3753 1467 3973 1520 clarita-

2279 1562 2391 1610 tem
2418 1557 2616 1608 merito
2673 1555 2982 1620 desideres,
3036 1557 3215 1609 multa
3251 1555 3484 1608 artificis
3536 1556 3768 1625 ingenio
3802 1560 3857 1609 et
3882 1572 3977 1610 ar-

2280 1643 2449 1695 bitrio
2505 1643 2765 1711 figurata,
2825 1642 2935 1694 alia
2993 1642 3153 1711 quasi
3208 1640 3457 1694 studiose
3512 1642 3785 1708 involuta,
3846 1659 3975 1712 quas

2280 1747 2447 1783 nemo
2476 1731 2747 1783 hactenus
2772 1729 3052 1799 explicare
3085 1730 3324 1792 noverit,
3386 1746 3563 1799 usque
3595 1730 3735 1783 adeo
3794 1737 3858 1783 ut
3884 1747 3973 1783 me

2281 1832 2692 1887 nonnunquam
2723 1818 2987 1886 cogitatio
3042 1817 3282 1870 subierit
3327 1824 3764 1871 monumentum
3792 1834 3972 1888 quan-

2283 1906 2489 1958 tumvis
2511 1906 2847 1973 pratclarum
2873 1904 3323 1973 praetermittere,
3372 1906 3558 1973 potius
3583 1921 3753 1975 quam
3788 1913 3974 1975 partes

2282 1995 2401 2061 ejus
2432 1993 2648 2062 aliquas
2682 1993 2918 2044 intactas
2966 1998 3022 2044 et
3052 1992 3435 2044 inobservatas
3486 1993 3830 2062 relinquere.
3882 1994 3973 2046 Vi-

2283 2094 2374 2131 ros
2411 2078 2765 2131 doctissimos
2794 2079 3073 2141 consului,
3124 2094 3370 2148 quorum
3429 2080 3523 2131 alii
3552 2080 3797 2148 graviori
3838 2097 3976 2134 cen-

2284 2183 2435 2233 sura,
2467 2167 2563 2219 alii
2619 2168 2788 2237 paulo
2842 2166 3056 2220 mitiori
3123 2165 3310 2236 ipsum
3366 2169 3837 2235 perstrinxerunt,
3898 2169 3977 2221 sic

2280 2258 2473 2306 tamen
2502 2260 2561 2305 ut
2591 2254 2781 2305 nullus
2838 2269 2903 2305 ea
2961 2260 3109 2305 recte
3158 2252 3389 2306 solverit
3442 2269 3569 2322 quae
3603 2254 3740 2307 mihi
3772 2256 3977 2325 displi-

2282 2356 2407 2395 cere
2464 2341 2547 2394 vel
2606 2341 2745 2410 ipsis
2804 2340 3307 2409 Bamhergensibus
3374 2342 3617 2394 rotunde
3692 2343 3978 2410 professus

2283 2445 2429 2481 sum.
2466 2429 2800 2497 Repositum
2832 2435 2913 2481 est
2956 2445 3070 2481 non
3104 2428 3249 2497 exigi
3300 2428 3368 2481 ab
3408 2428 3676 2482 historico
3708 2436 3770 2483 ut
3798 2430 3854 2483 in
3884 2447 3979 2483 an-

2282 2516 2461 2586 tiquis
2490 2516 2818 2585 hujusmodi
2858 2516 3267 2581 monumentis,
3301 2532 3428 2585 qua:
3469 2522 3741 2581 recenset,
3788 2522 3979 2587 posset

2282 2604 2507 2673 singula
2540 2603 2864 2656 minutatim
2915 2618 3218 2672 exponere,
3268 2608 3366 2655 aut
3394 2602 3775 2657 determinare
3825 2605 3976 2674 quod

2282 2691 2569 2760 sigillatim
2602 2691 2957 2760 significent;
2992 2690 3167 2743 videri
3200 2706 3445 2760 namque
3502 2693 3759 2744 sufficere
3818 2694 3885 2755 si,
3915 2698 3978 2744 ut.

2282 2779 2606 2849 philosophi
2636 2780 2964 2848 loquuntur,
3000 2778 3340 2831 determinet
3368 2793 3440 2831 an
3473 2794 3561 2830 res
3581 2778 3671 2843 sit,
3696 2795 3812 2832 non
3841 2779 3976 2833 item

2283 2883 2509 2936 semper
2526 2867 2660 2937 quid
2683 2866 2933 2937 qualisve
2949 2866 3038 2931 sit,
3074 2864 3387 2935 praesertim
3415 2865 3511 2918 ubi
3532 2866 3808 2919 nonnulla
3838 2883 3978 2935 qua-

2284 2955 2329 3007 si
2363 2953 2717 3023 renigmatice
2749 2953 3008 3006 intricata
3022 2953 3306 3005 videntur.
3342 2952 3479 3005 Rem
3504 2952 3763 3016 existere,
3786 2954 3976 3005 certis-

2280 3040 2487 3094 simum
2515 3048 2601 3093 est
2633 3057 2647 3106 ;
2671 3044 2893 3093 aetatem
2927 3040 3071 3108 ejus,
3095 3040 3388 3105 artificem,
3414 3038 3723 3092 fabricandi
3750 3055 3975 3091 causam

2281 3132 2335 3177 et
2367 3127 2670 3190 intentum,
2701 3126 3079 3195 adjunctaque
3104 3130 3308 3178 caetera
3350 3127 3667 3190 enucleare,
3698 3124 3806 3178 hoc
3835 3142 3978 3196 opus

2282 3214 2371 3267 hic
2411 3214 2594 3280 labor,
2629 3214 2718 3266 has
2746 3218 2876 3266 sunt
2904 3213 3288 3277 difficultates,
3309 3229 3448 3282 quas
3479 3230 3511 3265 a
3538 3213 3768 3265 nemine
3788 3208 3976 3265 hacte-

2282 3318 2388 3355 nus
2411 3307 2605 3366 tactas,
2664 3302 2873 3355 nedum
2931 3294 3141 3354 Solutas
3194 3300 3407 3353 inveni.
3467 3300 3683 3356 Citatus
3717 3301 3837 3368 jam
3882 3302 3981 3353 l.u.

2282 3390 2464 3459 dewig
2494 3390 2629 3443 satis
2654 3389 2854 3443 habuit
2890 3394 2948 3443 et
2977 3390 3213 3442 Crucem
3243 3394 3299 3441 et
3328 3389 3604 3442 nonnulla
3633 3387 3744 3440 alia
3776 3403 3980 3440 excusa

2280 3478 2513 3542 referre,
2566 3494 2812 3548 quorum
2862 3477 3301 3547 explicationem
3331 3476 3456 3529 aliis
3526 3474 3976 3544 investigandam

2281 3566 2591 3621 commisit.
2629 3568 2865 3619 Tentare
2893 3565 3106 3635 aliquid
3151 3565 3384 3635 juverit,
3436 3580 3502 3618 eo
3556 3564 3754 3616 saltem
3791 3577 3978 3632 opera:

2282 3654 2466 3725 pretio
2496 3659 2559 3707 ut
2586 3654 2643 3707 id
2674 3655 2874 3723 {genus
2927 3658 3432 3706 monumentorum
3480 3650 3780 3721 peritiores
3807 3665 3977 3703 cona-

2283 3747 2402 3795 tum
2438 3746 2691 3794 nostrum
2727 3746 3118 3811 promoveant.

2353 3832 2440 3883 82.
2476 3830 2552 3882 De
2582 3828 2842 3882 crucibus
2871 3828 3121 3898 antiquis
3152 3832 3275 3880 tum
3308 3826 3495 3892 nudis,
3531 3830 3592 3878 ut
3640 3825 3717 3878 ita
3754 3824 3974 3894 loquar,

2284 3924 2405 3972 tum
2439 3918 2745 3971 humanam
2774 3916 2980 3971 Christi
3022 3916 3269 3985 effigiem
3310 3915 3533 3967 effixam
3566 3918 3978 3983 repraesentan-

2286 4006 2455 4071 tibus,
2515 4006 2635 4058 fuse
2675 4004 2984 4074 disputavit
3044 4010 3239 4057 noster
3306 4002 3624 4071 Janningus
3664 4018 3721 4071 p.
3756 4016 3860 4066 m.,
3909 3999 3978 4052 de

2290 4094 2520 4146 Basilica
2549 4094 2814 4145 Vaticana
2844 4098 3110 4155 tractans,
3162 4095 3317 4145 tomo
3347 4107 3417 4143 vu
3449 4089 3603 4144 Junii
3632 4106 3664 4142 a
3694 4104 3823 4159 pag.
3858 4088 3974 4148 141,

2291 4198 2460 4234 unam
2495 4180 2644 4233 inter
2673 4180 2811 4234 alias
2860 4180 3112 4233 referens
3142 4186 3349 4233 nostra:
3406 4177 3539 4232 huic
3568 4178 3703 4230 satis
3753 4176 3978 4228 confor-

2290 4284 2461 4332 mem,
2494 4268 2693 4321 saltem
2723 4267 2871 4337 quod
2921 4282 3146 4319 crucem
3196 4265 3380 4334 ipsam
3426 4263 3745 4332 Christique
3776 4260 3978 4330 imagi-

2288 4355 2376 4408 nis
2405 4354 2856 4408 efi'ormationem
2888 4354 3106 4418 attinet,
3158 4352 3249 4405 cui
3299 4368 3461 4421 pares
3509 4351 3644 4404 alias
3689 4349 3975 4418 assignat;

2285 4441 2586 4511 eidemque
2627 4458 2740 4495 non
2796 4443 3045 4495 multum
3088 4440 3377 4492 absimiles
3427 4437 3601 4491 habet
3652 4434 3978 4490 Lambecius

2286 4529 2343 4581 in
2377 4529 2721 4582 Bibliotheca
2783 4529 3035 4581 Caesarea
3095 4524 3535 4586 Vindobonensi,
3597 4524 3694 4577 lib.
3735 4526 3789 4587 2,
3846 4538 3973 4592 pag.

2284 4618 2387 4669 482
2417 4622 2474 4669 et
2502 4616 2658 4680 alibi,
2692 4621 2754 4667 ut
2778 4632 3005 4668 necesse
3046 4629 3161 4666 non
3196 4613 3266 4665 sit
3290 4612 3357 4665 de
3388 4628 3451 4664 ea
3510 4627 3568 4663 re
3597 4610 3687 4663 hic
3718 4609 3975 4680 pluribus

2284 4703 2616 4770 disceptare.
2653 4706 2887 4756 zEtatem
2919 4701 3276 4771 potissimum
3312 4698 3624 4769 quaerimus
3676 4713 3791 4767 qua
3827 4698 3974 4751 llen-

2283 4791 2496 4844 riciana
2525 4792 2644 4844 hasc
2668 4797 2859 4843 nostro
2918 4789 3187 4842 fabricata
3234 4786 3450 4839 censeri
3498 4785 3694 4856 possit,
3730 4784 3784 4838 id
3825 4785 3974 4854 quod

2283 4879 2478 4931 saltem
2512 4879 2716 4930 saeculo
2775 4894 2802 4929 x
2844 4876 3051 4929 factum
3086 4881 3327 4945 oportet,
3363 4875 3407 4926 si
3446 4889 3572 4927 eam
3602 4877 3828 4926 sanctus
3859 4873 3974 4925 Im-

2284 4966 2585 5037 peratorin
2654 4964 3137 5034 morghengaham
3198 4968 3403 5015 sancta:
3458 4961 3703 5030 Coniugi
3751 4960 3971 5022 obtulit,

2283 5054 2387 5107 sub
2419 5054 2604 5124 ipsum
2635 5052 2824 5106 saeculi
2873 5051 3228 5121 insequentis
3288 5049 3656 5120 principium,
3717 5064 3827 5118 qua
3858 5047 3976 5098 sola

2284 5141 2503 5194 ratione
2534 5157 2660 5193 cum
2696 5140 3046 5193 Henricianm
3114 5139 3241 5191 vita:
3274 5138 3418 5191 serie
3467 5136 3733 5205 componi
3791 5136 3975 5203 potest

2287 5229 2716 5298 Bambergensis
2750 5227 2999 5288 traditio,
3020 5226 3297 5296 quidquid
3323 5224 3531 5278 eruditi
3561 5222 3741 5275 critici
3772 5221 3974 5273 adver-

2283 5323 2499 5382 sentur,
2553 5317 3012 5385 contendantque
3061 5316 3376 5367 litterarum
3409 5324 3722 5379 grascarum
3772 5307 3973 5359 latina-

2282 5419 2525 5472 rumque
2570 5404 2877 5456 mixturam
2908 5403 3072 5454 istam
3131 5398 3445 5469 posteriora
3500 5395 3705 5448 saecula
3751 5410 3972 5463 sapere,

2287 5489 2686 5552 additamentis
2716 5487 3195 5553 solidis,nummis
3224 5491 3279 5537 et
3319 5484 3462 5547 aliis,
3494 5480 3822 5535 recentioris
3869 5481 3973 5534 levi
4038 5494 4043 5497 '

2282 5594 2403 5631 esse
2454 5577 2659 5646 passim
2722 5581 3077 5631 censeantur.
3134 5568 3611 5642 quemadmodum
3672 5573 3725 5619 et
3781 5584 3973 5621 versus
