3976 6404
385 302 476 354 171
1682 297 1736 350 S.
1784 293 2071 350 IIENRICI
2115 290 2592 348 IMPERATORIS
3803 293 3928 345 {7'2

380 423 636 489 Leonini,
669 438 815 492 quos
858 420 1065 476 saeculo
1120 436 1154 474 x
1196 419 1256 473 in
1302 434 1408 473 usu
1444 418 1640 480 fuisse,
1692 417 1921 472 aliunde
1973 417 2078 471 de—
2107 419 2152 470 Α
2263 415 2417 469 Inter
2444 429 2619 486 opum
2665 413 2845 468 varias
2884 429 3065 485 prono
3084 413 3154 469 de
3186 417 3414 485 pectore
3443 429 3638 484 gazas,

379 511 688 567 monstrari
706 511 1021 581 postulant.
2263 503 2483 558 Obtulit
2510 503 2662 556 hunc
2691 503 2900 556 librum
2932 501 3121 556 divina
3144 503 3267 572 lege
3301 502 3576 556 refertum
3606 519 3620 556 :

446 603 535 655 83.
573 600 761 654 Liceat
789 597 931 652 mihi
962 597 1054 651 hic
1085 595 1420 665 opinionem
1450 612 1636 650 meam
1667 611 1765 650 seu
1797 595 2083 665 conjectu-
2265 591 2473 644 Plenus
2503 606 2696 644 amore
2730 590 2849 656 Dei,
2879 589 3010 659 pius
3041 589 3101 643 in
3139 590 3378 643 donaria
3408 589 3636 660 templi,

374 703 500 742 ram
552 687 793 741 candide
851 685 1131 756 proferre.
1183 683 1336 738 Nihil
1382 689 1678 754 tantopere
1733 683 1899 737 video
1930 683 2084 753 quod
2267 679 2333 733 Ut
2361 678 2436 732 sit
2464 683 2809 749 perpetuum
2848 678 3018 731 decus
3046 677 3159 732 illic
3186 692 3358 730 omne
3379 693 3482 748 per
3511 692 3701 731 sevum

373 776 604 830 credere
663 790 770 827 nos
826 777 977 826 vetet
1035 771 1273 826 Crucem
1348 771 1554 840 ipsam,
1606 785 1906 840 quousque
1962 775 2083 824 tota
2265 765 2533 835 Princeps
2562 764 3114 831 Ecclesiaa,caalestis
3144 765 3394 835 claviger
3424 765 3594 832 aulae,

376 879 560 932 graeca
589 867 692 928 est,
751 861 821 914 ad
851 860 1126 913 seculum
1158 875 1191 912 x
1241 858 1472 925 referre,
1529 857 1646 912 sive
1694 874 1761 911 ea
1818 859 1879 911 in
1904 859 2081 913 veteri
2262 855 2304 909 Ο
2335 856 2667 922 Petre,cum
2696 855 2868 909 Paulo
2901 855 3089 923 gentis
3126 853 3356 907 doctore
3389 854 3664 924 benigno,

375 951 607 1017 Graecia,
663 949 780 1003 sive
829 950 888 1000 in
945 949 1144 1016 Magna
1200 946 1375 999 Italiae
1437 961 1537 999 seu
1591 948 1816 1016 Apulia,
1875 947 1991 1000 sive
2049 964 2082 1000 a
2263 946 2424 999 Hunc
2455 944 2558 998 tibi
2589 944 2856 998 devotum
2906 958 3073 1012 prece
3125 942 3211 996 fac
3251 958 3425 1012 super
3454 949 3608 996 astra
3641 943 3936 1007 beatum,

377 1038 584 1093 Graecis
613 1035 923 1090 artiﬁcibus
951 1035 1010 1087 in
1046 1035 1168 1105 ipsa
1207 1033 1510 1087 Germania
1561 1032 1833 1086 fabricata
1885 1033 2078 1099 fuerit,
2260 1033 2403 1088 Cum
2434 1031 2771 1102 Cunigunda
2801 1029 2909 1084 sibi
2937 1036 3323 1100 conregnante
3354 1047 3575 1084 serena.

377 1143 508 1197 quas
540 1126 600 1179 in
621 1124 677 1179 S.
730 1122 956 1178 Henrici
1000 1137 1204 1175 manus
1262 1120 1606 1191 pervenerit,
1658 1126 1954 1190 tamquam
1989 1137 2082 1174 sa-
2262 1121 2377 1174 lIoc
2435 1121 2620 1187 Pater,
2669 1120 2775 1173 hoc
2803 1119 3001 1186 Natus,
3061 1134 3282 1172 necnon
3329 1125 3386 1172 et
3438 1119 3685 1188 Spiritus
3716 1119 3939 1172 almus

375 1231 536 1268 crum
585 1211 1017 1284 pretiosumque
1072 1209 1386 1275 cimelium,
1446 1215 1758 1279 antequam
1793 1209 1862 1262 ad
1918 1210 2077 1263 thro-
2261 1212 2489 1263 Annuat
2513 1208 2741 1262 internis
2772 1223 3000 1278 semper
3031 1207 3176 1260 Deus
3198 1207 3468 1260 omnibus
3511 1207 3682 1260 imus.

379 1318 512 1355 num
545 1301 925 1354 eveheretur:
957 1297 1176 1352 dederit
1196 1297 1343 1352 istud
1370 1297 1493 1369 ipse
1535 1297 1904 1351 sanctissimae
1933 1298 2078 1351 Con-
2261 1299 2347 1350 85.
2386 1297 2652 1366 Expende
2703 1296 2807 1349 hos
2854 1311 3049 1349 versus
3105 1294 3389 1366 quantum
3441 1295 3699 1362 libuerit,
3758 1295 3934 1350 nihil

371 1391 530 1460 jugi;
565 1390 686 1442 haec
732 1404 888 1453 vero,
944 1387 1028 1441 vel
1064 1391 1407 1440 testamento
1451 1387 1541 1440 vel
1591 1387 1704 1439 alia
1749 1386 2075 1454 donatione,
2190 1400 2257 1438 ex
2279 1384 2418 1455 ipsis
2441 1383 2675 1438 extundi
2722 1400 2890 1454 posse
2950 1382 3178 1437 videtur
3231 1383 3385 1454 quod
3442 1399 3558 1437 non
3587 1383 3651 1438 S.
3690 1383 3936 1438 Henri—

374 1479 523 1550 apud
583 1478 890 1531 monachos
943 1491 1075 1528 suos
1125 1475 1468 1530 Michaelitas
1521 1475 1732 1527 servari
1785 1476 2028 1529 voluerit
2061 1493 2074 1539 ;
2189 1489 2316 1526 cum
2350 1472 2633 1527 viventem
2661 1471 2848 1526 adhuc
2869 1475 2924 1525 et
2944 1471 3308 1541 superstitem
3341 1471 3598 1524 redoleat
3631 1488 3645 1537 ;
3682 1471 3934 1525 utinde

375 1568 597 1620 Griecas
630 1571 885 1629 eatenus,
945 1580 1048 1616 nec
1089 1564 1234 1617 forte
1288 1562 1461 1616 sacris
1507 1563 1691 1617 adhuc
1737 1563 1933 1618 usibus
1973 1566 2078 1619 de-
2188 1560 2324 1614 satis
2390 1567 2542 1614 recte
2606 1565 2853 1629 arguant
2920 1558 3364 1628 Bambergeuses
3437 1559 3581 1612 nihil
3659 1575 3786 1611 esse
3861 1561 3933 1612 in

373 1660 650 1726 putatam.
688 1652 880 1706 Fuerit
916 1651 1157 1706 subinde
1186 1651 1359 1705 abbas
1406 1651 1614 1722 aliquis
1660 1652 1758 1722 qui
1797 1653 2079 1722 pretiosis.
2109 1688 2148 1740 Β
2190 1649 2364 1703 Cruce
2397 1664 2600 1718 graeca,
2634 1663 2750 1718 quo
2779 1647 2850 1700 ad
2882 1647 3163 1717 posterius
3189 1649 3462 1700 saeculum
3495 1647 3710 1700 retrahi
3743 1663 3931 1701 com-

379 1743 589 1797 simum
624 1745 1061 1795 monumentum
1112 1740 1226 1793 ritu
1271 1741 1557 1793 Catholico
1615 1741 1676 1794 in
1709 1743 2079 1811 processioni-
2109 1733 2146 1740 ”
2192 1737 2454 1807 pellatur,
2487 1735 2718 1806 quando
2745 1735 2907 1804 paria
2931 1735 3123 1788 omnia
3152 1733 3210 1787 in
3261 1734 3422 1787 theca
3456 1734 3928 1804 Evangeliorum

370 1832 478 1885 bus
509 1829 860 1883 circumferri
881 1844 1050 1899 posse
1081 1827 1386 1894 censuerit,
1409 1830 1804 1900 aptaveritque
1834 1831 2079 1900 proinde
2189 1823 2575 1894 reperiuntur.
2624 1822 2709 1876 Ad
2773 1822 2833 1875 id
2891 1829 3084 1875 autem
3131 1821 3284 1892 (ιιιοά
3342 1822 3523 1875 αι’ὶῐίοί
3576 1822 3926 1886 damnant.

372 1919 739 1973 manubrium
761 1933 860 1971 seu
893 1917 1166 1986 perticam
1211 1920 1542 1986 argenteam
1592 1916 1684 1970 cui
1733 1917 1788 1970 id
1818 1918 2078 1988 impone-
2190 1927 2400 1966 nomen
2466 1912 2691 1967 Caesaris
2748 1926 2811 1964 ac
2864 1909 3322 1963 additamentum
3390 1910 3614 1964 secundi
3670 1916 3774 1964 aut
3819 1915 3930 1980 pii

371 2013 548 2073 retur,
580 2013 750 2077 atque
778 2006 849 2060 ad
880 2005 1267 2058 renovandam
1332 2004 1649 2058 identidem
1699 2005 2080 2062 sanctissimo-
2188 1999 2528 2054 Henriciano
2558 1999 2763 2052 saeculo
2809 2014 2925 2051 non
2979 1998 3294 2051 obtinuisse
3349 1999 3410 2050 in
3456 1999 3730 2063 nummis,
3805 2005 3926 2052 aut

369 2112 501 2150 rum
557 2096 922 2149 fundatorum
979 2093 1340 2161 memoriam,
1410 2091 1621 2146 latinos
1674 2093 1811 2147 istos
1886 2111 2078 2149 versus
2187 2091 2389 2143 saltem
2425 2103 2688 2140 nummos
2717 2086 2857 2139 tales
2886 2102 3002 2139 non
3034 2086 3326 2139 inveniri:
3378 2086 3729 2155 respondent
3751 2087 3925 2140 Cru-

368 2183 819 2237 circumduxerit
850 2198 862 2234 :
897 2204 916 2230 ι
943 2183 1071 2236 Jesu
1106 2181 1325 2234 Christe
1353 2180 1569 2234 bonum
1600 2181 1852 2235 clemens
1882 2183 1938 2237 Cl

2354 2175 2568 2241 ndices,
2599 2180 2654 2226 et
2698 2177 2849 2226 recte
2903 2173 3162 2226 sufﬁcere
3218 2172 3370 2242 quod
3424 2189 3506 2226 ea
3558 2175 3919 2243 appellatio-

368 2270 561 2338 accipe
591 2270 832 2336 donum,
873 2267 1022 2337 quod
1055 2266 1214 2321 dabit
1235 2267 1533 2322 Heinricus
1587 2269 1717 2338 pius
1778 2270 1962 2324 Caesar
1998 2277 2079 2324 at-
2184 2279 2285 2317 nes
2306 2264 2365 2316 in
2416 2261 2824 2332 diplomatibus
2855 2261 3063 2314 diserte
3116 2262 3518 2328 exprimantur
3567 2265 3632 2314 ut
3681 2262 3918 2316 artiﬁci

365 2373 480 2427 que
502 2356 804 2420 secundus,
840 2354 942 2408 uin
964 2355 1241 2426 quibusid
1259 2356 1445 2409 solum
1474 2355 1755 2426 displicet,
1785 2359 1939 2428 quod
1971 2375 2075 2429 pro
2183 2351 2270 2404 vel
2302 2349 2545 2403 additori
2567 2349 2702 2402 vitio
2729 2347 3066 2402 vertendum
3121 2364 3239 2401 non
3272 2348 3362 2410 sit,
3401 2347 3554 2418 quod
3609 2348 3680 2401 iis
3712 2349 3920 2403 titulis

365 2444 544 2508 dabit,
571 2443 756 2512 potius
818 2457 936 2495 non
995 2440 1286 2512 scripserit
1330 2442 1502 2507 dedit,
1557 2443 1643 2495 uti
1681 2451 1832 2497 certe
1885 2445 2075 2499 dicere
2181 2441 2234 2491 S.
2273 2439 2574 2492 Henricum
2601 2435 2911 2496 ornaverit.
2972 2436 3198 2488 tametsi
3244 2451 3358 2488 non
3401 2435 3631 2505 proprie
3683 2452 3911 2489 secun-

366 2531 580 2595 debuit,
625 2531 671 2582 si
701 2530 755 2583 id
789 2535 913 2582 tum
939 2529 1106 2582 scribi
1132 2529 1303 2598 jussit
1330 2529 1466 2582 dum
1491 2529 1728 2583 Crucem
1757 2537 2073 2602 acceperat,
2180 2528 2285 2581 dus
2314 2525 2478 2580 istius
2536 2524 2782 2578 nominis
2842 2525 3162 2593 Imperator
3207 2524 3301 2576 sed
3360 2525 3582 2592 primus
3626 2524 3738 2577 dici
3797 2525 3915 2578 de-

369 2619 485 2672 Hoc
511 2623 679 2687 pacto
709 2617 997 2670 evitantur
1053 2616 1439 2680 difﬁcultates,
1495 2633 1638 2687 quas
1685 2623 1878 2672 tamen
1909 2620 2074 2674 aliter
2181 2613 2387 2669 buerit.
2418 2613 2508 2668 Sic
2537 2618 2594 2665 et
2652 2611 2737 2665 Pii
2797 2627 3078 2681 agnomen
3137 2611 3190 2665 S.
3245 2613 3614 2681 Imperatoris
3644 2613 3777 2666 vivo
3807 2615 3915 2666 in-

367 2704 543 2758 etiam
589 2707 805 2758 solvere
835 2721 893 2757 se
925 2720 1089 2774 posse
1121 2704 1564 2772 Bambergenses
1586 2705 1926 2762 existimant.
2182 2703 2363 2756 ditum
2396 2699 2768 2770 probatClar.
2832 2699 3161 2769 Eppenaver
3216 2715 3278 2751 ex
3335 2699 3748 2768 diplomatibus
3794 2717 3918 2755 seu

437 2793 525 2846 84.
571 2793 764 2863 Neque
810 2808 942 2846 vero
1001 2807 1181 2862 usque
1234 2791 1375 2845 adeo
1431 2791 1854 2848 abhorrendum
1887 2799 1972 2848 est
2000 2796 2070 2849 ab
2179 2788 2493 2860 privilegiis
2546 2804 2613 2841 eo
2663 2793 2921 2856 tempore
2976 2787 3277 2851 concessis,
3341 2787 3400 2839 in
3472 2803 3725 2858 quorum
3777 2805 3914 2843 uno

365 2895 431 2933 ea
460 2896 776 2950 gramarum
809 2879 1237 2949 latinarumque
1275 2879 1598 2934 litterarum
1643 2883 2064 2946 commixtione,
2179 2877 2315 2932 anni
2347 2879 2480 2931 1017
2511 2890 2806 2946 expressos
2838 2890 2936 2927 eos
2965 2874 3244 2928 terminos
3292 2875 3512 2935 recitat,
3559 2877 3658 2928 sub
3695 2881 3909 2944 patri-

362 2984 491 3021 cum
521 2970 608 3022 vel
642 2985 707 3021 eo
739 2983 918 3037 usque
965 2968 1223 3036 pruritus
1281 2966 1376 3020 ille
1425 2967 1762 3036 graecizandi
1810 2970 2065 3025 obscuris
2098 2963 2138 3018 C
2176 2968 2350 3019 monia
2379 2965 2619 3034 piissimi
2670 2965 3017 3030 Imperatoris
3072 2964 3306 3028 Henrict,
3341 2968 3445 3016 etc.
3483 2965 3546 3017 Et
3592 2964 3717 3017 haec
3750 2967 3911 3035 qui—

361 3056 584 3109 smculis
640 3055 966 3120 invaluerit,
999 3060 1066 3109 ut
1119 3058 1397 3126 receptaa
1439 3056 1649 3110 Latinis
1706 3058 1942 3112 nomina
1967 3061 2065 3113 lit-
2175 3055 2304 3108 dem
2337 3053 2407 3107 ad
2464 3049 3082 3121 superabundantiam:
3137 3067 3266 3104 cum
3299 3057 3417 3104 tota
3455 3067 3658 3121 graecae
3689 3052 3909 3107 Crucis

360 3143 499 3196 teris
517 3143 639 3196 istis
665 3144 1006 3213 exprimere,
1065 3143 1258 3196 nescio
1311 3143 1452 3213 quid
1481 3143 1823 3198 eruditionis
1853 3162 1971 3215 prae
2005 3165 2064 3202 se
2175 3147 2422 3195 vetustas
2453 3139 2722 3210 salvetur,
2763 3138 2990 3191 tametsi
3019 3137 3197 3191 latina
3238 3138 3532 3208 inscriptio
3593 3140 3906 3209 adjectitia

358 3229 503 3283 ferre
529 3229 838 3296 videretur,
873 3234 934 3283 ut
967 3230 1142 3284 habes
1170 3230 1230 3282 in
1268 3235 1566 3299 segmento
1619 3230 1723 3284 sub
1775 3233 1965 3288 littera
1995 3237 2058 3302 D,
2169 3246 2290 3284 esse
2321 3233 2698 3299 supponatur.
2731 3227 2807 3279 De
2847 3226 3085 3279 adversa
3110 3227 3306 3280 Crucis
3359 3234 3522 3296 parte
3551 3227 3609 3281 id
3643 3244 3901 3284 monere

357 3332 473 3386 quo
499 3321 946 3386 repraesentatur
969 3317 1326 3386 operculum,
1363 3323 1730 3387 compactura
1759 3335 1859 3374 seu
1897 3321 2061 3377 theca
2170 3317 2432 3381 sufﬁciat,
2483 3313 2883 3384 repraasentari
2932 3313 3060 3366 istic
3104 3314 3208 3366 sub
3259 3317 3420 3385 Agna
3457 3316 3578 3380 Dei,
3612 3317 3703 3370 cui
3738 3318 3900 3372 insi-

354 3404 564 3458 extima
627 3403 984 3475 praegrandis
1033 3403 1341 3458 voluminis
1405 3405 1826 3460 membranacei
1875 3411 2056 3464 conti-
2165 3407 2262 3460 stit
2291 3410 2476 3459 statua
2513 3403 2618 3456 sub
2651 3402 2834 3455 littera
2883 3401 2942 3467 F,
2974 3400 3027 3455 S.
3090 3402 3395 3456 Henricum
3443 3410 3688 3458 stantem
3720 3423 3896 3469 ,cum

354 3491 544 3546 nentis
580 3493 788 3563 scripta
816 3493 1140 3562 Evangelia,
1197 3509 1299 3564 per
1350 3497 1535 3548 totum
1579 3510 1816 3564 annum,
1853 3497 1934 3550 uti
1966 3499 2056 3551 lo-
2163 3495 2331 3549 titulo
2389 3492 2748 3561 Imperatoris
2799 3491 3052 3555 Augusti
3105 3490 3258 3543 inter
3313 3491 3573 3561 symbols
3624 3501 3897 3561 quatuor

344 3579 1153 3650 quimur,currentia;cujus
1209 3582 1386 3636 theca:
1442 3588 1676 3637 ornatus
1715 3600 1830 3638 non
1863 3587 2053 3640 minus
2165 3580 2706 3652 Evangelistarum:
2762 3593 2891 3647 quae
2950 3577 3234 3647 posterius
3298 3579 3666 3649 superaddita
3724 3597 3890 3651 esse,

346 3665 718 3721 admirandus
749 3672 836 3721 est
863 3683 1036 3738 quam
1061 3667 1365 3738 pretiosus,
1391 3672 1448 3722 et
1467 3669 1718 3739 quodrei
1743 3677 1917 3742 caput
1945 3677 2049 3742 est,
2162 3669 2609 3738 Bambergenses
2663 3665 2794 3736 ipsi,
2853 3663 2964 3718 nisi
3022 3666 3394 3720 vehementer
3467 3667 3654 3734 fallor,
3708 3667 3892 3725 facile

341 3753 550 3824 hicque
579 3755 828 3808 maxime
875 3755 1173 3826 quaeritur,
1205 3756 1433 3809 ornatui
1464 3756 1640 3811 totius
1687 3759 1880 3812 Crucis
1915 3775 2046 3830 per-
2157 3755 2516 3811 concesserit.

341 3840 565 3910 similis,
592 3843 689 3897 ubi
719 3858 904 3912 graeca
931 3847 989 3896 et
1019 3843 1196 3896 latina
1227 3843 1540 3898 commixta
1583 3845 1846 3912 intueris,
1881 3849 2045 3918 quasi
2227 3848 2313 3899 86.
2347 3843 2678 3912 Suspicatur
2719 3856 2834 3894 non
2893 3857 3062 3895 nemo
3118 3843 3310 3896 Crucis
3363 3842 3530 3897 istius
3585 3844 3886 3901 artiﬁcem

340 3929 387 3980 si
437 3934 764 3983 sanctorum
813 3931 1220 4000 Apostolorum
1292 3932 1528 3985 nomina
1574 3933 1770 3987 latinis
1841 3935 2044 3990 litteris
2153 3939 2211 3987 et
2270 3932 2602 4002 imperitum
2651 3929 2821 3983 fuisse
2865 3929 2926 3982 in
2979 3931 3180 4000 graecis
3235 3936 3385 3984 recte
3451 3932 3883 4002 exprimendis,

336 4017 559 4082 eﬂerre,
618 4017 909 4086 piaculum
970 4017 1190 4070 censeri
1237 4025 1447 4087 posset.
1510 4019 1802 4082 Quadrum
1832 4023 1891 4076 in
1927 4041 2044 4078 me-
2151 4022 2288 4076 dum
2318 4039 2420 4092 pro
2454 4023 2623 4083 i‘IOC,
2660 4022 2856 4076 scribit
2911 4022 3058 4074 TOC,
3122 4037 3226 4090 pro
3285 4025 3661 4078 NlKOAAOC.
3698 4025 3887 4091 ponit

333 4104 430 4158 dio
459 4103 776 4157 eburneum
809 4109 914 4169 est,
973 4103 1032 4156 in
1089 4120 1203 4173 quo
1263 4106 1531 4174 mysteria
1577 4107 1783 4162 Christi
1832 4113 2038 4180 sepulti
2150 4111 2516 4164 NIKOAAOC.
2547 4117 2604 4164 et
2633 4111 2909 4164 fortenon
2938 4110 3074 4163 satis
3133 4108 3546 4174 Christianum,
3600 4110 3700 4179 qui
3754 4113 3880 4164 sub

330 4197 388 4244 et
418 4190 773 4260 resurgentis
804 4191 1096 4260 eleganter
1123 4191 1307 4244 excisa
1340 4193 1625 4248 visuntur.
1668 4197 1842 4251 Porro
1869 4214 2035 4253 orna-
2078 4233 2120 4286 ο
2151 4199 2400 4269 speciosa
2430 4199 2729 4268 religionis
2761 4200 2936 4262 larva,
2994 4214 3111 4252 non
3155 4198 3299 4252 nihil
3344 4197 3509 4267 impii
3565 4198 3877 4253 involvere

328 4285 422 4332 tus
452 4279 706 4349 reliquus
750 4278 810 4332 in
839 4279 1031 4332 limbis
1084 4279 1404 4348 latioribus,
1463 4282 1683 4350 quadro
1723 4285 2034 4341 circumda-
2080 4278 2115 4286 ”
2145 4286 2409 4353 voluerit,
2441 4286 2781 4341 Sanctorum
2817 4288 3037 4357 effigies
3085 4287 3338 4340 referens
3393 4289 3608 4356 absque
3641 4290 3875 4356 prievia

325 4367 417 4432 tis,
450 4372 507 4420 et
537 4367 779 4420 materia
835 4372 894 4421 et
929 4366 1171 4421 artiﬁcio
1214 4367 1323 4438 ipsi
1375 4368 1594 4438 quadro
1656 4371 1724 4424 ad
1756 4375 2028 4428 amussim
2141 4374 2432 4428 tritissima
2458 4374 2704 4429 formula
2733 4377 2758 4426 ὁ
2789 4379 2899 4441 ΑΓ,
2954 4375 3107 4446 quod
3134 4375 3341 4430 Graecis
3395 4375 3732 4430 Christianis
3765 4375 3870 4429 in-

323 4457 642 4525 respondet.
681 4454 862 4509 Limbi
916 4454 1028 4524 ipsi
1080 4471 1222 4509 auro
1275 4472 1377 4510 seu
1411 4457 1650 4511 lamellis
1694 4461 1901 4526 aureis,
1933 4478 2030 4516 en-
2138 4463 2368 4516 solitum
2401 4479 2522 4515 esse
2579 4464 2888 4516 contendit.
2939 4463 3112 4532 Magis
3165 4463 3216 4517 ei
3267 4464 3532 4533 displicet
3586 4464 3872 4518 icuncula

319 4544 568 4596 caustico
602 4548 657 4596 et
683 4542 906 4597 musivo
938 4559 1112 4613 opere
1168 4544 1474 4599 elaboratis
1523 4552 1800 4614 constant,
1851 4549 2026 4604 inser—
2136 4549 2194 4603 in
2225 4551 2423 4603 dextro
2456 4551 2649 4603 Crucis
2676 4552 2869 4617 latere,
2901 4554 3065 4621 cujus
3096 4553 3394 4622 inscriptio
3425 4557 3684 4605 accurate
3716 4555 3866 4607 red-

318 4631 390 4683 tis
421 4631 548 4683 istic
575 4631 748 4686 etiam
809 4631 1072 4701 pretiosis
1103 4631 1409 4702 lapidibus.
1472 4634 1699 4704 Efﬁgies
1746 4651 1967 4703 omnes,
1993 4654 2023 4690 e
2132 4637 2287 4691 ditur
2315 4638 2372 4691 in
2405 4639 2830 4708 Schugentiana
2879 4639 3261 4694 delineatione
3290 4646 3332 4690 O
3363 4642 3434 4692 θῶ
3466 4646 3685 4706 ΛΙΓΟΟ,
3724 4641 3860 4710 (ex-

317 4715 530 4786 quibus
559 4733 731 4770 unam
761 4719 940 4772 solam
995 4719 1310 4786 reddimus,
1356 4721 1474 4774 sive
1527 4722 1847 4791 materiam,
1907 4725 2022 4779 sive
2131 4739 2328 4794 presso
2350 4742 2382 4778 ι⁴
2408 4731 2563 4795 proI‘
2588 4731 2644 4778 et
2669 4726 2848 4779 ferme
2878 4742 2910 4780 U
2941 4743 3044 4796 pro
3077 4728 3140 4794 C)
3171 4727 3325 4797 quod
3375 4728 3659 4798 explicatu
3690 4728 3859 4783 difﬁ-

314 4805 582 4870 formam,
613 4805 726 4859 sive
758 4806 1112 4860 characteres
1142 4814 1380 4878 spectes,
1416 4809 1488 4862 iis
1547 4810 1858 4866 simillimas
1889 4819 2020 4867 sunt
2129 4812 2409 4866 cillimum
2427 4819 2533 4877 est,
2551 4813 2666 4866 sive
2691 4815 3090 4884 Géconjungas
3119 4830 3248 4867 cum
3273 4817 3493 4882 ΛΙΓΟΟ,
3529 4815 3644 4868 sive
3662 4815 3859 4870 diver-

313 4906 443 4960 quas
467 4891 525 4944 in
557 4894 732 4946 Cruce
760 4894 1109 4962 referuntur,
1143 4900 1203 4948 ut
1233 4897 1500 4950 eumdem
1550 4914 1653 4952 seu
1696 4906 1863 4954 aetate
1893 4917 2018 4970 pro-
2127 4916 2215 4953 sas
2268 4915 2433 4954 voces
2480 4899 2862 4954 efformandas
2921 4917 3172 4956 censeas.
3216 4903 3275 4956 Si
3305 4903 3686 4972 conjunxeris,
3751 4905 3848 4957 ni-

307 4977 528 5031 ximum
580 4979 859 5032 artiﬁcem
911 4981 1148 5033 omnino
1205 4999 1403 5050 sapere
1457 4984 1778 5040 videantur.
1839 4989 2016 5042 Porro
2124 4985 2204 5040 hil
2236 4986 2584 5056 signiﬁcabit
2619 4988 3000 5053 ;sidiviseris,
3032 4988 3244 5057 poterit
3275 4992 3495 5056 AII‘OC,
3535 4990 3714 5059 accipi
3736 5008 3854 5060 pro

305 5062 518 5116 librum
551 5063 725 5116 istum
789 5064 1225 5134 Evangeliorum
1253 5068 1306 5121 S.
1362 5070 1590 5122 Henrici
1630 5077 1888 5141 tempore
1919 5091 2012 5128 ex-
2123 5079 2388 5142 AOII‘OC,
2425 5091 2554 5145 quae
2584 5075 3056 5145 pronuntiatione
3087 5077 3459 5145 conveniunt,
3482 5083 3723 5148 tumque
3756 5078 3851 5133 in-

301 5149 530 5215 stitisse,
562 5149 714 5203 haud
747 5149 984 5204 obscure
1039 5151 1306 5206 evincunt
1335 5170 1531 5207 versus
1587 5156 1647 5209 in
1690 5158 1879 5225 prima
1935 5161 2013 5214 fa-
2121 5162 2342 5231 signem
2383 5163 2802 5234 blasphemiam
2851 5164 3122 5230 involvet,
3181 5181 3356 5234 quam
3413 5165 3504 5218 hic
3548 5182 3847 5236 exponere

295 5237 381 5290 cie
412 5253 586 5291 aureo
614 5237 941 5291 charactere
965 5239 1170 5307 majori
1209 5241 1422 5310 (qualis
1451 5246 1536 5294 est
1581 5257 1881 5298 casuum
1913 5262 2010 5306 om
2119 5250 2485 5319 supersedeo,
2511 5267 2640 5304 cum
2675 5253 2736 5305 in
2775 5251 3010 5305 artiﬁcis
3061 5260 3314 5306 mentem
3365 5269 3686 5324 numquam
3742 5255 3848 5308 in-

293 5324 610 5412 303315)“!
641 5325 797 5379 hunc
825 5325 1060 5379 mOdum
1079 5326 1391 5397 deseriPti:
2117 5337 2318 5391 cidisse
2374 5339 2745 5394 existimem:
2791 5341 2991 5394 malim
3049 5341 3239 5410 ipsum
3292 5342 3599 5412 imperitia:
3653 5359 3843 5412 quam

359 5411 805 5509 ﬁerileinricus
836 5429 1030 5509 ovans,
1057 5413 1203 5509 ﬁdei
1229 5415 1530 5484 splendore
1563 5433 1890 5487 coruscans,
2115 5426 2369 5479 enormis
2425 5428 2660 5481 malitiae
2717 5443 2985 5497 arguere.
3040 5428 3253 5492 Quidni
3297 5411 3426 5484 istic
3455 5411 3833 5500 agnoscatur,

359 5498 630 5554 Maximus
663 5501 911 5572 imperio
956 5501 1170 5556 fruitur
1198 5519 1313 5573 quo
1350 5519 1594 5575 prosper
1622 5506 1819 5575 avito;
2112 5511 2165 5565 S.
2197 5513 2440 5568 Joannes
2495 5516 2850 5585 Evangelista
2905 5518 2977 5567 θῶ
3039 5522 3276 5589 ΛΟΓΟς,
3326 5517 3446 5586 jam
3501 5498 3692 5580 senex,
3737 5498 3835 5574 ta;
