3976 6404
104 307 188 357 173
1753 301 1782 353 Α

3504 302 3603 355 174

94 427 233 479 metsi
263 431 327 480 ut
364 426 567 496 junior
598 426 656 480 in
700 423 888 479 medio
928 426 1373 493 repraesentetur
1412 424 1442 476 ?
1491 423 1651 476 Certe
1698 438 1792 475 ve-
1819 424 1867 476 Α
1904 438 2239 491 comparare
2272 423 2544 491 potuerit,
2573 424 2671 477 ubi
2709 429 2793 477 tot
2822 426 2935 477 alia
2982 425 3393 494 pretiosissima
3428 428 3599 495 dona,

91 514 315 567 rosimile
342 514 398 568 id
447 513 637 567 reddit
675 513 937 567 icuncula
968 511 1173 565 similis
1196 511 1451 578 ejusdem
1486 510 1675 564 Sancti
1711 526 1776 563 ex

88 603 225 655 theca
255 601 715 671 Evangeliorum,
766 600 866 654 ubi
907 600 1106 653 eadem
1154 600 1332 653 ferme
1365 600 1613 653 habetur
1659 598 1779 668 epi-

86 690 297 760 graphe,
349 689 844 761 quemadmodum
893 689 986 742 hic
1035 695 1171 742 satis
1219 690 1368 742 clare
1414 688 1687 758 perspicis
1720 688 1778 740 in

84 778 387 847 grandioris
420 778 692 848 imaginis
722 781 1054 831 assumento
1088 776 1192 828 sub
1238 777 1427 828 littera
1476 777 1533 829 E.
1572 777 1781 828 Demus

84 867 299 936 aliquid,
336 867 596 931 obsecro,
647 865 841 918 saeculi
890 865 1057 918 istius
1091 864 1348 928 ruilitati,
1380 863 1777 933 fateamurque

83 954 539 1024 orthographiam
564 969 811 1023 graecam
844 968 963 1005 non
1007 952 1149 1006 adeo
1182 951 1447 1005 calluisse
1472 951 1774 1013 artiﬁcem,

89 1050 138 1095 ut
165 1040 271 1096 no'n
297 1042 434 1095 hinc
460 1043 593 1095 inde
636 1048 733 1095 aut
773 1056 1006 1094 excessu
1049 1044 1149 1092 aut
1194 1039 1415 1092 defectu
1467 1038 1776 1107 cespitave-

90 1134 276 1191 rit;ut
318 1130 497 1183 babes
549 1130 607 1182 in
667 1130 789 1200 ipsa
838 1129 957 1198 jam
1009 1128 1180 1181 citata
1238 1126 1522 1193 icuncula,
1566 1125 1626 1178 in
1666 1141 1780 1195 qua

87 1218 297 1273 difﬁcile
328 1225 417 1271 est
445 1217 693 1289 syllabas
724 1222 873 1270 recte
902 1221 1258 1269 connectere.
1310 1214 1591 1268 Caeterum
1622 1219 1780 1267 utra-

87 1309 242 1377 llique
273 1306 543 1361 eumdem
575 1305 865 1369 Sanctum,
895 1320 1146 1375 eumque
1209 1302 1432 1357 radiata
1462 1302 1646 1372 capite
1677 1317 1775 1355 ex-

90 1395 253 1450 hiberi
288 1412 302 1459 ;
332 1395 378 1447 si
413 1410 530 1448 non
584 1394 823 1447 omnino
873 1400 1116 1457 certum,
1175 1391 1376 1445 saltem
1408 1388 1780 1443 verosimilli-

90 1499 227 1535 mum
259 1486 360 1535 est.

146 1569 515 1623 87.]cuncula
574 1570 629 1622 in
660 1568 772 1621 alia
827 1568 1020 1620 Crucis
1078 1582 1177 1619 seu
1240 1565 1469 1618 sinistra
1516 1563 1779 1617 extremi-

88 1662 181 1707 tate
224 1656 520 1720 collocata,
573 1671 760 1725 neque
816 1653 872 1707 in
902 1653 1284 1707 delineatione
1346 1650 1535 1715 Rissii,
1588 1666 1777 1719 neque

89 1746 218 1813 apud
260 1744 529 1814 Ludewig
588 1760 717 1797 vere
765 1742 1047 1803 redditur,
1092 1757 1196 1794 nec
1252 1740 1523 1810 appositas
1576 1738 1779 1791 littera:

88 1850 174 1886 seu
204 1834 392 1903 potius
450 1831 905 1885 abbreviationes
963 1834 1115 1883 recte
1172 1828 1439 1897 effigiatae
1492 1832 1623 1879 sunt
1684 1842 1786 1896 per

89 1924 206 1975 OAP
237 1928 291 1976 et
318 1922 411 1988 HI,
444 1922 541 1973 sed
578 1936 642 1972 ea
674 1919 893 1972 felicius
935 1917 1186 1971 restituit
1243 1916 1647 1985 Schugentius,
1680 1931 1781 1967 an-

90 2014 261 2078 gelum
310 2009 604 2073 exhibens,
664 2023 936 2077 expansas
990 2007 1107 2059 alas
1156 2021 1383 2059 sursum
1433 2003 1783 2074 protenden-

90 2107 208 2164 tem,
248 2098 412 2169 quasi
468 2098 529 2149 in
588 2097 816 2165 signum
872 2093 1289 2158 admirationis,
1346 2092 1417 2146 ob
1448 2092 1651 2145 Filium
1688 2089 1782 2144 Dei

92 2203 180 2254 pro
210 2202 415 2256 genere
441 2186 698 2239 humano
757 2184 816 2237 in
872 2184 1049 2237 Cruce
1083 2182 1417 2251 patientem,
1447 2180 1539 2233 cui
1570 2179 1785 2232 adscri-

90 2282 186 2343 ptae
216 2275 417 2328 litterae
467 2272 725 2326 indicent
778 2287 882 2341 per
932 2271 1068 2326 OAP
1110 2268 1541 2339 archangelum,
1574 2282 1678 2337 per
1709 2266 1783 2320 Ml

93 2363 421 2427 Michaelem,
475 2361 699 2415 militia:
756 2359 996 2412 cmlestis
1048 2358 1547 2425 archistrategum,
1587 2353 1785 2408 Eccle-

92 2468 282 2521 sizeque
313 2452 698 2504 defensorem.
734 2449 927 2502 Graeca
962 2447 1205 2517 reliqua,
1238 2446 1370 2499 licet
1420 2449 1471 2497 et
1530 2444 1651 2514 ipsa
1685 2458 1782 2513 pa-

92 2555 199 2592 rum
230 2545 447 2604 exacta,
493 2538 629 2592 satis
668 2536 971 2591 manifesta
1018 2535 1305 2599 existimo,
1355 2548 1481 2585 cum
1535 2530 1785 2601 appositi

89 2627 149 2678 ad
179 2634 482 2697 utrumque
513 2625 784 2693 imaginis
807 2623 1013 2679 Christi
1045 2623 1192 2675 latus
1224 2620 1534 2674 statunculi
1571 2618 1782 2672 beatis-

92 2715 229 2768 simae
261 2715 512 2785 Virginis
542 2720 600 2767 et
627 2715 681 2767 S.
735 2712 966 2767 Joannis
999 2710 1392 2779 Evangelistze,
1436 2707 1661 2761 abunde
1689 2707 1784 2759 in-

92 2805 297 2856 sinuent
322 2804 491 2856 verba
546 2802 612 2855 ad
645 2807 951 2871 utrumque
987 2800 1188 2854 referri
1223 2815 1235 2853 :
1278 2800 1411 2853 Ecce
1428 2797 1584 2865 ﬁlius
1616 2801 1779 2859 tuus;

93 2905 187 2942 ecce
212 2896 378 2943 mater
400 2896 518 2943 tua.
549 2890 663 2944 Cur
690 2894 883 2942 autem
924 2887 1166 2940 inferius
1212 2885 1389 2939 cranii
1446 2885 1602 2937 locus
1662 2888 1781 2936 tam

1891 525 2137 580 quorum
2170 526 2285 563 non
2319 527 2501 580 pauca
2533 512 2714 565 oculis
2745 514 3117 581 subjecimus,
3146 514 3202 567 in
3237 516 3473 569 ecclesia
3502 533 3605 569 sua

1892 597 2323 668 Bambergensi,
2384 604 2449 652 ut
2495 599 2635 653 alias
2682 600 2963 671 plurimas
3002 614 3435 670 prmtereamus,
3486 606 3602 658 Deo

1889 693 2216 741 consecrata
2240 688 2583 742 recondidit.

1960 778 2056 831 89.
2094 776 2231 840 Quae
2262 777 2355 829 hic
2385 782 2661 846 praeterea
2701 778 3044 832 exhibentur
3094 796 3386 833 sacrorum
3421 781 3601 835 cime-

1889 863 2097 917 liorum
2128 865 2408 934 imagines
2432 866 2535 919 sub
2566 865 2768 920 litteris
2820 870 2886 933 A,
2922 867 2961 919 Β
2994 873 3050 921 et
3095 869 3153 927 C.
3184 868 3441 923 adductas
3472 875 3606 923 sunt

1888 951 1949 1005 in
1980 949 2256 1006 similium
2284 953 2531 1007 aliorum
2572 954 2910 1024 specimina,
2941 971 3071 1025 quae
3092 956 3152 1008 in
3194 956 3602 1027 Bambergensi

1889 1039 2158 1107 sacraria,
2192 1040 2261 1093 ad
2296 1040 2643 1094 sanctissimi
2701 1041 2933 1095 Patroni
2966 1057 3030 1095 ac
3088 1042 3427 1096 Fundatoris
3483 1060 3602 1097 me-

1889 1125 2158 1191 moriam,
2188 1126 2285 1195 pie
2314 1143 2429 1179 non
2470 1127 2661 1180 minus
2714 1143 2887 1196 quam
2940 1126 3158 1180 solicite
3216 1134 3602 1192 asservantur,

1889 1213 2007 1267 sive
2031 1212 2155 1284 ipsa
2189 1214 2315 1267 vivo
2370 1214 2557 1267 adhuc
2613 1214 2836 1276 Sancto,
2880 1213 2995 1267 sive
3047 1215 3219 1283 paulo
3246 1221 3393 1283 post,
3428 1232 3491 1268 ex
3526 1232 3606 1268 re-

1889 1302 2039 1356 lictis
2068 1302 2130 1356 in
2185 1318 2319 1356 eum
2364 1302 2539 1355 ﬁnem
2595 1303 2931 1356 necessariis
2988 1302 3258 1357 subsidiis
3305 1303 3606 1358 efformata

1890 1390 2157 1456 volueris,
2188 1396 2249 1444 ut
2279 1396 2412 1444 sunt
2442 1392 2636 1461 plures
2667 1391 2763 1445 alii
2799 1390 2926 1444 libri
2959 1391 3125 1456 sacri,
3155 1396 3297 1457 arte,
3322 1396 3605 1445 vetustate

1891 1486 1948 1533 et
1984 1479 2169 1549 pretio
2226 1479 2677 1533 mstimatissimi.
2738 1479 3044 1548 Segmenta
3100 1479 3215 1533 duo
3284 1479 3603 1548 superiora,

1891 1568 1996 1621 sub
2029 1568 2229 1621 litteris
2258 1574 2302 1620 Α
2331 1572 2387 1620 et
2416 1568 2480 1631 Β,
2512 1583 2626 1621 una
2649 1566 2965 1635 eodemque
3013 1565 3149 1619 folio
3173 1583 3422 1637 expansa
3448 1574 3603 1632 sunt,

1892 1664 2064 1725 atque
2094 1655 2154 1709 in
2186 1655 2335 1710 dicto
2380 1655 2525 1709 libro
2566 1654 3005 1725 Evangeliorum
3058 1655 3244 1708 citatis
3283 1671 3456 1725 supra
3485 1671 3607 1708 ver-

1893 1744 2049 1799 sibus
2106 1744 2558 1814 subjunguntur.
2618 1742 2891 1814 Superior
2956 1759 3087 1813 pars
3124 1746 3171 1796 A
3220 1743 3355 1796 satis
3412 1749 3606 1813 aperte

1893 1832 2207 1904 aequissimi
2231 1830 2599 1904 Imperatoris
2630 1830 2904 1902 justitiam
2940 1830 3196 1896 denotat,
3260 1830 3318 1883 in
3353 1848 3468 1901 qua
3498 1832 3603 1884 ad-

1894 1920 2274 1974 ministranda
2330 1924 2609 1990 quantum
2659 1919 3004 1979 excelluerit,
3064 1918 3258 1972 notius
3308 1924 3390 1970 est
3431 1935 3602 1988 quam

1894 2015 1957 2062 ut
1986 2009 2079 2063 hic
2109 2009 2298 2062 denuo
2326 2008 2609 2077 explicare
2665 2011 2953 2076 oporteat.
3018 2008 3155 2059 Pars
3213 2006 3471 2071 inferior,
3505 2024 3602 2058 seu

1896 2098 1956 2164 Β,
1990 2112 2095 2168 per
2126 2113 2184 2150 se
2217 2096 2487 2167 loquitur,
2544 2097 2681 2150 dum
2739 2095 3005 2148 universa
3063 2094 3498 2164 Bambergensis
3528 2094 3605 2146 di-

1892 2186 1973 2239 tio
2004 2187 2221 2256 optimo
2256 2185 2503 2255 Principi
2570 2184 2856 2238 subditam
2907 2200 2965 2236 se
3018 2183 3318 2253 proﬁtetur
3352 2198 3366 2235 :
3398 2182 3607 2252 quibus

1895 2275 2039 2329 nihil
2070 2274 2235 2328 video
2292 2289 2644 2343 magnopere
2712 2272 2880 2341 objici
2940 2288 3127 2342 posse,
3182 2287 3312 2324 cum
3366 2272 3605 2340 pictnrm

1893 2362 2241 2427 istiusmodi,
2304 2362 2390 2415 vel
2433 2360 2675 2430 justitim
2724 2366 2780 2413 et
2837 2360 3126 2430 tequitatis
3172 2358 3429 2429 symbala
3487 2375 3606 2411 non

1892 2450 2197 2503 videantur
2223 2464 2545 2517 repugnare
2575 2447 2628 2501 S.
2672 2446 2925 2500 Heinrici
2970 2446 3157 2499 adhuc
3214 2445 3453 2497 viventis
3482 2460 3604 2496 ma-

1892 2537 2110 2592 destim.
2144 2537 2206 2590 In
2239 2536 2349 2589 alia
2380 2552 2513 2589 vero
2543 2535 2649 2589 sub
2683 2540 2981 2604 segmento
3037 2536 3098 2599 C,
3133 2533 3231 2586 ubi
3260 2532 3351 2587 SS.
3381 2532 3606 2585 Udalri-

1892 2643 1991 2679 cus
2018 2632 2075 2679 et
2107 2627 2544 2679 Emmeramnus
2596 2624 2820 2677 hastam
2874 2628 2929 2675 et
2968 2622 3224 2692 gladium
3273 2620 3329 2674 S.
3367 2622 3605 2674 Henricn

1895 2712 2320 2785 quodammodo
2370 2711 2696 2781 porrigunt,
2752 2710 2832 2763 sic
2880 2710 3071 2779 aliqua
3128 2713 3495 2769 exornantur,
3543 2714 3605 2761 ut

1893 2802 1966 2855 ad
1995 2799 2313 2853 sanctitatis
2342 2797 2554 2852 indicia
2581 2796 2839 2867 proxime
2870 2795 3156 2848 accedant.
3214 2794 3341 2847 Haec
3388 2799 3603 2857 autem,

1892 2890 2096 2944 Sancta
2127 2887 2313 2941 adhuc
2358 2885 2685 2955 superstite,
2745 2883 2997 2954 efﬁgiata
3045 2882 3243 2945 fuisse,
3290 2888 3460 2934 erunt
3488 2881 3602 2933 for-

94 2994 333 3047 expresse
373 2978 504 3031 istic
550 2976 852 3042 indicetur,
917 2975 1279 3045 explicabunt
1308 2972 1348 3025 ii
1406 2972 1503 3042 qui
1536 2970 1700 3041 plum
1726 2970 1782 3023 id
1822 2986 1863 3040 ς,
1893 2984 2039 3031 tasse
2096 2976 2196 3046 qui
2224 2991 2343 3029 non
2383 2979 2502 3027 tam
2560 2973 2725 3027 facile
2756 2971 2871 3025 sint
2927 2969 3231 3023 admissuri
3267 2986 3278 3022 :
3309 2970 3388 3022 sic
3418 2976 3615 3022 tamen

95 3082 253 3133 genus
278 3070 654 3119 monumenta
683 3064 820 3117 alibi
850 3063 1204 3133 repererint;
1228 3060 1437 3115 similia
1474 3059 1586 3113 alia
1614 3059 1783 3128 longe

94 3169 377 3215 accersere,
410 3153 556 3207 mihi
590 3169 695 3206 nec
730 3153 886 3206 lubet
915 3167 1020 3205 nec
1057 3154 1242 3203 vacat.
1302 3150 1495 3219 Neque
1529 3146 1621 3200 hic
1650 3162 1785 3200 ven-

95 3242 288 3295 tilanda
319 3242 565 3312 quaestio
601 3240 669 3293 de
701 3239 1017 3294 Servatoris
1045 3253 1284 3307 corpore
1316 3236 1499 3290 tribus
1527 3236 1609 3288 vel
1642 3250 1784 3305 qua-

97 3336 208 3383 tuor
232 3331 400 3384 clavis
428 3330 624 3395 aftixo,
655 3329 725 3383 de
779 3329 990 3399 quibus
1049 3326 1187 3381 alibi
1242 3341 1391 3395 saepe
1431 3324 1785 3393 disputatum

96 3424 198 3470 est:
228 3419 606 3472 consulantur
644 3418 894 3487 Angelus
942 3418 1144 3480 Rocca,
1205 3412 1502 3467 Cornelius
1554 3411 1788 3465 Curtius

95 3511 139 3559 et
166 3506 577 3578 Responsiones
610 3504 987 3577 Papebrachii
1044 3503 1117 3557 ad
1166 3501 1591 3555 Exhibitionem
1637 3516 1784 3570 prae-

96 3600 362 3649 tensorum
394 3608 682 3660 errorum,
707 3594 775 3648 ad
806 3593 1109 3647 articulum
1142 3608 1229 3656 xx,
1265 3607 1296 3644 a
1331 3606 1491 3643 num.
1516 3591 1568 3642 2.

154 3693 230 3745 88.
262 3691 319 3745 Si
352 3691 483 3762 quis
518 3688 750 3743 interim
783 3704 848 3741 ex
883 3702 973 3741 me
1008 3688 1230 3757 quaerat
1252 3682 1387 3753 quid
1421 3682 1654 3735 demum
1688 3681 1786 3733 tali

97 3794 261 3833 rerum
292 3779 639 3833 collectione
694 3780 751 3830 et
800 3776 1160 3829 connexiane
1206 3771 1440 3841 proprie
1473 3769 1789 3823 intenderit

98 3868 293 3937 artifex,
338 3868 567 3921 fatebor
605 3864 811 3920 lubens
853 3862 908 3917 id
958 3878 1049 3915 me
1120 3860 1411 3931 ignorare,
1469 3873 1584 3911 non
1633 3872 1785 3927 aegre

98 3954 309 4013 laturus.
339 3956 385 4008 si
414 3954 652 4009 aliunde
685 3950 907 4005 edoceri
953 3950 1192 4020 passim,
1225 3963 1325 4002 cur
1364 3945 1425 3999 in
1454 3945 1786 3999 summitate

98 4041 142 4094 S.
168 4043 413 4098 Nicolaus
470 4042 665 4113 potius
697 4056 868 4111 quam
930 4038 1172 4109 quilibet
1228 4035 1373 4090 alius
1402 4033 1641 4088 Sanctus
1668 4033 1787 4087 efli-

100 4133 203 4183 ctus
236 4132 305 4184 sit
333 4148 346 4195 ;
378 4147 483 4184 cur
514 4130 575 4183 in
598 4128 866 4183 extremis
894 4126 1129 4180 orbibus
1155 4124 1209 4179 S.
1238 4121 1595 4191 Evangelista
1622 4121 1788 4175 Joan-

103 4232 203 4281 nes,
228 4225 322 4272 aut
349 4220 499 4273 forte
534 4218 703 4283 alius,
732 4221 790 4269 et
822 4215 876 4269 S.
916 4213 1149 4269 Michael
1181 4209 1555 4280 archangelus
1590 4228 1606 4276 ;
1645 4210 1784 4281 quid

103 4307 258 4374 magis
282 4308 351 4362 ad
391 4323 516 4361 rem
563 4304 900 4376 spectaverit
927 4303 1149 4357 loculus
1204 4300 1460 4363 iniimus,
1508 4298 1677 4354 hodie
1703 4315 1786 4352 va-

103 4410 237 4460 cuus,
292 4396 388 4466 qui
432 4396 493 4449 in
563 4392 734 4447 Rissii
787 4390 1169 4446 delineatiane
1234 4390 1487 4458 repletus
1545 4392 1787 4458 apparet

104 4483 208 4536 Haec
232 4484 398 4539 dubia
424 4483 628 4538 omnia
658 4482 856 4547 fateor,
887 4485 945 4533 at
972 4479 1051 4533 nil
1086 4494 1176 4532 me
1202 4482 1378 4531 terret
1399 4494 1632 4533 enorme
1654 4492 1783 4546 pre-

101 4570 223 4625 tium
249 4573 423 4642 ipsius
478 4570 681 4625 Crucis
710 4586 775 4623 ex
827 4584 990 4632 auro,
1046 4570 1130 4620 uti
1160 4567 1381 4632 volunt,
1415 4582 1583 4636 puro,
1626 4565 1787 4634 quid-

101 4660 216 4726 quid
242 4667 487 4731 arguant
518 4658 729 4726 critici,
769 4672 977 4711 aurum
1030 4654 1259 4708 Henrici
1313 4655 1521 4707 saeculo
1560 4652 1786 4707 rarissi-

100 4760 233 4800 mum
253 4748 444 4803 fuisse.
480 4746 940 4816 Respondebant
968 4746 1123 4797 enim
1175 4743 1621 4812 Bambergenses
1669 4757 1786 4795 non

100 4834 218 4887 adeo
248 4853 372 4891 rara
436 4837 619 4891 fuisse
662 4834 827 4888 istius
878 4838 934 4887 et
962 4846 1411 4903 praegressorum
1444 4830 1786 4885 saeculorum

98 4924 315 4988 pretiosa
342 4924 590 4979 donaria
634 4922 733 4977 Dei
783 4922 1037 4976 ecclesiis
1078 4921 1243 4985 facta,
1288 4935 1471 4989 eoque
1503 4918 1789 4973 adducent

101 5008 431 5079 Imperatoris
488 5010 854 5066 Constantini
925 5023 1153 5062 crucem
1206 5022 1441 5061 auream
1508 5006 1785 5059 librarum

101 5106 297 5154 centum
317 5102 652 5171 quinginta,
677 5098 1102 5166 innumeraque
1154 5093 1487 5165 hujusmadi
1517 5092 1630 5148 alia
1656 5091 1786 5163 qui-

101 5184 187 5239 bus
214 5190 368 5258 plena
424 5195 513 5244 est
566 5185 854 5242 Anastasii
912 5182 1336 5239 Bibliothecarii
1392 5182 1462 5236 de
1510 5180 1787 5235 Romanis

105 5272 435 5332 Pontiﬁcibus
458 5276 732 5341 historia,
787 5274 846 5327 in
901 5289 1017 5343 qua
1073 5271 1179 5325 soli
1221 5270 1445 5324 articuli
1477 5269 1545 5323 ad
1589 5268 1785 5323 lauda-

105 5363 205 5414 tum
232 5362 672 5419 Constantinum
719 5365 777 5414 et
821 5358 1091 5413 Carolum
1138 5372 1417 5427 magnum
1466 5359 1786 5425 spectantes

106 5449 307 5504 curiosis
334 5453 548 5506 facient
588 5450 746 5503 satis.
801 5446 1015 5512 Quidni
1063 5446 1242 5516 igitur
1297 5444 1462 5499 istius
1516 5442 1788 5512 temporis

110 5542 299 5592 sanctus
318 5540 479 5611 juxta
520 5554 587 5593 ac
629 5535 935 5591 muniﬁcus
993 5536 1313 5604 Imperator
1349 5532 1587 5586 Crucem
1618 5528 1784 5582 istam

1897 3071 1962 3120 ut
1991 3065 2128 3119 talia
2157 3062 2347 3118 fraudi
2378 3078 2497 3115 esse
2545 3077 2662 3114 non
2694 3060 2915 3131 possint
2949 3058 3037 3117 iis,
3096 3074 3224 3127 quae
3254 3058 3323 3110 de
3357 3057 3606 3127 antiqui-

1896 3160 2010 3210 tate
2045 3152 2237 3208 Crucis
2269 3157 2326 3206 et
2352 3151 2531 3205 thecae
2552 3149 2796 3220 librique
2851 3146 3291 3215 Evangeliorum
3320 3144 3609 3215 disputata

1897 3247 2051 3297 sunt.

1969 3333 2056 3385 90.
2117 3330 2489 3399 Segmentum
2548 3326 2890 3397 praedictum
2948 3326 3007 3391 C,
3069 3340 3133 3376 ex
3175 3320 3406 3387 Missali,
3434 3320 3605 3374 etiam

1898 3418 2331 3490 pretiosissima,
2392 3421 2709 3486 acceptum,
2756 3414 2929 3483 longa
2986 3411 3336 3483 expositione
3378 3424 3495 3462 non
3526 3407 3608 3460 in-

1898 3508 2081 3578 diget,
2102 3522 2233 3560 cum
2267 3521 2460 3558 versus
2519 3520 2739 3569 omnes,
2804 3500 3173 3573 quantumvis
3226 3498 3418 3563 rudes,
3450 3512 3605 3548 cam-

1898 3595 2066 3649 mode
2088 3610 2191 3664 per
2235 3610 2293 3646 se
2342 3592 2743 3661 intelligantur
2788 3607 2801 3644 :
2848 3606 2999 3643 unus
3050 3593 3152 3653 est,
3210 3587 3309 3657 qui
3370 3586 3606 3638 lectores

1900 3682 2115 3737 morari
2144 3682 2345 3751 possit,
2395 3696 2603 3749 nempe
2664 3694 2964 3749 supremus
3016 3676 3087 3730 ad
3145 3675 3454 3737 sinistram,
3490 3688 3607 3742 quo

1898 3772 1967 3826 ad
1999 3771 2189 3826 Sancti
2246 3785 2439 3821 ensem
2498 3767 2785 3831 alluditur,
2856 3765 3091 3835 quique,
3151 3762 3196 3815 si
3252 3766 3403 3815 recte
3434 3760 3607 3813 verba

1897 3859 2252 3922 discrimina,
2285 3858 2360 3911 ita
2392 3855 2670 3925 legendus
2708 3854 2933 3907 videtur
2966 3868 2979 3905 :
3008 3870 3034 3902 α
3092 3852 3263 3922 Aptat
3292 3855 3349 3902 et
3380 3848 3471 3902 hic
3503 3864 3605 3900 en-

1899 3965 2041 4013 sem,
2075 3946 2177 4018 qui
2212 3946 2337 4017 (pro
2386 3944 2565 3998 cuivis
2619 3960 2716 3996 seu
2774 3941 3139 4010 cuicumque)
3198 3937 3605 4008 prmsignando

1898 4038 2187 4091 timorem.
2223 4056 2247 4082 »
2272 4033 2605 4087 Biniversus
2626 4031 2730 4084 sub
2748 4028 2942 4083 Sancti
2982 4026 3251 4092 brachiis,
3309 4025 3377 4079 ad
3405 4040 3603 4077 crucu-

1898 4126 2011 4179 lam
2043 4122 2551 4191 inferioremjuxta
2583 4120 2786 4189 pedem
2810 4118 3076 4172 dextrum
3102 4112 3410 4168 inchoandi
3433 4122 3563 4165 sunt
3590 4128 3601 4163 :

1900 4214 2092 4267 «Ecce
2147 4215 2454 4265 coronatur
2499 4207 2772 4262 divinitus
2835 4210 3005 4274 atque
3050 4204 3271 4265 beatur,
3325 4202 3439 4256 Rex
3475 4200 3605 4270 pius

1896 4302 2171 4355 Henricus
2202 4312 2543 4369 proavorum
2575 4295 2751 4365 stirpe
2772 4294 3022 4365 polosus.
3052 4314 3072 4339 ι
3100 4290 3341 4357 Alludit,
3378 4287 3606 4357 opinor,

1896 4390 1966 4444 ad
2024 4388 2316 4459 proaviam
2360 4385 2687 4441 Mathildem
2742 4382 3003 4452 reginam
3061 4380 3321 4447 aliosque
3370 4374 3605 4430 familite

1898 4478 2044 4548 ejus,
2098 4481 2222 4529 tum
2273 4474 2421 4527 viros
2471 4477 2595 4526 tum
2645 4469 2907 4533 feminas,
2976 4465 3275 4519 sanctitate
3333 4462 3605 4527 illustres,

1896 4582 2059 4636 quos,
2091 4563 2367 4618 nimirum
2399 4560 2629 4631 polosos
2652 4574 2748 4611 seu
2798 4557 2996 4610 beatos
3049 4552 3300 4624 appellat
3327 4566 3347 4621 ;
3381 4550 3450 4605 de
3478 4550 3604 4621 qui-

1895 4654 2003 4708 bus
2032 4652 2239 4706 videsis
2273 4654 2411 4704 Acta
2442 4652 2635 4701 nostra
2666 4646 2736 4700 ad
2797 4660 2887 4698 xiv
2921 4642 3123 4707 Martii,
3152 4645 3339 4695 -tomo
3374 4640 3441 4705 ll,
3470 4655 3602 4709 pag.

1898 4745 2020 4796 356.
2070 4740 2315 4810 Reliqua
2378 4734 2619 4791 curiosis
2697 4730 3053 4801 dispicienda
3118 4727 3605 4799 expendendaque

1897 4828 2303 4898 relinquimus,
2331 4824 2507 4878 ﬁnem
2560 4822 2654 4876 hic
2703 4818 2947 4891 posituri
2990 4816 3277 4887 ambiguas
3333 4814 3607 4885 disquisi-

1895 4916 2061 4982 tioni,
2123 4930 2236 4985 qua
2295 4909 2805 4980 Bambergensium
2856 4904 3140 4960 desiderio
3202 4904 3415 4957 factum
3448 4901 3604 4962 satis,

1898 5020 2125 5076 sperare
2152 5002 2431 5056 audemus
2464 5016 2476 5052 :
2536 5016 2565 5051 a
2610 4996 2774 5050 nobis
2816 4995 2871 5049 id
2903 5010 3133 5063 semper
3163 4989 3606 5055 desiderabitur,

1898 5074 1962 5145 ut
1992 5089 2075 5144 rei
2106 5088 2280 5143 totius
2312 5086 2526 5149 anima,
2567 5087 2706 5137 Acta
2729 5074 2937 5151 nempe
2980 5081 3051 5134 ab
3096 5077 3413 5133 Adelboldo
3464 5075 3609 5129 scri-

1896 5183 2015 5250 pta,
2039 5175 2303 5232 alicunde
2328 5172 2562 5228 tandem
2594 5172 2667 5225 in'
2704 5170 2890 5226 lucem
2926 5168 3338 5239 producantur,
3382 5178 3510 5250 quas
3550 5162 3607 5250 in

1896 5247 2075 5319 totius
2130 5262 2345 5317 mensis
2394 5252 2723 5331 appendice'
2768 5273 2868 5309 seu
2928 5254 3342 5325 Supplementa
3388 5247 3608 5317 vulgari

1896 5353 2117 5424 possint
2146 5356 2201 5404 et
2232 5349 2301 5403 de
2333 5348 2556 5416 integro
2588 5342 2883 5400 illustrari.
