3976 6406
365 330 465 381 175

1033 447 1260 502 CAPUT
1290 447 1354 500 V.

353 575 428 625 De
498 570 564 624 S.
637 568 877 622 Henrici
943 568 1208 622 hodierna
1271 569 1447 632 gloria
1519 569 1579 621 in
1641 582 1843 620 annum
1905 569 2058 620 Bam-

426 641 670 707 δεῖ-ρειηεὶ
727 641 1065 706 solennitate,
1119 656 1215 708 per
1269 645 1438 692 totum
1501 637 1793 704 octiduum,
1860 636 2056 692 Catho-

428 713 529 763 lica
548 725 711 775 more,
741 712 936 774 festive
980 709 1212 778 produci
1239 711 1438 773 solita;
1469 711 1529 761 in
1577 708 1773 777 Ofﬁcio
1809 709 2056 776 pietatis,

427 781 746 850 templisque
773 785 825 833 et
843 781 1054 833 sacellis
1074 780 1274 834 Sancto
1304 781 1512 832 erectis.

424 889 511 938 9|.
547 885 730 949 Quam
775 884 1057 938 indefesso
1101 885 1242 950 zelo,
1279 899 1392 953 qua
1434 898 1569 936 cura
1617 886 1673 936 et
1700 882 2058 938 solicitudine

353 972 694 1026 laboraverit
724 973 891 1026 toties
927 960 1191 1026 laudatus
1222 973 1286 1024 R.
1317 973 1377 1024 Ρ.
1437 970 1642 1024 Hector
1683 971 2061 1040 Bambergen-

355 1060 429 1113 sis
463 1061 724 1114 Nicolaus
772 1061 961 1126 Pottu,
997 1076 1069 1112 ne
1118 1059 1252 1129 quid
1287 1058 1679 1127 prateriretur
1725 1059 1880 1128 quod
1901 1060 1969 1112 ad
1999 1059 2055 1112 S.

355 1148 582 1201 Henrici
620 1147 865 1218 gloriam
892 1147 1207 1200 conducere
1241 1146 1614 1210 existimaret,
1668 1152 1805 1216 puto
1835 1162 1899 1198 ex
1927 1152 2060 1199 ante

352 1234 514 1288 dictis
573 1251 694 1288 esse
752 1251 924 1304 quam
995 1235 1445 1287 testatissimum.
1507 1234 1847 1288 Coronidem
1913 1234 2061 1288 hanc

350 1322 501 1376 idem
532 1322 653 1392 ipse
679 1322 976 1392 imposuit,
1008 1338 1075 1375 eo
1110 1321 1534 1375 accuratissime
1568 1321 1894 1392 colligendo
1933 1338 2060 1392 qua

350 1412 419 1464 ad
445 1411 783 1465 modernam
842 1410 1181 1464 sanctissimi
1216 1411 1447 1463 Patroni
1478 1410 1841 1463 festivitatem
1883 1411 2060 1480 potis-

351 1500 560 1553 simum
593 1499 903 1570 pertinent,
931 1499 1254 1569 quibusque
1305 1499 1396 1551 hic
1446 1498 1619 1552 etiam
1680 1500 1868 1552 locum
1926 1499 2060 1552 dare

350 1589 534 1640 visum
563 1593 665 1652 est,
698 1595 821 1642 tum
854 1587 921 1639 ad
947 1585 1212 1639 meritam
1261 1585 1772 1652 Bambergensium
1831 1587 2060 1640 laudem

348 1680 470 1728 tum
495 1675 564 1728 ad
587 1673 891 1728 Catholica
947 1673 1242 1742 religionis
1296 1673 1739 1733 incrementum,
1774 1677 1893 1726 tum
1925 1689 2057 1726 vero

347 1761 416 1814 ad
457 1761 784 1830 exemplum
813 1759 968 1828 quod
997 1766 1202 1811 cetera
1255 1759 1508 1812 ecclesia
1542 1759 1841 1811 imitentur
1870 1759 1930 1811 in
1960 1775 2055 1812 ce-

345 1848 634 1901 lebrandis
698 1847 1039 1901 Sanctorum
1106 1862 1341 1899 suorum
1403 1846 1862 1899 solennitatibus.
1927 1847 2061 1900 Eam

346 1928 814 2000 vetustissimam,
849 1934 1058 2004 opinor
1103 1940 1465 2004 perpetuam,
1527 1933 1860 2003 Bamberga
1888 1933 2058 1987 fuisse

345 2023 701 2078 demonstrat
757 2021 1053 2092 antiquior
1100 2021 1240 2075 anni
1296 2024 1429 2076 {3‘79
1475 2022 1819 2075 celebritatis
1842 2027 1899 2075 et
1929 2038 2060 2092 pro-

345 2111 619 2165 cessionis
645 2125 854 2164 annua
893 2109 1224 2179 descriptio,
1279 2125 1455 2180 quam
1485 2110 1660 2163 etiam
1708 2125 1894 2179 nuper
1951 2111 2057 2164 ad-

338 2199 533 2270 junxit
582 2197 1016 2251 strenuissimus
1088 2197 1484 2252 collaborator.
1569 2197 1780 2250 Verum
1836 2214 1906 2251 ne
1967 2198 2059 2251 hic

345 2288 548 2341 eadem
575 2291 675 2339 aut
701 2287 900 2339 saltem
929 2285 1271 2350 consimilia,
1323 2301 1441 2338 non
1495 2285 1618 2338 sine
1668 2287 1945 2339 lectorum
1969 2287 2055 2339 fa-

346 2376 537 2442 stidio,
570 2374 886 2444 repetenda
932 2373 1064 2437 sint,
1125 2374 1262 2427 satis
1319 2373 1429 2426 erit
1461 2373 1828 2438 hodiernam,
1881 2390 2056 2443 quam

344 2463 617 2523 diximus,
651 2463 722 2515 ob
776 2461 972 2514 oculos
1022 2477 1260 2530 ponere,
1315 2462 1405 2514 cui
1453 2461 1683 2514 accedet
1712 2459 2055 2515 novissimus

345 2552 630 2613 cumulus,
666 2549 921 2603 studiosa
947 2548 1203 2618 ejusdem
1231 2549 1474 2602 Pottuvii
1503 2549 1713 2618 pietate
1745 2548 1873 2615 ,hoc
1901 2563 2052 2600 anno

346 2638 768 2708 superadditus,
815 2653 879 2690 ac
927 2637 1159 2690 demum
1220 2635 1486 2690 Officium
1543 2637 1615 2689 de
1660 2637 1865 2690 Sancto
1925 2651 2054 2706 pro-

343 2726 540 2796 prium
587 2725 786 2779 eadem
839 2724 1135 2777 occasione
1191 2740 1508 2788 recursum,
1559 2725 1775 2793 templa
1804 2723 2052 2794 denique

343 2813 406 2866 in
444 2815 566 2882 ejus
605 2814 884 2866 honorem
917 2813 1167 2866 condita.
1204 2811 1286 2864 En
1317 2812 1492 2882 igitur
1546 2811 2051 2880 Bambergensium

343 2901 404 2953 in
442 2902 764 2955 Tutelarem
786 2915 954 2956 suum
981 2899 1220 2953 illustris
1259 2899 1640 2952 venerationis
1690 2904 2046 2970 argumenta,

344 2989 482 3059 ipsis
515 2989 761 3044 Pottuvii
787 2989 976 3042 verbis
994 2988 1056 3042 in
1094 2989 1246 3042 hunc
1279 2989 1514 3042 modum
1531 2989 1835 3042 delineata.

592 3075 620 3145 ξ
651 3077 694 3130 1.
727 3078 966 3130 Praevius
1001 3076 1075 3129 ad
1103 3077 1459 3142 festivitatem
1494 3081 1831 3144 apparatus.

413 3167 500 3219 92.
537 3185 565 3213 «
613 3163 910 3233 Propridie
969 3180 1088 3229 ara,
1139 3163 1400 3233 sepulcro
1459 3169 1786 3216 sanctorum
1820 3163 2048 3217 Henrici

340 3258 400 3306 et
438 3251 808 3319 Cunegundis
847 3251 1305 3321 superimposita,
1339 3250 1495 3304 cultu
1544 3255 1599 3303 et
1628 3255 1834 3304 ornatu
1863 3253 2047 3305 solen-

339 3339 579 3392 nissimo
609 3337 934 3402 instruitur,
967 3353 1030 3390 ac
1059 3337 1379 3406 prasertim
1410 3336 1673 3406 reliquiis
1722 3337 2044 3407 insignibus

339 3442 497 3493 sane,
557 3430 615 3479 et
671 3424 936 3495 copiosis,
981 3440 1127 3495 qua,
1177 3440 1306 3478 cum
1339 3425 1764 3494 pretiosissima
1823 3427 1956 3491 sint,
1989 3433 2045 3481 et

337 3514 492 3585 quod
523 3529 612 3568 res
671 3517 780 3579 est,
837 3512 1138 3581 potissima
1168 3527 1234 3566 ex
1269 3517 1431 3581 parte
1480 3513 1550 3566 ab
1602 3512 1726 3582 ipso
1775 3513 2039 3579 Henrico,

332 3618 470 3654 cura
522 3599 759 3662 solicita,
795 3604 851 3652 et
872 3599 1247 3668 Imperatoria
1290 3599 1630 3652 auctoritate
1663 3605 2034 3668 comparata,

332 3705 397 3745 ac
422 3689 691 3751 ecclesia,
723 3704 754 3740 a
780 3704 838 3741 se
866 3703 1063 3741 recens
1115 3687 1388 3752 fundata,
1425 3686 1736 3740 liberaliter
1775 3686 2034 3756 donata;

332 3795 448 3833 non
481 3779 794 3846 incongrue
825 3776 932 3829 hoc
964 3776 1090 3829 loco
1124 3775 1466 3840 distinctius,
1524 3791 1637 3827 una
1664 3790 1794 3828 cum
1828 3780 2036 3828 ornatu

330 3865 526 3918 altaris
576 3864 822 3933 reliquo,
880 3862 1123 3916 describi
1193 3867 1528 3926 merentur;
1577 3861 1864 3931 pracipue
1903 3878 2034 3916 cum

329 3952 477 4004 facta
505 3951 574 4004 de
603 3950 675 4002 iis
724 3949 1014 4003 mentione
1041 3949 1103 4002 in
1157 3950 1282 4003 Vita
1340 3951 1396 4003 8.
1431 3949 1801 4018 Cunegundis
1826 3950 1895 4003 ad
1916 3955 2031 4003 ter-

328 4039 476 4092 tium
515 4037 700 4091 Martii
753 4037 813 4089 in
855 4037 1280 4091 Commentario
1339 4037 1578 4104 pravio,
1636 4035 1942 4105 descriptio
1968 4053 2032 4090 ac

327 4126 577 4180 curatior
608 4126 760 4178 hunc
788 4124 849 4176 in
892 4125 1078 4176 locum
1132 4123 1448 4192 rejiciatur,
1501 4128 1566 4176 ut
1593 4121 1673 4175 ibi
1711 4121 1891 4175 videri
1921 4138 2030 4191 po-

326 4218 456 4267 test.

397 4304 483 4354 93.
514 4322 535 4348 ι
570 4303 683 4353 Ara
703 4299 894 4370 itaque
925 4301 1263 4363 memorata,
1291 4313 1419 4367 qua
1471 4313 1575 4367 per
1602 4296 1839 4350 modum
1871 4312 2028 4350 mau-

324 4389 462 4446 solei
492 4387 791 4459 cujusdam
820 4386 999 4440 veluti
1017 4386 1079 4438 in
1109 4386 1466 4456 pyramidem
1494 4384 1833 4446 desinentia,
1851 4400 2025 4454 supra

319 4477 646 4546 sepulcrum
676 4475 866 4546 ipsum
923 4474 1197 4544 erigitur;
1229 4475 1308 4527 ita
1337 4477 1400 4527 ut
1451 4489 1554 4543 per
1583 4473 1738 4526 illius
1765 4472 2023 4526 medium

277 4628 279 4630 η
320 4571 585 4618 excavato
615 4564 832 4619 fornice
862 4563 1208 4633 conspicuus
1238 4567 1430 4633 pateat
1476 4577 1506 4614 e
1540 4562 1660 4614 loco
1695 4559 2020 4614 sublimiori

319 4667 677 4704 marmoreus
722 4653 1062 4706 Sanctorum
1107 4652 1367 4704 tumulus
1404 4666 1417 4715 ;
1457 4665 1555 4702 ara
1582 4650 1724 4713 hac,
1758 4648 2016 4718 inquam,

318 4742 438 4790 tum
470 4738 611 4807 ipsa,
646 4743 770 4790 tum
800 4739 1422 4808 ejuslatera,pretiosa,
1438 4742 1826 4790 trecentarum
1848 4738 2015 4790 ulna-

318 4841 445 4877 rum
469 4827 578 4876 tela
611 4825 960 4878 Damascena
1016 4827 1189 4879 rubra
1241 4825 1643 4879 investiuntur.
1699 4827 1760 4878 In
1789 4841 1902 4877 ara
1929 4842 2018 4878 su-

315 4927 516 4981 premo
545 4912 753 4963 vertice
775 4912 959 4980 posita
1017 4914 1382 4982 conspicitur,
1411 4929 1502 4966 sex
1545 4913 1768 4966 circiter
1805 4913 2015 4982 pedum

315 5000 630 5068 adaquans
661 4997 1046 5063 altitudinem,
1070 5015 1203 5052 crux
1226 5000 1652 5068 pretiosiSsima,
1687 5016 1754 5053 ex
1778 5007 2014 5068 argento

313 5103 460 5157 puro
492 5086 704 5140 atfabre
733 5085 1041 5150 elaborata,
1072 5093 1385 5157 ornataque
1415 5090 1659 5155 gemmis
1689 5093 1748 5140 et
1782 5089 2012 5142 unioni-

310 5177 416 5228 bus
442 5174 680 5228 minime
712 5171 897 5241 parcis
925 5191 940 5236 ;
995 5171 1058 5224 in
1087 5188 1200 5241 qua
1227 5173 1469 5241 inclusa,
1518 5179 1574 5226 et
1620 5190 1724 5242 per
1780 5177 2010 5243 crystal-

311 5265 429 5317 lum
463 5263 710 5316 lucidam
780 5259 1034 5312 anterius
1083 5255 1408 5328 conspicua,
1463 5268 1720 5315 servatur
1772 5261 2011 5332 insignis

299 5357 364 5404 et
394 5351 682 5420 praeclara,
742 5347 1087 5417 spithamam
1137 5347 1315 5400 ferme
1364 5349 1662 5413 excedens,
1713 5365 1883 5402 sacra
1915 5352 2014 5404 sal-

311 5437 601 5507 viﬁcaque
651 5436 846 5492 Crucis
889 5433 1206 5504 particula;
1239 5434 1308 5489 de
1365 5435 1526 5504 cujus
1579 5435 1813 5489 veritate
1860 5442 2011 5491 extat

307 5525 366 5576 in
399 5524 648 5576 archivio
706 5521 1018 5577 cathedrali
1078 5521 1239 5575 Bulla
1289 5523 1616 5578 authentica
1656 5523 1939 5578 Benedicti
1962 5527 2009 5578 Il

1681 326 1736 378 S.
1780 323 2065 379 HENRICI
2105 321 2582 380 IMPERATORIS

2094 447 2140 499 A
2181 445 2340 501 Pent.
2384 445 2458 500 M.
2520 445 2582 500 in
2639 462 2754 517 qua
2808 446 3162 516 perhibetur,
3214 451 3271 502 et
3307 448 3455 503 dicta
3501 448 3558 503 8.
3607 448 3938 518 particula

3813 326 3934 378 176

2170 549 2288 587 una
2317 550 2448 587 cum
2500 535 2751 604 genuino
2805 536 2963 588 clavo
3002 535 3188 590 ferreo
3237 538 3416 590 sancti
3473 537 3758 591 Cruciﬁxi
3815 536 3935 602 (de

2169 637 2284 692 qua
2322 622 2492 689 infra)
2523 623 2575 676 S.
2616 622 2857 676 Henrico
2888 641 2917 676 a
2947 623 3089 678 duce
3140 625 3487 694 Burgundia
3521 630 3580 678 et
3609 641 3758 695 rege
3793 625 3938 678 Bu-

2170 709 2384 779 dolpho
2411 710 2563 764 dono
2595 710 2726 764 data
2781 711 2995 777 fuisse;
3046 717 3216 782 atque
3266 713 3570 767 Pontiﬁcio
3613 711 3937 782 suffragio

2169 813 2273 867 pro
2299 814 2428 851 vera
2460 798 2790 868 agnoscitur
2817 800 3224 853 etdeclaratur.

2241 886 2327 938 94.
2366 895 2386 934 ‘¢
2443 886 2594 938 Infra
2632 887 2778 939 hanc
2837 885 3049 940 directe
3092 888 3365 940 collocata
3410 891 3660 957 apparet
3716 890 3939 939 statua

2168 969 2222 1024 8.
2260 971 2511 1041 Georgii,
2568 972 2798 1025 Patroni
2857 973 3179 1027 secundarii
3235 974 3510 1037 ecclesia,
3563 989 3727 1050 equ_o
3774 972 3940 1024 insi-

2169 1058 2373 1123 dentis,
2401 1066 2618 1113 statura
2659 1060 2910 1114 hominis
2959 1061 3250 1115 ordinaria
3293 1062 3590 1132 aliquanto
3639 1060 3934 1122 minore,

2170 1162 2233 1200 ex
2267 1153 2504 1216 argento
2552 1147 2751 1200 itidem
2811 1147 3116 1202 artificiose
3147 1149 3473 1204 fabrefacta.
3536 1151 3727 1204 Paulo
3769 1149 3940 1202 infe-

2168 1233 2290 1287 rius
2321 1235 2581 1288 visuntur
2625 1236 2756 1288 hinc
2786 1242 2956 1306 atque
3009 1236 3164 1304 hinc,
3189 1253 3254 1291 ex
3306 1244 3552 1308 utroque
3581 1239 3782 1292 latere
3822 1253 3940 1307 po-

2170 1323 2294 1376 sita
2326 1328 2524 1376 statua
2555 1323 2680 1377 dua
2716 1323 2989 1394 insignes,
3035 1341 3100 1378 ex
3133 1331 3371 1393 argento
3416 1328 3556 1380 item
3599 1328 3937 1387 inaurato,

2172 1409 2412 1464 humani
2435 1411 2688 1479 corporis
2727 1417 2950 1481 partem
3005 1412 3305 1466 dimidiam
3362 1419 3941 1483 repraesentantes;

2174 1499 2351 1550 altera
2380 1498 2615 1568 quidem
2655 1499 2710 1551 S.
2763 1499 3154 1568 Cunegundis,
3214 1500 3464 1568 ignitum
3491 1516 3675 1554 manu
3701 1516 3937 1552 vome-

2172 1601 2295 1638 rem
2326 1586 2746 1655 praseferentis
2779 1588 2992 1651 ;altera
3023 1603 3155 1640 vero
3195 1587 3250 1641 8.
3303 1589 3549 1655 Henrici,
3586 1587 3938 1659 magnitu-

2171 1672 2303 1726 dine
2338 1678 2392 1726 et
2443 1676 2682 1728 materia
2739 1675 2906 1744 pari:
2963 1675 3244 1745 apposita,
3297 1692 3363 1729 ex
3423 1683 3673 1746 utraque
3710 1682 3932 1746 parte,

2170 1777 2272 1813 sua
2301 1761 2508 1831 cuique
2539 1767 2737 1815 statua
2769 1778 2982 1815 corona
3034 1763 3432 1832 Imperatoria,
3466 1764 3562 1816 illa
3592 1763 3745 1834 ipsa,
3795 1779 3934 1834 qua

2168 1848 2358 1902 Sancti
2381 1850 2518 1902 olim
2541 1850 2812 1920 conjuges
2853 1851 2912 1903 in
2944 1851 3109 1904 terris
3143 1851 3372 1904 fuerant
3402 1851 3686 1905 coronati.
3743 1853 3935 1905 Hanc

2168 1935 2318 1989 inter
2348 1941 2652 2006 utramque
2713 1945 3088 2008 memoratam
3141 1944 3384 1992 statuam
3433 1939 3654 1992 eminet
3685 1939 3754 1992 in
3799 1956 3934 1992 me-

2165 2023 2260 2076 dio
2290 2024 2704 2094 magnitudinis
2734 2025 3011 2092 ejusdem,
3065 2025 3368 2079 dimidiato
3393 2026 3590 2081 itidem
3616 2043 3926 2098 corpore,

2166 2116 2221 2164 et
2247 2127 2315 2165 ex
2364 2118 2603 2182 argento
2659 2113 2942 2166 inaurato.
2990 2114 3286 2183 eleganter
3345 2115 3638 2169 elaborata
3699 2122 3930 2169 statua

2165 2199 2226 2251 Β.
2255 2199 2522 2268 Virginis,
2547 2200 2808 2254 divinum
2839 2201 2990 2254 ulnis
3044 2203 3328 2256 Infantem
3375 2203 3719 2271 complexa.
3761 2204 3926 2257 Illu-

2163 2292 2418 2340 strantur
2447 2287 2533 2340 ha
2565 2293 2763 2341 statua
2803 2289 3198 2359 compluribus
3230 2290 3580 2360 interpositis
3617 2292 3928 2345 candela—

2161 2374 2278 2427 bris
2309 2375 2615 2443 argenteis,
2649 2376 2942 2446 cereisque
2988 2377 3340 2432 ardentibus.

2260 2465 2347 2516 95.
2385 2485 2411 2511 ‹‹
2462 2463 2793 2532 Sequuntur
2848 2465 2982 2518 dein
3043 2465 3238 2536 posita
3287 2465 3436 2519 circa
3477 2470 3710 2535 partem
3784 2484 3922 2521 ara

2164 2551 2410 2604 mediam
2459 2551 2696 2605 diversa
2753 2553 3090 2606 Sanctorum
3144 2553 3500 2607 diversorum
3560 2555 3919 2625 reliquiae:

2161 2637 2375 2691 scilicet
2416 2639 2530 2692 duo
2591 2640 2723 2692 hinc
2760 2647 2934 2710 atque
2986 2641 3120 2694 hinc
3165 2641 3371 2706 cusini,
3426 2657 3676 2712 quorum
3731 2659 3930 2697 unus

2160 2732 2383 2795 partem
2414 2727 2593 2780 cranii
2650 2728 2705 2782 8.
2764 2728 3015 2798 Dionysii
3073 2728 3452 2799 Areopagita,
3508 2730 3658 2783 alter
3709 2739 3924 2803 caput

2163 2813 2224 2866 D.
2256 2814 2571 2884 Margaritae
2604 2814 2894 2885 integrum
2912 2821 3208 2870 sustentat.
3235 2817 3443 2870 Locum
3475 2817 3688 2872 deinde
3719 2829 3918 2889 parte

2158 2918 2223 2954 ex
2255 2908 2499 2972 utraque
2546 2903 2807 2956 obtinent
2863 2904 3085 2958 sarcula
3133 2905 3248 2958 sive
3308 2907 3650 2977 sarcophagi
3693 2909 3916 2963 mino-

2085 2987 2125 3041 C
2162 3005 2252 3042 res
2297 2995 2395 3043 aut
2451 3005 2637 3059 capsa
2676 2990 2953 3044 inaurata
3001 3008 3243 3045 numero
3301 2999 3449 3058 octo,
3508 2995 3914 3050 continentes

2157 3093 2397 3146 corpora
2421 3077 2760 3132 Sanctorum
2806 3085 2906 3132 aut
2961 3083 3184 3149 partem
3224 3097 3427 3135 eorum
3480 3081 3908 3153 pracipuam)

2158 3163 2372 3218 scilicet
2402 3165 2590 3234 primo
2610 3181 2815 3236 corpus
2848 3167 2904 3220 8.
2931 3168 3166 3221 Joannis
3225 3169 3290 3222 Μ.
3321 3171 3375 3233 2,
3408 3169 3462 3223 8.
3500 3170 3677 3223 lsaaci
3714 3172 3905 3227 Mon:

2155 3253 2206 3305 3.
2243 3251 2339 3306 SS.
2369 3252 2694 3306 Dulcissimi
2748 3258 2806 3307 et
2853 3254 3187 3308 Charissimi
3226 3255 3639 3326 discipulorum
3673 3256 3730 3311 S.
3776 3260 3902 3313 Pe-

2151 3339 2244 3392 tri.
2277 3339 2329 3406 4,
2378 3339 2469 3394 88.
2531 3340 2652 3394 Caii
2699 3347 2757 3394 et
2799 3341 2884 3395 Pii
2945 3343 3111 3397 Rom.
3161 3345 3327 3397 Pont.
3381 3346 3432 3409 5,
3489 3345 3542 3398 8.
3579 3346 3904 3403 Hermetis

2150 3425 2310 3481 Mart.
2343 3430 2397 3494 6,
2420 3428 2514 3482 SS.
2545 3429 2886 3482 Herculeani
2944 3431 3204 3501 Episcop.
3256 3438 3314 3486 et
3362 3433 3521 3486 Mart.
3570 3438 3629 3486 et
3661 3433 3903 3490 Rema-

2149 3514 2220 3567 cli
2251 3514 2431 3584 Episc.
2468 3521 2520 3578 7,
2565 3516 2621 3570 8.
2675 3518 2960 3571 Theodori
3020 3520 3174 3573 Mart.
3241 3523 3294 3585 8,
3343 3521 3400 3574 8.
3454 3521 3657 3574 Briccii
3700 3523 3896 3581 Conf.

2217 3603 2306 3655 96.
2347 3625 2367 3650 σι
2395 3607 2719 3673 Assurgunt
2765 3605 2916 3658 inter
2970 3606 3432 3678 hacpyramides
3472 3616 3730 3679 quatuor
3795 3613 3903 3668 in-

2146 3689 2339 3760 signes
2385 3696 2695 3760 argentea,
2744 3693 3004 3763 reliquiis
3057 3711 3193 3749 sane
3241 3696 3507 3766 pretiosis
3539 3702 3597 3750 et
3655 3703 3900 3769 praci—

2145 3794 2391 3848 puorum
2433 3779 2771 3834 Sanctorum
2847 3782 3060 3848 ditata,
3120 3784 3394 3838 nimirum
3442 3785 3708 3856 reliquiis
3778 3799 3902 3845 aut

2144 3866 2366 3920 ossibus
2396 3868 2451 3921 8.
2509 3869 2742 3922 Joannis
2775 3870 3061 3939 Baptista,
3100 3871 3193 3926 SS.
3235 3873 3398 3926 Pauli
3443 3877 3499 3927 et
3556 3874 3898 3933 Bartholo-

2144 3954 2276 4007 mai
2305 3956 2732 4024 Apostolorum,
2764 3956 2856 4011 SS.
2905 3957 3179 4028 Stephani
3237 3961 3578 4015 Protomart.
3611 3961 3669 4016 8.
3721 3965 3899 4021 Lau-

2141 4041 2313 4095 rentii
2364 4043 2522 4097 Mart.
2581 4044 2635 4098 S.
2706 4045 3070 4099 Pantaleonis
3110 4048 3266 4102 Mart.
3319 4049 3373 4102 S.
3421 4050 3649 4103 Achatii
3695 4053 3886 4110 Mart.

2139 4135 2244 4183 etc.
2278 4129 2331 4184 S.
2364 4131 2548 4184 Maria
2584 4132 2951 4202 Magdalena.
3009 4131 3064 4189 S.
3102 4136 3344 4190 Cacilia
3385 4138 3536 4207 Virg.
3596 4144 3657 4192 et
3692 4140 3887 4200 Mart.

2139 4222 2244 4271 etc.
2274 4219 2593 4288 Exponitur
2632 4220 2844 4274 ibidem
2909 4223 3061 4276 inter
3100 4229 3288 4277 cetera
3329 4225 3508 4280 altare
3538 4227 3624 4296 (ut
3651 4239 3890 4286 vocant

2137 4303 2426 4371 portatile,
2463 4319 2577 4372 quo
2617 4320 2751 4357 usus
2778 4305 2986 4359 dicitur
3050 4308 3269 4361 militia
3327 4309 3382 4363 8.
3446 4311 3751 4378 Henricus,
3796 4319 3883 4371 ad

2135 4389 2529 4444 instruendam
2598 4407 2757 4445 aram
2815 4409 2919 4463 pro
2961 4395 3238 4450 sacriﬁcio
3291 4397 3515 4451 Missa:
3557 4398 3881 4459 inclusum

2134 4480 2218 4529 est
2244 4477 2355 4529 hoc
2377 4477 2644 4546 portatile
2691 4479 2868 4532 theca
2914 4481 3202 4549 pretiosa,
3259 4483 3504 4551 gemmis
3525 4489 3577 4538 et
3613 4489 3882 4544 unioni-

2132 4563 2239 4617 bus
2264 4565 2576 4634 insignita,
2610 4583 2737 4637 qua
2770 4573 2980 4636 prater
3014 4570 3356 4639 particulam
3404 4571 3460 4625 8.
3491 4573 3694 4628 Crucis
3720 4593 3881 4632 con-

2129 4651 2274 4705 tinet
2322 4653 2592 4724 reliquias
2623 4654 2719 4709 SS.
2780 4655 3006 4726 Georgii
3058 4663 3114 4709 et
3164 4658 3442 4728 Stephani
3492 4662 3875 4724 Protomart.
3973 4653 3976 4666 ί

2130 4739 2544 4810 Christophori,
2600 4741 2904 4809 Pancratii,
2983 4743 3323 4810 Sebastiani,
3405 4747 3728 4820 Laurentii,
3809 4762 3875 4810 et

2130 4827 2199 4881 de
2230 4829 2501 4881 craticula
2526 4829 2668 4898 ejus.

2197 4918 2287 4969 97.
2334 4934 2360 4965 ει
2409 4918 2674 4971 Prostant
2735 4924 3014 4989 praterea
3079 4921 3394 4990 conspicui,
3479 4938 3544 4975 ex
3595 4928 3868 4998 utraque

2125 5009 2309 5072 parte.
2359 5004 2488 5057 libri
2547 5006 2989 5076 Evangeliorum
3031 5013 3296 5078 quatuor,
3329 5009 3552 5063 codices
3572 5013 3861 5082 pretiosi,

2126 5090 2184 5142 in
2215 5091 2390 5144 thecis
2421 5093 2614 5145 sericis
2659 5109 2800 5147 auro
2857 5095 3218 5165 gemmisque
3271 5097 3588 5151 liberaliter
3633 5099 3868 5157 distin-

2123 5178 2227 5230 ctis
2248 5178 2550 5250 compecti,
2584 5185 2640 5233 et
2685 5197 2788 5235 sua
2848 5199 2906 5235 se
2947 5182 3286 5252 antiquitate
3338 5186 3860 5259 commendantes,

2122 5269 2320 5335 utpote
2351 5268 2422 5320 ab
2448 5266 2571 5336 ipso
2630 5269 2691 5324 8.
2729 5269 2968 5323 Henrico
3000 5271 3250 5326 ecclesia
3284 5272 3600 5327 cathedrali
3648 5276 3715 5329 in
3739 5278 3860 5332 do-

2121 5369 2282 5420 num,
2315 5358 2474 5408 tauto
2512 5359 2742 5427 tamque
2776 5358 2872 5427 pio
2903 5359 3253 5430 condignum
3289 5361 3644 5431 Imperatore
3677 5365 3858 5422 obla-

2117 5442 2262 5493 tum.
2295 5443 2430 5494 Tam
2457 5443 2763 5512 magniﬁco
2799 5445 3046 5516 desuper
3101 5451 3308 5500 ornatu
3337 5448 3542 5512 ,veluti
3582 5466 3854 5508 corona-

2119 5530 2232 5594 tus,
2263 5528 2322 5581 in
2382 5529 2505 5599 ipso
2564 5545 2679 5584 ara
2740 5532 2929 5588 medio
2995 5549 3098 5603 per
3135 5540 3485 5600 excavatum,
3516 5542 3582 5590 ut
3611 5539 3854 5598 dictum
