  <div class='ocr_page' id='page_1' title='image "/cluster/home/n/w/nwhite01/storage/ocr_20150623/140-141/uc1.31175018559917/096.png"; bbox 0 0 3976 6410; ppageno 0'>
   <div class='ocr_carea' id='block_1_1' title="bbox 64 422 132 469">
    <p class='ocr_par' dir='ltr' id='par_1_1' title="bbox 64 422 132 469">
     <span class='ocr_line' id='line_1_1' title="bbox 64 422 132 469; baseline -0.015 0"><span class='ocrx_word' id='word_1_1' title='bbox 64 422 132 469; x_wconf 73' lang='grc' dir='ltr'>1Ῑῖ</span> 
     </span>
    </p>
   </div>
   <div class='ocr_carea' id='block_1_2' title="bbox 1667 416 1861 471">
    <p class='ocr_par' dir='ltr' id='par_1_2' title="bbox 1667 416 1861 471">
     <span class='ocr_line' id='line_1_2' title="bbox 1667 416 1861 471; baseline -0.015 -2"><span class='ocrx_word' id='word_1_2' title='bbox 1667 416 1861 471; x_wconf 84' lang='lat' dir='ltr'><strong>ACTA.</strong></span> 
     </span>
    </p>
   </div>
   <div class='ocr_carea' id='block_1_3' title="bbox 3433 417 3531 469">
    <p class='ocr_par' dir='ltr' id='par_1_3' title="bbox 3433 417 3531 469">
     <span class='ocr_line' id='line_1_3' title="bbox 3433 417 3531 469; baseline 0.01 -1"><span class='ocrx_word' id='word_1_3' title='bbox 3433 417 3531 469; x_wconf 76' lang='grc'>178</span> 
     </span>
    </p>
   </div>
   <div class='ocr_carea' id='block_1_4' title="bbox 55 535 3535 607">
    <p class='ocr_par' dir='ltr' id='par_1_4' title="bbox 55 535 3535 607">
     <span class='ocr_line' id='line_1_4' title="bbox 55 535 3535 607; baseline -0.001 -16"><span class='ocrx_word' id='word_1_4' title='bbox 55 546 128 603; x_wconf 64' lang='grc' dir='ltr'>εει,</span> <span class='ocrx_word' id='word_1_5' title='bbox 156 537 416 592; x_wconf 83' lang='lat' dir='ltr'>fornicem</span> <span class='ocrx_word' id='word_1_6' title='bbox 445 541 691 607; x_wconf 79' lang='lat' dir='ltr'>apparet</span> <span class='ocrx_word' id='word_1_7' title='bbox 746 549 1106 588; x_wconf 82' lang='lat' dir='ltr'>marmoreus</span> <span class='ocrx_word' id='word_1_8' title='bbox 1153 539 1483 588; x_wconf 90' lang='lat' dir='ltr'>sanctorum</span> <span class='ocrx_word' id='word_1_9' title='bbox 1514 537 1715 604; x_wconf 78' lang='lat' dir='ltr'>Conju-</span> <span class='ocrx_word' id='word_1_10' title='bbox 1747 538 1792 589; x_wconf 78' lang='grc' dir='ltr'><strong>Α</strong></span> <span class='ocrx_word' id='word_1_11' title='bbox 1831 538 2084 591; x_wconf 73' lang='lat' dir='ltr'>ecclesiae</span> <span class='ocrx_word' id='word_1_12' title='bbox 2115 536 2455 591; x_wconf 87' lang='lat' dir='ltr'>cathedralis</span> <span class='ocrx_word' id='word_1_13' title='bbox 2512 536 2571 589; x_wconf 91' lang='lat' dir='ltr'>in</span> <span class='ocrx_word' id='word_1_14' title='bbox 2630 536 2826 589; x_wconf 89' lang='lat' dir='ltr'>habitu</span> <span class='ocrx_word' id='word_1_15' title='bbox 2895 535 3201 597; x_wconf 84' lang='lat' dir='ltr'>diaconali,</span> <span class='ocrx_word' id='word_1_16' title='bbox 3259 536 3535 606; x_wconf 88' lang='lat' dir='ltr'>Episcopo</span> 
     </span>
    </p>
   </div>
   <div class='ocr_carea' id='block_1_5' title="bbox 55 622 1715 695">
    <p class='ocr_par' dir='ltr' id='par_1_5' title="bbox 55 622 1715 695">
     <span class='ocr_line' id='line_1_5' title="bbox 55 622 1715 695; baseline -0.004 -12"><span class='ocrx_word' id='word_1_17' title='bbox 55 644 155 683; x_wconf 62' lang='lat' dir='ltr'>cum</span> <span class='ocrx_word' id='word_1_18' title='bbox 182 625 450 690; x_wconf 88' lang='lat' dir='ltr'>tumulus,</span> <span class='ocrx_word' id='word_1_19' title='bbox 497 628 687 695; x_wconf 86' lang='lat' dir='ltr'>tapete</span> <span class='ocrx_word' id='word_1_20' title='bbox 736 622 903 692; x_wconf 91' lang='lat' dir='ltr'>nigro</span> <span class='ocrx_word' id='word_1_21' title='bbox 937 622 1134 689; x_wconf 90' lang='lat' dir='ltr'>serico,</span> <span class='ocrx_word' id='word_1_22' title='bbox 1170 622 1485 676; x_wconf 90' lang='lat' dir='ltr'>unionibus</span> <span class='ocrx_word' id='word_1_23' title='bbox 1518 624 1715 694; x_wconf 86' lang='lat' dir='ltr'>copio-</span> 
     </span>
    </p>
   </div>
   <div class='ocr_carea' id='block_1_6' title="bbox 55 710 1722 783">
    <p class='ocr_par' dir='ltr' id='par_1_6' title="bbox 55 710 1722 783">
     <span class='ocr_line' id='line_1_6' title="bbox 55 710 1722 783; baseline -0.002 -16"><span class='ocrx_word' id='word_1_24' title='bbox 55 715 259 779; x_wconf 70' lang='lat' dir='ltr'>sissimis,</span> <span class='ocrx_word' id='word_1_25' title='bbox 309 728 589 783; x_wconf 89' lang='lat' dir='ltr'>auroque,</span> <span class='ocrx_word' id='word_1_26' title='bbox 662 727 834 782; x_wconf 91' lang='lat' dir='ltr'>opere</span> <span class='ocrx_word' id='word_1_27' title='bbox 894 710 1160 781; x_wconf 87' lang='lat' dir='ltr'>Phrygio,</span> <span class='ocrx_word' id='word_1_28' title='bbox 1228 710 1551 764; x_wconf 81' lang='lat' dir='ltr'>intertextis</span> <span class='ocrx_word' id='word_1_29' title='bbox 1601 727 1722 781; x_wconf 91' lang='lat' dir='ltr'>pre-</span> 
     </span>
    </p>
   </div>
   <div class='ocr_carea' id='block_1_7' title="bbox 56 798 1718 869">
    <p class='ocr_par' dir='ltr' id='par_1_7' title="bbox 56 798 1718 869">
     <span class='ocr_line' id='line_1_7' title="bbox 56 798 1718 869; baseline -0.001 -14"><span class='ocrx_word' id='word_1_30' title='bbox 56 802 307 855; x_wconf 76' lang='lat' dir='ltr'>;iosissimo</span> <span class='ocrx_word' id='word_1_31' title='bbox 354 802 670 855; x_wconf 76' lang='lat' dir='ltr'>instratus:</span> <span class='ocrx_word' id='word_1_32' title='bbox 722 799 823 869; x_wconf 88' lang='lat' dir='ltr'>qui</span> <span class='ocrx_word' id='word_1_33' title='bbox 878 798 1215 852; x_wconf 83' lang='lat' dir='ltr'>ardentibus</span> <span class='ocrx_word' id='word_1_34' title='bbox 1258 815 1362 868; x_wconf 91' lang='lat' dir='ltr'>per</span> <span class='ocrx_word' id='word_1_35' title='bbox 1415 798 1718 853; x_wconf 75' lang='lat' dir='ltr'>circuitum</span> 
     </span>
    </p>
   </div>
   <div class='ocr_carea' id='block_1_8' title="bbox 56 886 1718 959">
    <p class='ocr_par' dir='ltr' id='par_1_8' title="bbox 56 886 1718 959">
     <span class='ocr_line' id='line_1_8' title="bbox 56 886 1718 959; baseline -0.002 -14"><span class='ocrx_word' id='word_1_36' title='bbox 56 908 94 945; x_wconf 72' lang='lat' dir='ltr'>ex</span> <span class='ocrx_word' id='word_1_37' title='bbox 126 908 239 944; x_wconf 85' lang='lat' dir='ltr'>cera</span> <span class='ocrx_word' id='word_1_38' title='bbox 285 890 508 959; x_wconf 87' lang='lat' dir='ltr'>virgine</span> <span class='ocrx_word' id='word_1_39' title='bbox 557 888 808 943; x_wconf 82' lang='lat' dir='ltr'>candelis</span> <span class='ocrx_word' id='word_1_40' title='bbox 849 886 1089 941; x_wconf 87' lang='lat' dir='ltr'>omnino</span> <span class='ocrx_word' id='word_1_41' title='bbox 1138 886 1541 958; x_wconf 80' lang='lat' dir='ltr'>quadraginta,</span> <span class='ocrx_word' id='word_1_42' title='bbox 1596 903 1718 942; x_wconf 86' lang='lat' dir='ltr'>ma-</span> 
     </span>
    </p>
   </div>
   <div class='ocr_carea' id='block_1_9' title="bbox 55 975 1719 1048">
    <p class='ocr_par' dir='ltr' id='par_1_9' title="bbox 55 975 1719 1048">
     <span class='ocr_line' id='line_1_9' title="bbox 55 975 1719 1048; baseline -0.002 -16"><span class='ocrx_word' id='word_1_43' title='bbox 55 980 215 1048; x_wconf 71' lang='lat' dir='ltr'>guilice</span> <span class='ocrx_word' id='word_1_44' title='bbox 264 978 584 1032; x_wconf 78' lang='lat' dir='ltr'>illustratur</span> <span class='ocrx_word' id='word_1_45' title='bbox 624 976 760 1042; x_wconf 88' lang='lat' dir='ltr'>;cui</span> <span class='ocrx_word' id='word_1_46' title='bbox 802 976 990 1030; x_wconf 85' lang='lat' dir='ltr'>lucem</span> <span class='ocrx_word' id='word_1_47' title='bbox 1039 975 1317 1045; x_wconf 87' lang='lat' dir='ltr'>adjiciunt</span> <span class='ocrx_word' id='word_1_48' title='bbox 1357 992 1423 1029; x_wconf 80' lang='lat' dir='ltr'>ex</span> <span class='ocrx_word' id='word_1_49' title='bbox 1475 983 1719 1047; x_wconf 91' lang='lat' dir='ltr'>utroque</span> 
     </span>
    </p>
   </div>
   <div class='ocr_carea' id='block_1_10' title="bbox 56 1064 1720 1136">
    <p class='ocr_par' dir='ltr' id='par_1_10' title="bbox 56 1064 1720 1136">
     <span class='ocr_line' id='line_1_10' title="bbox 56 1064 1720 1136; baseline -0.002 -15"><span class='ocrx_word' id='word_1_50' title='bbox 56 1067 239 1122; x_wconf 85' lang='lat' dir='ltr'>&#39;ornicis</span> <span class='ocrx_word' id='word_1_51' title='bbox 268 1068 439 1121; x_wconf 88' lang='lat' dir='ltr'>latere</span> <span class='ocrx_word' id='word_1_52' title='bbox 472 1065 770 1136; x_wconf 85' lang='lat' dir='ltr'>lampades</span> <span class='ocrx_word' id='word_1_53' title='bbox 827 1080 893 1119; x_wconf 85' lang='lat' dir='ltr'>ex</span> <span class='ocrx_word' id='word_1_54' title='bbox 945 1070 1183 1134; x_wconf 89' lang='lat' dir='ltr'>argento</span> <span class='ocrx_word' id='word_1_55' title='bbox 1232 1064 1505 1118; x_wconf 86' lang='lat' dir='ltr'>deaurato</span> <span class='ocrx_word' id='word_1_56' title='bbox 1554 1064 1720 1118; x_wconf 90' lang='lat' dir='ltr'>sede-</span> 
     </span>
    </p>
   </div>
   <div class='ocr_carea' id='block_1_11' title="bbox 55 1152 1718 1225">
    <p class='ocr_par' dir='ltr' id='par_1_11' title="bbox 55 1152 1718 1225">
     <span class='ocr_line' id='line_1_11' title="bbox 55 1152 1718 1225; baseline -0.002 -16"><span class='ocrx_word' id='word_1_57' title='bbox 55 1160 153 1225; x_wconf 87' lang='lat' dir='ltr'>:im,</span> <span class='ocrx_word' id='word_1_58' title='bbox 183 1172 287 1209; x_wconf 89' lang='lat' dir='ltr'>una</span> <span class='ocrx_word' id='word_1_59' title='bbox 310 1171 439 1208; x_wconf 92' lang='lat' dir='ltr'>cum</span> <span class='ocrx_word' id='word_1_60' title='bbox 473 1153 837 1208; x_wconf 87' lang='lat' dir='ltr'>candelabris</span> <span class='ocrx_word' id='word_1_61' title='bbox 885 1152 1202 1223; x_wconf 85' lang='lat' dir='ltr'>pensilibus</span> <span class='ocrx_word' id='word_1_62' title='bbox 1249 1152 1534 1222; x_wconf 82' lang='lat' dir='ltr'>argenteis</span> <span class='ocrx_word' id='word_1_63' title='bbox 1576 1170 1718 1224; x_wconf 88' lang='lat' dir='ltr'>qua-</span> 
     </span>
    </p>
   </div>
   <div class='ocr_carea' id='block_1_12' title="bbox 56 1240 1718 1316">
    <p class='ocr_par' dir='ltr' id='par_1_12' title="bbox 56 1240 1718 1316">
     <span class='ocr_line' id='line_1_12' title="bbox 56 1240 1718 1316; baseline -0.001 -21"><span class='ocrx_word' id='word_1_64' title='bbox 56 1261 168 1310; x_wconf 70' lang='lat' dir='ltr'>,uor,</span> <span class='ocrx_word' id='word_1_65' title='bbox 196 1260 317 1316; x_wconf 59' lang='lat' dir='ltr'>quae</span> <span class='ocrx_word' id='word_1_66' title='bbox 375 1242 530 1296; x_wconf 81' lang='lat' dir='ltr'>binis</span> <span class='ocrx_word' id='word_1_67' title='bbox 577 1242 806 1311; x_wconf 90' lang='lat' dir='ltr'>singula</span> <span class='ocrx_word' id='word_1_68' title='bbox 852 1241 1137 1295; x_wconf 87' lang='lat' dir='ltr'>collucent</span> <span class='ocrx_word' id='word_1_69' title='bbox 1190 1240 1389 1306; x_wconf 83' lang='lat' dir='ltr'>cereis,</span> <span class='ocrx_word' id='word_1_70' title='bbox 1430 1246 1486 1294; x_wconf 88' lang='lat' dir='ltr'>et</span> <span class='ocrx_word' id='word_1_71' title='bbox 1546 1240 1718 1295; x_wconf 90' lang='lat' dir='ltr'>simul</span> 
     </span>
    </p>
   </div>
   <div class='ocr_carea' id='block_1_13' title="bbox 56 1328 1719 1400">
    <p class='ocr_par' dir='ltr' id='par_1_13' title="bbox 56 1328 1719 1400">
     <span class='ocr_line' id='line_1_13' title="bbox 56 1328 1719 1400; baseline -0.002 -15"><span class='ocrx_word' id='word_1_72' title='bbox 56 1332 207 1385; x_wconf 58' lang='lat' dir='ltr'>:mnia</span> <span class='ocrx_word' id='word_1_73' title='bbox 236 1331 300 1385; x_wconf 89' lang='lat' dir='ltr'>ad</span> <span class='ocrx_word' id='word_1_74' title='bbox 329 1330 732 1384; x_wconf 86' lang='lat' dir='ltr'>illustrandam</span> <span class='ocrx_word' id='word_1_75' title='bbox 786 1329 1124 1383; x_wconf 89' lang='lat' dir='ltr'>Sanctorum</span> <span class='ocrx_word' id='word_1_76' title='bbox 1181 1328 1425 1398; x_wconf 83' lang='lat' dir='ltr'>gloriam</span> <span class='ocrx_word' id='word_1_77' title='bbox 1490 1329 1719 1400; x_wconf 81' lang='lat' dir='ltr'>egregie</span> 
     </span>
    </p>
   </div>
   <div class='ocr_carea' id='block_1_14' title="bbox 56 1420 324 1473">
    <p class='ocr_par' dir='ltr' id='par_1_14' title="bbox 56 1420 324 1473">
     <span class='ocr_line' id='line_1_14' title="bbox 56 1420 324 1473; baseline -0.007 0"><span class='ocrx_word' id='word_1_78' title='bbox 56 1420 324 1473; x_wconf 81' lang='lat' dir='ltr'>:onferunt.</span> 
     </span>
    </p>
   </div>
   <div class='ocr_carea' id='block_1_15' title="bbox 102 1503 1719 1574">
    <p class='ocr_par' dir='ltr' id='par_1_15' title="bbox 102 1503 1719 1574">
     <span class='ocr_line' id='line_1_15' title="bbox 102 1503 1719 1574; baseline -0.002 -14"><span class='ocrx_word' id='word_1_79' title='bbox 102 1511 180 1561; x_wconf 75' lang='lat'>08.</span> <span class='ocrx_word' id='word_1_80' title='bbox 217 1527 241 1557; x_wconf 78' lang='grc' dir='ltr'>α</span> <span class='ocrx_word' id='word_1_81' title='bbox 282 1506 574 1560; x_wconf 78' lang='lat' dir='ltr'>Accedunt</span> <span class='ocrx_word' id='word_1_82' title='bbox 601 1504 690 1558; x_wconf 87' lang='lat' dir='ltr'>his</span> <span class='ocrx_word' id='word_1_83' title='bbox 742 1504 803 1557; x_wconf 94' lang='lat' dir='ltr'>in</span> <span class='ocrx_word' id='word_1_84' title='bbox 832 1508 993 1574; x_wconf 88' lang='lat' dir='ltr'>parte</span> <span class='ocrx_word' id='word_1_85' title='bbox 1047 1520 1160 1556; x_wconf 67' lang='lat' dir='ltr'>aras</span> <span class='ocrx_word' id='word_1_86' title='bbox 1193 1503 1415 1571; x_wconf 89' lang='lat' dir='ltr'>inﬁma,</span> <span class='ocrx_word' id='word_1_87' title='bbox 1458 1504 1719 1574; x_wconf 66' lang='lat' dir='ltr'>reliquiae</span> 
     </span>
    </p>
   </div>
   <div class='ocr_carea' id='block_1_16' title="bbox 56 1591 1719 1662">
    <p class='ocr_par' dir='ltr' id='par_1_16' title="bbox 56 1591 1719 1662">
     <span class='ocr_line' id='line_1_16' title="bbox 56 1591 1719 1662; baseline -0.001 -15"><span class='ocrx_word' id='word_1_88' title='bbox 56 1598 146 1648; x_wconf 72' lang='lat' dir='ltr'>illa:</span> <span class='ocrx_word' id='word_1_89' title='bbox 170 1611 331 1662; x_wconf 80' lang='lat' dir='ltr'>supra</span> <span class='ocrx_word' id='word_1_90' title='bbox 360 1592 661 1647; x_wconf 83' lang='lat' dir='ltr'>recensitis</span> <span class='ocrx_word' id='word_1_91' title='bbox 691 1592 842 1645; x_wconf 89' lang='lat' dir='ltr'>haud</span> <span class='ocrx_word' id='word_1_92' title='bbox 889 1592 1188 1645; x_wconf 89' lang='lat' dir='ltr'>inferiores</span> <span class='ocrx_word' id='word_1_93' title='bbox 1230 1608 1243 1645; x_wconf 91' lang='lat'><strong>:</strong></span> <span class='ocrx_word' id='word_1_94' title='bbox 1288 1591 1501 1645; x_wconf 87' lang='lat' dir='ltr'>scilicet</span> <span class='ocrx_word' id='word_1_95' title='bbox 1529 1592 1719 1646; x_wconf 90' lang='lat' dir='ltr'>clavus</span> 
     </span>
    </p>
   </div>
   <div class='ocr_carea' id='block_1_17' title="bbox 63 1680 1721 1753">
    <p class='ocr_par' dir='ltr' id='par_1_17' title="bbox 63 1680 1721 1753">
     <span class='ocr_line' id='line_1_17' title="bbox 63 1680 1721 1753; baseline -0.001 -19"><span class='ocrx_word' id='word_1_96' title='bbox 63 1700 246 1748; x_wconf 71' lang='lat' dir='ltr'>erretis,</span> <span class='ocrx_word' id='word_1_97' title='bbox 279 1699 392 1753; x_wconf 91' lang='lat' dir='ltr'>quo</span> <span class='ocrx_word' id='word_1_98' title='bbox 427 1681 686 1735; x_wconf 82' lang='lat' dir='ltr'>Christus</span> <span class='ocrx_word' id='word_1_99' title='bbox 734 1681 997 1735; x_wconf 87' lang='lat' dir='ltr'>Salvator</span> <span class='ocrx_word' id='word_1_100' title='bbox 1027 1680 1293 1733; x_wconf 84' lang='lat' dir='ltr'>manibus</span> <span class='ocrx_word' id='word_1_101' title='bbox 1351 1680 1507 1733; x_wconf 89' lang='lat' dir='ltr'>cruci</span> <span class='ocrx_word' id='word_1_102' title='bbox 1555 1680 1721 1734; x_wconf 64' lang='lat' dir='ltr'>haesit</span> 
     </span>
    </p>
   </div>
   <div class='ocr_carea' id='block_1_18' title="bbox 56 1768 1724 1840">
    <p class='ocr_par' dir='ltr' id='par_1_18' title="bbox 56 1768 1724 1840">
     <span class='ocr_line' id='line_1_18' title="bbox 56 1768 1724 1840; baseline 0 -18"><span class='ocrx_word' id='word_1_103' title='bbox 56 1774 229 1835; x_wconf 60' lang='lat' dir='ltr'>illisus,</span> <span class='ocrx_word' id='word_1_104' title='bbox 259 1772 325 1823; x_wconf 92' lang='lat' dir='ltr'>de</span> <span class='ocrx_word' id='word_1_105' title='bbox 376 1771 544 1840; x_wconf 88' lang='lat' dir='ltr'>cujus</span> <span class='ocrx_word' id='word_1_106' title='bbox 582 1768 819 1821; x_wconf 80' lang='lat' dir='ltr'>veritate</span> <span class='ocrx_word' id='word_1_107' title='bbox 869 1768 1027 1822; x_wconf 88' lang='lat' dir='ltr'>bulla</span> <span class='ocrx_word' id='word_1_108' title='bbox 1074 1768 1401 1822; x_wconf 89' lang='lat' dir='ltr'>authentica</span> <span class='ocrx_word' id='word_1_109' title='bbox 1447 1785 1621 1838; x_wconf 88' lang='lat' dir='ltr'>supra</span> <span class='ocrx_word' id='word_1_110' title='bbox 1651 1768 1724 1822; x_wconf 86' lang='lat' dir='ltr'>al-</span> 
     </span>
    </p>
   </div>
   <div class='ocr_carea' id='block_1_19' title="bbox 64 1856 1721 1929">
    <p class='ocr_par' dir='ltr' id='par_1_19' title="bbox 64 1856 1721 1929">
     <span class='ocr_line' id='line_1_19' title="bbox 64 1856 1721 1929; baseline -0.001 -18"><span class='ocrx_word' id='word_1_111' title='bbox 64 1860 429 1925; x_wconf 68' lang='lat' dir='ltr'>cgatazitem,</span> <span class='ocrx_word' id='word_1_112' title='bbox 490 1857 656 1929; x_wconf 91' lang='lat' dir='ltr'>spina</span> <span class='ocrx_word' id='word_1_113' title='bbox 703 1857 773 1910; x_wconf 90' lang='lat' dir='ltr'>de</span> <span class='ocrx_word' id='word_1_114' title='bbox 831 1872 1044 1910; x_wconf 89' lang='lat' dir='ltr'>corona</span> <span class='ocrx_word' id='word_1_115' title='bbox 1103 1856 1363 1927; x_wconf 90' lang='lat' dir='ltr'>ejusdem</span> <span class='ocrx_word' id='word_1_116' title='bbox 1411 1856 1721 1911; x_wconf 85' lang='lat' dir='ltr'>Salvatoris</span> 
     </span>
    </p>
   </div>
   <div class='ocr_carea' id='block_1_20' title="bbox 55 1945 1721 2017">
    <p class='ocr_par' dir='ltr' id='par_1_20' title="bbox 55 1945 1721 2017">
     <span class='ocr_line' id='line_1_20' title="bbox 55 1945 1721 2017; baseline 0 -18"><span class='ocrx_word' id='word_1_117' title='bbox 55 1949 117 2011; x_wconf 53' lang='lat' dir='ltr'>NT,</span> <span class='ocrx_word' id='word_1_118' title='bbox 152 1964 276 2001; x_wconf 75' lang='lat' dir='ltr'>crux</span> <span class='ocrx_word' id='word_1_119' title='bbox 305 1948 545 2017; x_wconf 89' lang='lat' dir='ltr'>insuper</span> <span class='ocrx_word' id='word_1_120' title='bbox 586 1950 856 2015; x_wconf 83' lang='lat' dir='ltr'>argentea</span> <span class='ocrx_word' id='word_1_121' title='bbox 906 1946 1193 2010; x_wconf 89' lang='lat' dir='ltr'>inaurata,</span> <span class='ocrx_word' id='word_1_122' title='bbox 1243 1945 1545 1999; x_wconf 90' lang='lat' dir='ltr'>continens</span> <span class='ocrx_word' id='word_1_123' title='bbox 1584 1962 1721 2015; x_wconf 83' lang='lat' dir='ltr'>par-</span> 
     </span>
    </p>
   </div>
   <div class='ocr_carea' id='block_1_21' title="bbox 56 2034 1719 2104">
    <p class='ocr_par' dir='ltr' id='par_1_21' title="bbox 56 2034 1719 2104">
     <span class='ocr_line' id='line_1_21' title="bbox 56 2034 1719 2104; baseline 0.001 -18"><span class='ocrx_word' id='word_1_124' title='bbox 56 2038 242 2089; x_wconf 70' lang='lat' dir='ltr'>,iculam</span> <span class='ocrx_word' id='word_1_125' title='bbox 266 2037 320 2090; x_wconf 91' lang='lat' dir='ltr'>S.</span> <span class='ocrx_word' id='word_1_126' title='bbox 352 2035 539 2089; x_wconf 88' lang='lat' dir='ltr'>crucis</span> <span class='ocrx_word' id='word_1_127' title='bbox 560 2039 616 2088; x_wconf 90' lang='lat' dir='ltr'>et</span> <span class='ocrx_word' id='word_1_128' title='bbox 654 2034 900 2103; x_wconf 84' lang='lat' dir='ltr'>digitum</span> <span class='ocrx_word' id='word_1_129' title='bbox 931 2036 984 2089; x_wconf 98' lang='grc'>8.</span> <span class='ocrx_word' id='word_1_130' title='bbox 1042 2034 1334 2089; x_wconf 88' lang='lat' dir='ltr'>Gertrudis</span> <span class='ocrx_word' id='word_1_131' title='bbox 1367 2050 1381 2087; x_wconf 71' lang='grc' dir='ltr'>ς</span> <span class='ocrx_word' id='word_1_132' title='bbox 1413 2050 1526 2104; x_wconf 89' lang='lat' dir='ltr'>qua</span> <span class='ocrx_word' id='word_1_133' title='bbox 1555 2050 1719 2089; x_wconf 90' lang='lat' dir='ltr'>cruce</span> 
     </span>
    </p>
   </div>
   <div class='ocr_carea' id='block_1_22' title="bbox 56 2121 1724 2193">
    <p class='ocr_par' dir='ltr' id='par_1_22' title="bbox 56 2121 1724 2193">
     <span class='ocr_line' id='line_1_22' title="bbox 56 2121 1724 2193; baseline 0.001 -18"><span class='ocrx_word' id='word_1_134' title='bbox 56 2128 193 2178; x_wconf 76' lang='lat' dir='ltr'>&#39;ertur</span> <span class='ocrx_word' id='word_1_135' title='bbox 219 2125 269 2178; x_wconf 90' lang='lat' dir='ltr'>S.</span> <span class='ocrx_word' id='word_1_136' title='bbox 308 2123 583 2178; x_wconf 84' lang='lat' dir='ltr'>llenricus</span> <span class='ocrx_word' id='word_1_137' title='bbox 616 2122 932 2193; x_wconf 82' lang='lat' dir='ltr'>virgineam</span> <span class='ocrx_word' id='word_1_138' title='bbox 975 2121 1083 2175; x_wconf 88' lang='lat' dir='ltr'>sibi</span> <span class='ocrx_word' id='word_1_139' title='bbox 1112 2138 1383 2191; x_wconf 88' lang='lat' dir='ltr'>sponsam</span> <span class='ocrx_word' id='word_1_140' title='bbox 1414 2123 1724 2193; x_wconf 88' lang='lat' dir='ltr'>Cunegun-</span> 
     </span>
    </p>
   </div>
   <div class='ocr_carea' id='block_1_23' title="bbox 56 2211 1724 2281">
    <p class='ocr_par' dir='ltr' id='par_1_23' title="bbox 56 2211 1724 2281">
     <span class='ocr_line' id='line_1_23' title="bbox 56 2211 1724 2281; baseline -0.001 -16"><span class='ocrx_word' id='word_1_141' title='bbox 56 2216 150 2265; x_wconf 74' lang='lat' dir='ltr'>iam</span> <span class='ocrx_word' id='word_1_142' title='bbox 179 2213 558 2267; x_wconf 85' lang='lat' dir='ltr'>subarrhasse.</span> <span class='ocrx_word' id='word_1_143' title='bbox 590 2212 810 2266; x_wconf 90' lang='lat' dir='ltr'>Ornant</span> <span class='ocrx_word' id='word_1_144' title='bbox 848 2217 1127 2281; x_wconf 66' lang='lat' dir='ltr'>praeterea</span> <span class='ocrx_word' id='word_1_145' title='bbox 1158 2217 1214 2264; x_wconf 91' lang='lat' dir='ltr'>et</span> <span class='ocrx_word' id='word_1_146' title='bbox 1258 2211 1548 2266; x_wconf 89' lang='lat' dir='ltr'>illustrant</span> <span class='ocrx_word' id='word_1_147' title='bbox 1579 2214 1724 2266; x_wconf 87' lang='lat' dir='ltr'>hanc</span> 
     </span>
    </p>
   </div>
   <div class='ocr_carea' id='block_1_24' title="bbox 56 2299 1722 2371">
    <p class='ocr_par' dir='ltr' id='par_1_24' title="bbox 56 2299 1722 2371">
     <span class='ocr_line' id='line_1_24' title="bbox 56 2299 1722 2371; baseline 0.001 -20"><span class='ocrx_word' id='word_1_148' title='bbox 56 2320 137 2353; x_wconf 62' lang='lat' dir='ltr'>1MB</span> <span class='ocrx_word' id='word_1_149' title='bbox 167 2308 373 2371; x_wconf 89' lang='lat' dir='ltr'>partem</span> <span class='ocrx_word' id='word_1_150' title='bbox 419 2299 775 2354; x_wconf 88' lang='lat' dir='ltr'>Candelabra</span> <span class='ocrx_word' id='word_1_151' title='bbox 834 2316 929 2351; x_wconf 80' lang='lat' dir='ltr'>sex</span> <span class='ocrx_word' id='word_1_152' title='bbox 964 2303 1254 2369; x_wconf 74' lang='lat' dir='ltr'>argentea,</span> <span class='ocrx_word' id='word_1_153' title='bbox 1287 2315 1418 2352; x_wconf 94' lang='lat' dir='ltr'>cum</span> <span class='ocrx_word' id='word_1_154' title='bbox 1450 2299 1722 2353; x_wconf 90' lang='lat' dir='ltr'>interme-</span> 
     </span>
    </p>
   </div>
   <div class='ocr_carea' id='block_1_25' title="bbox 56 2386 1725 2459">
    <p class='ocr_par' dir='ltr' id='par_1_25' title="bbox 56 2386 1725 2459">
     <span class='ocr_line' id='line_1_25' title="bbox 56 2386 1725 2459; baseline 0 -18"><span class='ocrx_word' id='word_1_155' title='bbox 56 2392 123 2441; x_wconf 73' lang='lat' dir='ltr'>diu</span> <span class='ocrx_word' id='word_1_156' title='bbox 151 2390 409 2442; x_wconf 76' lang='lat' dir='ltr'>cruciﬁxo</span> <span class='ocrx_word' id='word_1_157' title='bbox 462 2392 740 2459; x_wconf 89' lang='lat' dir='ltr'>argenteo</span> <span class='ocrx_word' id='word_1_158' title='bbox 778 2403 790 2440; x_wconf 87' lang='lat'>:</span> <span class='ocrx_word' id='word_1_159' title='bbox 834 2387 1127 2439; x_wconf 86' lang='lat' dir='ltr'>collocatis</span> <span class='ocrx_word' id='word_1_160' title='bbox 1159 2387 1226 2439; x_wconf 91' lang='lat' dir='ltr'>ad</span> <span class='ocrx_word' id='word_1_161' title='bbox 1270 2386 1478 2455; x_wconf 89' lang='lat' dir='ltr'>pedem</span> <span class='ocrx_word' id='word_1_162' title='bbox 1530 2388 1725 2441; x_wconf 87' lang='lat' dir='ltr'>altaris</span> 
     </span>
    </p>
   </div>
   <div class='ocr_carea' id='block_1_26' title="bbox 56 2474 1727 2546">
    <p class='ocr_par' dir='ltr' id='par_1_26' title="bbox 56 2474 1727 2546">
     <span class='ocr_line' id='line_1_26' title="bbox 56 2474 1727 2546; baseline 0 -17"><span class='ocrx_word' id='word_1_163' title='bbox 56 2477 364 2531; x_wconf 82' lang='lat' dir='ltr'>candelabris</span> <span class='ocrx_word' id='word_1_164' title='bbox 410 2476 541 2530; x_wconf 86' lang='lat' dir='ltr'>aliis</span> <span class='ocrx_word' id='word_1_165' title='bbox 604 2475 895 2545; x_wconf 87' lang='lat' dir='ltr'>argenteis</span> <span class='ocrx_word' id='word_1_166' title='bbox 954 2474 1200 2539; x_wconf 91' lang='lat' dir='ltr'>duobus,</span> <span class='ocrx_word' id='word_1_167' title='bbox 1269 2474 1589 2528; x_wconf 88' lang='lat' dir='ltr'>altitudinis</span> <span class='ocrx_word' id='word_1_168' title='bbox 1632 2492 1727 2546; x_wconf 89' lang='lat' dir='ltr'>pe-</span> 
     </span>
    </p>
   </div>
   <div class='ocr_carea' id='block_1_27' title="bbox 56 2560 1723 2634">
    <p class='ocr_par' dir='ltr' id='par_1_27' title="bbox 56 2560 1723 2634">
     <span class='ocr_line' id='line_1_27' title="bbox 56 2560 1723 2634; baseline -0.004 -16"><span class='ocrx_word' id='word_1_169' title='bbox 56 2565 160 2617; x_wconf 87' lang='lat' dir='ltr'>dum</span> <span class='ocrx_word' id='word_1_170' title='bbox 192 2568 238 2618; x_wconf 83' lang='lat'>7.</span> <span class='ocrx_word' id='word_1_171' title='bbox 270 2568 452 2634; x_wconf 82' lang='lat' dir='ltr'>Atque</span> <span class='ocrx_word' id='word_1_172' title='bbox 492 2561 616 2615; x_wconf 58' lang='lat' dir='ltr'>haec</span> <span class='ocrx_word' id='word_1_173' title='bbox 663 2562 733 2615; x_wconf 90' lang='lat' dir='ltr'>de</span> <span class='ocrx_word' id='word_1_174' title='bbox 782 2560 1029 2630; x_wconf 91' lang='lat' dir='ltr'>sepulcri</span> <span class='ocrx_word' id='word_1_175' title='bbox 1078 2564 1135 2614; x_wconf 86' lang='lat' dir='ltr'>et</span> <span class='ocrx_word' id='word_1_176' title='bbox 1181 2576 1297 2613; x_wconf 63' lang='lat' dir='ltr'>aras</span> <span class='ocrx_word' id='word_1_177' title='bbox 1347 2564 1554 2613; x_wconf 88' lang='lat' dir='ltr'>ornatu</span> <span class='ocrx_word' id='word_1_178' title='bbox 1603 2575 1723 2613; x_wconf 87' lang='lat' dir='ltr'>ma-</span> 
     </span>
    </p>
   </div>
   <div class='ocr_carea' id='block_1_28' title="bbox 55 2648 1723 2720">
    <p class='ocr_par' dir='ltr' id='par_1_28' title="bbox 55 2648 1723 2720">
     <span class='ocr_line' id='line_1_28' title="bbox 55 2648 1723 2720; baseline -0.001 -17"><span class='ocrx_word' id='word_1_179' title='bbox 55 2653 243 2720; x_wconf 70' lang='lat' dir='ltr'>gniﬁco.</span> <span class='ocrx_word' id='word_1_180' title='bbox 266 2651 401 2715; x_wconf 62' lang='lat' dir='ltr'>Quae</span> <span class='ocrx_word' id='word_1_181' title='bbox 431 2653 780 2720; x_wconf 90' lang='lat' dir='ltr'>sequuntur,</span> <span class='ocrx_word' id='word_1_182' title='bbox 816 2649 962 2704; x_wconf 83' lang='lat' dir='ltr'>Festi</span> <span class='ocrx_word' id='word_1_183' title='bbox 994 2648 1194 2717; x_wconf 75' lang='lat' dir='ltr'>ipsius,</span> <span class='ocrx_word' id='word_1_184' title='bbox 1250 2655 1304 2701; x_wconf 86' lang='lat' dir='ltr'>et</span> <span class='ocrx_word' id='word_1_185' title='bbox 1335 2648 1558 2703; x_wconf 67' lang='lat' dir='ltr'>Octava:</span> <span class='ocrx_word' id='word_1_186' title='bbox 1591 2648 1723 2701; x_wconf 92' lang='lat' dir='ltr'>sub-</span> 
     </span>
    </p>
   </div>
   <div class='ocr_carea' id='block_1_29' title="bbox 55 2738 1199 2810">
    <p class='ocr_par' dir='ltr' id='par_1_29' title="bbox 55 2738 1199 2810">
     <span class='ocr_line' id='line_1_29' title="bbox 55 2738 1199 2810; baseline -0.003 -20"><span class='ocrx_word' id='word_1_187' title='bbox 55 2740 301 2810; x_wconf 77' lang='lat' dir='ltr'>sequentis</span> <span class='ocrx_word' id='word_1_188' title='bbox 329 2738 736 2792; x_wconf 84' lang='lat' dir='ltr'>solennitatem</span> <span class='ocrx_word' id='word_1_189' title='bbox 766 2740 1136 2790; x_wconf 91' lang='lat' dir='ltr'>concernunt.</span> <span class='ocrx_word' id='word_1_190' title='bbox 1172 2756 1199 2786; x_wconf 73' lang='grc' dir='ltr'><strong>ι)</strong></span> 
     </span>
    </p>
   </div>
   <div class='ocr_carea' id='block_1_30' title="bbox 261 2823 1475 2897">
    <p class='ocr_par' dir='ltr' id='par_1_30' title="bbox 261 2823 1475 2897">
     <span class='ocr_line' id='line_1_30' title="bbox 261 2823 1475 2897; baseline -0.004 -16"><span class='ocrx_word' id='word_1_191' title='bbox 261 2827 286 2897; x_wconf 63' lang='grc' dir='ltr'><strong>ξ</strong></span> <span class='ocrx_word' id='word_1_192' title='bbox 318 2828 386 2881; x_wconf 89' lang='grc' dir='ltr'>ΙΙ.</span> <span class='ocrx_word' id='word_1_193' title='bbox 422 2826 693 2897; x_wconf 83' lang='lat' dir='ltr'>Ejusdem</span> <span class='ocrx_word' id='word_1_194' title='bbox 724 2826 995 2880; x_wconf 73' lang='lat' dir='ltr'>institutio</span> <span class='ocrx_word' id='word_1_195' title='bbox 1034 2829 1084 2877; x_wconf 85' lang='lat' dir='ltr'>et</span> <span class='ocrx_word' id='word_1_196' title='bbox 1117 2823 1475 2878; x_wconf 77' lang='lat' dir='ltr'>continuatio.</span> 
     </span>
    </p>
   </div>
   <div class='ocr_carea' id='block_1_31' title="bbox 109 2914 1730 2987">
    <p class='ocr_par' dir='ltr' id='par_1_31' title="bbox 109 2914 1730 2987">
     <span class='ocr_line' id='line_1_31' title="bbox 109 2914 1730 2987; baseline -0.002 -16"><span class='ocrx_word' id='word_1_197' title='bbox 109 2921 178 2971; x_wconf 85' lang='lat'>99.</span> <span class='ocrx_word' id='word_1_198' title='bbox 215 2940 234 2968; x_wconf 81' lang='grc' dir='ltr'>ι</span> <span class='ocrx_word' id='word_1_199' title='bbox 268 2918 455 2973; x_wconf 87' lang='lat' dir='ltr'>Pridie</span> <span class='ocrx_word' id='word_1_200' title='bbox 508 2918 567 2971; x_wconf 90' lang='lat' dir='ltr'>in</span> <span class='ocrx_word' id='word_1_201' title='bbox 600 2917 724 2987; x_wconf 91' lang='lat' dir='ltr'>ipso</span> <span class='ocrx_word' id='word_1_202' title='bbox 775 2915 1075 2987; x_wconf 82' lang='lat' dir='ltr'>pervigilio</span> <span class='ocrx_word' id='word_1_203' title='bbox 1131 2915 1297 2980; x_wconf 82' lang='lat' dir='ltr'>Festi,</span> <span class='ocrx_word' id='word_1_204' title='bbox 1345 2914 1489 2967; x_wconf 90' lang='lat' dir='ltr'>hora</span> <span class='ocrx_word' id='word_1_205' title='bbox 1544 2914 1730 2985; x_wconf 86' lang='lat' dir='ltr'>prima</span> 
     </span>
    </p>
   </div>
   <div class='ocr_carea' id='block_1_32' title="bbox 56 3002 1729 3076">
    <p class='ocr_par' dir='ltr' id='par_1_32' title="bbox 56 3002 1729 3076">
     <span class='ocr_line' id='line_1_32' title="bbox 56 3002 1729 3076; baseline -0.001 -20"><span class='ocrx_word' id='word_1_206' title='bbox 56 3012 258 3060; x_wconf 77' lang='lat' dir='ltr'>terretur</span> <span class='ocrx_word' id='word_1_207' title='bbox 293 3007 364 3061; x_wconf 92' lang='lat' dir='ltr'>ad</span> <span class='ocrx_word' id='word_1_208' title='bbox 412 3006 634 3076; x_wconf 91' lang='lat' dir='ltr'>primas</span> <span class='ocrx_word' id='word_1_209' title='bbox 666 3005 962 3074; x_wconf 88' lang='lat' dir='ltr'>Vesperas,</span> <span class='ocrx_word' id='word_1_210' title='bbox 1013 3018 1354 3072; x_wconf 91' lang='lat' dir='ltr'>magnarum</span> <span class='ocrx_word' id='word_1_211' title='bbox 1396 3003 1487 3072; x_wconf 91' lang='lat' dir='ltr'>(de</span> <span class='ocrx_word' id='word_1_212' title='bbox 1519 3002 1729 3073; x_wconf 89' lang='lat' dir='ltr'>quibus</span> 
     </span>
    </p>
   </div>
   <div class='ocr_carea' id='block_1_33' title="bbox 1752 1811 1792 1864">
    <p class='ocr_par' dir='ltr' id='par_1_33' title="bbox 1752 1811 1792 1864">
     <span class='ocr_line' id='line_1_33' title="bbox 1752 1811 1792 1864; baseline 0 0"><span class='ocrx_word' id='word_1_213' title='bbox 1752 1811 1792 1864; x_wconf 88' lang='grc' dir='ltr'>Β</span> 
     </span>
    </p>
   </div>
   <div class='ocr_carea' id='block_1_34' title="bbox 1830 623 3533 695">
    <p class='ocr_par' dir='ltr' id='par_1_34' title="bbox 1830 623 3533 695">
     <span class='ocr_line' id='line_1_34' title="bbox 1830 623 3533 695; baseline -0.001 -18"><span class='ocrx_word' id='word_1_214' title='bbox 1830 625 2206 691; x_wconf 88' lang='lat' dir='ltr'>assistentes;</span> <span class='ocrx_word' id='word_1_215' title='bbox 2254 629 2384 695; x_wconf 89' lang='lat' dir='ltr'>post</span> <span class='ocrx_word' id='word_1_216' title='bbox 2431 640 2575 694; x_wconf 91' lang='lat' dir='ltr'>quos</span> <span class='ocrx_word' id='word_1_217' title='bbox 2622 623 2877 693; x_wconf 90' lang='lat' dir='ltr'>procedit</span> <span class='ocrx_word' id='word_1_218' title='bbox 2925 623 3303 677; x_wconf 88' lang='lat' dir='ltr'>subdiaconus</span> <span class='ocrx_word' id='word_1_219' title='bbox 3336 628 3533 676; x_wconf 88' lang='lat' dir='ltr'>canta-</span> 
     </span>
    </p>
   </div>
   <div class='ocr_carea' id='block_1_35' title="bbox 1831 710 3536 784">
    <p class='ocr_par' dir='ltr' id='par_1_35' title="bbox 1831 710 3536 784">
     <span class='ocr_line' id='line_1_35' title="bbox 1831 710 3536 784; baseline -0.002 -19"><span class='ocrx_word' id='word_1_220' title='bbox 1831 717 1994 766; x_wconf 90' lang='lat' dir='ltr'>turus</span> <span class='ocrx_word' id='word_1_221' title='bbox 2028 713 2337 784; x_wconf 86' lang='lat' dir='ltr'>Epistulam</span> <span class='ocrx_word' id='word_1_222' title='bbox 2374 730 2388 779; x_wconf 85' lang='lat'><strong>;</strong></span> <span class='ocrx_word' id='word_1_223' title='bbox 2424 719 2546 765; x_wconf 92' lang='lat' dir='ltr'>tum</span> <span class='ocrx_word' id='word_1_224' title='bbox 2596 712 2891 775; x_wconf 88' lang='lat' dir='ltr'>diaconus,</span> <span class='ocrx_word' id='word_1_225' title='bbox 2926 717 3169 782; x_wconf 86' lang='lat' dir='ltr'>uterque</span> <span class='ocrx_word' id='word_1_226' title='bbox 3192 730 3254 766; x_wconf 80' lang='lat' dir='ltr'>ex</span> <span class='ocrx_word' id='word_1_227' title='bbox 3288 710 3536 765; x_wconf 69' lang='lat' dir='ltr'>dominis</span> 
     </span>
    </p>
   </div>
   <div class='ocr_carea' id='block_1_36' title="bbox 1828 798 3533 871">
    <p class='ocr_par' dir='ltr' id='par_1_36' title="bbox 1828 798 3533 871">
     <span class='ocr_line' id='line_1_36' title="bbox 1828 798 3533 871; baseline -0.002 -17"><span class='ocrx_word' id='word_1_228' title='bbox 1828 802 2119 855; x_wconf 85' lang='lat' dir='ltr'>canonicis</span> <span class='ocrx_word' id='word_1_229' title='bbox 2150 802 2370 855; x_wconf 86' lang='lat' dir='ltr'>cathed.</span> <span class='ocrx_word' id='word_1_230' title='bbox 2431 817 2674 871; x_wconf 90' lang='lat' dir='ltr'>quorum</span> <span class='ocrx_word' id='word_1_231' title='bbox 2736 800 2969 854; x_wconf 91' lang='lat' dir='ltr'>ultimus</span> <span class='ocrx_word' id='word_1_232' title='bbox 3020 800 3234 854; x_wconf 87' lang='lat' dir='ltr'>incedit</span> <span class='ocrx_word' id='word_1_233' title='bbox 3287 800 3357 853; x_wconf 91' lang='lat' dir='ltr'>ad</span> <span class='ocrx_word' id='word_1_234' title='bbox 3390 798 3533 852; x_wconf 87' lang='lat' dir='ltr'>sini-</span> 
     </span>
    </p>
   </div>
   <div class='ocr_carea' id='block_1_37' title="bbox 1829 887 3537 960">
    <p class='ocr_par' dir='ltr' id='par_1_37' title="bbox 1829 887 3537 960">
     <span class='ocr_line' id='line_1_37' title="bbox 1829 887 3537 960; baseline -0.003 -18"><span class='ocrx_word' id='word_1_235' title='bbox 1829 895 2005 943; x_wconf 87' lang='lat' dir='ltr'>stram</span> <span class='ocrx_word' id='word_1_236' title='bbox 2036 890 2355 960; x_wconf 85' lang='lat' dir='ltr'>presbyteri</span> <span class='ocrx_word' id='word_1_237' title='bbox 2414 890 2732 943; x_wconf 89' lang='lat' dir='ltr'>assistentis</span> <span class='ocrx_word' id='word_1_238' title='bbox 2791 895 2848 942; x_wconf 89' lang='lat' dir='ltr'>et</span> <span class='ocrx_word' id='word_1_239' title='bbox 2902 888 3138 958; x_wconf 88' lang='lat' dir='ltr'>pluviali</span> <span class='ocrx_word' id='word_1_240' title='bbox 3190 888 3397 941; x_wconf 87' lang='lat' dir='ltr'>induti.</span> <span class='ocrx_word' id='word_1_241' title='bbox 3431 887 3537 941; x_wconf 85' lang='lat' dir='ltr'>Se-</span> 
     </span>
    </p>
   </div>
   <div class='ocr_carea' id='block_1_38' title="bbox 1828 976 3537 1048">
    <p class='ocr_par' dir='ltr' id='par_1_38' title="bbox 1828 976 3537 1048">
     <span class='ocr_line' id='line_1_38' title="bbox 1828 976 3537 1048; baseline -0.002 -18"><span class='ocrx_word' id='word_1_242' title='bbox 1828 979 2027 1048; x_wconf 84' lang='lat' dir='ltr'>quitur</span> <span class='ocrx_word' id='word_1_243' title='bbox 2055 979 2368 1048; x_wconf 86' lang='lat' dir='ltr'>Episcopus</span> <span class='ocrx_word' id='word_1_244' title='bbox 2414 978 2472 1031; x_wconf 93' lang='lat' dir='ltr'>in</span> <span class='ocrx_word' id='word_1_245' title='bbox 2499 978 2923 1047; x_wconf 87' lang='lat' dir='ltr'>pontiﬁcalibus</span> <span class='ocrx_word' id='word_1_246' title='bbox 2978 993 3107 1029; x_wconf 92' lang='lat' dir='ltr'>cum</span> <span class='ocrx_word' id='word_1_247' title='bbox 3140 977 3317 1030; x_wconf 85' lang='lat' dir='ltr'>Pallio</span> <span class='ocrx_word' id='word_1_248' title='bbox 3350 981 3407 1029; x_wconf 90' lang='lat' dir='ltr'>et</span> <span class='ocrx_word' id='word_1_249' title='bbox 3432 976 3537 1029; x_wconf 87' lang='lat' dir='ltr'>ha—</span> 
     </span>
    </p>
   </div>
   <div class='ocr_carea' id='block_1_39' title="bbox 1827 1064 3539 1137">
    <p class='ocr_par' dir='ltr' id='par_1_39' title="bbox 1827 1064 3539 1137">
     <span class='ocr_line' id='line_1_39' title="bbox 1827 1064 3539 1137; baseline -0.002 -18"><span class='ocrx_word' id='word_1_250' title='bbox 1827 1068 1953 1120; x_wconf 91' lang='lat' dir='ltr'>culo</span> <span class='ocrx_word' id='word_1_251' title='bbox 1983 1067 2277 1137; x_wconf 86' lang='lat' dir='ltr'>pastorali,</span> <span class='ocrx_word' id='word_1_252' title='bbox 2334 1066 2705 1137; x_wconf 85' lang='lat' dir='ltr'>subsequitur</span> <span class='ocrx_word' id='word_1_253' title='bbox 2751 1082 2881 1119; x_wconf 92' lang='lat' dir='ltr'>cum</span> <span class='ocrx_word' id='word_1_254' title='bbox 2940 1066 3067 1118; x_wconf 86' lang='lat' dir='ltr'>aliis</span> <span class='ocrx_word' id='word_1_255' title='bbox 3120 1064 3415 1118; x_wconf 85' lang='lat' dir='ltr'>sacellanis</span> <span class='ocrx_word' id='word_1_256' title='bbox 3445 1080 3539 1117; x_wconf 89' lang='lat' dir='ltr'>au-</span> 
     </span>
    </p>
   </div>
   <div class='ocr_carea' id='block_1_40' title="bbox 1828 1152 3537 1225">
    <p class='ocr_par' dir='ltr' id='par_1_40' title="bbox 1828 1152 3537 1225">
     <span class='ocr_line' id='line_1_40' title="bbox 1828 1152 3537 1225; baseline -0.002 -17"><span class='ocrx_word' id='word_1_257' title='bbox 1828 1155 1950 1209; x_wconf 90' lang='lat' dir='ltr'>licis</span> <span class='ocrx_word' id='word_1_258' title='bbox 2002 1156 2465 1209; x_wconf 60' lang='lat' dir='ltr'>caeremoniarius</span> <span class='ocrx_word' id='word_1_259' title='bbox 2497 1172 2510 1221; x_wconf 87' lang='lat'><strong>;</strong></span> <span class='ocrx_word' id='word_1_260' title='bbox 2540 1170 2714 1225; x_wconf 86' lang='lat' dir='ltr'>quem</span> <span class='ocrx_word' id='word_1_261' title='bbox 2770 1154 3066 1224; x_wconf 81' lang='lat' dir='ltr'>excipiunt</span> <span class='ocrx_word' id='word_1_262' title='bbox 3115 1152 3377 1207; x_wconf 88' lang='lat' dir='ltr'>canonici</span> <span class='ocrx_word' id='word_1_263' title='bbox 3423 1153 3537 1205; x_wconf 91' lang='lat' dir='ltr'>duo</span> 
     </span>
    </p>
   </div>
   <div class='ocr_carea' id='block_1_41' title="bbox 1828 1240 3538 1313">
    <p class='ocr_par' dir='ltr' id='par_1_41' title="bbox 1828 1240 3538 1313">
     <span class='ocr_line' id='line_1_41' title="bbox 1828 1240 3538 1313; baseline -0.002 -17"><span class='ocrx_word' id='word_1_264' title='bbox 1828 1259 1895 1296; x_wconf 85' lang='lat' dir='ltr'>ex</span> <span class='ocrx_word' id='word_1_265' title='bbox 1923 1244 2256 1313; x_wconf 74' lang='lat' dir='ltr'>collegiatis,</span> <span class='ocrx_word' id='word_1_266' title='bbox 2313 1243 2501 1297; x_wconf 89' lang='lat' dir='ltr'>induti</span> <span class='ocrx_word' id='word_1_267' title='bbox 2558 1242 2906 1313; x_wconf 88' lang='lat' dir='ltr'>pluvialibus</span> <span class='ocrx_word' id='word_1_268' title='bbox 2962 1242 3034 1297; x_wconf 91' lang='lat' dir='ltr'>ad</span> <span class='ocrx_word' id='word_1_269' title='bbox 3092 1241 3321 1295; x_wconf 89' lang='lat' dir='ltr'>mitram</span> <span class='ocrx_word' id='word_1_270' title='bbox 3354 1245 3411 1294; x_wconf 90' lang='lat' dir='ltr'>et</span> <span class='ocrx_word' id='word_1_271' title='bbox 3438 1240 3538 1295; x_wconf 90' lang='lat' dir='ltr'>ba-</span> 
     </span>
    </p>
   </div>
   <div class='ocr_carea' id='block_1_42' title="bbox 1828 1332 2822 1402">
    <p class='ocr_par' dir='ltr' id='par_1_42' title="bbox 1828 1332 2822 1402">
     <span class='ocr_line' id='line_1_42' title="bbox 1828 1332 2822 1402; baseline -0.001 -17"><span class='ocrx_word' id='word_1_272' title='bbox 1828 1332 2022 1385; x_wconf 87' lang='lat' dir='ltr'>culum</span> <span class='ocrx_word' id='word_1_273' title='bbox 2050 1332 2396 1402; x_wconf 82' lang='lat' dir='ltr'>pastoralem</span> <span class='ocrx_word' id='word_1_274' title='bbox 2430 1332 2822 1384; x_wconf 89' lang='lat' dir='ltr'>inservientes.</span> 
     </span>
    </p>
   </div>
   <div class='ocr_carea' id='block_1_43' title="bbox 1905 1416 3542 1473">
    <p class='ocr_par' dir='ltr' id='par_1_43' title="bbox 1905 1416 3542 1473">
     <span class='ocr_line' id='line_1_43' title="bbox 1905 1416 3542 1473; baseline -0.003 0"><span class='ocrx_word' id='word_1_275' title='bbox 1905 1423 2021 1473; x_wconf 73' lang='grc'>102.</span> <span class='ocrx_word' id='word_1_276' title='bbox 2065 1444 2083 1467; x_wconf 74' lang='grc' dir='ltr'>ιι</span> <span class='ocrx_word' id='word_1_277' title='bbox 2115 1420 2298 1473; x_wconf 79' lang='lat' dir='ltr'>Finito</span> <span class='ocrx_word' id='word_1_278' title='bbox 2335 1421 2437 1473; x_wconf 83' lang='lat' dir='ltr'>hac</span> <span class='ocrx_word' id='word_1_279' title='bbox 2484 1419 2707 1472; x_wconf 88' lang='lat' dir='ltr'>ratione</span> <span class='ocrx_word' id='word_1_280' title='bbox 2768 1418 2967 1473; x_wconf 77' lang='lat' dir='ltr'>Ofﬁcio</span> <span class='ocrx_word' id='word_1_281' title='bbox 3012 1417 3207 1471; x_wconf 87' lang='lat' dir='ltr'>divino</span> <span class='ocrx_word' id='word_1_282' title='bbox 3241 1416 3542 1470; x_wconf 89' lang='lat' dir='ltr'>antemeri-</span> 
     </span>
    </p>
   </div>
   <div class='ocr_carea' id='block_1_44' title="bbox 1830 1504 3540 1579">
    <p class='ocr_par' dir='ltr' id='par_1_44' title="bbox 1830 1504 3540 1579">
     <span class='ocr_line' id='line_1_44' title="bbox 1830 1504 3540 1579; baseline -0.004 -17"><span class='ocrx_word' id='word_1_283' title='bbox 1830 1508 2021 1570; x_wconf 90' lang='lat' dir='ltr'>diano,</span> <span class='ocrx_word' id='word_1_284' title='bbox 2052 1508 2195 1561; x_wconf 86' lang='lat' dir='ltr'>hora</span> <span class='ocrx_word' id='word_1_285' title='bbox 2228 1514 2357 1579; x_wconf 91' lang='lat' dir='ltr'>post</span> <span class='ocrx_word' id='word_1_286' title='bbox 2386 1508 2683 1561; x_wconf 89' lang='lat' dir='ltr'>meridiem</span> <span class='ocrx_word' id='word_1_287' title='bbox 2716 1507 2903 1576; x_wconf 89' lang='lat' dir='ltr'>prima</span> <span class='ocrx_word' id='word_1_288' title='bbox 2943 1507 3214 1559; x_wconf 89' lang='lat' dir='ltr'>sodalitas</span> <span class='ocrx_word' id='word_1_289' title='bbox 3238 1504 3540 1572; x_wconf 75' lang='lat' dir='ltr'>juniorum</span> 
     </span>
    </p>
   </div>
   <div class='ocr_carea' id='block_1_45' title="bbox 1829 1594 3541 1666">
    <p class='ocr_par' dir='ltr' id='par_1_45' title="bbox 1829 1594 3541 1666">
     <span class='ocr_line' id='line_1_45' title="bbox 1829 1594 3541 1666; baseline -0.002 -18"><span class='ocrx_word' id='word_1_290' title='bbox 1829 1594 2255 1666; x_wconf 83' lang='lat' dir='ltr'>Opiﬁcum,sub</span> <span class='ocrx_word' id='word_1_291' title='bbox 2284 1596 2451 1648; x_wconf 86' lang='lat' dir='ltr'>titulo</span> <span class='ocrx_word' id='word_1_292' title='bbox 2501 1596 2557 1647; x_wconf 83' lang='grc' dir='ltr'>Β.</span> <span class='ocrx_word' id='word_1_293' title='bbox 2623 1594 2872 1663; x_wconf 87' lang='lat' dir='ltr'>Virginis</span> <span class='ocrx_word' id='word_1_294' title='bbox 2920 1594 3041 1646; x_wconf 90' lang='lat' dir='ltr'>sine</span> <span class='ocrx_word' id='word_1_295' title='bbox 3100 1594 3319 1646; x_wconf 85' lang='lat' dir='ltr'>macula</span> <span class='ocrx_word' id='word_1_296' title='bbox 3344 1608 3541 1645; x_wconf 79' lang='lat' dir='ltr'>cance-</span> 
     </span>
    </p>
   </div>
   <div class='ocr_carea' id='block_1_46' title="bbox 1831 1683 3543 1754">
    <p class='ocr_par' dir='ltr' id='par_1_46' title="bbox 1831 1683 3543 1754">
     <span class='ocr_line' id='line_1_46' title="bbox 1831 1683 3543 1754; baseline -0.004 -15"><span class='ocrx_word' id='word_1_297' title='bbox 1831 1691 1967 1754; x_wconf 69' lang='lat' dir='ltr'>ptaa,</span> <span class='ocrx_word' id='word_1_298' title='bbox 2010 1684 2230 1739; x_wconf 88' lang='lat' dir='ltr'>solenni</span> <span class='ocrx_word' id='word_1_299' title='bbox 2290 1684 2649 1753; x_wconf 87' lang='lat' dir='ltr'>processione</span> <span class='ocrx_word' id='word_1_300' title='bbox 2690 1699 2756 1735; x_wconf 81' lang='lat' dir='ltr'>ex</span> <span class='ocrx_word' id='word_1_301' title='bbox 2806 1683 3059 1735; x_wconf 72' lang='lat' dir='ltr'>oratorio</span> <span class='ocrx_word' id='word_1_302' title='bbox 3109 1701 3211 1735; x_wconf 91' lang='lat' dir='ltr'>suo</span> <span class='ocrx_word' id='word_1_303' title='bbox 3256 1683 3323 1735; x_wconf 86' lang='lat' dir='ltr'>ad</span> <span class='ocrx_word' id='word_1_304' title='bbox 3359 1683 3543 1734; x_wconf 84' lang='lat' dir='ltr'>eccle-</span> 
     </span>
    </p>
   </div>
   <div class='ocr_carea' id='block_1_47' title="bbox 1832 1770 3543 1837">
    <p class='ocr_par' dir='ltr' id='par_1_47' title="bbox 1832 1770 3543 1837">
     <span class='ocr_line' id='line_1_47' title="bbox 1832 1770 3543 1837; baseline -0.001 -12"><span class='ocrx_word' id='word_1_305' title='bbox 1832 1773 1973 1826; x_wconf 87' lang='lat' dir='ltr'>siam</span> <span class='ocrx_word' id='word_1_306' title='bbox 2031 1772 2415 1827; x_wconf 86' lang='lat' dir='ltr'>cathedralem</span> <span class='ocrx_word' id='word_1_307' title='bbox 2477 1772 2814 1837; x_wconf 79' lang='lat' dir='ltr'>deducitur;</span> <span class='ocrx_word' id='word_1_308' title='bbox 2869 1771 2967 1824; x_wconf 91' lang='lat' dir='ltr'>ubi</span> <span class='ocrx_word' id='word_1_309' title='bbox 3024 1771 3213 1824; x_wconf 86' lang='lat' dir='ltr'>habita</span> <span class='ocrx_word' id='word_1_310' title='bbox 3247 1772 3434 1824; x_wconf 88' lang='lat' dir='ltr'>denuo</span> <span class='ocrx_word' id='word_1_311' title='bbox 3475 1770 3543 1823; x_wconf 85' lang='lat' dir='ltr'>de</span> 
     </span>
    </p>
   </div>
   <div class='ocr_carea' id='block_1_48' title="bbox 1831 1858 3546 1928">
    <p class='ocr_par' dir='ltr' id='par_1_48' title="bbox 1831 1858 3546 1928">
     <span class='ocr_line' id='line_1_48' title="bbox 1831 1858 3546 1928; baseline -0.004 -13"><span class='ocrx_word' id='word_1_312' title='bbox 1831 1861 2022 1916; x_wconf 85' lang='lat' dir='ltr'>Sancti</span> <span class='ocrx_word' id='word_1_313' title='bbox 2043 1861 2263 1914; x_wconf 88' lang='lat' dir='ltr'>meritis</span> <span class='ocrx_word' id='word_1_314' title='bbox 2319 1861 2593 1914; x_wconf 86' lang='lat' dir='ltr'>concione</span> <span class='ocrx_word' id='word_1_315' title='bbox 2652 1860 3017 1928; x_wconf 83' lang='lat' dir='ltr'>panegyrica,</span> <span class='ocrx_word' id='word_1_316' title='bbox 3068 1858 3356 1926; x_wconf 86' lang='lat' dir='ltr'>incipiunt</span> <span class='ocrx_word' id='word_1_317' title='bbox 3404 1858 3546 1911; x_wconf 87' lang='lat' dir='ltr'>hora</span> 
     </span>
    </p>
   </div>
   <div class='ocr_carea' id='block_1_49' title="bbox 1832 1946 3540 2019">
    <p class='ocr_par' dir='ltr' id='par_1_49' title="bbox 1832 1946 3540 2019">
     <span class='ocr_line' id='line_1_49' title="bbox 1832 1946 3540 2019; baseline -0.004 -17"><span class='ocrx_word' id='word_1_318' title='bbox 1832 1950 2000 2003; x_wconf 88' lang='lat' dir='ltr'>tertia</span> <span class='ocrx_word' id='word_1_319' title='bbox 2065 1950 2344 2019; x_wconf 72' lang='lat' dir='ltr'>Vesperm.</span> <span class='ocrx_word' id='word_1_320' title='bbox 2410 1947 2505 2001; x_wconf 86' lang='lat' dir='ltr'>llis</span> <span class='ocrx_word' id='word_1_321' title='bbox 2543 1963 2660 2000; x_wconf 90' lang='lat' dir='ltr'>una</span> <span class='ocrx_word' id='word_1_322' title='bbox 2716 1962 2847 1999; x_wconf 88' lang='lat' dir='ltr'>cum</span> <span class='ocrx_word' id='word_1_323' title='bbox 2903 1946 3286 2016; x_wconf 81' lang='lat' dir='ltr'>Completorio</span> <span class='ocrx_word' id='word_1_324' title='bbox 3341 1946 3540 2013; x_wconf 78' lang='lat' dir='ltr'>ﬁnitis,</span> 
     </span>
    </p>
   </div>
   <div class='ocr_carea' id='block_1_50' title="bbox 1830 2036 3541 2105">
    <p class='ocr_par' dir='ltr' id='par_1_50' title="bbox 1830 2036 3541 2105">
     <span class='ocr_line' id='line_1_50' title="bbox 1830 2036 3541 2105; baseline -0.004 -14"><span class='ocrx_word' id='word_1_325' title='bbox 1830 2038 2130 2092; x_wconf 88' lang='lat' dir='ltr'>decantato</span> <span class='ocrx_word' id='word_1_326' title='bbox 2161 2038 2231 2091; x_wconf 89' lang='lat' dir='ltr'>ad</span> <span class='ocrx_word' id='word_1_327' title='bbox 2261 2040 2579 2091; x_wconf 82' lang='lat' dir='ltr'>extremum</span> <span class='ocrx_word' id='word_1_328' title='bbox 2608 2037 2824 2105; x_wconf 90' lang='lat' dir='ltr'>hymno</span> <span class='ocrx_word' id='word_1_329' title='bbox 2857 2036 3051 2087; x_wconf 82' lang='lat' dir='ltr'>Ambr.</span> <span class='ocrx_word' id='word_1_330' title='bbox 3076 2036 3150 2087; x_wconf 92' lang='lat' dir='ltr'>Te</span> <span class='ocrx_word' id='word_1_331' title='bbox 3184 2036 3384 2100; x_wconf 88' lang='lat' dir='ltr'>Deum,</span> <span class='ocrx_word' id='word_1_332' title='bbox 3411 2040 3541 2098; x_wconf 88' lang='lat' dir='ltr'>etc.,</span> 
     </span>
    </p>
   </div>
   <div class='ocr_carea' id='block_1_51' title="bbox 1832 2123 3544 2180">
    <p class='ocr_par' dir='ltr' id='par_1_51' title="bbox 1832 2123 3544 2180">
     <span class='ocr_line' id='line_1_51' title="bbox 1832 2123 3544 2180; baseline -0.003 0"><span class='ocrx_word' id='word_1_333' title='bbox 1832 2131 1886 2180; x_wconf 88' lang='lat' dir='ltr'>et</span> <span class='ocrx_word' id='word_1_334' title='bbox 1941 2128 2072 2180; x_wconf 88' lang='lat' dir='ltr'>data</span> <span class='ocrx_word' id='word_1_335' title='bbox 2138 2142 2268 2179; x_wconf 90' lang='lat' dir='ltr'>cum</span> <span class='ocrx_word' id='word_1_336' title='bbox 2314 2124 2630 2179; x_wconf 82' lang='lat' dir='ltr'>venerabili</span> <span class='ocrx_word' id='word_1_337' title='bbox 2715 2124 3080 2177; x_wconf 77' lang='lat' dir='ltr'>Sacramento</span> <span class='ocrx_word' id='word_1_338' title='bbox 3148 2123 3544 2176; x_wconf 90' lang='lat' dir='ltr'>benedictione</span> 
     </span>
    </p>
   </div>
   <div class='ocr_carea' id='block_1_52' title="bbox 1832 2212 3548 2284">
    <p class='ocr_par' dir='ltr' id='par_1_52' title="bbox 1832 2212 3548 2284">
     <span class='ocr_line' id='line_1_52' title="bbox 1832 2212 3548 2284; baseline -0.002 -16"><span class='ocrx_word' id='word_1_339' title='bbox 1832 2214 2076 2281; x_wconf 88' lang='lat' dir='ltr'>solenni,</span> <span class='ocrx_word' id='word_1_340' title='bbox 2111 2216 2233 2284; x_wconf 87' lang='lat' dir='ltr'>ejus</span> <span class='ocrx_word' id='word_1_341' title='bbox 2265 2213 2380 2267; x_wconf 85' lang='lat' dir='ltr'>diei</span> <span class='ocrx_word' id='word_1_342' title='bbox 2424 2212 2698 2266; x_wconf 81' lang='lat' dir='ltr'>festivitas</span> <span class='ocrx_word' id='word_1_343' title='bbox 2757 2212 3135 2265; x_wconf 89' lang='lat' dir='ltr'>concluditur.</span> <span class='ocrx_word' id='word_1_344' title='bbox 3174 2212 3273 2265; x_wconf 87' lang='lat' dir='ltr'>Die</span> <span class='ocrx_word' id='word_1_345' title='bbox 3319 2218 3548 2282; x_wconf 88' lang='lat' dir='ltr'>postera</span> 
     </span>
    </p>
   </div>
   <div class='ocr_carea' id='block_1_53' title="bbox 1833 2299 3548 2373">
    <p class='ocr_par' dir='ltr' id='par_1_53' title="bbox 1833 2299 3548 2373">
     <span class='ocr_line' id='line_1_53' title="bbox 1833 2299 3548 2373; baseline -0.003 -16"><span class='ocrx_word' id='word_1_346' title='bbox 1833 2303 2073 2373; x_wconf 90' lang='lat' dir='ltr'>aliisque</span> <span class='ocrx_word' id='word_1_347' title='bbox 2130 2318 2233 2373; x_wconf 88' lang='lat' dir='ltr'>per</span> <span class='ocrx_word' id='word_1_348' title='bbox 2278 2307 2457 2355; x_wconf 86' lang='lat' dir='ltr'>totam</span> <span class='ocrx_word' id='word_1_349' title='bbox 2520 2302 2786 2356; x_wconf 90' lang='lat' dir='ltr'>Octavam</span> <span class='ocrx_word' id='word_1_350' title='bbox 2841 2299 3342 2370; x_wconf 86' lang='lat' dir='ltr'>subsequentibus,</span> <span class='ocrx_word' id='word_1_351' title='bbox 3399 2315 3548 2351; x_wconf 88' lang='lat' dir='ltr'>sum-</span> 
     </span>
    </p>
   </div>
   <div class='ocr_carea' id='block_1_54' title="bbox 1834 2387 3546 2457">
    <p class='ocr_par' dir='ltr' id='par_1_54' title="bbox 1834 2387 3546 2457">
     <span class='ocr_line' id='line_1_54' title="bbox 1834 2387 3546 2457; baseline -0.003 -13"><span class='ocrx_word' id='word_1_352' title='bbox 1834 2407 1994 2444; x_wconf 89' lang='lat' dir='ltr'>mum</span> <span class='ocrx_word' id='word_1_353' title='bbox 2017 2391 2250 2445; x_wconf 88' lang='lat' dir='ltr'>Sacrum</span> <span class='ocrx_word' id='word_1_354' title='bbox 2282 2394 2404 2443; x_wconf 91' lang='lat' dir='ltr'>tum</span> <span class='ocrx_word' id='word_1_355' title='bbox 2436 2406 2469 2441; x_wconf 91' lang='lat' dir='ltr'>a</span> <span class='ocrx_word' id='word_1_356' title='bbox 2511 2387 3035 2442; x_wconf 76' lang='lat' dir='ltr'>Reverendisssimo</span> <span class='ocrx_word' id='word_1_357' title='bbox 3071 2389 3132 2441; x_wconf 82' lang='grc' dir='ltr'>ι).</span> <span class='ocrx_word' id='word_1_358' title='bbox 3184 2388 3546 2457; x_wconf 83' lang='lat' dir='ltr'>sulfraganeo</span> 
     </span>
    </p>
   </div>
   <div class='ocr_carea' id='block_1_55' title="bbox 1833 2476 3546 2543">
    <p class='ocr_par' dir='ltr' id='par_1_55' title="bbox 1833 2476 3546 2543">
     <span class='ocr_line' id='line_1_55' title="bbox 1833 2476 3546 2543; baseline -0.003 -10"><span class='ocrx_word' id='word_1_359' title='bbox 1833 2484 1957 2533; x_wconf 89' lang='lat' dir='ltr'>tum</span> <span class='ocrx_word' id='word_1_360' title='bbox 1989 2496 2023 2532; x_wconf 90' lang='lat' dir='ltr'>a</span> <span class='ocrx_word' id='word_1_361' title='bbox 2070 2478 2356 2532; x_wconf 86' lang='lat' dir='ltr'>canonicis</span> <span class='ocrx_word' id='word_1_362' title='bbox 2411 2476 2856 2543; x_wconf 86' lang='lat' dir='ltr'>cathedralibus,</span> <span class='ocrx_word' id='word_1_363' title='bbox 2914 2492 3045 2528; x_wconf 91' lang='lat' dir='ltr'>cum</span> <span class='ocrx_word' id='word_1_364' title='bbox 3086 2476 3315 2529; x_wconf 77' lang='lat' dir='ltr'>decanis</span> <span class='ocrx_word' id='word_1_365' title='bbox 3369 2477 3546 2529; x_wconf 81' lang='lat' dir='ltr'>eccle-</span> 
     </span>
    </p>
   </div>
   <div class='ocr_carea' id='block_1_56' title="bbox 1835 2565 3091 2635">
    <p class='ocr_par' dir='ltr' id='par_1_56' title="bbox 1835 2565 3091 2635">
     <span class='ocr_line' id='line_1_56' title="bbox 1835 2565 3091 2635; baseline -0.003 -14"><span class='ocrx_word' id='word_1_366' title='bbox 1835 2569 2050 2621; x_wconf 86' lang='lat' dir='ltr'>siarum</span> <span class='ocrx_word' id='word_1_367' title='bbox 2082 2566 2365 2635; x_wconf 87' lang='lat' dir='ltr'>collegiat.</span> <span class='ocrx_word' id='word_1_368' title='bbox 2400 2565 2715 2620; x_wconf 86' lang='lat' dir='ltr'>solenniter</span> <span class='ocrx_word' id='word_1_369' title='bbox 2754 2565 3091 2618; x_wconf 89' lang='lat' dir='ltr'>celebratur.</span> 
     </span>
    </p>
   </div>
   <div class='ocr_carea' id='block_1_57' title="bbox 1912 2653 3547 2724">
    <p class='ocr_par' dir='ltr' id='par_1_57' title="bbox 1912 2653 3547 2724">
     <span class='ocr_line' id='line_1_57' title="bbox 1912 2653 3547 2724; baseline -0.003 -14"><span class='ocrx_word' id='word_1_370' title='bbox 1912 2658 2028 2710; x_wconf 68' lang='lat'>103.</span> <span class='ocrx_word' id='word_1_371' title='bbox 2066 2678 2092 2704; x_wconf 86' lang='grc'>‹‹</span> <span class='ocrx_word' id='word_1_372' title='bbox 2127 2656 2311 2710; x_wconf 84' lang='lat' dir='ltr'>Pridie</span> <span class='ocrx_word' id='word_1_373' title='bbox 2360 2654 2475 2709; x_wconf 90' lang='lat' dir='ltr'>diei</span> <span class='ocrx_word' id='word_1_374' title='bbox 2505 2659 2735 2721; x_wconf 77' lang='lat' dir='ltr'>octavae,</span> <span class='ocrx_word' id='word_1_375' title='bbox 2782 2654 2940 2718; x_wconf 90' lang='lat' dir='ltr'>dato,</span> <span class='ocrx_word' id='word_1_376' title='bbox 2997 2658 3061 2707; x_wconf 90' lang='lat' dir='ltr'>ut</span> <span class='ocrx_word' id='word_1_377' title='bbox 3097 2668 3290 2724; x_wconf 87' lang='lat' dir='ltr'>supra,</span> <span class='ocrx_word' id='word_1_378' title='bbox 3349 2653 3417 2706; x_wconf 90' lang='lat' dir='ltr'>ad</span> <span class='ocrx_word' id='word_1_379' title='bbox 3444 2653 3547 2706; x_wconf 87' lang='lat' dir='ltr'>bo-</span> 
     </span>
    </p>
   </div>
   <div class='ocr_carea' id='block_1_58' title="bbox 1836 2740 3550 2812">
    <p class='ocr_par' dir='ltr' id='par_1_58' title="bbox 1836 2740 3550 2812">
     <span class='ocr_line' id='line_1_58' title="bbox 1836 2740 3550 2812; baseline -0.002 -15"><span class='ocrx_word' id='word_1_380' title='bbox 1836 2760 1960 2797; x_wconf 91' lang='lat' dir='ltr'>ram</span> <span class='ocrx_word' id='word_1_381' title='bbox 1991 2743 2239 2812; x_wconf 88' lang='lat' dir='ltr'>primam</span> <span class='ocrx_word' id='word_1_382' title='bbox 2287 2742 2585 2812; x_wconf 89' lang='lat' dir='ltr'>campanis</span> <span class='ocrx_word' id='word_1_383' title='bbox 2644 2741 2957 2812; x_wconf 87' lang='lat' dir='ltr'>majoribus</span> <span class='ocrx_word' id='word_1_384' title='bbox 2990 2740 3178 2811; x_wconf 92' lang='lat' dir='ltr'>signo,</span> <span class='ocrx_word' id='word_1_385' title='bbox 3210 2742 3354 2795; x_wconf 90' lang='lat' dir='ltr'>hora</span> <span class='ocrx_word' id='word_1_386' title='bbox 3383 2740 3550 2794; x_wconf 89' lang='lat' dir='ltr'>tertia</span> 
     </span>
    </p>
   </div>
   <div class='ocr_carea' id='block_1_59' title="bbox 1840 2829 3548 2901">
    <p class='ocr_par' dir='ltr' id='par_1_59' title="bbox 1840 2829 3548 2901">
     <span class='ocr_line' id='line_1_59' title="bbox 1840 2829 3548 2901; baseline -0.001 -17"><span class='ocrx_word' id='word_1_387' title='bbox 1840 2834 2098 2901; x_wconf 72' lang='lat' dir='ltr'>Vespera:</span> <span class='ocrx_word' id='word_1_388' title='bbox 2130 2848 2164 2885; x_wconf 94' lang='lat' dir='ltr'>a</span> <span class='ocrx_word' id='word_1_389' title='bbox 2218 2830 2713 2886; x_wconf 81' lang='lat' dir='ltr'>Reverendissimo</span> <span class='ocrx_word' id='word_1_390' title='bbox 2765 2832 2826 2883; x_wconf 90' lang='lat' dir='ltr'>D.</span> <span class='ocrx_word' id='word_1_391' title='bbox 2890 2830 3102 2883; x_wconf 89' lang='lat' dir='ltr'>decano</span> <span class='ocrx_word' id='word_1_392' title='bbox 3151 2829 3402 2883; x_wconf 80' lang='lat' dir='ltr'>ecclesiae</span> <span class='ocrx_word' id='word_1_393' title='bbox 3457 2846 3548 2882; x_wconf 90' lang='lat' dir='ltr'>ca-</span> 
     </span>
    </p>
   </div>
   <div class='ocr_carea' id='block_1_60' title="bbox 1838 2918 3547 2989">
    <p class='ocr_par' dir='ltr' id='par_1_60' title="bbox 1838 2918 3547 2989">
     <span class='ocr_line' id='line_1_60' title="bbox 1838 2918 3547 2989; baseline -0.002 -15"><span class='ocrx_word' id='word_1_394' title='bbox 1838 2921 2135 2985; x_wconf 85' lang='lat' dir='ltr'>thedralis,</span> <span class='ocrx_word' id='word_1_395' title='bbox 2183 2925 2467 2989; x_wconf 72' lang='lat' dir='ltr'>praasente</span> <span class='ocrx_word' id='word_1_396' title='bbox 2501 2920 2776 2989; x_wconf 81' lang='lat' dir='ltr'>Episcopo</span> <span class='ocrx_word' id='word_1_397' title='bbox 2828 2922 2883 2971; x_wconf 91' lang='lat' dir='ltr'>et</span> <span class='ocrx_word' id='word_1_398' title='bbox 2930 2918 3426 2971; x_wconf 85' lang='lat' dir='ltr'>Reverendissimo</span> <span class='ocrx_word' id='word_1_399' title='bbox 3450 2936 3547 2970; x_wconf 86' lang='lat' dir='ltr'>ca-</span> 
     </span>
    </p>
   </div>
   <div class='ocr_carea' id='block_1_61' title="bbox 1838 3004 3546 3079">
    <p class='ocr_par' dir='ltr' id='par_1_61' title="bbox 1838 3004 3546 3079">
     <span class='ocr_line' id='line_1_61' title="bbox 1838 3004 3546 3079; baseline -0.002 -17"><span class='ocrx_word' id='word_1_400' title='bbox 1838 3010 2021 3079; x_wconf 90' lang='lat' dir='ltr'>pitulo</span> <span class='ocrx_word' id='word_1_401' title='bbox 2074 3008 2387 3063; x_wconf 85' lang='lat' dir='ltr'>cathedrali</span> <span class='ocrx_word' id='word_1_402' title='bbox 2444 3006 2732 3076; x_wconf 84' lang='lat' dir='ltr'>universo,</span> <span class='ocrx_word' id='word_1_403' title='bbox 2785 3006 2948 3075; x_wconf 80' lang='lat' dir='ltr'>juxta</span> <span class='ocrx_word' id='word_1_404' title='bbox 2986 3004 3161 3058; x_wconf 84' lang='lat' dir='ltr'>ritum</span> <span class='ocrx_word' id='word_1_405' title='bbox 3223 3006 3546 3059; x_wconf 79' lang='lat' dir='ltr'>Romanum</span> 
     </span>
    </p>
   </div>
   <div class='ocr_carea' id='block_1_62' title="bbox 58 3087 3548 3166">
    <p class='ocr_par' dir='ltr' id='par_1_62' title="bbox 58 3087 3548 3166">
     <span class='ocr_line' id='line_1_62' title="bbox 58 3087 3548 3166; baseline -0 -19"><span class='ocrx_word' id='word_1_406' title='bbox 58 3095 212 3163; x_wconf 61' lang='lat' dir='ltr'>supra)</span> <span class='ocrx_word' id='word_1_407' title='bbox 249 3093 706 3164; x_wconf 82' lang='lat' dir='ltr'>compulsatione</span> <span class='ocrx_word' id='word_1_408' title='bbox 737 3092 963 3145; x_wconf 88' lang='lat' dir='ltr'>solenni</span> <span class='ocrx_word' id='word_1_409' title='bbox 1010 3107 1445 3161; x_wconf 91' lang='lat' dir='ltr'>campanarum.</span> <span class='ocrx_word' id='word_1_410' title='bbox 1502 3092 1729 3145; x_wconf 83' lang='lat' dir='ltr'>Festum</span> <span class='ocrx_word' id='word_1_411' title='bbox 1762 3087 1802 3140; x_wconf 76' lang='lat' dir='ltr'>C</span> <span class='ocrx_word' id='word_1_412' title='bbox 1842 3114 1971 3151; x_wconf 89' lang='lat' dir='ltr'>cum</span> <span class='ocrx_word' id='word_1_413' title='bbox 2006 3096 2349 3150; x_wconf 88' lang='lat' dir='ltr'>solennitate</span> <span class='ocrx_word' id='word_1_414' title='bbox 2375 3095 2707 3166; x_wconf 68' lang='lat' dir='ltr'>praescripta</span> <span class='ocrx_word' id='word_1_415' title='bbox 2751 3094 3136 3159; x_wconf 88' lang='lat' dir='ltr'>celebrantur,</span> <span class='ocrx_word' id='word_1_416' title='bbox 3165 3094 3548 3163; x_wconf 88' lang='lat' dir='ltr'>subsequente</span> 
     </span>
    </p>
   </div>
   <div class='ocr_carea' id='block_1_63' title="bbox 58 3180 1730 3253">
    <p class='ocr_par' dir='ltr' id='par_1_63' title="bbox 58 3180 1730 3253">
     <span class='ocr_line' id='line_1_63' title="bbox 58 3180 1730 3253; baseline 0.001 -21"><span class='ocrx_word' id='word_1_417' title='bbox 58 3182 226 3234; x_wconf 80' lang='lat' dir='ltr'>dicitur</span> <span class='ocrx_word' id='word_1_418' title='bbox 252 3182 577 3253; x_wconf 87' lang='lat' dir='ltr'>episcopale</span> <span class='ocrx_word' id='word_1_419' title='bbox 626 3185 684 3235; x_wconf 90' lang='lat' dir='ltr'>et</span> <span class='ocrx_word' id='word_1_420' title='bbox 723 3180 907 3246; x_wconf 90' lang='lat' dir='ltr'>Pallii,</span> <span class='ocrx_word' id='word_1_421' title='bbox 942 3180 1001 3234; x_wconf 90' lang='lat' dir='ltr'>in</span> <span class='ocrx_word' id='word_1_422' title='bbox 1036 3196 1152 3251; x_wconf 89' lang='lat' dir='ltr'>quo</span> <span class='ocrx_word' id='word_1_423' title='bbox 1184 3180 1452 3236; x_wconf 86' lang='lat' dir='ltr'>Ofﬁcians</span> <span class='ocrx_word' id='word_1_424' title='bbox 1483 3186 1572 3235; x_wconf 91' lang='lat' dir='ltr'>est</span> <span class='ocrx_word' id='word_1_425' title='bbox 1603 3182 1730 3251; x_wconf 84' lang='lat' dir='ltr'>Epi-</span> 
     </span>
    </p>
   </div>
   <div class='ocr_carea' id='block_1_64' title="bbox 58 3269 1733 3341">
    <p class='ocr_par' dir='ltr' id='par_1_64' title="bbox 58 3269 1733 3341">
     <span class='ocr_line' id='line_1_64' title="bbox 58 3269 1733 3341; baseline 0.002 -22"><span class='ocrx_word' id='word_1_426' title='bbox 58 3286 239 3337; x_wconf 75' lang='lat' dir='ltr'>scapus.</span> <span class='ocrx_word' id='word_1_427' title='bbox 270 3272 530 3341; x_wconf 74' lang='lat' dir='ltr'>Vesperze</span> <span class='ocrx_word' id='word_1_428' title='bbox 558 3269 902 3323; x_wconf 89' lang='lat' dir='ltr'>inchoantur</span> <span class='ocrx_word' id='word_1_429' title='bbox 935 3270 1074 3323; x_wconf 86' lang='lat' dir='ltr'>hora</span> <span class='ocrx_word' id='word_1_430' title='bbox 1130 3269 1319 3335; x_wconf 87' lang='lat' dir='ltr'>tertia,</span> <span class='ocrx_word' id='word_1_431' title='bbox 1374 3269 1485 3322; x_wconf 90' lang='lat' dir='ltr'>ritu</span> <span class='ocrx_word' id='word_1_432' title='bbox 1545 3270 1733 3323; x_wconf 88' lang='lat' dir='ltr'>solen-</span> 
     </span>
    </p>
   </div>
   <div class='ocr_carea' id='block_1_65' title="bbox 58 3356 1727 3431">
    <p class='ocr_par' dir='ltr' id='par_1_65' title="bbox 58 3356 1727 3431">
     <span class='ocr_line' id='line_1_65' title="bbox 58 3356 1727 3431; baseline 0.001 -20"><span class='ocrx_word' id='word_1_433' title='bbox 58 3359 272 3426; x_wconf 79' lang='lat' dir='ltr'>nissimo,</span> <span class='ocrx_word' id='word_1_434' title='bbox 294 3360 457 3431; x_wconf 85' lang='lat' dir='ltr'>juxta</span> <span class='ocrx_word' id='word_1_435' title='bbox 475 3358 877 3414; x_wconf 69' lang='lat' dir='ltr'>caaremoniale</span> <span class='ocrx_word' id='word_1_436' title='bbox 914 3358 1239 3414; x_wconf 82' lang='lat' dir='ltr'>Romanum</span> <span class='ocrx_word' id='word_1_437' title='bbox 1272 3374 1286 3423; x_wconf 90' lang='lat'><strong>;</strong></span> <span class='ocrx_word' id='word_1_438' title='bbox 1336 3362 1393 3411; x_wconf 90' lang='lat' dir='ltr'>et</span> <span class='ocrx_word' id='word_1_439' title='bbox 1424 3356 1523 3425; x_wconf 90' lang='lat' dir='ltr'>(uti</span> <span class='ocrx_word' id='word_1_440' title='bbox 1555 3358 1727 3412; x_wconf 90' lang='lat' dir='ltr'>etiam</span> 
     </span>
    </p>
   </div>
   <div class='ocr_carea' id='block_1_66' title="bbox 60 3445 1729 3516">
    <p class='ocr_par' dir='ltr' id='par_1_66' title="bbox 60 3445 1729 3516">
     <span class='ocr_line' id='line_1_66' title="bbox 60 3445 1729 3516; baseline 0.001 -18"><span class='ocrx_word' id='word_1_441' title='bbox 60 3463 137 3512; x_wconf 73' lang='lat' dir='ltr'>per</span> <span class='ocrx_word' id='word_1_442' title='bbox 161 3452 320 3501; x_wconf 85' lang='lat' dir='ltr'>totam</span> <span class='ocrx_word' id='word_1_443' title='bbox 354 3448 628 3503; x_wconf 88' lang='lat' dir='ltr'>Octavam</span> <span class='ocrx_word' id='word_1_444' title='bbox 666 3446 931 3503; x_wconf 78' lang='lat' dir='ltr'>Officium</span> <span class='ocrx_word' id='word_1_445' title='bbox 981 3445 1240 3499; x_wconf 87' lang='lat' dir='ltr'>divinum</span> <span class='ocrx_word' id='word_1_446' title='bbox 1270 3445 1581 3516; x_wconf 89' lang='lat' dir='ltr'>reliquum)</span> <span class='ocrx_word' id='word_1_447' title='bbox 1613 3464 1729 3500; x_wconf 89' lang='lat' dir='ltr'>non</span> 
     </span>
    </p>
   </div>
   <div class='ocr_carea' id='block_1_67' title="bbox 59 3534 1727 3604">
    <p class='ocr_par' dir='ltr' id='par_1_67' title="bbox 59 3534 1727 3604">
     <span class='ocr_line' id='line_1_67' title="bbox 59 3534 1727 3604; baseline 0.002 -20"><span class='ocrx_word' id='word_1_448' title='bbox 59 3536 101 3586; x_wconf 84' lang='lat' dir='ltr'>in</span> <span class='ocrx_word' id='word_1_449' title='bbox 126 3536 278 3590; x_wconf 88' lang='lat' dir='ltr'>choro</span> <span class='ocrx_word' id='word_1_450' title='bbox 307 3536 626 3601; x_wconf 90' lang='lat' dir='ltr'>ordinario,</span> <span class='ocrx_word' id='word_1_451' title='bbox 677 3535 774 3589; x_wconf 91' lang='lat' dir='ltr'>sed</span> <span class='ocrx_word' id='word_1_452' title='bbox 806 3534 867 3588; x_wconf 93' lang='lat' dir='ltr'>in</span> <span class='ocrx_word' id='word_1_453' title='bbox 914 3534 1042 3587; x_wconf 89' lang='lat' dir='ltr'>navi</span> <span class='ocrx_word' id='word_1_454' title='bbox 1092 3534 1345 3587; x_wconf 79' lang='lat' dir='ltr'>ecclesiae</span> <span class='ocrx_word' id='word_1_455' title='bbox 1370 3540 1502 3588; x_wconf 90' lang='lat' dir='ltr'>ante</span> <span class='ocrx_word' id='word_1_456' title='bbox 1533 3536 1727 3604; x_wconf 88' lang='lat' dir='ltr'>sepul-</span> 
     </span>
    </p>
   </div>
   <div class='ocr_carea' id='block_1_68' title="bbox 61 3622 1728 3693">
    <p class='ocr_par' dir='ltr' id='par_1_68' title="bbox 61 3622 1728 3693">
     <span class='ocr_line' id='line_1_68' title="bbox 61 3622 1728 3693; baseline 0.001 -20"><span class='ocrx_word' id='word_1_457' title='bbox 61 3638 186 3677; x_wconf 83' lang='lat' dir='ltr'>crum</span> <span class='ocrx_word' id='word_1_458' title='bbox 226 3624 312 3679; x_wconf 86' lang='lat' dir='ltr'>SS.</span> <span class='ocrx_word' id='word_1_459' title='bbox 360 3623 596 3678; x_wconf 82' lang='lat' dir='ltr'>Henrici</span> <span class='ocrx_word' id='word_1_460' title='bbox 646 3627 703 3677; x_wconf 88' lang='lat' dir='ltr'>et</span> <span class='ocrx_word' id='word_1_461' title='bbox 754 3622 1125 3692; x_wconf 89' lang='lat' dir='ltr'>Cunegundis</span> <span class='ocrx_word' id='word_1_462' title='bbox 1172 3623 1549 3687; x_wconf 83' lang='lat' dir='ltr'>celebrantur,</span> <span class='ocrx_word' id='word_1_463' title='bbox 1595 3622 1728 3693; x_wconf 90' lang='lat' dir='ltr'>qui-</span> 
     </span>
    </p>
   </div>
   <div class='ocr_carea' id='block_1_69' title="bbox 64 3710 1728 3781">
    <p class='ocr_par' dir='ltr' id='par_1_69' title="bbox 64 3710 1728 3781">
     <span class='ocr_line' id='line_1_69' title="bbox 64 3710 1728 3781; baseline 0.002 -19"><span class='ocrx_word' id='word_1_464' title='bbox 64 3714 139 3762; x_wconf 76' lang='lat' dir='ltr'>bus</span> <span class='ocrx_word' id='word_1_465' title='bbox 168 3712 326 3766; x_wconf 81' lang='lat' dir='ltr'>ﬁnitis</span> <span class='ocrx_word' id='word_1_466' title='bbox 381 3710 642 3767; x_wconf 83' lang='lat' dir='ltr'>succedit</span> <span class='ocrx_word' id='word_1_467' title='bbox 699 3710 1148 3781; x_wconf 89' lang='lat' dir='ltr'>Completorium</span> <span class='ocrx_word' id='word_1_468' title='bbox 1183 3726 1197 3764; x_wconf 80' lang='lat' dir='ltr'><strong>z</strong></span> <span class='ocrx_word' id='word_1_469' title='bbox 1233 3710 1520 3764; x_wconf 89' lang='lat' dir='ltr'>intersunt</span> <span class='ocrx_word' id='word_1_470' title='bbox 1548 3727 1728 3765; x_wconf 87' lang='lat' dir='ltr'>cano-</span> 
     </span>
    </p>
   </div>
   <div class='ocr_carea' id='block_1_70' title="bbox 60 3797 1213 3868">
    <p class='ocr_par' dir='ltr' id='par_1_70' title="bbox 60 3797 1213 3868">
     <span class='ocr_line' id='line_1_70' title="bbox 60 3797 1213 3868; baseline 0.004 -21"><span class='ocrx_word' id='word_1_471' title='bbox 60 3798 139 3849; x_wconf 75' lang='lat' dir='ltr'>nici</span> <span class='ocrx_word' id='word_1_472' title='bbox 159 3799 313 3853; x_wconf 75' lang='lat' dir='ltr'>trium</span> <span class='ocrx_word' id='word_1_473' title='bbox 346 3798 723 3855; x_wconf 88' lang='lat' dir='ltr'>ecclesiarum</span> <span class='ocrx_word' id='word_1_474' title='bbox 754 3797 1213 3868; x_wconf 88' lang='lat' dir='ltr'>collegiatarum.</span> 
     </span>
    </p>
   </div>
   <div class='ocr_carea' id='block_1_71' title="bbox 112 3885 1725 3958">
    <p class='ocr_par' dir='ltr' id='par_1_71' title="bbox 112 3885 1725 3958">
     <span class='ocr_line' id='line_1_71' title="bbox 112 3885 1725 3958; baseline 0.001 -19"><span class='ocrx_word' id='word_1_475' title='bbox 112 3890 216 3941; x_wconf 74' lang='lat'>{00.</span> <span class='ocrx_word' id='word_1_476' title='bbox 262 3909 288 3940; x_wconf 78' lang='grc' dir='ltr'>ι</span> <span class='ocrx_word' id='word_1_477' title='bbox 315 3889 474 3943; x_wconf 81' lang='lat' dir='ltr'>Mane</span> <span class='ocrx_word' id='word_1_478' title='bbox 506 3888 692 3942; x_wconf 88' lang='lat' dir='ltr'>altero</span> <span class='ocrx_word' id='word_1_479' title='bbox 715 3886 829 3941; x_wconf 89' lang='lat' dir='ltr'>diei</span> <span class='ocrx_word' id='word_1_480' title='bbox 858 3886 1151 3958; x_wconf 84' lang='lat' dir='ltr'>sequentis</span> <span class='ocrx_word' id='word_1_481' title='bbox 1170 3885 1431 3940; x_wconf 89' lang='lat' dir='ltr'>divinum</span> <span class='ocrx_word' id='word_1_482' title='bbox 1461 3886 1725 3942; x_wconf 85' lang='lat' dir='ltr'>Ofﬁcium</span> 
     </span>
    </p>
   </div>
   <div class='ocr_carea' id='block_1_72' title="bbox 60 3974 1724 4044">
    <p class='ocr_par' dir='ltr' id='par_1_72' title="bbox 60 3974 1724 4044">
     <span class='ocr_line' id='line_1_72' title="bbox 60 3974 1724 4044; baseline 0.003 -23"><span class='ocrx_word' id='word_1_483' title='bbox 60 3974 215 4040; x_wconf 64' lang='lat' dir='ltr'>Incipit</span> <span class='ocrx_word' id='word_1_484' title='bbox 241 3976 377 4029; x_wconf 89' lang='lat' dir='ltr'>hora</span> <span class='ocrx_word' id='word_1_485' title='bbox 406 3978 588 4039; x_wconf 82' lang='lat' dir='ltr'>sexta,</span> <span class='ocrx_word' id='word_1_486' title='bbox 628 3974 841 4044; x_wconf 70' lang='lat' dir='ltr'>prasvia</span> <span class='ocrx_word' id='word_1_487' title='bbox 897 3990 1095 4027; x_wconf 90' lang='lat' dir='ltr'>rursus</span> <span class='ocrx_word' id='word_1_488' title='bbox 1125 3989 1538 4042; x_wconf 88' lang='lat' dir='ltr'>campanarum</span> <span class='ocrx_word' id='word_1_489' title='bbox 1568 3990 1724 4027; x_wconf 90' lang='lat' dir='ltr'>com-</span> 
     </span>
    </p>
   </div>
   <div class='ocr_carea' id='block_1_73' title="bbox 60 4062 1726 4127">
    <p class='ocr_par' dir='ltr' id='par_1_73' title="bbox 60 4062 1726 4127">
     <span class='ocr_line' id='line_1_73' title="bbox 60 4062 1726 4127; baseline 0.001 -14"><span class='ocrx_word' id='word_1_490' title='bbox 60 4063 349 4127; x_wconf 87' lang='lat' dir='ltr'>pulsatione.</span> <span class='ocrx_word' id='word_1_491' title='bbox 410 4063 738 4118; x_wconf 88' lang='lat' dir='ltr'>Decantatis</span> <span class='ocrx_word' id='word_1_492' title='bbox 794 4063 1115 4116; x_wconf 88' lang='lat' dir='ltr'>solenniter</span> <span class='ocrx_word' id='word_1_493' title='bbox 1165 4062 1463 4125; x_wconf 82' lang='lat' dir='ltr'>Matutino,</span> <span class='ocrx_word' id='word_1_494' title='bbox 1526 4062 1726 4117; x_wconf 86' lang='lat' dir='ltr'>Laudi-</span> 
     </span>
    </p>
   </div>
   <div class='ocr_carea' id='block_1_74' title="bbox 60 4150 1725 4222">
    <p class='ocr_par' dir='ltr' id='par_1_74' title="bbox 60 4150 1725 4222">
     <span class='ocr_line' id='line_1_74' title="bbox 60 4150 1725 4222; baseline 0.002 -23"><span class='ocrx_word' id='word_1_495' title='bbox 60 4150 136 4200; x_wconf 78' lang='lat' dir='ltr'>bus</span> <span class='ocrx_word' id='word_1_496' title='bbox 160 4155 208 4204; x_wconf 89' lang='lat' dir='ltr'>et</span> <span class='ocrx_word' id='word_1_497' title='bbox 257 4154 463 4218; x_wconf 86' lang='lat' dir='ltr'>Prima,</span> <span class='ocrx_word' id='word_1_498' title='bbox 523 4152 789 4222; x_wconf 90' lang='lat' dir='ltr'>sequitur</span> <span class='ocrx_word' id='word_1_499' title='bbox 847 4151 991 4204; x_wconf 88' lang='lat' dir='ltr'>hora</span> <span class='ocrx_word' id='word_1_500' title='bbox 1040 4155 1237 4204; x_wconf 88' lang='lat' dir='ltr'>octava</span> <span class='ocrx_word' id='word_1_501' title='bbox 1286 4150 1484 4204; x_wconf 90' lang='lat' dir='ltr'>concio</span> <span class='ocrx_word' id='word_1_502' title='bbox 1555 4167 1725 4221; x_wconf 87' lang='lat' dir='ltr'>pane-</span> 
     </span>
    </p>
   </div>
   <div class='ocr_carea' id='block_1_75' title="bbox 60 4237 1722 4309">
    <p class='ocr_par' dir='ltr' id='par_1_75' title="bbox 60 4237 1722 4309">
     <span class='ocr_line' id='line_1_75' title="bbox 60 4237 1722 4309; baseline 0.001 -20"><span class='ocrx_word' id='word_1_503' title='bbox 60 4237 209 4303; x_wconf 62' lang='lat' dir='ltr'>L&#39;yrica</span> <span class='ocrx_word' id='word_1_504' title='bbox 233 4240 295 4293; x_wconf 85' lang='lat' dir='ltr'>de</span> <span class='ocrx_word' id='word_1_505' title='bbox 354 4241 586 4305; x_wconf 90' lang='lat' dir='ltr'>Sancto,</span> <span class='ocrx_word' id='word_1_506' title='bbox 655 4255 771 4309; x_wconf 91' lang='lat' dir='ltr'>qua</span> <span class='ocrx_word' id='word_1_507' title='bbox 824 4239 1107 4302; x_wconf 90' lang='lat' dir='ltr'>absoluta,</span> <span class='ocrx_word' id='word_1_508' title='bbox 1165 4238 1543 4292; x_wconf 89' lang='lat' dir='ltr'>decantantur</span> <span class='ocrx_word' id='word_1_509' title='bbox 1581 4239 1722 4292; x_wconf 88' lang='lat' dir='ltr'>hora</span> 
     </span>
    </p>
   </div>
   <div class='ocr_carea' id='block_1_76' title="bbox 62 4325 1795 4421">
    <p class='ocr_par' dir='ltr' id='par_1_76' title="bbox 62 4325 1795 4421">
     <span class='ocr_line' id='line_1_76' title="bbox 62 4325 1795 4421; baseline 0.003 -46"><span class='ocrx_word' id='word_1_510' title='bbox 62 4325 201 4421; x_wconf 47' lang='lat' dir='ltr'>.&quot;Vuna,</span> <span class='ocrx_word' id='word_1_511' title='bbox 228 4329 409 4382; x_wconf 89' lang='lat' dir='ltr'>Tertia</span> <span class='ocrx_word' id='word_1_512' title='bbox 438 4334 498 4383; x_wconf 90' lang='lat' dir='ltr'>et</span> <span class='ocrx_word' id='word_1_513' title='bbox 535 4328 721 4383; x_wconf 84' lang='lat' dir='ltr'>Sexta.</span> <span class='ocrx_word' id='word_1_514' title='bbox 782 4327 1020 4391; x_wconf 89' lang='lat' dir='ltr'>Quando</span> <span class='ocrx_word' id='word_1_515' title='bbox 1052 4326 1348 4380; x_wconf 87' lang='lat' dir='ltr'>ecclesiam</span> <span class='ocrx_word' id='word_1_516' title='bbox 1402 4326 1724 4396; x_wconf 88' lang='lat' dir='ltr'>ingreditur</span> <span class='ocrx_word' id='word_1_517' title='bbox 1754 4368 1795 4421; x_wconf 66' lang='grc' dir='ltr'>Ι)</span> 
     </span>
    </p>
   </div>
   <div class='ocr_carea' id='block_1_77' title="bbox 62 4412 1725 4487">
    <p class='ocr_par' dir='ltr' id='par_1_77' title="bbox 62 4412 1725 4487">
     <span class='ocr_line' id='line_1_77' title="bbox 62 4412 1725 4487; baseline 0.002 -24"><span class='ocrx_word' id='word_1_518' title='bbox 62 4412 319 4486; x_wconf 84' lang='lat' dir='ltr'>Episcopus</span> <span class='ocrx_word' id='word_1_519' title='bbox 359 4416 651 4487; x_wconf 82' lang='lat' dir='ltr'>excipitur</span> <span class='ocrx_word' id='word_1_520' title='bbox 707 4432 739 4469; x_wconf 92' lang='lat' dir='ltr'>a</span> <span class='ocrx_word' id='word_1_521' title='bbox 769 4415 1017 4485; x_wconf 89' lang='lat' dir='ltr'>quodam</span> <span class='ocrx_word' id='word_1_522' title='bbox 1067 4430 1131 4468; x_wconf 83' lang='lat' dir='ltr'>ex</span> <span class='ocrx_word' id='word_1_523' title='bbox 1157 4414 1407 4468; x_wconf 91' lang='lat' dir='ltr'>dominis</span> <span class='ocrx_word' id='word_1_524' title='bbox 1438 4414 1725 4468; x_wconf 79' lang='lat' dir='ltr'>canonicis</span> 
     </span>
    </p>
   </div>
   <div class='ocr_carea' id='block_1_78' title="bbox 62 4502 1726 4576">
    <p class='ocr_par' dir='ltr' id='par_1_78' title="bbox 62 4502 1726 4576">
     <span class='ocr_line' id='line_1_78' title="bbox 62 4502 1726 4576; baseline 0.004 -28"><span class='ocrx_word' id='word_1_525' title='bbox 62 4502 444 4571; x_wconf 69' lang='lat' dir='ltr'>calhedralibus,</span> <span class='ocrx_word' id='word_1_526' title='bbox 491 4504 868 4576; x_wconf 66' lang='lat' dir='ltr'>praestolante</span> <span class='ocrx_word' id='word_1_527' title='bbox 935 4519 1067 4557; x_wconf 91' lang='lat' dir='ltr'>cum</span> <span class='ocrx_word' id='word_1_528' title='bbox 1112 4519 1276 4556; x_wconf 90' lang='lat' dir='ltr'>cruce</span> <span class='ocrx_word' id='word_1_529' title='bbox 1324 4502 1489 4573; x_wconf 89' lang='lat' dir='ltr'>quasi</span> <span class='ocrx_word' id='word_1_530' title='bbox 1533 4503 1726 4557; x_wconf 87' lang='lat' dir='ltr'>archi-</span> 
     </span>
    </p>
   </div>
   <div class='ocr_carea' id='block_1_79' title="bbox 62 4590 1727 4664">
    <p class='ocr_par' dir='ltr' id='par_1_79' title="bbox 62 4590 1727 4664">
     <span class='ocr_line' id='line_1_79' title="bbox 62 4590 1727 4664; baseline 0.002 -23"><span class='ocrx_word' id='word_1_531' title='bbox 62 4590 315 4662; x_wconf 59' lang='lat' dir='ltr'>episcopali</span> <span class='ocrx_word' id='word_1_532' title='bbox 345 4594 426 4662; x_wconf 89' lang='lat' dir='ltr'>(in</span> <span class='ocrx_word' id='word_1_533' title='bbox 469 4593 707 4664; x_wconf 89' lang='lat' dir='ltr'>signum</span> <span class='ocrx_word' id='word_1_534' title='bbox 738 4591 1134 4663; x_wconf 63' lang='lat' dir='ltr'>praerogativa:</span> <span class='ocrx_word' id='word_1_535' title='bbox 1181 4591 1541 4661; x_wconf 87' lang='lat' dir='ltr'>episcopatus</span> <span class='ocrx_word' id='word_1_536' title='bbox 1569 4592 1727 4645; x_wconf 89' lang='lat' dir='ltr'>Bam-</span> 
     </span>
    </p>
   </div>
   <div class='ocr_carea' id='block_1_80' title="bbox 62 4680 1725 4752">
    <p class='ocr_par' dir='ltr' id='par_1_80' title="bbox 62 4680 1725 4752">
     <span class='ocr_line' id='line_1_80' title="bbox 62 4680 1725 4752; baseline 0.004 -25"><span class='ocrx_word' id='word_1_537' title='bbox 62 4680 303 4747; x_wconf 70' lang='lat' dir='ltr'>bergensis</span> <span class='ocrx_word' id='word_1_538' title='bbox 360 4680 677 4752; x_wconf 89' lang='lat' dir='ltr'>gaudentis</span> <span class='ocrx_word' id='word_1_539' title='bbox 722 4681 917 4745; x_wconf 88' lang='lat' dir='ltr'>Pallio,</span> <span class='ocrx_word' id='word_1_540' title='bbox 974 4686 1030 4734; x_wconf 90' lang='lat' dir='ltr'>et</span> <span class='ocrx_word' id='word_1_541' title='bbox 1089 4680 1348 4737; x_wconf 80' lang='lat' dir='ltr'>Romano</span> <span class='ocrx_word' id='word_1_542' title='bbox 1393 4680 1725 4733; x_wconf 88' lang='lat' dir='ltr'>immediate</span> 
     </span>
    </p>
   </div>
   <div class='ocr_carea' id='block_1_81' title="bbox 62 4766 1726 4840">
    <p class='ocr_par' dir='ltr' id='par_1_81' title="bbox 62 4766 1726 4840">
     <span class='ocr_line' id='line_1_81' title="bbox 62 4766 1726 4840; baseline 0.004 -25"><span class='ocrx_word' id='word_1_543' title='bbox 62 4766 276 4823; x_wconf 80' lang='lat' dir='ltr'>Pontiﬁci</span> <span class='ocrx_word' id='word_1_544' title='bbox 302 4770 588 4840; x_wconf 88' lang='lat' dir='ltr'>subjecti).</span> <span class='ocrx_word' id='word_1_545' title='bbox 624 4770 769 4823; x_wconf 87' lang='lat' dir='ltr'>Tum</span> <span class='ocrx_word' id='word_1_546' title='bbox 810 4770 877 4823; x_wconf 88' lang='lat' dir='ltr'>ad</span> <span class='ocrx_word' id='word_1_547' title='bbox 927 4768 1243 4823; x_wconf 89' lang='lat' dir='ltr'>sacristiam</span> <span class='ocrx_word' id='word_1_548' title='bbox 1296 4768 1571 4823; x_wconf 90' lang='lat' dir='ltr'>deductus</span> <span class='ocrx_word' id='word_1_549' title='bbox 1606 4769 1726 4839; x_wconf 81' lang='lat' dir='ltr'>Epi-</span> 
     </span>
    </p>
   </div>
   <div class='ocr_carea' id='block_1_82' title="bbox 62 4858 1725 4927">
    <p class='ocr_par' dir='ltr' id='par_1_82' title="bbox 62 4858 1725 4927">
     <span class='ocr_line' id='line_1_82' title="bbox 62 4858 1725 4927; baseline 0.003 -21"><span class='ocrx_word' id='word_1_550' title='bbox 62 4872 238 4925; x_wconf 79' lang='lat' dir='ltr'>:copus,</span> <span class='ocrx_word' id='word_1_551' title='bbox 266 4858 699 4927; x_wconf 77' lang='lat' dir='ltr'>pontificalibus</span> <span class='ocrx_word' id='word_1_552' title='bbox 748 4874 851 4927; x_wconf 91' lang='lat' dir='ltr'>pro</span> <span class='ocrx_word' id='word_1_553' title='bbox 881 4873 1109 4914; x_wconf 89' lang='lat' dir='ltr'>summo</span> <span class='ocrx_word' id='word_1_554' title='bbox 1163 4858 1332 4913; x_wconf 90' lang='lat' dir='ltr'>Sacro</span> <span class='ocrx_word' id='word_1_555' title='bbox 1383 4858 1725 4912; x_wconf 91' lang='lat' dir='ltr'>celebrando</span> 
     </span>
    </p>
   </div>
   <div class='ocr_carea' id='block_1_83' title="bbox 64 4946 1722 5013">
    <p class='ocr_par' dir='ltr' id='par_1_83' title="bbox 64 4946 1722 5013">
     <span class='ocr_line' id='line_1_83' title="bbox 64 4946 1722 5013; baseline 0.005 -20"><span class='ocrx_word' id='word_1_556' title='bbox 64 4948 359 5009; x_wconf 81' lang='lat' dir='ltr'>paramentis</span> <span class='ocrx_word' id='word_1_557' title='bbox 380 4948 602 5003; x_wconf 90' lang='lat' dir='ltr'>ibidem</span> <span class='ocrx_word' id='word_1_558' title='bbox 638 4946 905 5001; x_wconf 88' lang='lat' dir='ltr'>induitur</span> <span class='ocrx_word' id='word_1_559' title='bbox 934 4967 947 5011; x_wconf 87' lang='lat'><strong>;</strong></span> <span class='ocrx_word' id='word_1_560' title='bbox 988 4953 1045 5000; x_wconf 89' lang='lat' dir='ltr'>et</span> <span class='ocrx_word' id='word_1_561' title='bbox 1078 4947 1247 5002; x_wconf 82' lang='lat' dir='ltr'>Sexta</span> <span class='ocrx_word' id='word_1_562' title='bbox 1277 4946 1521 5002; x_wconf 89' lang='lat' dir='ltr'>subinde</span> <span class='ocrx_word' id='word_1_563' title='bbox 1541 4947 1722 5013; x_wconf 86' lang='lat' dir='ltr'>ﬁnita,</span> 
     </span>
    </p>
   </div>
   <div class='ocr_carea' id='block_1_84' title="bbox 64 5034 1278 5107">
    <p class='ocr_par' dir='ltr' id='par_1_84' title="bbox 64 5034 1278 5107">
     <span class='ocr_line' id='line_1_84' title="bbox 64 5034 1278 5107; baseline 0.007 -27"><span class='ocrx_word' id='word_1_564' title='bbox 64 5048 82 5080; x_wconf 64' lang='grc' dir='ltr'>ε</span> <span class='ocrx_word' id='word_1_565' title='bbox 108 5034 325 5090; x_wconf 82' lang='lat' dir='ltr'>sacristia</span> <span class='ocrx_word' id='word_1_566' title='bbox 352 5035 730 5107; x_wconf 88' lang='lat' dir='ltr'>progreditur</span> <span class='ocrx_word' id='word_1_567' title='bbox 759 5035 961 5090; x_wconf 92' lang='lat' dir='ltr'>ordine</span> <span class='ocrx_word' id='word_1_568' title='bbox 994 5034 1278 5107; x_wconf 86' lang='lat' dir='ltr'>sequenti.</span> 
     </span>
    </p>
   </div>
   <div class='ocr_carea' id='block_1_85' title="bbox 122 5124 1728 5195">
    <p class='ocr_par' dir='ltr' id='par_1_85' title="bbox 122 5124 1728 5195">
     <span class='ocr_line' id='line_1_85' title="bbox 122 5124 1728 5195; baseline -0.001 -16"><span class='ocrx_word' id='word_1_569' title='bbox 122 5124 216 5176; x_wconf 73' lang='grc'>101.</span> <span class='ocrx_word' id='word_1_570' title='bbox 247 5146 271 5173; x_wconf 68' lang='grc' dir='ltr'>ι</span> <span class='ocrx_word' id='word_1_571' title='bbox 303 5129 355 5179; x_wconf 86' lang='grc' dir='ltr'>1ο</span> <span class='ocrx_word' id='word_1_572' title='bbox 410 5124 695 5180; x_wconf 70' lang='lat' dir='ltr'>Praecedit</span> <span class='ocrx_word' id='word_1_573' title='bbox 735 5124 984 5179; x_wconf 65' lang='lat' dir='ltr'>edituus</span> <span class='ocrx_word' id='word_1_574' title='bbox 1032 5124 1092 5178; x_wconf 91' lang='lat' dir='ltr'>in</span> <span class='ocrx_word' id='word_1_575' title='bbox 1131 5124 1574 5195; x_wconf 88' lang='lat' dir='ltr'>superpelliceo,</span> <span class='ocrx_word' id='word_1_576' title='bbox 1613 5140 1728 5179; x_wconf 86' lang='lat' dir='ltr'>sce-</span> 
     </span>
    </p>
   </div>
   <div class='ocr_carea' id='block_1_86' title="bbox 68 5213 1729 5285">
    <p class='ocr_par' dir='ltr' id='par_1_86' title="bbox 68 5213 1729 5285">
     <span class='ocr_line' id='line_1_86' title="bbox 68 5213 1729 5285; baseline -0.004 -11"><span class='ocrx_word' id='word_1_577' title='bbox 68 5214 218 5274; x_wconf 56' lang='lat' dir='ltr'>mrum</span> <span class='ocrx_word' id='word_1_578' title='bbox 266 5215 576 5284; x_wconf 68' lang='lat' dir='ltr'>praeferens</span> <span class='ocrx_word' id='word_1_579' title='bbox 638 5218 1001 5283; x_wconf 89' lang='lat' dir='ltr'>argenteum.</span> <span class='ocrx_word' id='word_1_580' title='bbox 1068 5217 1126 5267; x_wconf 83' lang='lat' dir='ltr'>2o</span> <span class='ocrx_word' id='word_1_581' title='bbox 1179 5214 1512 5285; x_wconf 88' lang='lat' dir='ltr'>Sequuntur</span> <span class='ocrx_word' id='word_1_582' title='bbox 1575 5213 1729 5267; x_wconf 88' lang='lat' dir='ltr'>hunc</span> 
     </span>
    </p>
   </div>
   <div class='ocr_carea' id='block_1_87' title="bbox 66 5299 1727 5374">
    <p class='ocr_par' dir='ltr' id='par_1_87' title="bbox 66 5299 1727 5374">
     <span class='ocr_line' id='line_1_87' title="bbox 66 5299 1727 5374; baseline 0.001 -21"><span class='ocrx_word' id='word_1_583' title='bbox 66 5299 265 5365; x_wconf 65' lang='lat' dir='ltr'>acolythi</span> <span class='ocrx_word' id='word_1_584' title='bbox 290 5309 537 5374; x_wconf 87' lang='lat' dir='ltr'>quatuor</span> <span class='ocrx_word' id='word_1_585' title='bbox 577 5318 711 5357; x_wconf 88' lang='lat' dir='ltr'>cum</span> <span class='ocrx_word' id='word_1_586' title='bbox 740 5302 1051 5357; x_wconf 87' lang='lat' dir='ltr'>thuribulis</span> <span class='ocrx_word' id='word_1_587' title='bbox 1110 5302 1335 5358; x_wconf 90' lang='lat' dir='ltr'>duobus</span> <span class='ocrx_word' id='word_1_588' title='bbox 1365 5307 1421 5356; x_wconf 91' lang='lat' dir='ltr'>et</span> <span class='ocrx_word' id='word_1_589' title='bbox 1452 5302 1727 5356; x_wconf 88' lang='lat' dir='ltr'>naviculis</span> 
     </span>
    </p>
   </div>
   <div class='ocr_carea' id='block_1_88' title="bbox 70 5388 1728 5463">
    <p class='ocr_par' dir='ltr' id='par_1_88' title="bbox 70 5388 1728 5463">
     <span class='ocr_line' id='line_1_88' title="bbox 70 5388 1728 5463; baseline 0.005 -26"><span class='ocrx_word' id='word_1_590' title='bbox 70 5388 279 5445; x_wconf 69' lang='lat' dir='ltr'>totidem.</span> <span class='ocrx_word' id='word_1_591' title='bbox 328 5397 383 5447; x_wconf 85' lang='lat'><strong><em>3°</em></strong></span> <span class='ocrx_word' id='word_1_592' title='bbox 438 5391 708 5462; x_wconf 78' lang='lat' dir='ltr'>Acolythi</span> <span class='ocrx_word' id='word_1_593' title='bbox 753 5397 1001 5463; x_wconf 88' lang='lat' dir='ltr'>quatuor</span> <span class='ocrx_word' id='word_1_594' title='bbox 1056 5391 1153 5445; x_wconf 92' lang='lat' dir='ltr'>alii</span> <span class='ocrx_word' id='word_1_595' title='bbox 1196 5391 1542 5446; x_wconf 88' lang='lat' dir='ltr'>candelabra</span> <span class='ocrx_word' id='word_1_596' title='bbox 1578 5391 1728 5445; x_wconf 85' lang='lat' dir='ltr'>defe-</span> 
     </span>
    </p>
   </div>
   <div class='ocr_carea' id='block_1_89' title="bbox 73 5480 1726 5552">
    <p class='ocr_par' dir='ltr' id='par_1_89' title="bbox 73 5480 1726 5552">
     <span class='ocr_line' id='line_1_89' title="bbox 73 5480 1726 5552; baseline 0.008 -31"><span class='ocrx_word' id='word_1_597' title='bbox 73 5480 219 5530; x_wconf 82' lang='lat' dir='ltr'>rentes</span> <span class='ocrx_word' id='word_1_598' title='bbox 243 5495 362 5535; x_wconf 89' lang='lat' dir='ltr'>cum</span> <span class='ocrx_word' id='word_1_599' title='bbox 410 5481 596 5537; x_wconf 87' lang='lat' dir='ltr'>cereis</span> <span class='ocrx_word' id='word_1_600' title='bbox 654 5481 923 5547; x_wconf 87' lang='lat' dir='ltr'>accensis,</span> <span class='ocrx_word' id='word_1_601' title='bbox 986 5496 1217 5552; x_wconf 89' lang='lat' dir='ltr'>unaque</span> <span class='ocrx_word' id='word_1_602' title='bbox 1271 5480 1617 5536; x_wconf 88' lang='lat' dir='ltr'>deducentes</span> <span class='ocrx_word' id='word_1_603' title='bbox 1666 5480 1726 5534; x_wconf 90' lang='lat' dir='ltr'>in</span> 
     </span>
    </p>
   </div>
   <div class='ocr_carea' id='block_1_90' title="bbox 76 5564 1723 5641">
    <p class='ocr_par' dir='ltr' id='par_1_90' title="bbox 76 5564 1723 5641">
     <span class='ocr_line' id='line_1_90' title="bbox 76 5564 1723 5641; baseline 0.008 -30"><span class='ocrx_word' id='word_1_604' title='bbox 76 5564 220 5620; x_wconf 85' lang='lat' dir='ltr'>medio</span> <span class='ocrx_word' id='word_1_605' title='bbox 257 5571 595 5626; x_wconf 86' lang='lat' dir='ltr'>canonicum</span> <span class='ocrx_word' id='word_1_606' title='bbox 676 5570 1083 5636; x_wconf 87' lang='lat' dir='ltr'>cathedralem,</span> <span class='ocrx_word' id='word_1_607' title='bbox 1147 5568 1385 5641; x_wconf 90' lang='lat' dir='ltr'>pluviali</span> <span class='ocrx_word' id='word_1_608' title='bbox 1435 5569 1723 5635; x_wconf 90' lang='lat' dir='ltr'>indutum,</span> 
     </span>
    </p>
   </div>
   <div class='ocr_carea' id='block_1_91' title="bbox 76 5657 1725 5731">
    <p class='ocr_par' dir='ltr' id='par_1_91' title="bbox 76 5657 1725 5731">
     <span class='ocr_line' id='line_1_91' title="bbox 76 5657 1725 5731; baseline 0.002 -24"><span class='ocrx_word' id='word_1_609' title='bbox 76 5664 358 5728; x_wconf 69' lang='lat' dir='ltr'>Crucemque</span> <span class='ocrx_word' id='word_1_610' title='bbox 416 5660 848 5731; x_wconf 67' lang='lat' dir='ltr'>prmferentem.</span> <span class='ocrx_word' id='word_1_611' title='bbox 909 5660 1237 5714; x_wconf 91' lang='lat' dir='ltr'>Succedunt</span> <span class='ocrx_word' id='word_1_612' title='bbox 1290 5657 1547 5713; x_wconf 89' lang='lat' dir='ltr'>canonici</span> <span class='ocrx_word' id='word_1_613' title='bbox 1610 5659 1725 5713; x_wconf 91' lang='lat' dir='ltr'>duo</span> 
     </span>
    </p>
   </div>
   <div class='ocr_carea' id='block_1_92' title="bbox 1842 3182 3547 3256">
    <p class='ocr_par' dir='ltr' id='par_1_92' title="bbox 1842 3182 3547 3256">
     <span class='ocr_line' id='line_1_92' title="bbox 1842 3182 3547 3256; baseline -0.004 -15"><span class='ocrx_word' id='word_1_614' title='bbox 1842 3186 2267 3256; x_wconf 83' lang='lat' dir='ltr'>Completorio:</span> <span class='ocrx_word' id='word_1_615' title='bbox 2302 3189 2430 3255; x_wconf 92' lang='lat' dir='ltr'>post</span> <span class='ocrx_word' id='word_1_616' title='bbox 2481 3184 2634 3255; x_wconf 90' lang='lat' dir='ltr'>quod</span> <span class='ocrx_word' id='word_1_617' title='bbox 2693 3183 2833 3237; x_wconf 88' lang='lat' dir='ltr'>hora</span> <span class='ocrx_word' id='word_1_618' title='bbox 2881 3188 3037 3235; x_wconf 82' lang='lat' dir='ltr'>sexta</span> <span class='ocrx_word' id='word_1_619' title='bbox 3065 3182 3407 3252; x_wconf 77' lang='lat' dir='ltr'>vespertina,</span> <span class='ocrx_word' id='word_1_620' title='bbox 3447 3198 3547 3235; x_wconf 84' lang='lat' dir='ltr'>eo—</span> 
     </span>
    </p>
   </div>
   <div class='ocr_carea' id='block_1_93' title="bbox 1840 3270 3547 3336">
    <p class='ocr_par' dir='ltr' id='par_1_93' title="bbox 1840 3270 3547 3336">
     <span class='ocr_line' id='line_1_93' title="bbox 1840 3270 3547 3336; baseline -0.004 -7"><span class='ocrx_word' id='word_1_621' title='bbox 1840 3277 1967 3330; x_wconf 89' lang='lat' dir='ltr'>dem</span> <span class='ocrx_word' id='word_1_622' title='bbox 1996 3273 2489 3329; x_wconf 79' lang='lat' dir='ltr'>Reverendissimo</span> <span class='ocrx_word' id='word_1_623' title='bbox 2546 3274 2604 3326; x_wconf 92' lang='lat' dir='ltr'>D.</span> <span class='ocrx_word' id='word_1_624' title='bbox 2663 3271 2877 3325; x_wconf 83' lang='lat' dir='ltr'>decano</span> <span class='ocrx_word' id='word_1_625' title='bbox 2935 3270 3271 3336; x_wconf 85' lang='lat' dir='ltr'>ofﬁciatore,</span> <span class='ocrx_word' id='word_1_626' title='bbox 3325 3270 3547 3323; x_wconf 83' lang='lat' dir='ltr'>Matuti-</span> 
     </span>
    </p>
   </div>
   <div class='ocr_carea' id='block_1_94' title="bbox 1842 3358 3549 3429">
    <p class='ocr_par' dir='ltr' id='par_1_94' title="bbox 1842 3358 3549 3429">
     <span class='ocr_line' id='line_1_94' title="bbox 1842 3358 3549 3429; baseline -0.004 -12"><span class='ocrx_word' id='word_1_627' title='bbox 1842 3381 1980 3417; x_wconf 91' lang='lat' dir='ltr'>num</span> <span class='ocrx_word' id='word_1_628' title='bbox 2006 3380 2136 3417; x_wconf 92' lang='lat' dir='ltr'>cum</span> <span class='ocrx_word' id='word_1_629' title='bbox 2172 3361 2460 3417; x_wconf 85' lang='lat' dir='ltr'>Laudibus</span> <span class='ocrx_word' id='word_1_630' title='bbox 2506 3359 2871 3429; x_wconf 87' lang='lat' dir='ltr'>auticipatur.</span> <span class='ocrx_word' id='word_1_631' title='bbox 2924 3360 3082 3412; x_wconf 88' lang='lat' dir='ltr'>Mane</span> <span class='ocrx_word' id='word_1_632' title='bbox 3135 3360 3335 3423; x_wconf 90' lang='lat' dir='ltr'>altero,</span> <span class='ocrx_word' id='word_1_633' title='bbox 3361 3358 3549 3411; x_wconf 89' lang='lat' dir='ltr'>medio</span> 
     </span>
    </p>
   </div>
   <div class='ocr_carea' id='block_1_95' title="bbox 1840 3446 3549 3517">
    <p class='ocr_par' dir='ltr' id='par_1_95' title="bbox 1840 3446 3549 3517">
     <span class='ocr_line' id='line_1_95' title="bbox 1840 3446 3549 3517; baseline -0.004 -12"><span class='ocrx_word' id='word_1_634' title='bbox 1840 3457 2031 3516; x_wconf 63' lang='lat' dir='ltr'>sextaa,</span> <span class='ocrx_word' id='word_1_635' title='bbox 2059 3452 2436 3505; x_wconf 85' lang='lat' dir='ltr'>decantantur</span> <span class='ocrx_word' id='word_1_636' title='bbox 2466 3449 2621 3501; x_wconf 70' lang='lat' dir='ltr'>hora:</span> <span class='ocrx_word' id='word_1_637' title='bbox 2675 3448 2913 3517; x_wconf 64' lang='lat' dir='ltr'>reliquae</span> <span class='ocrx_word' id='word_1_638' title='bbox 2970 3463 3150 3515; x_wconf 90' lang='lat' dir='ltr'>usque</span> <span class='ocrx_word' id='word_1_639' title='bbox 3191 3446 3259 3500; x_wconf 90' lang='lat' dir='ltr'>ad</span> <span class='ocrx_word' id='word_1_640' title='bbox 3326 3447 3549 3501; x_wconf 88' lang='lat' dir='ltr'>Nonam</span> 
     </span>
    </p>
   </div>
   <div class='ocr_carea' id='block_1_96' title="bbox 1838 3523 3550 3605">
    <p class='ocr_par' dir='ltr' id='par_1_96' title="bbox 1838 3523 3550 3605">
     <span class='ocr_line' id='line_1_96' title="bbox 1838 3523 3550 3605; baseline -0.004 -11"><span class='ocrx_word' id='word_1_641' title='bbox 1838 3540 2169 3595; x_wconf 91' lang='lat' dir='ltr'>inclusive:</span> <span class='ocrx_word' id='word_1_642' title='bbox 2227 3539 2369 3591; x_wconf 89' lang='lat' dir='ltr'>hora</span> <span class='ocrx_word' id='word_1_643' title='bbox 2425 3543 2583 3591; x_wconf 78' lang='lat' dir='ltr'>sexta</span> <span class='ocrx_word' id='word_1_644' title='bbox 2661 3523 2858 3589; x_wconf 85' lang='lat' dir='ltr'>concio</span> <span class='ocrx_word' id='word_1_645' title='bbox 2928 3535 3271 3605; x_wconf 82' lang='lat' dir='ltr'>panegyrica</span> <span class='ocrx_word' id='word_1_646' title='bbox 3326 3550 3342 3587; x_wconf 87' lang='lat'><strong>:</strong></span> <span class='ocrx_word' id='word_1_647' title='bbox 3408 3535 3550 3588; x_wconf 84' lang='lat' dir='ltr'>hora</span> 
     </span>
    </p>
   </div>
   <div class='ocr_carea' id='block_1_97' title="bbox 1838 3622 3545 3698">
    <p class='ocr_par' dir='ltr' id='par_1_97' title="bbox 1838 3622 3545 3698">
     <span class='ocr_line' id='line_1_97' title="bbox 1838 3622 3545 3698; baseline -0.004 -17"><span class='ocrx_word' id='word_1_648' title='bbox 1838 3629 2027 3698; x_wconf 91' lang='lat' dir='ltr'>prima</span> <span class='ocrx_word' id='word_1_649' title='bbox 2056 3626 2356 3681; x_wconf 90' lang='lat' dir='ltr'>ordinatur</span> <span class='ocrx_word' id='word_1_650' title='bbox 2394 3624 2681 3695; x_wconf 90' lang='lat' dir='ltr'>processio</span> <span class='ocrx_word' id='word_1_651' title='bbox 2711 3640 2813 3692; x_wconf 84' lang='lat' dir='ltr'>per</span> <span class='ocrx_word' id='word_1_652' title='bbox 2867 3624 3070 3676; x_wconf 90' lang='lat' dir='ltr'>urbem</span> <span class='ocrx_word' id='word_1_653' title='bbox 3124 3622 3545 3687; x_wconf 89' lang='lat' dir='ltr'>solennissima,</span> 
     </span>
    </p>
   </div>
   <div class='ocr_carea' id='block_1_98' title="bbox 1837 3708 3545 3785">
    <p class='ocr_par' dir='ltr' id='par_1_98' title="bbox 1837 3708 3545 3785">
     <span class='ocr_line' id='line_1_98' title="bbox 1837 3708 3545 3785; baseline -0.005 -15"><span class='ocrx_word' id='word_1_654' title='bbox 1837 3719 1999 3785; x_wconf 89' lang='lat' dir='ltr'>cujus</span> <span class='ocrx_word' id='word_1_655' title='bbox 2047 3716 2139 3769; x_wconf 87' lang='lat' dir='ltr'>hic</span> <span class='ocrx_word' id='word_1_656' title='bbox 2178 3713 2287 3767; x_wconf 88' lang='lat' dir='ltr'>sibi</span> <span class='ocrx_word' id='word_1_657' title='bbox 2331 3714 2516 3766; x_wconf 90' lang='lat' dir='ltr'>locum</span> <span class='ocrx_word' id='word_1_658' title='bbox 2567 3711 2876 3779; x_wconf 87' lang='lat' dir='ltr'>descriptio</span> <span class='ocrx_word' id='word_1_659' title='bbox 2934 3711 3161 3764; x_wconf 85' lang='lat' dir='ltr'>videtur</span> <span class='ocrx_word' id='word_1_660' title='bbox 3207 3708 3545 3763; x_wconf 90' lang='lat' dir='ltr'>vendicare:</span> 
     </span>
    </p>
   </div>
   <div class='ocr_carea' id='block_1_99' title="bbox 1838 3800 2534 3871">
    <p class='ocr_par' dir='ltr' id='par_1_99' title="bbox 1838 3800 2534 3871">
     <span class='ocr_line' id='line_1_99' title="bbox 1838 3800 2534 3871; baseline -0.009 -12"><span class='ocrx_word' id='word_1_661' title='bbox 1838 3812 1922 3859; x_wconf 84' lang='lat' dir='ltr'>est</span> <span class='ocrx_word' id='word_1_662' title='bbox 1946 3808 2135 3857; x_wconf 87' lang='lat' dir='ltr'>autem</span> <span class='ocrx_word' id='word_1_663' title='bbox 2168 3800 2496 3871; x_wconf 85' lang='lat' dir='ltr'>hujusmodi</span> <span class='ocrx_word' id='word_1_664' title='bbox 2523 3817 2534 3853; x_wconf 91' lang='lat'>:</span> 
     </span>
    </p>
   </div>
   <div class='ocr_carea' id='block_1_100' title="bbox 1914 3884 3546 3955">
    <p class='ocr_par' dir='ltr' id='par_1_100' title="bbox 1914 3884 3546 3955">
     <span class='ocr_line' id='line_1_100' title="bbox 1914 3884 3546 3955; baseline -0.006 -9"><span class='ocrx_word' id='word_1_665' title='bbox 1914 3895 2031 3946; x_wconf 67' lang='grc'>104.</span> <span class='ocrx_word' id='word_1_666' title='bbox 2070 3914 2090 3941; x_wconf 78' lang='grc' dir='ltr'>ι</span> <span class='ocrx_word' id='word_1_667' title='bbox 2130 3890 2363 3944; x_wconf 87' lang='lat' dir='ltr'>Initium</span> <span class='ocrx_word' id='word_1_668' title='bbox 2395 3889 2493 3943; x_wconf 92' lang='lat' dir='ltr'>dat</span> <span class='ocrx_word' id='word_1_669' title='bbox 2545 3904 2692 3942; x_wconf 91' lang='lat' dir='ltr'>unus</span> <span class='ocrx_word' id='word_1_670' title='bbox 2722 3904 2752 3941; x_wconf 91' lang='lat' dir='ltr'>e</span> <span class='ocrx_word' id='word_1_671' title='bbox 2796 3884 3007 3941; x_wconf 91' lang='lat' dir='ltr'>summi</span> <span class='ocrx_word' id='word_1_672' title='bbox 3039 3884 3241 3955; x_wconf 89' lang='lat' dir='ltr'>templi</span> <span class='ocrx_word' id='word_1_673' title='bbox 3298 3884 3546 3949; x_wconf 68' lang='lat' dir='ltr'>redituis,</span> 
     </span>
    </p>
   </div>
   <div class='ocr_carea' id='block_1_101' title="bbox 1836 3974 3548 4053">
    <p class='ocr_par' dir='ltr' id='par_1_101' title="bbox 1836 3974 3548 4053">
     <span class='ocr_line' id='line_1_101' title="bbox 1836 3974 3548 4053; baseline -0.006 -17"><span class='ocrx_word' id='word_1_674' title='bbox 1836 3980 2251 4053; x_wconf 88' lang='lat' dir='ltr'>superpelliceo</span> <span class='ocrx_word' id='word_1_675' title='bbox 2314 3977 2573 4043; x_wconf 89' lang='lat' dir='ltr'>indutus,</span> <span class='ocrx_word' id='word_1_676' title='bbox 2640 3981 2929 4047; x_wconf 90' lang='lat' dir='ltr'>sceptrum</span> <span class='ocrx_word' id='word_1_677' title='bbox 2962 3974 3270 4045; x_wconf 67' lang='lat' dir='ltr'>praeferens</span> <span class='ocrx_word' id='word_1_678' title='bbox 3334 3990 3548 4043; x_wconf 88' lang='lat' dir='ltr'>argen-</span> 
     </span>
    </p>
   </div>
   <div class='ocr_carea' id='block_1_102' title="bbox 1835 4062 3547 4137">
    <p class='ocr_par' dir='ltr' id='par_1_102' title="bbox 1835 4062 3547 4137">
     <span class='ocr_line' id='line_1_102' title="bbox 1835 4062 3547 4137; baseline -0.005 -12"><span class='ocrx_word' id='word_1_679' title='bbox 1835 4076 2017 4125; x_wconf 90' lang='lat' dir='ltr'>teum.</span> <span class='ocrx_word' id='word_1_680' title='bbox 2060 4069 2393 4137; x_wconf 91' lang='lat' dir='ltr'>Sequuntur</span> <span class='ocrx_word' id='word_1_681' title='bbox 2453 4065 2654 4119; x_wconf 80' lang='lat' dir='ltr'>vexilla</span> <span class='ocrx_word' id='word_1_682' title='bbox 2714 4069 2962 4135; x_wconf 89' lang='lat' dir='ltr'>quatuor</span> <span class='ocrx_word' id='word_1_683' title='bbox 2993 4080 3005 4117; x_wconf 92' lang='lat'>:</span> <span class='ocrx_word' id='word_1_684' title='bbox 3036 4063 3188 4116; x_wconf 91' lang='lat' dir='ltr'>inter</span> <span class='ocrx_word' id='word_1_685' title='bbox 3216 4079 3345 4133; x_wconf 71' lang='lat' dir='ltr'>qua:</span> <span class='ocrx_word' id='word_1_686' title='bbox 3372 4062 3547 4116; x_wconf 91' lang='lat' dir='ltr'>indu-</span> 
     </span>
    </p>
   </div>
   <div class='ocr_carea' id='block_1_103' title="bbox 1834 4152 3549 4228">
    <p class='ocr_par' dir='ltr' id='par_1_103' title="bbox 1834 4152 3549 4228">
     <span class='ocr_line' id='line_1_103' title="bbox 1834 4152 3549 4228; baseline -0.007 -14"><span class='ocrx_word' id='word_1_687' title='bbox 1834 4165 1925 4214; x_wconf 90' lang='lat' dir='ltr'>tus</span> <span class='ocrx_word' id='word_1_688' title='bbox 1951 4158 2188 4228; x_wconf 90' lang='lat' dir='ltr'>pluviali</span> <span class='ocrx_word' id='word_1_689' title='bbox 2222 4155 2487 4209; x_wconf 88' lang='lat' dir='ltr'>sacerdos</span> <span class='ocrx_word' id='word_1_690' title='bbox 2536 4154 2768 4221; x_wconf 90' lang='lat' dir='ltr'>incedit,</span> <span class='ocrx_word' id='word_1_691' title='bbox 2804 4153 2947 4208; x_wconf 90' lang='lat' dir='ltr'>dans</span> <span class='ocrx_word' id='word_1_692' title='bbox 2981 4152 3386 4223; x_wconf 89' lang='lat' dir='ltr'>aspersorium.</span> <span class='ocrx_word' id='word_1_693' title='bbox 3416 4152 3549 4204; x_wconf 88' lang='lat' dir='ltr'>Post</span> 
     </span>
    </p>
   </div>
   <div class='ocr_carea' id='block_1_104' title="bbox 1833 4238 3541 4313">
    <p class='ocr_par' dir='ltr' id='par_1_104' title="bbox 1833 4238 3541 4313">
     <span class='ocr_line' id='line_1_104' title="bbox 1833 4238 3541 4313; baseline -0.006 -12"><span class='ocrx_word' id='word_1_694' title='bbox 1833 4248 1985 4301; x_wconf 89' lang='lat' dir='ltr'>hunc</span> <span class='ocrx_word' id='word_1_695' title='bbox 2016 4245 2139 4300; x_wconf 90' lang='lat' dir='ltr'>bini</span> <span class='ocrx_word' id='word_1_696' title='bbox 2170 4250 2226 4298; x_wconf 87' lang='lat' dir='ltr'>et</span> <span class='ocrx_word' id='word_1_697' title='bbox 2252 4243 2373 4298; x_wconf 85' lang='lat' dir='ltr'>bini</span> <span class='ocrx_word' id='word_1_698' title='bbox 2402 4243 2721 4313; x_wconf 90' lang='lat' dir='ltr'>procedunt</span> <span class='ocrx_word' id='word_1_699' title='bbox 2750 4239 2960 4294; x_wconf 91' lang='lat' dir='ltr'>summi</span> <span class='ocrx_word' id='word_1_700' title='bbox 2986 4238 3187 4309; x_wconf 89' lang='lat' dir='ltr'>templi</span> <span class='ocrx_word' id='word_1_701' title='bbox 3212 4239 3497 4292; x_wconf 77' lang='lat' dir='ltr'>scliolares</span> <span class='ocrx_word' id='word_1_702' title='bbox 3529 4255 3541 4291; x_wconf 90' lang='lat'><strong>:</strong></span> 
     </span>
    </p>
   </div>
   <div class='ocr_carea' id='block_1_105' title="bbox 1834 4327 3544 4396">
    <p class='ocr_par' dir='ltr' id='par_1_105' title="bbox 1834 4327 3544 4396">
     <span class='ocr_line' id='line_1_105' title="bbox 1834 4327 3544 4396; baseline -0.006 -6"><span class='ocrx_word' id='word_1_703' title='bbox 1834 4337 1973 4390; x_wconf 91' lang='lat' dir='ltr'>item</span> <span class='ocrx_word' id='word_1_704' title='bbox 2000 4335 2129 4389; x_wconf 74' lang='lat' dir='ltr'>duae</span> <span class='ocrx_word' id='word_1_705' title='bbox 2171 4332 2353 4387; x_wconf 88' lang='lat' dir='ltr'>tribus</span> <span class='ocrx_word' id='word_1_706' title='bbox 2376 4332 2719 4385; x_wconf 66' lang='lat' dir='ltr'>mechanica:</span> <span class='ocrx_word' id='word_1_707' title='bbox 2754 4330 3050 4383; x_wconf 90' lang='lat' dir='ltr'>lanionum</span> <span class='ocrx_word' id='word_1_708' title='bbox 3081 4332 3139 4382; x_wconf 91' lang='lat' dir='ltr'>et</span> <span class='ocrx_word' id='word_1_709' title='bbox 3170 4327 3544 4396; x_wconf 90' lang='lat' dir='ltr'>piscatorum,</span> 
     </span>
    </p>
   </div>
   <div class='ocr_carea' id='block_1_106' title="bbox 1836 4415 3545 4491">
    <p class='ocr_par' dir='ltr' id='par_1_106' title="bbox 1836 4415 3545 4491">
     <span class='ocr_line' id='line_1_106' title="bbox 1836 4415 3545 4491; baseline -0.007 -13"><span class='ocrx_word' id='word_1_710' title='bbox 1836 4441 1965 4479; x_wconf 90' lang='lat' dir='ltr'>cum</span> <span class='ocrx_word' id='word_1_711' title='bbox 1997 4422 2176 4477; x_wconf 90' lang='lat' dir='ltr'>cereis</span> <span class='ocrx_word' id='word_1_712' title='bbox 2204 4421 2447 4491; x_wconf 90' lang='lat' dir='ltr'>magnis,</span> <span class='ocrx_word' id='word_1_713' title='bbox 2482 4436 2626 4490; x_wconf 90' lang='lat' dir='ltr'>quos</span> <span class='ocrx_word' id='word_1_714' title='bbox 2656 4417 2863 4487; x_wconf 84' lang='lat' dir='ltr'>excipit</span> <span class='ocrx_word' id='word_1_715' title='bbox 2917 4416 3122 4470; x_wconf 81' lang='lat' dir='ltr'>chorus</span> <span class='ocrx_word' id='word_1_716' title='bbox 3149 4415 3359 4469; x_wconf 86' lang='lat' dir='ltr'>vocalis</span> <span class='ocrx_word' id='word_1_717' title='bbox 3410 4430 3545 4467; x_wconf 90' lang='lat' dir='ltr'>mu-</span> 
     </span>
    </p>
   </div>
   <div class='ocr_carea' id='block_1_107' title="bbox 1834 4501 3543 4572">
    <p class='ocr_par' dir='ltr' id='par_1_107' title="bbox 1834 4501 3543 4572">
     <span class='ocr_line' id='line_1_107' title="bbox 1834 4501 3543 4572; baseline -0.006 -6"><span class='ocrx_word' id='word_1_718' title='bbox 1834 4513 2080 4566; x_wconf 88' lang='lat' dir='ltr'>sicorum</span> <span class='ocrx_word' id='word_1_719' title='bbox 2138 4508 2515 4564; x_wconf 85' lang='lat' dir='ltr'>cantantium.</span> <span class='ocrx_word' id='word_1_720' title='bbox 2592 4506 2917 4561; x_wconf 92' lang='lat' dir='ltr'>Succedunt</span> <span class='ocrx_word' id='word_1_721' title='bbox 2966 4504 3207 4559; x_wconf 91' lang='lat' dir='ltr'>Ordines</span> <span class='ocrx_word' id='word_1_722' title='bbox 3267 4501 3543 4572; x_wconf 85' lang='lat' dir='ltr'>religiosi,</span> 
     </span>
    </p>
   </div>
   <div class='ocr_carea' id='block_1_108' title="bbox 1836 4592 3543 4663">
    <p class='ocr_par' dir='ltr' id='par_1_108' title="bbox 1836 4592 3543 4663">
     <span class='ocr_line' id='line_1_108' title="bbox 1836 4592 3543 4663; baseline -0.008 -7"><span class='ocrx_word' id='word_1_723' title='bbox 1836 4601 1955 4655; x_wconf 92' lang='lat' dir='ltr'>suis</span> <span class='ocrx_word' id='word_1_724' title='bbox 1990 4598 2244 4654; x_wconf 86' lang='lat' dir='ltr'>distincti</span> <span class='ocrx_word' id='word_1_725' title='bbox 2283 4596 2574 4660; x_wconf 85' lang='lat' dir='ltr'>crucibus;</span> <span class='ocrx_word' id='word_1_726' title='bbox 2614 4600 2670 4648; x_wconf 88' lang='lat' dir='ltr'>et</span> <span class='ocrx_word' id='word_1_727' title='bbox 2726 4592 2903 4663; x_wconf 88' lang='lat' dir='ltr'>primi</span> <span class='ocrx_word' id='word_1_728' title='bbox 2956 4592 3187 4663; x_wconf 86' lang='lat' dir='ltr'>quidem</span> <span class='ocrx_word' id='word_1_729' title='bbox 3241 4592 3343 4644; x_wconf 90' lang='lat' dir='ltr'>PP.</span> <span class='ocrx_word' id='word_1_730' title='bbox 3400 4592 3543 4663; x_wconf 86' lang='lat' dir='ltr'>Cap-</span> 
     </span>
    </p>
   </div>
   <div class='ocr_carea' id='block_1_109' title="bbox 1833 4678 3543 4760">
    <p class='ocr_par' dir='ltr' id='par_1_109' title="bbox 1833 4678 3543 4760">
     <span class='ocr_line' id='line_1_109' title="bbox 1833 4678 3543 4760; baseline -0.006 -17"><span class='ocrx_word' id='word_1_731' title='bbox 1833 4688 2052 4760; x_wconf 91' lang='lat' dir='ltr'>pucini,</span> <span class='ocrx_word' id='word_1_732' title='bbox 2094 4692 2217 4740; x_wconf 90' lang='lat' dir='ltr'>tum</span> <span class='ocrx_word' id='word_1_733' title='bbox 2266 4687 2371 4740; x_wconf 90' lang='lat' dir='ltr'>PP.</span> <span class='ocrx_word' id='word_1_734' title='bbox 2407 4683 2749 4748; x_wconf 69' lang='lat' dir='ltr'>Carmelitaa,</span> <span class='ocrx_word' id='word_1_735' title='bbox 2802 4681 3008 4735; x_wconf 87' lang='lat' dir='ltr'>deinde</span> <span class='ocrx_word' id='word_1_736' title='bbox 3044 4682 3148 4734; x_wconf 91' lang='lat' dir='ltr'>PP.</span> <span class='ocrx_word' id='word_1_737' title='bbox 3183 4678 3543 4734; x_wconf 84' lang='lat' dir='ltr'>Franciscani</span> 
     </span>
    </p>
   </div>
   <div class='ocr_carea' id='block_1_110' title="bbox 1833 4768 3543 4849">
    <p class='ocr_par' dir='ltr' id='par_1_110' title="bbox 1833 4768 3543 4849">
     <span class='ocr_line' id='line_1_110' title="bbox 1833 4768 3543 4849; baseline -0.004 -19"><span class='ocrx_word' id='word_1_738' title='bbox 1833 4782 1962 4849; x_wconf 88' lang='lat' dir='ltr'>post</span> <span class='ocrx_word' id='word_1_739' title='bbox 2013 4778 2118 4831; x_wconf 92' lang='lat' dir='ltr'>PP.</span> <span class='ocrx_word' id='word_1_740' title='bbox 2173 4772 2555 4835; x_wconf 89' lang='lat' dir='ltr'>Dominicani,</span> <span class='ocrx_word' id='word_1_741' title='bbox 2630 4771 2833 4824; x_wconf 91' lang='lat' dir='ltr'>ultimo</span> <span class='ocrx_word' id='word_1_742' title='bbox 2898 4771 2999 4824; x_wconf 92' lang='lat' dir='ltr'>PP.</span> <span class='ocrx_word' id='word_1_743' title='bbox 3061 4768 3415 4823; x_wconf 86' lang='lat' dir='ltr'>Benedictini</span> <span class='ocrx_word' id='word_1_744' title='bbox 3472 4769 3543 4823; x_wconf 91' lang='lat' dir='ltr'>de</span> 
     </span>
    </p>
   </div>
   <div class='ocr_carea' id='block_1_111' title="bbox 1834 4857 3545 4930">
    <p class='ocr_par' dir='ltr' id='par_1_111' title="bbox 1834 4857 3545 4930">
     <span class='ocr_line' id='line_1_111' title="bbox 1834 4857 3545 4930; baseline -0.005 -10"><span class='ocrx_word' id='word_1_745' title='bbox 1834 4868 2027 4920; x_wconf 88' lang='lat' dir='ltr'>monte</span> <span class='ocrx_word' id='word_1_746' title='bbox 2055 4864 2109 4918; x_wconf 93' lang='lat' dir='ltr'>S.</span> <span class='ocrx_word' id='word_1_747' title='bbox 2148 4861 2456 4927; x_wconf 81' lang='lat' dir='ltr'>Michaelis,</span> <span class='ocrx_word' id='word_1_748' title='bbox 2484 4860 2714 4930; x_wconf 86' lang='lat' dir='ltr'>quibus,</span> <span class='ocrx_word' id='word_1_749' title='bbox 2764 4858 2823 4913; x_wconf 92' lang='lat' dir='ltr'>in</span> <span class='ocrx_word' id='word_1_750' title='bbox 2873 4859 3101 4929; x_wconf 91' lang='lat' dir='ltr'>signum</span> <span class='ocrx_word' id='word_1_751' title='bbox 3154 4857 3545 4929; x_wconf 61' lang='lat' dir='ltr'>imperatorias</span> 
     </span>
    </p>
   </div>
   <div class='ocr_carea' id='block_1_112' title="bbox 1833 4947 3546 5018">
    <p class='ocr_par' dir='ltr' id='par_1_112' title="bbox 1833 4947 3546 5018">
     <span class='ocr_line' id='line_1_112' title="bbox 1833 4947 3546 5018; baseline -0.005 -9"><span class='ocrx_word' id='word_1_752' title='bbox 1833 4973 1867 5009; x_wconf 92' lang='lat' dir='ltr'>a</span> <span class='ocrx_word' id='word_1_753' title='bbox 1898 4956 1951 5010; x_wconf 93' lang='grc'>8.</span> <span class='ocrx_word' id='word_1_754' title='bbox 1995 4952 2238 5009; x_wconf 87' lang='lat' dir='ltr'>Henrico</span> <span class='ocrx_word' id='word_1_755' title='bbox 2269 4951 2429 5004; x_wconf 69' lang='lat' dir='ltr'>facta:</span> <span class='ocrx_word' id='word_1_756' title='bbox 2495 4947 2871 5011; x_wconf 87' lang='lat' dir='ltr'>fundationis,</span> <span class='ocrx_word' id='word_1_757' title='bbox 2904 4952 3195 5017; x_wconf 89' lang='lat' dir='ltr'>sceptrum</span> <span class='ocrx_word' id='word_1_758' title='bbox 3242 4947 3546 5018; x_wconf 65' lang='lat' dir='ltr'>prefertur</span> 
     </span>
    </p>
   </div>
   <div class='ocr_carea' id='block_1_113' title="bbox 1834 5035 3214 5113">
    <p class='ocr_par' dir='ltr' id='par_1_113' title="bbox 1834 5035 3214 5113">
     <span class='ocr_line' id='line_1_113' title="bbox 1834 5035 3214 5113; baseline -0.004 -17"><span class='ocrx_word' id='word_1_759' title='bbox 1834 5046 2175 5113; x_wconf 87' lang='lat' dir='ltr'>argenteum</span> <span class='ocrx_word' id='word_1_760' title='bbox 2203 5055 2333 5093; x_wconf 91' lang='lat' dir='ltr'>cum</span> <span class='ocrx_word' id='word_1_761' title='bbox 2361 5037 2624 5093; x_wconf 90' lang='lat' dir='ltr'>crucibus</span> <span class='ocrx_word' id='word_1_762' title='bbox 2644 5037 2865 5091; x_wconf 92' lang='lat' dir='ltr'>duabus</span> <span class='ocrx_word' id='word_1_763' title='bbox 2902 5035 3214 5106; x_wconf 88' lang='lat' dir='ltr'>argenteis.</span> 
     </span>
    </p>
   </div>
   <div class='ocr_carea' id='block_1_114' title="bbox 1909 5121 3543 5199">
    <p class='ocr_par' dir='ltr' id='par_1_114' title="bbox 1909 5121 3543 5199">
     <span class='ocr_line' id='line_1_114' title="bbox 1909 5121 3543 5199; baseline -0.006 -14"><span class='ocrx_word' id='word_1_764' title='bbox 1909 5132 2029 5185; x_wconf 75' lang='grc'>105.</span> <span class='ocrx_word' id='word_1_765' title='bbox 2057 5148 2083 5180; x_wconf 80' lang='grc' dir='ltr'><strong>α</strong></span> <span class='ocrx_word' id='word_1_766' title='bbox 2114 5128 2386 5199; x_wconf 88' lang='lat' dir='ltr'>Sequitur</span> <span class='ocrx_word' id='word_1_767' title='bbox 2412 5126 2735 5191; x_wconf 85' lang='lat' dir='ltr'>hos_denuo</span> <span class='ocrx_word' id='word_1_768' title='bbox 2769 5124 3016 5179; x_wconf 70' lang='lat' dir='ltr'>aedituus</span> <span class='ocrx_word' id='word_1_769' title='bbox 3076 5122 3327 5178; x_wconf 73' lang='lat' dir='ltr'>ecclesia:</span> <span class='ocrx_word' id='word_1_770' title='bbox 3353 5121 3543 5177; x_wconf 82' lang='lat' dir='ltr'>cathe-</span> 
     </span>
    </p>
   </div>
   <div class='ocr_carea' id='block_1_115' title="bbox 1832 5209 3542 5287">
    <p class='ocr_par' dir='ltr' id='par_1_115' title="bbox 1832 5209 3542 5287">
     <span class='ocr_line' id='line_1_115' title="bbox 1832 5209 3542 5287; baseline -0.006 -13"><span class='ocrx_word' id='word_1_771' title='bbox 1832 5218 2009 5274; x_wconf 91' lang='lat' dir='ltr'>dralis</span> <span class='ocrx_word' id='word_1_772' title='bbox 2038 5218 2098 5271; x_wconf 94' lang='lat' dir='ltr'>in</span> <span class='ocrx_word' id='word_1_773' title='bbox 2124 5216 2541 5287; x_wconf 89' lang='lat' dir='ltr'>superpelliceo</span> <span class='ocrx_word' id='word_1_774' title='bbox 2574 5231 2704 5269; x_wconf 89' lang='lat' dir='ltr'>cum</span> <span class='ocrx_word' id='word_1_775' title='bbox 2737 5218 2961 5284; x_wconf 90' lang='lat' dir='ltr'>sceptro</span> <span class='ocrx_word' id='word_1_776' title='bbox 3002 5218 3275 5283; x_wconf 83' lang='lat' dir='ltr'>argenteo</span> <span class='ocrx_word' id='word_1_777' title='bbox 3300 5228 3313 5277; x_wconf 89' lang='lat'><strong>;</strong></span> <span class='ocrx_word' id='word_1_778' title='bbox 3336 5209 3542 5265; x_wconf 86' lang='lat' dir='ltr'>deinde</span> 
     </span>
    </p>
   </div>
   <div class='ocr_carea' id='block_1_116' title="bbox 1833 5301 3539 5375">
    <p class='ocr_par' dir='ltr' id='par_1_116' title="bbox 1833 5301 3539 5375">
     <span class='ocr_line' id='line_1_116' title="bbox 1833 5301 3539 5375; baseline -0.006 -14"><span class='ocrx_word' id='word_1_779' title='bbox 1833 5307 2037 5361; x_wconf 79' lang='lat' dir='ltr'>vexilla</span> <span class='ocrx_word' id='word_1_780' title='bbox 2060 5306 2175 5361; x_wconf 92' lang='lat' dir='ltr'>duo</span> <span class='ocrx_word' id='word_1_781' title='bbox 2206 5305 2469 5370; x_wconf 89' lang='lat' dir='ltr'>candida,</span> <span class='ocrx_word' id='word_1_782' title='bbox 2511 5309 2644 5375; x_wconf 86' lang='lat' dir='ltr'>post</span> <span class='ocrx_word' id='word_1_783' title='bbox 2663 5319 2793 5372; x_wconf 78' lang='lat' dir='ltr'>quae</span> <span class='ocrx_word' id='word_1_784' title='bbox 2830 5316 3024 5356; x_wconf 88' lang='lat' dir='ltr'>cruces</span> <span class='ocrx_word' id='word_1_785' title='bbox 3046 5301 3175 5354; x_wconf 59' lang='lat' dir='ltr'>dua!</span> <span class='ocrx_word' id='word_1_786' title='bbox 3233 5304 3539 5368; x_wconf 73' lang='lat' dir='ltr'>argenteae,</span> 
     </span>
    </p>
   </div>
   <div class='ocr_carea' id='block_1_117' title="bbox 1834 5385 3541 5464">
    <p class='ocr_par' dir='ltr' id='par_1_117' title="bbox 1834 5385 3541 5464">
     <span class='ocr_line' id='line_1_117' title="bbox 1834 5385 3541 5464; baseline -0.007 -14"><span class='ocrx_word' id='word_1_787' title='bbox 1834 5395 2152 5464; x_wconf 69' lang='lat' dir='ltr'>deportata:</span> <span class='ocrx_word' id='word_1_788' title='bbox 2178 5410 2211 5447; x_wconf 90' lang='lat' dir='ltr'>a</span> <span class='ocrx_word' id='word_1_789' title='bbox 2244 5393 2471 5447; x_wconf 91' lang='lat' dir='ltr'>duobus</span> <span class='ocrx_word' id='word_1_790' title='bbox 2500 5391 2789 5446; x_wconf 88' lang='lat' dir='ltr'>canonicis</span> <span class='ocrx_word' id='word_1_791' title='bbox 2838 5388 3320 5450; x_wconf 90' lang='lat' dir='ltr'>domicellaribus,</span> <span class='ocrx_word' id='word_1_792' title='bbox 3351 5385 3541 5453; x_wconf 89' lang='lat' dir='ltr'>primo</span> 
     </span>
    </p>
   </div>
   <div class='ocr_carea' id='block_1_118' title="bbox 1830 5473 3542 5551">
    <p class='ocr_par' dir='ltr' id='par_1_118' title="bbox 1830 5473 3542 5551">
     <span class='ocr_line' id='line_1_118' title="bbox 1830 5473 3542 5551; baseline -0.006 -14"><span class='ocrx_word' id='word_1_793' title='bbox 1830 5482 2211 5537; x_wconf 87' lang='lat' dir='ltr'>residentibus</span> <span class='ocrx_word' id='word_1_794' title='bbox 2239 5482 2297 5536; x_wconf 92' lang='lat' dir='ltr'>in</span> <span class='ocrx_word' id='word_1_795' title='bbox 2351 5480 2549 5551; x_wconf 89' lang='lat' dir='ltr'>cappis</span> <span class='ocrx_word' id='word_1_796' title='bbox 2583 5496 2596 5534; x_wconf 92' lang='lat'>:</span> <span class='ocrx_word' id='word_1_797' title='bbox 2640 5484 2762 5533; x_wconf 90' lang='lat' dir='ltr'>tum</span> <span class='ocrx_word' id='word_1_798' title='bbox 2802 5477 3104 5532; x_wconf 88' lang='lat' dir='ltr'>duodecim</span> <span class='ocrx_word' id='word_1_799' title='bbox 3143 5475 3202 5528; x_wconf 91' lang='lat' dir='ltr'>in</span> <span class='ocrx_word' id='word_1_800' title='bbox 3236 5473 3425 5543; x_wconf 90' lang='lat' dir='ltr'>palliis</span> <span class='ocrx_word' id='word_1_801' title='bbox 3453 5489 3542 5527; x_wconf 89' lang='lat' dir='ltr'>ce-</span> 
     </span>
    </p>
   </div>
   <div class='ocr_carea' id='block_1_119' title="bbox 1831 5559 3543 5632">
    <p class='ocr_par' dir='ltr' id='par_1_119' title="bbox 1831 5559 3543 5632">
     <span class='ocr_line' id='line_1_119' title="bbox 1831 5559 3543 5632; baseline -0.007 -9"><span class='ocrx_word' id='word_1_802' title='bbox 1831 5570 2008 5623; x_wconf 90' lang='lat' dir='ltr'>ruleis</span> <span class='ocrx_word' id='word_1_803' title='bbox 2038 5569 2260 5632; x_wconf 87' lang='lat' dir='ltr'>fratres,</span> <span class='ocrx_word' id='word_1_804' title='bbox 2295 5572 2358 5620; x_wconf 91' lang='lat' dir='ltr'>ut</span> <span class='ocrx_word' id='word_1_805' title='bbox 2381 5571 2677 5629; x_wconf 86' lang='lat' dir='ltr'>vocantur,</span> <span class='ocrx_word' id='word_1_806' title='bbox 2711 5564 2956 5626; x_wconf 88' lang='lat' dir='ltr'>sedium,</span> <span class='ocrx_word' id='word_1_807' title='bbox 2997 5566 3051 5615; x_wconf 88' lang='lat' dir='ltr'>et</span> <span class='ocrx_word' id='word_1_808' title='bbox 3072 5565 3319 5631; x_wconf 89' lang='lat' dir='ltr'>quatuor</span> <span class='ocrx_word' id='word_1_809' title='bbox 3339 5559 3543 5613; x_wconf 89' lang='lat' dir='ltr'>fratres</span> 
     </span>
    </p>
   </div>
   <div class='ocr_carea' id='block_1_120' title="bbox 1834 5647 3546 5728">
    <p class='ocr_par' dir='ltr' id='par_1_120' title="bbox 1834 5647 3546 5728">
     <span class='ocr_line' id='line_1_120' title="bbox 1834 5647 3546 5728; baseline -0.008 -17"><span class='ocrx_word' id='word_1_810' title='bbox 1834 5658 2097 5728; x_wconf 83' lang='lat' dir='ltr'>equitum</span> <span class='ocrx_word' id='word_1_811' title='bbox 2124 5656 2273 5721; x_wconf 84' lang='lat' dir='ltr'>(laici</span> <span class='ocrx_word' id='word_1_812' title='bbox 2301 5660 2433 5707; x_wconf 85' lang='lat' dir='ltr'>sunt</span> <span class='ocrx_word' id='word_1_813' title='bbox 2488 5652 2811 5723; x_wconf 65' lang='lat' dir='ltr'>praebendis</span> <span class='ocrx_word' id='word_1_814' title='bbox 2873 5650 3166 5703; x_wconf 86' lang='lat' dir='ltr'>laicalibus</span> <span class='ocrx_word' id='word_1_815' title='bbox 3204 5647 3546 5715; x_wconf 84' lang='lat' dir='ltr'>gaudentes)</span> 
     </span>
    </p>
   </div>
  </div>
