3976 6408
363 443 462 494 179

1667 445 1722 498 S.
1767 441 2050 498 HENRICI
2093 442 2165 497 1M
2178 443 2573 500 PERATORIS

3785 447 3895 498 I80

351 559 458 615 hos
505 559 801 632 excipiunt
839 561 949 615 DD.
1000 560 1196 614 vicarii
1244 563 1498 616 ecclesiae
1527 562 1748 617 cathed.
1798 579 1902 617 nec
1943 579 2058 617 non
2085 565 2130 618 Α
2170 565 2330 620 derio
2353 564 2779 619 venerationem
2808 563 2986 618 sancti
3018 563 3402 634 imperatoris,
3458 565 3528 620 de
3558 565 3666 620 hac
3696 565 3900 637 patria

351 647 613 702 canonici
660 647 838 702 trium
878 647 1245 702 ecclesiarum
1304 648 1734 719 collegiatarum
1783 665 1796 702 :
1848 648 2061 703 scilicet

353 736 425 791 ad
455 736 512 789 S.
541 735 841 801 Jacobum,
891 736 960 790 ad
1012 735 1067 790 S.
1113 737 1537 806 Gangolphum.
1583 736 1652 790 ad
1705 736 1761 790 S.
1817 737 2058 808 Stepha-

356 841 517 878 num.
578 824 842 878 Succedit
899 824 1458 878 Reverendissimum
1506 824 1822 894 capitulum
1874 825 2062 878 cathe-

355 912 532 967 drale.
589 912 921 982 Sequuntur
951 917 1150 966 statuae
1198 912 1256 966 in
1302 911 1520 965 feretris
1551 912 1868 981 deportata;
1893 927 1926 966 a
1967 911 2061 966 di-

358 1016 656 1054 versorum
686 1000 966 1056 Ordinum
1014 999 1310 1070 Religiosis
1358 1000 1415 1052 in
1469 999 1793 1054 Dalmaticis
1827 1016 1841 1066 ;
1876 1000 2062 1071 primo

357 1105 496 1142 crux
528 1088 802 1159 pretiosa.
842 1088 912 1142 de
961 1104 1073 1158 qua
1121 1103 1313 1158 supra,
1364 1103 1398 1140 a
1457 1091 1704 1158 quatuor
1749 1104 1816 1142 ex
1847 1088 2062 1143 Ordine

361 1177 470 1230 RP.
506 1177 753 1246 Cappuc.
803 1178 855 1230 2.
904 1177 1100 1230 Statua
1137 1176 1171 1229 S
1241 1174 1500 1244 Gregorii
1529 1191 1561 1228 a
1590 1181 1836 1246 quatuor
1867 1193 1937 1230 ex
1969 1176 2066 1230 Or-

361 1263 493 1320 dine
526 1266 628 1318 PP.
662 1264 947 1318 Carmelit.
997 1269 1048 1316 3.
1101 1265 1300 1316 Statua
1341 1263 1393 1318 S.
1455 1265 1824 1334 Cuucguudis
1857 1283 1888 1318 a
1918 1282 2063 1336 qua-

362 1358 495 1406 tuor
517 1368 582 1404 ex
618 1352 828 1407 Ordine
863 1353 966 1405 PP.
1022 1351 1300 1404 Francisc.
1351 1351 1404 1404 4.
1448 1352 1646 1406 Statua
1674 1353 1728 1406 S.
1781 1353 2006 1406 Henrici
2035 1367 2069 1406 a

362 1446 612 1510 quatuor
662 1456 730 1493 ex
781 1439 989 1494 Ordine
1050 1441 1155 1494 PP.
1217 1439 1580 1494 Praedicator.
1642 1444 1692 1495 5.
1753 1441 1951 1495 Statua
2005 1442 2064 1497 Β.

364 1527 611 1598 Virginis
650 1543 684 1581 a
723 1534 969 1598 quatuor
999 1544 1063 1581 ex
1105 1527 1240 1582 0rd.
1294 1529 1396 1582 PP.
1436 1528 1721 1583 Benedict.
1764 1529 2072 1583 lntercedit

363 1617 571 1670 chorus
623 1616 911 1669 musicalis
965 1617 1444 1681 instrumentalis,
1494 1623 1615 1670 tum
1666 1617 1876 1671 chorus
1925 1618 2072 1671 alius

357 1704 634 1773 juveuum
695 1703 914 1757 scenice
987 1703 1348 1771 vestitorum,
1406 1704 1782 1758 referentium
1837 1705 2072 1775 angelos

363 1807 493 1844 cum
523 1791 811 1862 cymbalis.
851 1859 856 1864 η

441 1882 559 1934 106.
607 1900 628 1928 ;‹
661 1879 992 1949 Sequuntur
1023 1878 1229 1933 deinde
1250 1878 1364 1934 duo
1397 1879 1715 1950 presbyteri
1744 1879 1801 1934 in
1848 1879 2072 1951 pluvia-

366 1967 536 2035 libus,
579 1973 869 2036 portantes
899 1967 1112 2021 librum
1162 1968 1604 2038 Evangeliorum
1652 1973 1707 2022 et
1737 1969 1942 2023 stolam
1972 1984 2075 2040 pro

367 2055 665 2110 cantandis
695 2055 753 2108 in
805 2055 1117 2125 designatis
1172 2056 1518 2109 stationibus
1552 2055 1870 2126 Evangeliis
1907 2071 1921 2109 :
1951 2061 2074 2110 tum

368 2145 614 2214 acolythi
655 2143 769 2197 duo
801 2148 1096 2214 portantes
1123 2144 1464 2197 candelabra
1493 2160 1624 2197 cum
1676 2145 1854 2198 cereis
1879 2161 2079 2198 accen-

369 2233 464 2285 sis.
499 2232 824 2286 Succedunt
853 2237 1102 2300 quatuor
1139 2231 1198 2284 in
1231 2231 1569 2296 dalmaticis,
1625 2248 1754 2285 cum
1804 2231 2078 2285 naviculis

370 2325 426 2372 et
472 2319 804 2384 thuribulis,
859 2318 1295 2372 Sanctissimum
1370 2319 1646 2372 continuo
1698 2319 2076 2373 incensautes.

375 2409 505 2461 Post
532 2423 674 2476 quos
718 2406 1115 2468 subdiaconus,
1175 2412 1233 2460 et
1285 2406 1578 2474 diaconus,
1619 2422 1683 2460 ac
1713 2407 1944 2461 tandem
1974 2406 2079 2460 sub

375 2495 714 2548 baldachino
757 2494 1282 2548 Reverendissimus
1338 2495 1590 2547 ecclesiae
1622 2494 1963 2548 cathedralis
1989 2495 2082 2549 de-

374 2598 548 2636 canus
579 2586 814 2650 portans
839 2581 1171 2636 Venerabile
1201 2582 1652 2647 Sacramentum,
1685 2583 1847 2652 cujus
1885 2584 2084 2638 utrim-

378 2669 648 2740 quelatus
705 2669 919 2740 stipant
965 2670 1272 2740 Episcopus
1325 2674 1382 2724 et
1433 2670 1776 2740 Przepositus
1825 2671 2081 2742 ejusdem

376 2758 625 2810 ecclesia:
655 2757 898 2824 cathed.,
931 2757 1192 2811 candidis
1240 2757 1460 2812 facibus
1496 2757 1776 2812 instructi.
1835 2759 2085 2830 Cingunt

381 2846 780 2900 haldachinum
827 2847 1014 2900 octoni
1057 2848 1314 2918 juvenes,
1353 2847 1500 2902 faces
1545 2847 1742 2901 itidem
1774 2849 2084 2918 praeferen-

379 2938 481 2997 tes,
526 2949 626 2986 nec
682 2949 797 2986 non
843 2933 1026 2986 tribus
1085 2935 1418 2988 machanica
1477 2934 1759 3005 pistorum
1805 2953 1935 2989 cum
1967 2935 2085 2990 suis

378 3021 628 3074 candelis
695 3021 1031 3091 majoribus.
1083 3023 1418 3092 Sequuntur
1462 3023 1665 3076 deinde
1715 3023 1934 3077 domini
1965 3030 2086 3077 sta—

2169 653 2312 708 adeo
2337 654 2611 723 praeclare
2643 653 2853 719 meriti,
2885 652 3248 724 aliquatenus
3267 653 3552 723 augendi;
3587 660 3645 709 et
3674 659 3901 726 poten-

2170 746 2285 795 tem
2339 741 2805 795 intercessionem
2867 740 3038 810 hujus
3093 739 3282 794 Sancti
3341 741 3504 810 cujus
3567 741 3901 795 sacratissi-

2175 846 2331 883 mum
2358 845 2564 900 corpus
2605 845 2780 899 penes
2811 845 2870 882 se
2917 827 3149 889 habent,
3191 829 3423 898 speciali
3473 829 3665 900 aliqua
3711 831 3905 884 devo-

2173 918 2326 970 tione
2359 917 2716 986 promerendi
2793 916 3129 984 delegerunt
3181 915 3287 968 sibi
3320 917 3543 987 aliquot
3580 917 3702 971 dies
3735 917 3906 971 infra

2173 1006 2461 1071 Octavam,
2496 1005 2704 1076 quibus
2737 1022 2858 1057 sacr
2887 1019 2959 1057 am
3010 1004 3360 1073 sepulcrum,
3393 1003 3506 1058 ritu
3557 1005 3906 1076 supplican-

2175 1093 2318 1148 tium
2351 1094 2592 1154 adirent,
2619 1097 2677 1146 et
2729 1093 2920 1146 Sancti
2963 1091 3368 1162 patrocinium,
3410 1092 3628 1162 junctis
3675 1091 3911 1146 animis

2177 1197 2239 1234 ac
2286 1179 2516 1234 vocibus
2563 1179 2957 1250 implorarent.
3031 1180 3130 1233 Die
3195 1176 3311 1232 uno
3353 1180 3566 1250 prodiit
3617 1180 3912 1234 sodalitas

2175 1266 2466 1335 Angelica.
2499 1281 2627 1335 qua:
2681 1270 2794 1318 tres
2853 1264 3250 1318 Crammatica:
3290 1266 3498 1318 classes
3553 1265 3909 1336 complecti-

2177 1359 2289 1406 tur.
2325 1353 2516 1407 Altero
2579 1352 2847 1406 sodalitas
2901 1351 3100 1416 Media,
3163 1369 3338 1422 quam
3398 1355 3586 1407 Poetae
3635 1359 3693 1406 et
3736 1353 3913 1408 Rhe-

2177 1447 2330 1495 tores
2415 1440 2790 1495 constituunt.
2878 1440 3068 1493 Tertio
3138 1441 3330 1510 Major,
3386 1458 3515 1510 qua:
3563 1447 3619 1495 et
3674 1441 3913 1495 Acade-

2182 1528 2327 1581 mica
2371 1523 2597 1593 dicitur,
2648 1526 2708 1579 in
2753 1542 2864 1597 qua
2917 1525 3248 1597 Philosophi
3282 1532 3340 1580 et
3384 1528 3657 1599 Theologi
3705 1529 3913 1582 locum

2186 1615 2419 1669 habent.

2257 1706 2376 1757 109.
2417 1725 2436 1749 ι
2481 1701 2746 1766 Quolibet
2775 1717 2842 1755 ex
2875 1701 2963 1755 bis
3002 1702 3094 1755 die
3147 1701 3478 1770 constituto,
3533 1703 3658 1757 sine
3691 1704 3916 1758 lectio-

2184 1805 2326 1844 num
2351 1789 2674 1860 dispendio,
2706 1794 2968 1859 tempore
3022 1789 3325 1842 ordinariae
3358 1806 3475 1843 suae
3504 1790 3704 1858 Missas,
3762 1807 3918 1862 pro-

2185 1877 2352 1931 cessit
2380 1892 2410 1930 e
2441 1875 2758 1948 gymnasio,
2783 1892 2848 1929 ac
2877 1875 3078 1929 ordine
3107 1875 3448 1946 composito,
3490 1883 3682 1930 secuta
3721 1894 3916 1932 suum

2183 1964 2474 2030 vexillum,
2515 1964 2666 2018 inter
2706 1965 2974 2018 devotum
3023 1963 3350 2017 litaniarum
3409 1971 3778 2034 concentum,
3836 1967 3922 2020 ad

2186 2052 2478 2106 ecclesiam
2520 2051 2905 2106 cathedralem
2961 2067 3262 2121 progressa
3312 2051 3420 2105 fuit
3459 2068 3472 2104 :
3512 2053 3605 2105 ubi
3637 2056 3921 2124 compul-

2187 2139 2408 2194 satione
2462 2154 2895 2207 campanarum,
2937 2144 2992 2191 et
3023 2137 3088 2192 ad
3129 2138 3428 2192 introitum
3462 2144 3664 2210 porte,
3696 2156 3920 2210 asper-

2189 2228 2348 2281 sione
2386 2243 2552 2298 aqua:
2609 2227 2882 2291 lustralis,
2943 2227 3015 2280 ab
3063 2226 3376 2280 admodum
3433 2227 3749 2281 reverendo
3802 2229 3921 2283 do-

2189 2315 2348 2370 mino
2397 2315 2738 2370 subcustode
2770 2319 2998 2384 excepta
3058 2313 3185 2367 fuit.
3220 2314 3358 2368 Inde
3407 2313 3475 2367 ad
3525 2330 3681 2367 aram
3716 2319 3778 2368 et
3810 2331 3925 2367 sa-

2189 2419 2345 2457 cram
2373 2404 2652 2457 Tumbam
2690 2402 2984 2474 prostrati,
3040 2408 3269 2473 accepta
3330 2401 3731 2456 benedictione
3764 2419 3920 2455 san-

2190 2491 2425 2545 ctissimi
2479 2489 2846 2556 Sacramenti,
2905 2490 3250 2544 audiverunt
3306 2489 3732 2559 Missam;[sub
3790 2507 3926 2561 qua

2194 2579 2458 2634 Ofﬁcium
2491 2579 2559 2631 de
2588 2578 2643 2632 S.
2681 2577 2943 2642 Henrico,
3005 2577 3240 2630 alternis
3297 2577 3573 2642 versibus,
3605 2585 3928 2647 praeeunte

2195 2667 2456 2739 praeside,
2489 2668 2603 2720 alta
2632 2682 2762 2719 voce
2822 2665 3150 2719 recitarunt.
3198 2666 3332 2719 Post
3385 2665 3930 2734 consecrationem,

2195 2756 2602 2826 perantiquum
2635 2770 2697 2808 ac
2721 2754 2990 2808 devotum
3024 2753 3302 2822 hymnum
3328 2753 3397 2807 de
3431 2754 3634 2806 eodem
3656 2753 3882 2808 Sancto
3913 2772 3926 2808 :

2199 2845 2412 2900 Laudet
2442 2842 2630 2896 omnis
2660 2842 2891 2912 spiritus
2929 2841 3240 2907 Christum,
3307 2841 3406 2912 qui
3438 2841 3731 2904 divinitus,
3775 2848 3929 2906 etc.,

2197 2932 2588 2986 intersonante
2606 2947 2843 2999 organo,
2879 2930 3273 2992 decantarunt,
3305 2945 3368 2982 ac
3390 2930 3616 2983 demam
3647 2931 3932 2984 devotio-

2198 3037 2329 3075 nem
2359 3036 2544 3084 suam,
2576 3019 2779 3072 iterata
2822 3017 3028 3072 Christi
3075 3017 3437 3070 eucharistici
3468 3017 3574 3071 sibi
3599 3017 3749 3071 bene
3780 3035 3932 3088 pre-

382 3115 469 3161 tus
502 3109 806 3175 saecularis,
877 3109 1146 3163 nobilitas
1187 3111 1392 3178 aulica,
1447 3115 1571 3164 tum
1625 3112 1736 3165 DD.
1775 3112 2085 3165 consiliarii
2121 3116 2161 3169 C
2199 3109 2378 3163 cautis
2407 3107 2742 3162 adoratione
2769 3107 3193 3160 concluserunt.

384 3197 713 3260 Celsissimi,
769 3201 826 3250 et
880 3197 1088 3266 reliqui
1143 3213 1208 3250 ex
1275 3198 1514 3252 diversis
1595 3198 1911 3252 dicasteriis
1985 3216 2087 3253 suo

383 3284 584 3338 ordine
637 3284 929 3350 oﬂiciales,
983 3287 1200 3355 populo
1259 3301 1323 3339 ac
1375 3286 1542 3355 plebe
1619 3291 1808 3340 cetera
1879 3303 2089 3358 agmen

385 3371 705 3426 claudente.

463 3460 581 3512 l07.
611 3478 639 3506 ‹‹
669 3457 936 3534 Subsistit
990 3458 1274 3528 processio
1337 3459 1396 3513 in
1430 3461 1772 3516 stationibus
1817 3467 2090 3534 quatuor,

387 3561 634 3616 quarum
659 3545 845 3616 prima
893 3531 1134 3599 habetur
1167 3563 1344 3617 prope
1389 3549 1682 3604 ecclesiam
1716 3531 2094 3618 PP.-Cappu.

386 3634 671 3699 ciuorum,
738 3633 917 3686 altera
969 3633 1027 3687 in
1094 3635 1332 3688 ecclesia
1379 3636 1696 3705 parochiali
1751 3637 1806 3691 S.
1846 3636 2090 3698 Martini,

390 3722 558 3776 tertia
588 3722 645 3775 in
682 3723 803 3776 foro
862 3739 1038 3792 prope
1100 3723 1398 3779 ecclesiam
1453 3727 1560 3780 PP.
1624 3726 1947 3802 Societatis,
1995 3725 2096 3781 ubi

390 3812 538 3865 cives
568 3811 628 3864 in
659 3813 831 3864 armis
887 3818 1304 3880 comparentes,
1356 3818 1528 3884 atque
1580 3814 1639 3868 in
1666 3814 1929 3869 cohortes
1961 3831 2097 3884 qua-

393 3903 524 3950 tuor
552 3898 843 3952 distinctas
871 3899 1086 3969 partiti,
1128 3901 1552 3970 processionem
1607 3902 1917 3972 excipiunt,
1969 3919 2098 3974 quae

393 3986 462 4037 ad
485 3985 776 4040 ecclesiam
823 3988 1205 4042 cathedralem
1256 3996 1566 4056 revertens,
1597 3991 1905 4044 stationem
1934 4005 2101 4060 quar-

399 4079 512 4127 tam
544 4079 600 4127 et
628 4075 886 4128 ultimam
917 4076 1035 4146 agit
1065 4077 1124 4129 in
1156 4093 1286 4129 area
1301 4082 1529 4147 patente
1548 4083 1678 4130 ante
1710 4079 1902 4131 aulam
1931 4078 2100 4132 Priu-

396 4161 560 4230 cipis.
593 4161 690 4216 ubi
725 4163 914 4216 denuo
946 4164 1074 4218 duae
1091 4165 1354 4218 cohortes
1380 4164 1588 4218 civium
1603 4165 1731 4218 alias
1759 4165 2100 4233 consistunt,

398 4264 528 4301 cum
561 4249 769 4319 quibus
800 4267 921 4304 sese
951 4257 1202 4322 quatuor
1251 4251 1363 4304 illa:
1399 4253 1780 4322 conjuugunt,
1815 4257 1878 4306 ut
1907 4257 2104 4322 postea

399 4337 598 4390 festiva
655 4338 1102 4392 bombardarum
1160 4339 1509 4407 explosione,
1543 4339 1612 4392 ad
1647 4340 2018 4410 Evangelium
2051 4344 2106 4392 et

400 4427 774 4481 elevationem
835 4427 1098 4496 repetita,
1160 4428 1372 4481 summi
1426 4427 1580 4481 Sacri
1641 4433 1888 4498 augeant
1919 4428 2105 4481 solen-

403 4513 680 4578 nitatem;
731 4514 883 4583 quod
950 4513 1102 4567 idem
1146 4513 1676 4568 Reverendissimus
1742 4517 1804 4567 D.
1861 4514 2109 4568 decanus

403 4601 670 4666 celebrat,
725 4610 782 4654 et
829 4602 962 4654 data
1015 4603 1120 4654 sub
1185 4602 1361 4655 tinem
1415 4601 1817 4656 benedictione
1886 4601 2112 4655 solenni

404 4703 533 4740 cum
590 4689 930 4753 Venerabili,
990 4689 1354 4744 festivitatem
1409 4689 1928 4744 antemeridiauam
1982 4705 2114 4742 cou-

406 4775 604 4826 cludit.
639 4795 665 4824 ι)

621 4861 646 4932 §
681 4865 771 4917 ιιι.
805 4865 1190 4919 Incremenlum
1243 4869 1377 4920 anni
1436 4866 1604 4934 hujus
1640 4882 1932 4920 MDCCXXlll.

399 4943 403 4946 ⁴
487 4954 604 5004 108.
639 4952 916 5004 Hactenus
962 4953 1238 5006 stabilitas
1297 4960 1356 5007 et
1387 4955 1845 5007 constantissima
1894 4954 1952 5006 in
1985 4971 2112 5005 sau-

411 5038 728 5092 ctissimum
755 5040 1064 5092 Patronum
1113 5040 1393 5094 Ordinum
1446 5041 1706 5094 omnium
1745 5040 2119 5111 Bambergen.

415 5128 586 5190 sium,
610 5132 808 5195 utpote
837 5126 1326 5196 pientissimorum
1352 5128 1650 5192 clientum,
1682 5133 1992 5194 veneratio,
2025 5131 2116 5184 cui

415 5216 709 5270 cumulum
731 5229 940 5269 novum
955 5215 1059 5268 hoc
1080 5216 1202 5285 ipso
1222 5233 1374 5270 anno
1414 5217 1711 5270 accessisse
1751 5217 2036 5289 intelliges
2049 5236 2115 5273 ex

416 5303 697 5375 adjunctis
756 5304 1003 5358 Pottuvii
1033 5304 1254 5370 litteris,
1312 5321 1454 5376 quas
1499 5306 1586 5359 his
1617 5307 1788 5360 etiam
1835 5307 2112 5361 describo.

415 5392 504 5446 Sic
528 5393 746 5446 habet:
789 5414 810 5440 ι
849 5391 948 5446 Hic
976 5393 1160 5446 cultus
1217 5394 1269 5448 S.
1332 5393 1557 5447 Henrici
1614 5395 1885 5448 hactenus
1945 5394 2116 5446 usita-

417 5487 507 5534 tus
523 5486 578 5534 et
609 5481 938 5535 ordinarius
963 5481 1091 5535 fuit.
1135 5484 1250 5536 Hoc
1306 5498 1456 5534 anno
1484 5499 1751 5537 uncaxxni
1785 5484 2117 5554 Congrega-

417 5568 620 5630 tiones,
655 5584 782 5638 quae
811 5570 868 5623 in
893 5570 1197 5624 Academia
1214 5569 1638 5639 Bambergensi,
1673 5572 1776 5624 sub
1805 5572 2119 5624 directione

421 5655 650 5707 Patrum
682 5654 974 5708 Societatis
1015 5657 1147 5709 Jesu
1203 5658 1471 5710 institutae
1500 5663 1652 5717 sunt.
1686 5674 1933 5712 accensa:
1964 5657 2115 5711 desi-

2272 3199 2387 3252 ΗΟ.
2443 3215 2470 3246 α
2502 3197 2770 3249 Parentes
2799 3193 2904 3246 hac
2937 3193 3273 3258 liberorum,
3323 3209 3458 3262 erga
3488 3194 3765 3248 Sanctum
3803 3196 3931 3248 lm-

2199 3291 2541 3356 peratorem,
2599 3283 2814 3353 pietate
2861 3281 3150 3348 delectati,
3184 3287 3465 3351 egerunt,
3526 3287 3589 3335 ut
3636 3282 3938 3337 sodalitas

2199 3374 2374 3427 civica
2431 3371 2616 3424 simile
2695 3369 3080 3423 venerationis
3175 3369 3517 3440 obsequium
3593 3378 3939 3425 memorato

2202 3467 2396 3515 sancto
2432 3462 2678 3514 Patrono
2705 3458 3000 3512 exhiberet
3032 3473 3046 3523 ;
3079 3473 3192 3528 quo
3223 3462 3278 3511 et
3307 3457 3612 3527 insigniter
3646 3462 3942 3528 praestitit

2205 3549 2497 3604 Dominica
2527 3547 2676 3601 infra
2707 3548 2992 3612 Octavam,
3044 3546 3513 3600 numerosissimo
3543 3547 3940 3604 dominorum

2203 3655 2267 3691 ac
2296 3637 2503 3691 civium
2553 3635 2848 3689 comitatu.
2895 3635 3414 3688 Excellentissimus
3447 3635 3721 3689 dominus
3754 3637 3942 3692 deca-

2205 3742 2334 3794 nus,
2366 3729 2660 3796 perspecta
2688 3723 2792 3777 hac
2815 3721 3319 3792 Bambergensium
3353 3722 3411 3775 in
3443 3723 3658 3776 cultum
3685 3723 3744 3778 S.
3784 3726 3945 3780 Hen-

2205 3813 2307 3867 rici
2341 3813 2747 3883 propensione,
2809 3811 3099 3881 sapienter
3128 3811 3227 3864 illa
3277 3827 3413 3864 usus
3444 3811 3567 3873 fuit,
3601 3812 3673 3865 ad
3707 3811 3944 3868 festivi-

2207 3908 2383 3956 tatem
2415 3901 2638 3956 Octava:
2691 3899 2873 3953 sancti
2928 3898 3294 3969 Imperatoris
3325 3899 3500 3952 etiam
3555 3905 3689 3968 post
3753 3904 3946 3957 meri-

2209 3990 2362 4044 diem
2389 4005 2477 4056 ea,
2507 4003 2620 4058 qua
2661 4003 2764 4058 par
2813 3993 2919 4052 est,
2953 3987 3254 4040 devotione
3308 3987 3714 4041 celebrandam
3751 3997 3949 4062 atque

2210 4077 2429 4147 optimo
2487 4075 2600 4128 line
2655 4073 3128 4128 concludendam.
3185 4075 3613 4129 Consueverant
3641 4074 3942 4132 hactenus

2214 4165 2678 4232 Bambergenses,
2712 4166 2842 4231 post
2869 4162 3185 4215 exantlatos
3218 4177 3386 4214 mane
3421 4161 3480 4214 in
3509 4161 3861 4219 adornanda
3892 4175 3947 4219 et

2213 4251 2541 4322 peragenda
2589 4250 2950 4321 processione
3007 4249 3252 4316 labores,
3307 4254 3534 4319 tempus
3571 4253 3944 4318 pomeridia-

2216 4357 2355 4394 num
2383 4340 2518 4394 dare
2550 4339 2877 4392 animorum
2923 4336 3285 4403 relaxationi,
3345 4336 3645 4391 invisendo
3689 4341 3946 4407 amicos,

2220 4429 2302 4482 vel
2335 4426 2703 4498 exspatiando
2734 4425 2792 4478 in
2823 4425 3018 4480 hortos
3049 4431 3106 4478 et
3135 4423 3422 4478 viridaria.

2299 4519 2412 4570 lH.
2449 4539 2476 4560 κ
2534 4516 2614 4568 Ne
2643 4513 2822 4583 igitur
2861 4512 3144 4583 particula
3172 4511 3342 4581 hujus
3372 4513 3536 4566 bona:
3571 4512 3688 4567 diei
3717 4515 3950 4586 absque

2222 4603 2503 4672 spirituali
2535 4602 2742 4668 fructu,
2795 4608 2853 4654 et
2907 4600 3134 4672 publica
3192 4602 3559 4654 veneratione
3615 4605 3805 4657 sancti
3843 4607 3952 4659 Pa-

2221 4691 2374 4744 troni
2430 4689 2772 4761 praeteriret,
2824 4690 3086 4743 laudatus
3130 4687 3653 4743 Excellentissimus
3695 4707 3952 4760 operam

2225 4781 2397 4842 dedit,
2433 4784 2494 4832 ut
2525 4780 2646 4832 laus
2684 4778 2871 4832 Sancti
2905 4777 3084 4830 nostri
3123 4795 3156 4830 a
3208 4777 3531 4846 juventute,
3564 4792 3632 4830 ex
3663 4781 3954 4833 omnibus

2226 4866 2578 4922 catechismis
2608 4871 2664 4919 et
2691 4865 2895 4919 scholis
2926 4865 3247 4918 trivialibus
3279 4863 3457 4918 totius
3483 4864 3644 4918 urbis
3675 4867 3952 4932 collecta,

2225 4957 2457 5011 demum
2492 4953 2879 5024 perﬁceretur.
2911 4954 3131 5023 Itaque,
3183 4952 3392 5024 praevia
3449 4951 3823 5019 invitatione,
3855 4973 3952 5010 nu-

2231 5043 2610 5098 merosissima
2641 5043 2926 5112 juventus.
2960 5057 3076 5094 una
3129 5056 3258 5094 cum
3318 5041 3643 5094 scholarum
3677 5045 3952 5110 praesidi-

2231 5135 2352 5198 bus,
2385 5149 2416 5185 a
2444 5131 2679 5185 meridie
2704 5135 3050 5201 congregata
3086 5129 3195 5184 fuit
3248 5129 3308 5182 in
3337 5131 3551 5199 templo
3584 5129 3833 5185 Patrum
3859 5135 3952 5187 So~

2229 5219 2447 5273 cietatis
2470 5221 2618 5281 Jesu,
2672 5217 2867 5289 ibique
2922 5217 3198 5270 adornata
3245 5217 3551 5288 processio,
3602 5233 3735 5286 quae
3767 5219 3952 5291 longa

2230 5307 2394 5370 serie,
2428 5307 2780 5376 pulchroque
2822 5305 3040 5367 ordine,
3105 5306 3254 5358 inter
3302 5304 3427 5373 pios
3458 5309 3657 5368 cantus
3680 5312 3952 5375 pervenit

2229 5395 2296 5448 ad
2331 5393 2624 5447 ecclesiam
2657 5393 3040 5446 cathedralem
3088 5392 3194 5446 sub
3225 5391 3398 5445 ﬁnem
3431 5393 3850 5462 Vesperarnm.
3901 5399 3952 5450 El

2230 5482 2538 5550 quiajussu
2595 5480 2850 5550 ejusdem
2907 5479 3366 5535 excellentissimi
3421 5480 3667 5546 Domini,
3701 5486 3950 5539 ecathe-

2231 5570 2332 5622 dra
2362 5569 2789 5640 promulgatum
2845 5568 3050 5632 fuerat,
3084 5573 3213 5638 post
3261 5569 3538 5637 Vesperas
3582 5584 3700 5622 non
3758 5575 3950 5628 solum

2236 5658 2369 5712 illuc
2399 5658 2717 5710 ducendam
2740 5657 3154 5728 processionem
3186 5657 3582 5727 parvulorum,
3632 5656 3731 5710 sed
3772 5660 3950 5712 etiam
