3980 6442
138 408 257 494 ιιιδΔ

206 1530 437 1598 Antiph.
475 1529 574 1584 Hic
613 1533 718 1597 est,
779 1530 879 1600 qui
915 1529 1153 1585 nescivit
1210 1530 1447 1585 thorum
1502 1530 1560 1586 in
1608 1532 1835 1599 delicto,

139 1618 365 1672 habebit
404 1617 655 1671 fructum
718 1617 774 1671 in
826 1618 1186 1688 respectione
1233 1618 1561 1674 animarum
1622 1626 1840 1675 sancta-

140 1722 279 1759 rum.
310 1708 449 1775 Sap.
486 1723 567 1759 ιιι.

206 1794 239 1857 Ῡ
280 1795 477 1849 Justus
521 1793 887 1863 germinabit,
922 1794 1068 1849 sicut
1098 1795 1305 1850 lilium.

204 1881 245 1947 ιῆ
286 1883 349 1935 Et
380 1881 609 1935 ﬂorebit
639 1882 698 1936 in
728 1887 1007 1937 internum
1035 1888 1169 1937 ante
1204 1885 1532 1941 Dominum.

132 2017 147 2031 ,
206 1984 423 2038 οιιΑτιο,
458 1976 517 2024 ul
547 1986 743 2040 supra.

1786 447 1878 502 AC'

3546 416 3685 502 πεδ’

1862 566 1909 619 A
2232 559 2427 616 Oratio
2459 564 2722 615 truncata
2755 576 2768 615 :

2154 650 2353 704 Sextus
2384 665 2567 702 annus
2600 650 2872 717 volvitur,

2158 739 2222 792 Et
2252 738 2551 808 problema
2580 737 2826 791 solvitur

2229 826 2454 880 Corona
2483 826 2791 896 duplicata.

2158 916 2478 984 Purgatura
2497 913 2758 967 criminis

2161 1005 2386 1076 Notam,
2424 1002 2594 1072 Virgo
2631 1001 2878 1071 Virginis

2233 1091 2500 1145 Vendicat
2529 1090 2809 1160 pudorem
2844 1106 2858 1156 ;

2161 1180 2373 1247 Purgat
2400 1179 2772 1245 adulterium,

2162 1267 2485 1338 lgnitorum
2518 1283 2819 1321 vomerum

2232 1357 2355 1411 Non
2384 1355 2635 1409 sentiens
2666 1356 2933 1409 calorem.

2159 1445 2222 1497 In
2255 1443 2486 1498 Cassino
2518 1448 2713 1497 monte
2744 1459 2942 1497 curam

2162 1531 2465 1593 Benedicti,
2495 1536 2625 1600 post
2653 1547 2980 1601 pressuram

2235 1621 2485 1689 Longam
2520 1619 2694 1672 sentit
2723 1619 2944 1682 calculi,

2160 1711 2363 1774 Quem,
2396 1708 2535 1761 dum
2566 1724 2847 1778 nusquam
2884 1707 2957 1760 sit
2992 1712 3321 1761 contactum

2163 1798 2403 1867 Corpus,
2436 1802 2630 1850 tamen
2674 1796 2810 1849 inde
2832 1800 3079 1850 tractum

2236 1884 2608 1938 Admirantur
2628 1883 2859 1953 singuli.

2167 1973 2423 2042 Angelus
2454 1972 2619 2025 fortis
2641 1972 2850 2025 militat
2878 1971 2936 2025 in
2968 1971 3166 2025 castris

2169 2062 2357 2114 Victor
2393 2060 2669 2113 victorem
2700 2060 2886 2130 gloria
2915 2075 3216 2126 coronans,

2244 2150 2413 2203 Hoste
2440 2148 2656 2219 fugato.

2172 2237 2440 2292 Precibus
2466 2236 2679 2290 crebris
2710 2235 2889 2290 instat
2918 2236 3123 2290 alienis

2172 2326 2332 2381 Curis
2364 2341 2597 2390 vacuus,
2630 2327 2746 2379 Deo
2777 2342 2979 2379 vacans
3020 2324 3231 2396 saepius

2242 2414 2391 2468 Orbe
2420 2419 2643 2483 pacato,

2175 2503 2319 2556 Dum
2349 2501 2626 2571 migraret
2655 2517 2720 2555 ex
2746 2501 2851 2555 hac
2884 2499 3030 2566 vita;

2175 2589 2370 2645 Finem
2397 2590 2476 2642 rei
2509 2589 2749 2642 eremita

2248 2677 2451 2732 Didicit
2481 2694 2549 2732 ex
2583 2679 2847 2731 daemone
2873 2694 2885 2731 :

2175 2767 2262 2821 Nil
2293 2768 2591 2820 inventum
2617 2772 2802 2820 morte
2835 2766 3099 2836 dignum,

2176 2856 2371 2923 Neque
2401 2856 2640 2919 foenum,
2665 2870 2854 2924 neque
2884 2855 3107 2924 lignum

2246 2944 2377 2997 Nhil
2409 2942 2658 2996 hominis
2688 2944 2747 2995 in
2781 2942 3044 2995 homine.

2173 3031 2321 3086 Talis
2350 3031 2571 3085 Christo
2597 3030 2919 3095 deservivit,

2169 3121 2317 3174 Talis
2340 3119 2562 3174 Christo
2586 3118 2779 3171 vivens
2802 3118 2957 3183 vivit,

2245 3210 2308 3262 In
2340 3214 2555 3263 aeterna
2586 3206 2789 3277 patria.

2172 3297 2379 3350 Servus
2412 3303 2543 3350 tuus
2555 3301 2611 3349 et
2638 3296 2871 3348 Amicus

2169 3388 2307 3452 Tua,
2344 3386 2512 3451 Deus,
2542 3400 2645 3438 nos
2680 3383 2958 3439 Henricus

2246 3474 2583 3528 Consoletur
2613 3473 2817 3544 gratia.

2037 3558 2071 3626 ἱ
2117 3563 2228 3617 Ora
2257 3576 2363 3630 pro
2394 3560 2580 3625 nobis,
2602 3567 2794 3614 sancte
2828 3558 3088 3623 Henrico,

2029 3650 2073 3716 ὣ
2116 3650 2185 3703 Ut
2213 3649 2373 3719 digni
2394 3649 2714 3702 efﬁciamur
2744 3645 3218 3716 promissionibus
3250 3643 3481 3699 Christi.

2655 3734 2957 3790 OREMUS.

2455 3828 2542 3879 Ea:
2574 3827 2850 3879 Breviario
2891 3826 3151 3878 Romano.

334 557 756 613 Intaminatum
796 557 1067 629 spiritum

334 650 379 700 A
400 647 696 718 conjugali
726 647 953 702 vinculo

337 736 737 807 Corruptionis
767 735 1043 790 nescium.

413 824 562 879 Raro
592 824 766 878 tidem
809 823 1117 878 mirasculo

336 912 621 982 Suprema
649 928 753 965 vox
785 912 927 982 aegri
957 910 1095 966 facit
1126 927 1138 965 :

340 1001 560 1057 Habete
584 1000 746 1055 vobis
775 1001 1089 1072 Virginem,

338 1089 523 1153 Quam
558 1088 637 1143 mi
662 1088 897 1143 dedistis
928 1090 1263 1161 Conjugem.

419 1177 659 1230 Virtutis
690 1176 960 1247 exempli,
990 1178 1157 1246 Deus,

344 1266 542 1319 Tanta:
576 1265 728 1319 trahi
756 1265 1067 1336 fragrantis

340 1355 367 1407 J
377 1353 652 1423 ungiqne,
688 1360 914 1424 praesta,
954 1354 1090 1408 liliis

346 1442 414 1495 In
448 1441 800 1512 sempiterna
849 1441 1055 1512 gloria.

727 2059 1252 2117 COMMENDATIO.

429 2151 546 2201 121.
583 2148 863 2218 Suprema
895 2165 1207 2220 regnorum
1251 2152 1481 2217 Parens,

354 2237 464 2289 Per
492 2251 665 2306 quem
698 2241 961 2306 potentes
999 2238 1309 2308 imperant,

354 2325 459 2388 Da,
494 2324 649 2394 quod
683 2341 987 2394 precamur
1018 2326 1233 2381 subditi

352 2411 454 2464 Sui
487 2428 591 2482 per
618 2426 742 2466 acta
770 2413 1069 2483 Principis.

430 2501 671 2571 thuas
701 2502 762 2554 in
795 2502 895 2555 illo
926 2503 1136 2557 cielica:

355 2587 591 2640 Virtutis
631 2590 995 2644 excellentias

355 2675 659 2740 Verentur,
691 2677 904 2730 addant
940 2685 1194 2750 tangere.

358 2763 458 2816 Vel
492 2766 820 2819 aemulando
851 2768 950 2820 tim
962 2768 1129 2823 brias.

429 2851 574 2905 Cum
605 2854 838 2906 ﬂamma
869 2871 968 2908 nos
991 2857 1281 2927 cupidinis

352 2939 491 2993 Telo
527 2941 759 3011 sagittat
791 2943 991 3011 igneo;

352 3030 498 3082 Cum
531 3030 717 3083 noxiae
752 3030 1009 3084 libidinis

353 3115 584 3168 Videbis
614 3122 783 3170 (Bstru
818 3118 1097 3188 percitos;
1881 3116 1921 3167 C

430 3203 538 3257 Ubi
568 3204 759 3274 pudici
792 3206 1074 3276 Principis

353 3289 571 3345 Sonare
605 3309 818 3347 nomen
849 3294 1051 3348 audies

354 3379 453 3433 Pie
484 3386 773 3447 vocatum,
800 3383 1092 3436 mentibus

358 3466 565 3522 Exesse
585 3470 847 3523 ﬂammas
875 3470 1143 3540 imperes.

429 3555 519 3609 Sit
545 3558 887 3612 saeculorum
918 3558 1104 3630 gloria

355 3642 481 3697 Tibi
505 3644 673 3698 Pater
702 3662 831 3700 cum
864 3647 1025 3709 Filio,

356 3731 424 3783 Et
453 3732 696 3802 Spiritu,
730 3734 831 3804 qui
858 3734 1151 3806 virginum

357 3819 449 3873 Est
481 3826 674 3875 castus
703 3822 911 3893 hospes
939 3823 1242 3878 mentium.

220 3906 313 3987 llic
339 3909 542 3962 nolular
597 3911 916 3964 inseruntur
952 3911 1029 3965 ad
1065 3913 1399 3979 explicanda
1443 3914 1707 3967 nonnulla
1737 3931 1855 3982 quae
1966 3918 2113 3971 Deus
2144 3915 2245 3987 qui
2275 3913 2555 3970 hodierna
2585 3912 2675 3967 die
2704 3912 2938 3965 beatum
2969 3910 3293 3973 Henricum,
3337 3913 3445 3962 etc.

160 3992 209 4043 in
234 3984 659 4061 precedeutibus
689 3998 1004 4053 obscuriora
1032 4000 1214 4054 videri
1255 4007 1474 4071 possent
1501 4019 1518 4056 :
1552 4007 1609 4056 at
1641 4019 1735 4056 nos
1764 4018 1854 4057 eas

158 4085 592 4144 pralermisimus
613 4102 734 4140 cum
765 4090 945 4141 omnia
963 4091 1214 4157 superius
1236 4092 1373 4144 satis
1393 4092 1695 4159 explanata
1719 4094 1851 4146 sint.

163 4170 458 4237 Sequuntur
479 4174 661 4229 libelli
688 4176 903 4245 reliqua
936 4178 1009 4230 ad
1041 4178 1094 4231 S.
1161 4177 1469 4232 Henricum
1526 4184 1832 4248 spectantia

2676 4000 2955 4056 ORATIO.

2425 4092 2521 4145 Ea:
2534 4092 2763 4160 proprio
2780 4087 3193 4154 Bambergensi.

2038 4185 2157 4236 l23.
2216 4183 2363 4235 Deus
2392 4181 2494 4250 qui
2532 4180 2764 4233 beatum
2825 4176 3134 4231 Henricum
3186 4176 3315 4244 post
3362 4176 3655 4225 terrenum

1960 4270 2272 4342 imperium
2324 4268 2665 4339 insignitum
2721 4265 2986 4319 aethereis
3027 4262 3258 4317 sedibus
3308 4259 3602 4314 collocasti
3644 4278 3659 4311 .-

1884 4389 1924 4440 υ
1962 4357 2173 4423 tribue,
2203 4372 2555 4427 qumsnmus,
2589 4359 2654 4407 ut
2682 4369 2852 4424 quem
2886 4350 3065 4420 signis
3106 4348 3521 4401 miraculorum
3542 4348 3663 4400 cla-

1964 4460 2088 4498 rere
2114 4443 2424 4508 cernimus,
2479 4442 2727 4495 eumden
2783 4440 3221 4492 intercessorem
3278 4435 3336 4487 in
3385 4432 3668 4503 angustiis

1962 4532 2294 4586 sentiamus.
2329 4533 2436 4585 Per
2476 4529 2806 4589 Dominum,
2841 4530 2946 4579 etc.

2426 4618 2513 4671 DE
2552 4614 2818 4670 SANCTO
2864 4609 3197 4665 HENRICO.

2070 4709 2155 4761 Ea:
2201 4705 2509 4759 Annalibus
2539 4698 3026 4771 Bambergensibus
3053 4696 3206 4766 apud
3237 4695 3567 4762 Grelserum,

2660 4804 2795 4858 pag.
2837 4789 2963 4841 426.

2040 4883 2157 4936 124.
2214 4880 2313 4935 Eia
2344 4894 2585 4951 germen
2630 4877 2954 4941 Saxonum;
3000 4874 3232 4928 culmen
3290 4872 3667 4941 Bavarorum,

1964 4970 2355 5026 Palatinarum
2383 4966 2572 5022 Rheni
2595 4966 2808 5031 honor;
2842 4964 3013 5018 decus
3037 4962 3393 5029 Germaniae;
3434 4961 3671 5032 Imperii

1964 5060 2177 5131 gloria;
2239 5057 2501 5113 Ecclesiae
2558 5056 2848 5125 singulare
2896 5056 3345 5117 ornamentum;
3387 5056 3446 5104 et
3496 5050 3672 5103 totius

1967 5149 2123 5203 orbis
2154 5147 2501 5218 stupendum
2537 5144 2908 5199 miraculum:
2971 5140 3360 5197 Sacratissime
3413 5140 3672 5209 Impera-

1955 5240 2059 5289 .tor
2090 5235 2381 5299 Heinrice;
2433 5238 2490 5287 te
2541 5232 2844 5301 diligentes
2873 5229 3127 5293 intuere;
3160 5232 3212 5281 et
3242 5226 3327 5279 fac
3356 5224 3471 5278 tuis
3498 5224 3669 5277 meri-

1965 5324 2040 5380 tis
2070 5329 2126 5377 et
2156 5322 2449 5394 precibus;
2512 5325 2577 5375 ut
2607 5320 2691 5374 tui
2721 5320 2968 5372 cultores
3014 5315 3139 5370 fieri
3172 5317 3501 5368 mereantur
3555 5312 3666 5365 vir-

1967 5417 2157 5466 tutum
2206 5396 2437 5484 tuarum
2473 5426 2576 5481 pro
2608 5425 2772 5480 posse
2795 5406 3112 5460 imitatores
3145 5419 3158 5457 :
3191 5406 3477 5472 quatenus
3506 5400 3670 5455 vesti-

1970 5502 2077 5572 giis
2106 5500 2220 5556 tuis
2259 5500 2633 5566 inhaerentes,
2663 5496 3017 5568 gaudeamus
3048 5491 3140 5546 hic
3164 5497 3263 5544 tuo
3306 5505 3535 5559 semper
3567 5506 3667 5559 pa-

1971 5590 2234 5651 trocinio.
2271 5596 2329 5644 et
2357 5587 2589 5643 tandem
2634 5585 2802 5640 beato
2836 5583 2895 5638 in
2952 5578 3273 5637 celestibus
3301 5581 3401 5633 tuo
3435 5591 3669 5634 consor-

1975 5682 2070 5735 tio.
2100 5684 2302 5736 Amen.

671 4264 951 4319 HYMNUS
989 4265 1341 4329 ANTIQUUS

773 4368 840 4405 DE
880 4368 925 4407 S.
972 4369 1227 4408 BENRICO.

616 4442 703 4494 Ea:
732 4442 946 4495 Missali
979 4442 1382 4509 Bambcrgeusi.

366 4530 484 4581 I22.
520 4528 741 4583 Laudet
771 4530 964 4583 omnis
994 4530 1231 4599 spiritus

358 4616 675 4682 Christum,
705 4618 806 4686 qui
845 4618 1124 4673 divinitus

430 4707 745 4759 Coronavit
773 4705 959 4776 gloria

358 4794 692 4848 Gloriosum
732 4795 1127 4849 Confessorem

356 4884 542 4945 Quem
578 4883 893 4936 Patronum
926 4890 981 4937 et
1010 4886 1317 4938 Auctorem

428 4972 567 5025 Herc
587 4970 723 5024 colit
754 4972 1019 5027 Ecclesia.

358 5060 544 5114 Homo
569 5064 729 5113 vetus
753 5060 812 5113 in
840 5060 1084 5131 peccatis

356 5148 614 5201 Primam
646 5150 851 5203 stolam
888 5150 1153 5204 novitatis

431 5236 665 5307 Recipit
692 5254 825 5291 cum
858 5239 1097 5299 annulo,

359 5326 636 5397 Quisquis
667 5333 862 5381 mente
890 5327 1120 5398 puriore

363 5415 595 5469 Plaudit
621 5432 819 5481 manu,
862 5416 1057 5486 psallit
1088 5432 1188 5470 ore

436 5504 624 5574 Digne
667 5504 770 5558 Dei
800 5504 1037 5558 famulo.

368 5592 504 5647 Posr
532 5593 663 5661 Sex)
697 5594 894 5662 legens
919 5594 1148 5648 dubitat

367 5679 503 5746 Rex,
538 5698 711 5745 quem
744 5698 975 5737 sensum
998 5688 1192 5737 teneat
