  <div class='ocr_page' id='page_1' title='image "/cluster/home/n/w/nwhite01/storage/ocr_20150623/140-141/uc1.31175018559917/1000.png"; bbox 0 0 3892 6380; ppageno 0'>
   <div class='ocr_carea' id='block_1_1' title="bbox 24 274 1661 334">
    <p class='ocr_par' dir='ltr' id='par_1_1' title="bbox 24 276 1661 333">
     <span class='ocr_line' id='line_1_1' title="bbox 24 276 1661 333; baseline -0.002 0"><span class='ocrx_word' id='word_1_1' title='bbox 24 280 111 333; x_wconf 72' lang='grc'>49</span> <span class='ocrx_word' id='word_1_2' title='bbox 1386 276 1661 331; x_wconf 85' lang='grc' dir='ltr'><strong>ΝΟΤΙΤΙΑ</strong></span> 
     </span>
    </p>
   </div>
   <div class='ocr_carea' id='block_1_2' title="bbox 1874 274 2093 334">
    <p class='ocr_par' dir='ltr' id='par_1_2' title="bbox 1874 276 2093 334">
     <span class='ocr_line' id='line_1_2' title="bbox 1874 276 2093 334; baseline 0 -2"><span class='ocrx_word' id='word_1_3' title='bbox 1874 276 2093 334; x_wconf 79' lang='grc' dir='ltr'><strong>ΟΒΙΟΑ.</strong></span> 
     </span>
    </p>
   </div>
   <div class='ocr_carea' id='block_1_3' title="bbox 649 397 1062 466">
    <p class='ocr_par' dir='ltr' id='par_1_3' title="bbox 649 397 1062 466">
     <span class='ocr_line' id='line_1_3' title="bbox 649 397 1062 466; baseline 0.007 -15"><span class='ocrx_word' id='word_1_4' title='bbox 649 397 749 453; x_wconf 75' lang='lat' dir='ltr'><strong>Ex</strong></span> <span class='ocrx_word' id='word_1_5' title='bbox 778 413 908 466; x_wconf 90' lang='lat' dir='ltr'><strong>cap.</strong></span> <span class='ocrx_word' id='word_1_6' title='bbox 934 401 1062 454; x_wconf 87' lang='lat' dir='ltr'><strong>XXI.</strong></span> 
     </span>
    </p>
   </div>
   <div class='ocr_carea' id='block_1_4' title="bbox 18 486 1690 557">
    <p class='ocr_par' dir='ltr' id='par_1_4' title="bbox 18 486 1690 557">
     <span class='ocr_line' id='line_1_4' title="bbox 18 486 1690 557; baseline -0.001 -12"><span class='ocrx_word' id='word_1_7' title='bbox 18 508 19 511; x_wconf 42' lang='grc' dir='ltr'><strong>η</strong></span> <span class='ocrx_word' id='word_1_8' title='bbox 80 494 337 545; x_wconf 87' lang='lat' dir='ltr'><strong>Interea</strong></span> <span class='ocrx_word' id='word_1_9' title='bbox 360 487 670 557; x_wconf 79' lang='lat' dir='ltr'><strong>diligenter</strong></span> <span class='ocrx_word' id='word_1_10' title='bbox 721 486 1119 557; x_wconf 89' lang='lat' dir='ltr'><strong>investigabat</strong></span> <span class='ocrx_word' id='word_1_11' title='bbox 1171 493 1227 544; x_wconf 91' lang='lat' dir='ltr'><strong>et</strong></span> <span class='ocrx_word' id='word_1_12' title='bbox 1272 488 1690 557; x_wconf 88' lang='lat' dir='ltr'><strong>investigando</strong></span> 
     </span>
    </p>
   </div>
   <div class='ocr_carea' id='block_1_5' title="bbox 18 576 1692 650">
    <p class='ocr_par' dir='ltr' id='par_1_5' title="bbox 18 576 1692 650">
     <span class='ocr_line' id='line_1_5' title="bbox 18 576 1692 650; baseline -0.001 -16"><span class='ocrx_word' id='word_1_13' title='bbox 18 578 372 650; x_wconf 68' lang='lat' dir='ltr'><strong>‘Jquirebat</strong></span> <span class='ocrx_word' id='word_1_14' title='bbox 402 576 496 631; x_wconf 92' lang='lat' dir='ltr'><strong>cui</strong></span> <span class='ocrx_word' id='word_1_15' title='bbox 522 576 926 649; x_wconf 89' lang='lat' dir='ltr'><strong>potissimum,</strong></span> <span class='ocrx_word' id='word_1_16' title='bbox 955 578 1125 648; x_wconf 82' lang='lat' dir='ltr'><strong>juxta</strong></span> <span class='ocrx_word' id='word_1_17' title='bbox 1155 578 1345 633; x_wconf 83' lang='lat' dir='ltr'><strong>sancti</strong></span> <span class='ocrx_word' id='word_1_18' title='bbox 1396 577 1692 633; x_wconf 86' lang='lat' dir='ltr'><strong>Benedicti</strong></span> 
     </span>
    </p>
   </div>
   <div class='ocr_carea' id='block_1_6' title="bbox 21 665 1691 739">
    <p class='ocr_par' dir='ltr' id='par_1_6' title="bbox 21 665 1691 739">
     <span class='ocr_line' id='line_1_6' title="bbox 21 665 1691 739; baseline -0.001 -16"><span class='ocrx_word' id='word_1_19' title='bbox 21 668 305 736; x_wconf 80' lang='lat' dir='ltr'><strong>egulam</strong></span> <span class='ocrx_word' id='word_1_20' title='bbox 338 671 392 721; x_wconf 91' lang='lat' dir='ltr'><strong>et</strong></span> <span class='ocrx_word' id='word_1_21' title='bbox 415 665 864 733; x_wconf 85' lang='lat' dir='ltr'><strong>institutionem,</strong></span> <span class='ocrx_word' id='word_1_22' title='bbox 897 666 1337 739; x_wconf 87' lang='lat' dir='ltr'><strong>disponendam</strong></span> <span class='ocrx_word' id='word_1_23' title='bbox 1386 672 1442 722; x_wconf 92' lang='lat' dir='ltr'><strong>et</strong></span> <span class='ocrx_word' id='word_1_24' title='bbox 1482 683 1691 735; x_wconf 88' lang='lat' dir='ltr'><strong>regen-</strong></span> 
     </span>
    </p>
   </div>
   <div class='ocr_carea' id='block_1_7' title="bbox 18 754 1693 814">
    <p class='ocr_par' dir='ltr' id='par_1_7' title="bbox 18 754 1693 814">
     <span class='ocr_line' id='line_1_7' title="bbox 18 754 1693 814; baseline 0 -1"><span class='ocrx_word' id='word_1_25' title='bbox 18 760 168 813; x_wconf 86' lang='lat' dir='ltr'><strong>lam</strong></span> <span class='ocrx_word' id='word_1_26' title='bbox 200 757 433 811; x_wconf 65' lang='lat' dir='ltr'><strong>Sanctze</strong></span> <span class='ocrx_word' id='word_1_27' title='bbox 479 758 536 809; x_wconf 90' lang='lat' dir='ltr'><strong>et</strong></span> <span class='ocrx_word' id='word_1_28' title='bbox 588 754 909 810; x_wconf 80' lang='lat' dir='ltr'><strong>individuee</strong></span> <span class='ocrx_word' id='word_1_29' title='bbox 969 757 1262 812; x_wconf 83' lang='lat' dir='ltr'><strong>Trinitatis</strong></span> <span class='ocrx_word' id='word_1_30' title='bbox 1321 757 1586 812; x_wconf 83' lang='lat' dir='ltr'><strong>crederet</strong></span> <span class='ocrx_word' id='word_1_31' title='bbox 1639 762 1693 814; x_wconf 90' lang='lat' dir='ltr'><strong>et</strong></span> 
     </span>
    </p>
   </div>
   <div class='ocr_carea' id='block_1_8' title="bbox 18 844 1694 917">
    <p class='ocr_par' dir='ltr' id='par_1_8' title="bbox 18 844 1694 917">
     <span class='ocr_line' id='line_1_8' title="bbox 18 844 1694 917; baseline 0.002 -19"><span class='ocrx_word' id='word_1_32' title='bbox 18 846 429 903; x_wconf 64' lang='lat' dir='ltr'><strong>.ommitteret</strong></span> <span class='ocrx_word' id='word_1_33' title='bbox 461 844 801 899; x_wconf 89' lang='lat' dir='ltr'><strong>Ecclesiam.</strong></span> <span class='ocrx_word' id='word_1_34' title='bbox 836 844 934 900; x_wconf 92' lang='lat' dir='ltr'><strong>lllo</strong></span> <span class='ocrx_word' id='word_1_35' title='bbox 966 850 1232 917; x_wconf 90' lang='lat' dir='ltr'><strong>tempore</strong></span> <span class='ocrx_word' id='word_1_36' title='bbox 1252 847 1441 901; x_wconf 69' lang='lat' dir='ltr'><strong>beatae</strong></span> <span class='ocrx_word' id='word_1_37' title='bbox 1471 862 1694 902; x_wconf 91' lang='lat' dir='ltr'><strong>memo-</strong></span> 
     </span>
    </p>
   </div>
   <div class='ocr_carea' id='block_1_9' title="bbox 18 934 1740 1004">
    <p class='ocr_par' dir='ltr' id='par_1_9' title="bbox 18 934 1740 1004">
     <span class='ocr_line' id='line_1_9' title="bbox 18 934 1740 1004; baseline -0.002 -13"><span class='ocrx_word' id='word_1_38' title='bbox 18 938 119 991; x_wconf 74' lang='lat' dir='ltr'><strong>iae</strong></span> <span class='ocrx_word' id='word_1_39' title='bbox 154 934 500 989; x_wconf 90' lang='lat' dir='ltr'><strong>Willelmus</strong></span> <span class='ocrx_word' id='word_1_40' title='bbox 528 934 720 988; x_wconf 86' lang='lat' dir='ltr'><strong>abbas</strong></span> <span class='ocrx_word' id='word_1_41' title='bbox 768 951 891 989; x_wconf 63' lang='lat' dir='ltr'><strong>suae</strong></span> <span class='ocrx_word' id='word_1_42' title='bbox 922 934 1223 1003; x_wconf 81' lang='lat' dir='ltr'><strong>religionis</strong></span> <span class='ocrx_word' id='word_1_43' title='bbox 1252 934 1559 989; x_wconf 82' lang='lat' dir='ltr'><strong>afﬂuentia</strong></span> <span class='ocrx_word' id='word_1_44' title='bbox 1610 936 1693 988; x_wconf 85' lang='lat' dir='ltr'><strong>to-</strong></span> <span class='ocrx_word' id='word_1_45' title='bbox 1736 1001 1740 1004; x_wconf 26' lang='lat'><strong>,</strong></span> 
     </span>
    </p>
   </div>
   <div class='ocr_carea' id='block_1_10' title="bbox 22 1022 1693 1097">
    <p class='ocr_par' dir='ltr' id='par_1_10' title="bbox 22 1022 1693 1097">
     <span class='ocr_line' id='line_1_10' title="bbox 22 1022 1693 1097; baseline -0.002 -16"><span class='ocrx_word' id='word_1_46' title='bbox 22 1026 141 1081; x_wconf 88' lang='lat' dir='ltr'><strong>ius</strong></span> <span class='ocrx_word' id='word_1_47' title='bbox 166 1030 376 1097; x_wconf 88' lang='lat' dir='ltr'><strong>partes</strong></span> <span class='ocrx_word' id='word_1_48' title='bbox 402 1023 655 1078; x_wconf 83' lang='lat' dir='ltr'><strong>Romani</strong></span> <span class='ocrx_word' id='word_1_49' title='bbox 680 1022 913 1094; x_wconf 90' lang='lat' dir='ltr'><strong>imperii</strong></span> <span class='ocrx_word' id='word_1_50' title='bbox 966 1023 1319 1090; x_wconf 89' lang='lat' dir='ltr'><strong>illustrabat,</strong></span> <span class='ocrx_word' id='word_1_51' title='bbox 1375 1022 1693 1079; x_wconf 90' lang='lat' dir='ltr'><strong>abbatum-</strong></span> 
     </span>
    </p>
   </div>
   <div class='ocr_carea' id='block_1_11' title="bbox 18 1111 1694 1187">
    <p class='ocr_par' dir='ltr' id='par_1_11' title="bbox 18 1111 1694 1187">
     <span class='ocr_line' id='line_1_11' title="bbox 18 1111 1694 1187; baseline -0.002 -18"><span class='ocrx_word' id='word_1_52' title='bbox 18 1132 146 1187; x_wconf 67' lang='lat' dir='ltr'><strong>{ue</strong></span> <span class='ocrx_word' id='word_1_53' title='bbox 178 1113 513 1169; x_wconf 83' lang='lat' dir='ltr'><strong>multorum</strong></span> <span class='ocrx_word' id='word_1_54' title='bbox 544 1113 777 1184; x_wconf 90' lang='lat' dir='ltr'><strong>tepidos</strong></span> <span class='ocrx_word' id='word_1_55' title='bbox 810 1113 1043 1168; x_wconf 92' lang='lat' dir='ltr'><strong>animos</strong></span> <span class='ocrx_word' id='word_1_56' title='bbox 1074 1114 1164 1167; x_wconf 93' lang='lat' dir='ltr'><strong>sui</strong></span> <span class='ocrx_word' id='word_1_57' title='bbox 1212 1112 1454 1168; x_wconf 80' lang='lat' dir='ltr'><strong>fervoris</strong></span> <span class='ocrx_word' id='word_1_58' title='bbox 1484 1111 1694 1181; x_wconf 92' lang='lat' dir='ltr'><strong>imagi-</strong></span> 
     </span>
    </p>
   </div>
   <div class='ocr_carea' id='block_1_12' title="bbox 18 1200 1695 1273">
    <p class='ocr_par' dir='ltr' id='par_1_12' title="bbox 18 1200 1695 1273">
     <span class='ocr_line' id='line_1_12' title="bbox 18 1200 1695 1273; baseline -0.002 -15"><span class='ocrx_word' id='word_1_59' title='bbox 18 1221 90 1259; x_wconf 84' lang='lat' dir='ltr'><strong>1e</strong></span> <span class='ocrx_word' id='word_1_60' title='bbox 124 1202 505 1257; x_wconf 86' lang='lat' dir='ltr'><strong>informabat</strong></span> <span class='ocrx_word' id='word_1_61' title='bbox 526 1206 582 1257; x_wconf 92' lang='lat' dir='ltr'><strong>et</strong></span> <span class='ocrx_word' id='word_1_62' title='bbox 607 1202 993 1257; x_wconf 88' lang='lat' dir='ltr'><strong>accendebat.</strong></span> <span class='ocrx_word' id='word_1_63' title='bbox 1026 1202 1308 1273; x_wconf 84' lang='lat' dir='ltr'><strong>Apprime</strong></span> <span class='ocrx_word' id='word_1_64' title='bbox 1339 1202 1498 1256; x_wconf 92' lang='lat' dir='ltr'><strong>enim</strong></span> <span class='ocrx_word' id='word_1_65' title='bbox 1556 1200 1695 1255; x_wconf 89' lang='lat' dir='ltr'><strong>libe-</strong></span> 
     </span>
    </p>
   </div>
   <div class='ocr_carea' id='block_1_13' title="bbox 18 1289 1694 1363">
    <p class='ocr_par' dir='ltr' id='par_1_13' title="bbox 18 1289 1694 1363">
     <span class='ocr_line' id='line_1_13' title="bbox 18 1289 1694 1363; baseline -0.002 -15"><span class='ocrx_word' id='word_1_66' title='bbox 18 1292 263 1348; x_wconf 77' lang='lat' dir='ltr'><strong>&#39;alibus</strong></span> <span class='ocrx_word' id='word_1_67' title='bbox 295 1291 522 1347; x_wconf 89' lang='lat' dir='ltr'><strong>artibus</strong></span> <span class='ocrx_word' id='word_1_68' title='bbox 553 1291 873 1361; x_wconf 89' lang='lat' dir='ltr'><strong>eruditum,</strong></span> <span class='ocrx_word' id='word_1_69' title='bbox 906 1295 1085 1363; x_wconf 91' lang='lat' dir='ltr'><strong>atque</strong></span> <span class='ocrx_word' id='word_1_70' title='bbox 1129 1290 1454 1363; x_wconf 89' lang='lat' dir='ltr'><strong>disciplinis</strong></span> <span class='ocrx_word' id='word_1_71' title='bbox 1509 1289 1694 1345; x_wconf 91' lang='lat' dir='ltr'><strong>eccle-</strong></span> 
     </span>
    </p>
   </div>
   <div class='ocr_carea' id='block_1_14' title="bbox 17 1379 1693 1451">
    <p class='ocr_par' dir='ltr' id='par_1_14' title="bbox 17 1379 1693 1451">
     <span class='ocr_line' id='line_1_14' title="bbox 17 1379 1693 1451; baseline -0.002 -14"><span class='ocrx_word' id='word_1_72' title='bbox 17 1381 289 1437; x_wconf 78' lang='lat' dir='ltr'><strong>siasticis</strong></span> <span class='ocrx_word' id='word_1_73' title='bbox 311 1380 661 1442; x_wconf 76' lang='lat' dir='ltr'><strong>cunctisque</strong></span> <span class='ocrx_word' id='word_1_74' title='bbox 722 1380 1131 1451; x_wconf 89' lang='lat' dir='ltr'><strong>spiritualibus</strong></span> <span class='ocrx_word' id='word_1_75' title='bbox 1188 1379 1421 1447; x_wconf 82' lang='lat' dir='ltr'><strong>ofﬁciis,</strong></span> <span class='ocrx_word' id='word_1_76' title='bbox 1482 1379 1693 1435; x_wconf 89' lang='lat' dir='ltr'><strong>nihilo-</strong></span> 
     </span>
    </p>
   </div>
   <div class='ocr_carea' id='block_1_15' title="bbox 18 1468 1694 1538">
    <p class='ocr_par' dir='ltr' id='par_1_15' title="bbox 18 1468 1694 1538">
     <span class='ocr_line' id='line_1_15' title="bbox 18 1468 1694 1538; baseline -0.002 -12"><span class='ocrx_word' id='word_1_77' title='bbox 18 1472 238 1526; x_wconf 88' lang='lat' dir='ltr'><strong>ninus</strong></span> <span class='ocrx_word' id='word_1_78' title='bbox 274 1471 453 1525; x_wconf 90' lang='lat' dir='ltr'><strong>etiam</strong></span> <span class='ocrx_word' id='word_1_79' title='bbox 488 1469 604 1524; x_wconf 88' lang='lat' dir='ltr'><strong>fere</strong></span> <span class='ocrx_word' id='word_1_80' title='bbox 631 1468 917 1524; x_wconf 86' lang='lat' dir='ltr'><strong>virtutum</strong></span> <span class='ocrx_word' id='word_1_81' title='bbox 959 1468 1231 1524; x_wconf 92' lang='lat' dir='ltr'><strong>omnium</strong></span> <span class='ocrx_word' id='word_1_82' title='bbox 1283 1469 1472 1538; x_wconf 90' lang='lat' dir='ltr'><strong>gratia</strong></span> <span class='ocrx_word' id='word_1_83' title='bbox 1496 1468 1694 1523; x_wconf 89' lang='lat' dir='ltr'><strong>imbu-</strong></span> 
     </span>
    </p>
   </div>
   <div class='ocr_carea' id='block_1_16' title="bbox 18 1558 1695 1616">
    <p class='ocr_par' dir='ltr' id='par_1_16' title="bbox 18 1558 1695 1616">
     <span class='ocr_line' id='line_1_16' title="bbox 18 1558 1695 1616; baseline -0.002 0"><span class='ocrx_word' id='word_1_84' title='bbox 18 1578 153 1616; x_wconf 77' lang='lat' dir='ltr'><strong>um</strong></span> <span class='ocrx_word' id='word_1_85' title='bbox 189 1564 250 1615; x_wconf 93' lang='lat' dir='ltr'><strong>et</strong></span> <span class='ocrx_word' id='word_1_86' title='bbox 280 1558 681 1614; x_wconf 89' lang='lat' dir='ltr'><strong>illuminatum</strong></span> <span class='ocrx_word' id='word_1_87' title='bbox 737 1558 1104 1613; x_wconf 89' lang='lat' dir='ltr'><strong>Divionensis</strong></span> <span class='ocrx_word' id='word_1_88' title='bbox 1159 1558 1428 1613; x_wconf 71' lang='lat' dir='ltr'><strong>Ecclesia:</strong></span> <span class='ocrx_word' id='word_1_89' title='bbox 1484 1558 1695 1613; x_wconf 85' lang='lat' dir='ltr'><strong>beatus</strong></span> 
     </span>
    </p>
   </div>
   <div class='ocr_carea' id='block_1_17' title="bbox 17 1646 1697 1720">
    <p class='ocr_par' dir='ltr' id='par_1_17' title="bbox 17 1646 1697 1720">
     <span class='ocr_line' id='line_1_17' title="bbox 17 1646 1697 1720; baseline -0.002 -15"><span class='ocrx_word' id='word_1_90' title='bbox 17 1648 279 1706; x_wconf 72' lang='lat' dir='ltr'><strong>tiaiolus</strong></span> <span class='ocrx_word' id='word_1_91' title='bbox 308 1652 719 1720; x_wconf 78' lang='lat' dir='ltr'><strong>praeposuerat</strong></span> <span class='ocrx_word' id='word_1_92' title='bbox 764 1652 819 1702; x_wconf 92' lang='lat' dir='ltr'><strong>et</strong></span> <span class='ocrx_word' id='word_1_93' title='bbox 868 1646 1253 1703; x_wconf 87' lang='lat' dir='ltr'><strong>constituerat</strong></span> <span class='ocrx_word' id='word_1_94' title='bbox 1302 1646 1584 1703; x_wconf 84' lang='lat' dir='ltr'><strong>abbatem</strong></span> <span class='ocrx_word' id='word_1_95' title='bbox 1640 1651 1697 1702; x_wconf 91' lang='lat' dir='ltr'><strong>et</strong></span> 
     </span>
    </p>
   </div>
   <div class='ocr_carea' id='block_1_18' title="bbox 3346 285 3451 340">
    <p class='ocr_par' dir='ltr' id='par_1_18' title="bbox 3346 285 3451 340">
     <span class='ocr_line' id='line_1_18' title="bbox 3346 285 3451 340; baseline 0.01 -1"><span class='ocrx_word' id='word_1_96' title='bbox 3346 285 3451 340; x_wconf 79' lang='lat'><strong>850</strong></span> 
     </span>
    </p>
   </div>
   <div class='ocr_carea' id='block_1_19' title="bbox 1719 401 3456 477">
    <p class='ocr_par' dir='ltr' id='par_1_19' title="bbox 1719 401 3456 477">
     <span class='ocr_line' id='line_1_19' title="bbox 1719 401 3456 477; baseline 0.005 -22"><span class='ocrx_word' id='word_1_97' title='bbox 1719 401 1767 455; x_wconf 84' lang='lat' dir='ltr'><strong>A</strong></span> <span class='ocrx_word' id='word_1_98' title='bbox 1798 404 1987 456; x_wconf 91' lang='lat' dir='ltr'><strong>totum</strong></span> <span class='ocrx_word' id='word_1_99' title='bbox 2018 401 2231 475; x_wconf 91' lang='lat' dir='ltr'><strong>aquilis</strong></span> <span class='ocrx_word' id='word_1_100' title='bbox 2263 401 2479 475; x_wconf 91' lang='lat' dir='ltr'><strong>operiri</strong></span> <span class='ocrx_word' id='word_1_101' title='bbox 2510 401 2842 471; x_wconf 87' lang='lat' dir='ltr'><strong>videbatur,</strong></span> <span class='ocrx_word' id='word_1_102' title='bbox 2876 403 3100 476; x_wconf 88' lang='lat' dir='ltr'><strong>quibus</strong></span> <span class='ocrx_word' id='word_1_103' title='bbox 3130 405 3368 477; x_wconf 86' lang='lat' dir='ltr'><strong>aquilis,</strong></span> <span class='ocrx_word' id='word_1_104' title='bbox 3398 412 3456 464; x_wconf 88' lang='lat' dir='ltr'><strong>et</strong></span> 
     </span>
    </p>
   </div>
   <div class='ocr_carea' id='block_1_20' title="bbox 1796 491 3454 567">
    <p class='ocr_par' dir='ltr' id='par_1_20' title="bbox 1796 491 3454 567">
     <span class='ocr_line' id='line_1_20' title="bbox 1796 491 3454 567; baseline 0.004 -22"><span class='ocrx_word' id='word_1_105' title='bbox 1796 491 2255 560; x_wconf 82' lang='lat' dir='ltr'><strong>ingredientium</strong></span> <span class='ocrx_word' id='word_1_106' title='bbox 2284 493 2723 548; x_wconf 87' lang='lat' dir='ltr'><strong>monachorum</strong></span> <span class='ocrx_word' id='word_1_107' title='bbox 2756 492 3003 559; x_wconf 89' lang='lat' dir='ltr'><strong>theoria,</strong></span> <span class='ocrx_word' id='word_1_108' title='bbox 3031 498 3087 549; x_wconf 89' lang='lat' dir='ltr'><strong>et</strong></span> <span class='ocrx_word' id='word_1_109' title='bbox 3136 493 3454 567; x_wconf 87' lang='lat' dir='ltr'><strong>spiritualis</strong></span> 
     </span>
    </p>
   </div>
   <div class='ocr_carea' id='block_1_21' title="bbox 1796 581 3458 653">
    <p class='ocr_par' dir='ltr' id='par_1_21' title="bbox 1796 581 3458 653">
     <span class='ocr_line' id='line_1_21' title="bbox 1796 581 3458 653; baseline 0.004 -18"><span class='ocrx_word' id='word_1_110' title='bbox 1796 581 2050 649; x_wconf 83' lang='lat' dir='ltr'><strong>volatus,</strong></span> <span class='ocrx_word' id='word_1_111' title='bbox 2085 586 2140 637; x_wconf 90' lang='lat' dir='ltr'><strong>et</strong></span> <span class='ocrx_word' id='word_1_112' title='bbox 2167 581 2452 653; x_wconf 88' lang='lat' dir='ltr'><strong>deinceps</strong></span> <span class='ocrx_word' id='word_1_113' title='bbox 2484 582 2925 653; x_wconf 84' lang='lat' dir='ltr'><strong>protegentium</strong></span> <span class='ocrx_word' id='word_1_114' title='bbox 2952 582 3307 652; x_wconf 85' lang='lat' dir='ltr'><strong>angelorum</strong></span> <span class='ocrx_word' id='word_1_115' title='bbox 3358 584 3458 641; x_wconf 87' lang='lat' dir='ltr'><strong>de-</strong></span> 
     </span>
    </p>
   </div>
   <div class='ocr_carea' id='block_1_22' title="bbox 1798 672 3168 742">
    <p class='ocr_par' dir='ltr' id='par_1_22' title="bbox 1798 672 3168 742">
     <span class='ocr_line' id='line_1_22' title="bbox 1798 672 3168 742; baseline 0.003 -17"><span class='ocrx_word' id='word_1_116' title='bbox 1798 687 2045 726; x_wconf 90' lang='lat' dir='ltr'><strong>scensus</strong></span> <span class='ocrx_word' id='word_1_117' title='bbox 2078 677 2133 726; x_wconf 92' lang='lat' dir='ltr'><strong>et</strong></span> <span class='ocrx_word' id='word_1_118' title='bbox 2159 672 2529 727; x_wconf 82' lang='lat' dir='ltr'><strong>conversatio</strong></span> <span class='ocrx_word' id='word_1_119' title='bbox 2570 688 2831 741; x_wconf 87' lang='lat' dir='ltr'><strong>congrue</strong></span> <span class='ocrx_word' id='word_1_120' title='bbox 2856 672 3168 742; x_wconf 85' lang='lat' dir='ltr'><strong>ﬁguratur.</strong></span> 
     </span>
    </p>
   </div>
   <div class='ocr_carea' id='block_1_23' title="bbox 2391 762 2854 831">
    <p class='ocr_par' dir='ltr' id='par_1_23' title="bbox 2391 762 2854 831">
     <span class='ocr_line' id='line_1_23' title="bbox 2391 762 2854 831; baseline 0 -14"><span class='ocrx_word' id='word_1_121' title='bbox 2391 762 2490 817; x_wconf 73' lang='lat' dir='ltr'><strong>Ex</strong></span> <span class='ocrx_word' id='word_1_122' title='bbox 2521 776 2651 831; x_wconf 97' lang='lat' dir='ltr'><strong>cap.</strong></span> <span class='ocrx_word' id='word_1_123' title='bbox 2681 764 2854 817; x_wconf 86' lang='lat' dir='ltr'><strong>XXIV.</strong></span> 
     </span>
    </p>
   </div>
   <div class='ocr_carea' id='block_1_24' title="bbox 1872 850 3453 920">
    <p class='ocr_par' dir='ltr' id='par_1_24' title="bbox 1872 850 3453 920">
     <span class='ocr_line' id='line_1_24' title="bbox 1872 850 3453 920; baseline 0.003 -17"><span class='ocrx_word' id='word_1_124' title='bbox 1872 850 2053 919; x_wconf 81' lang='lat' dir='ltr'><strong>Igitur</strong></span> <span class='ocrx_word' id='word_1_125' title='bbox 2079 850 2291 906; x_wconf 90' lang='lat' dir='ltr'><strong>beatus</strong></span> <span class='ocrx_word' id='word_1_126' title='bbox 2322 856 2379 907; x_wconf 89' lang='lat' dir='ltr'><strong>et</strong></span> <span class='ocrx_word' id='word_1_127' title='bbox 2405 851 2698 920; x_wconf 82' lang='lat' dir='ltr'><strong>gloriosus</strong></span> <span class='ocrx_word' id='word_1_128' title='bbox 2726 851 2917 907; x_wconf 86' lang='lat' dir='ltr'><strong>abbas</strong></span> <span class='ocrx_word' id='word_1_129' title='bbox 2948 851 3271 908; x_wconf 90' lang='lat' dir='ltr'><strong>Willelmus</strong></span> <span class='ocrx_word' id='word_1_130' title='bbox 3322 869 3453 907; x_wconf 92' lang='lat' dir='ltr'><strong>sus-</strong></span> 
     </span>
    </p>
   </div>
   <div class='ocr_carea' id='block_1_25' title="bbox 1801 940 3457 1013">
    <p class='ocr_par' dir='ltr' id='par_1_25' title="bbox 1801 940 3457 1013">
     <span class='ocr_line' id='line_1_25' title="bbox 1801 940 3457 1013; baseline 0.002 -19"><span class='ocrx_word' id='word_1_131' title='bbox 1801 944 2036 1013; x_wconf 87' lang='lat' dir='ltr'><strong>ceptam</strong></span> <span class='ocrx_word' id='word_1_132' title='bbox 2068 940 2389 996; x_wconf 85' lang='lat' dir='ltr'><strong>Ecclesiam</strong></span> <span class='ocrx_word' id='word_1_133' title='bbox 2420 941 2599 1013; x_wconf 83' lang='lat' dir='ltr'><strong>coepit</strong></span> <span class='ocrx_word' id='word_1_134' title='bbox 2637 940 2972 1010; x_wconf 83' lang='lat' dir='ltr'><strong>gubernare</strong></span> <span class='ocrx_word' id='word_1_135' title='bbox 2999 946 3055 997; x_wconf 91' lang='lat' dir='ltr'><strong>et</strong></span> <span class='ocrx_word' id='word_1_136' title='bbox 3083 940 3457 998; x_wconf 84' lang='lat' dir='ltr'><strong>administra-</strong></span> 
     </span>
    </p>
   </div>
   <div class='ocr_carea' id='block_1_26' title="bbox 1800 1029 3456 1102">
    <p class='ocr_par' dir='ltr' id='par_1_26' title="bbox 1800 1029 3456 1102">
     <span class='ocr_line' id='line_1_26' title="bbox 1800 1029 3456 1102; baseline 0.002 -19"><span class='ocrx_word' id='word_1_137' title='bbox 1800 1046 1881 1096; x_wconf 92' lang='lat' dir='ltr'><strong>re,</strong></span> <span class='ocrx_word' id='word_1_138' title='bbox 1916 1034 1972 1084; x_wconf 94' lang='lat' dir='ltr'><strong>et</strong></span> <span class='ocrx_word' id='word_1_139' title='bbox 1988 1030 2158 1099; x_wconf 87' lang='lat' dir='ltr'><strong>juxta</strong></span> <span class='ocrx_word' id='word_1_140' title='bbox 2183 1030 2367 1085; x_wconf 87' lang='lat' dir='ltr'><strong>sancti</strong></span> <span class='ocrx_word' id='word_1_141' title='bbox 2398 1029 2688 1085; x_wconf 87' lang='lat' dir='ltr'><strong>Benedicti</strong></span> <span class='ocrx_word' id='word_1_142' title='bbox 2718 1029 3149 1085; x_wconf 89' lang='lat' dir='ltr'><strong>institutionem</strong></span> <span class='ocrx_word' id='word_1_143' title='bbox 3174 1030 3456 1102; x_wconf 88' lang='lat' dir='ltr'><strong>dispone-</strong></span> 
     </span>
    </p>
   </div>
   <div class='ocr_carea' id='block_1_27' title="bbox 1800 1118 3456 1192">
    <p class='ocr_par' dir='ltr' id='par_1_27' title="bbox 1800 1118 3456 1192">
     <span class='ocr_line' id='line_1_27' title="bbox 1800 1118 3456 1192; baseline 0.001 -19"><span class='ocrx_word' id='word_1_144' title='bbox 1800 1136 1863 1174; x_wconf 92' lang='lat' dir='ltr'><strong>re</strong></span> <span class='ocrx_word' id='word_1_145' title='bbox 1894 1124 1950 1174; x_wconf 92' lang='lat' dir='ltr'><strong>et</strong></span> <span class='ocrx_word' id='word_1_146' title='bbox 1978 1120 2292 1188; x_wconf 88' lang='lat' dir='ltr'><strong>corrigere,</strong></span> <span class='ocrx_word' id='word_1_147' title='bbox 2324 1124 2501 1192; x_wconf 89' lang='lat' dir='ltr'><strong>atque</strong></span> <span class='ocrx_word' id='word_1_148' title='bbox 2534 1119 2608 1174; x_wconf 91' lang='lat' dir='ltr'><strong>de</strong></span> <span class='ocrx_word' id='word_1_149' title='bbox 2638 1118 2888 1174; x_wconf 85' lang='lat' dir='ltr'><strong>diversis</strong></span> <span class='ocrx_word' id='word_1_150' title='bbox 2919 1120 3241 1191; x_wconf 87' lang='lat' dir='ltr'><strong>provinciis</strong></span> <span class='ocrx_word' id='word_1_151' title='bbox 3297 1120 3456 1175; x_wconf 88' lang='lat' dir='ltr'><strong>viros</strong></span> 
     </span>
    </p>
   </div>
   <div class='ocr_carea' id='block_1_28' title="bbox 1800 1208 3459 1280">
    <p class='ocr_par' dir='ltr' id='par_1_28' title="bbox 1800 1208 3459 1280">
     <span class='ocr_line' id='line_1_28' title="bbox 1800 1208 3459 1280; baseline 0.001 -17"><span class='ocrx_word' id='word_1_152' title='bbox 1800 1209 2005 1264; x_wconf 88' lang='lat' dir='ltr'><strong>ﬁdeles</strong></span> <span class='ocrx_word' id='word_1_153' title='bbox 2034 1225 2364 1264; x_wconf 88' lang='lat' dir='ltr'><strong>convocare</strong></span> <span class='ocrx_word' id='word_1_154' title='bbox 2396 1214 2451 1264; x_wconf 90' lang='lat' dir='ltr'><strong>et</strong></span> <span class='ocrx_word' id='word_1_155' title='bbox 2479 1209 2541 1264; x_wconf 91' lang='lat' dir='ltr'><strong>in</strong></span> <span class='ocrx_word' id='word_1_156' title='bbox 2566 1208 2869 1280; x_wconf 86' lang='lat' dir='ltr'><strong>obsequiis</strong></span> <span class='ocrx_word' id='word_1_157' title='bbox 2923 1208 3265 1264; x_wconf 71' lang='lat' dir='ltr'><strong>coelestibus</strong></span> <span class='ocrx_word' id='word_1_158' title='bbox 3290 1209 3459 1264; x_wconf 91' lang='lat' dir='ltr'><strong>unire</strong></span> 
     </span>
    </p>
   </div>
   <div class='ocr_carea' id='block_1_29' title="bbox 1802 1296 3461 1365">
    <p class='ocr_par' dir='ltr' id='par_1_29' title="bbox 1802 1296 3461 1365">
     <span class='ocr_line' id='line_1_29' title="bbox 1802 1296 3461 1365; baseline 0 -13"><span class='ocrx_word' id='word_1_159' title='bbox 1802 1302 1859 1352; x_wconf 90' lang='lat' dir='ltr'><strong>et</strong></span> <span class='ocrx_word' id='word_1_160' title='bbox 1882 1296 2256 1352; x_wconf 87' lang='lat' dir='ltr'><strong>conﬁrmare.</strong></span> <span class='ocrx_word' id='word_1_161' title='bbox 2296 1297 2501 1352; x_wconf 90' lang='lat' dir='ltr'><strong>Subita</strong></span> <span class='ocrx_word' id='word_1_162' title='bbox 2535 1296 2712 1365; x_wconf 87' lang='lat' dir='ltr'><strong>igitur</strong></span> <span class='ocrx_word' id='word_1_163' title='bbox 2764 1297 3149 1351; x_wconf 87' lang='lat' dir='ltr'><strong>conversione</strong></span> <span class='ocrx_word' id='word_1_164' title='bbox 3231 1296 3461 1352; x_wconf 88' lang='lat' dir='ltr'><strong>Fiscan-</strong></span> 
     </span>
    </p>
   </div>
   <div class='ocr_carea' id='block_1_30' title="bbox 1801 1384 3462 1442">
    <p class='ocr_par' dir='ltr' id='par_1_30' title="bbox 1801 1384 3462 1442">
     <span class='ocr_line' id='line_1_30' title="bbox 1801 1384 3462 1442; baseline -0.001 -1"><span class='ocrx_word' id='word_1_165' title='bbox 1801 1386 2000 1441; x_wconf 89' lang='lat' dir='ltr'><strong>nensis</strong></span> <span class='ocrx_word' id='word_1_166' title='bbox 2032 1386 2286 1442; x_wconf 87' lang='lat' dir='ltr'><strong>Ecclesia</strong></span> <span class='ocrx_word' id='word_1_167' title='bbox 2319 1386 2647 1441; x_wconf 68' lang='lat' dir='ltr'><strong>caelestium</strong></span> <span class='ocrx_word' id='word_1_168' title='bbox 2665 1385 2931 1440; x_wconf 88' lang='lat' dir='ltr'><strong>virorum</strong></span> <span class='ocrx_word' id='word_1_169' title='bbox 2962 1384 3170 1441; x_wconf 92' lang='lat' dir='ltr'><strong>studiis</strong></span> <span class='ocrx_word' id='word_1_170' title='bbox 3195 1385 3462 1441; x_wconf 87' lang='lat' dir='ltr'><strong>fervebat</strong></span> 
     </span>
    </p>
   </div>
   <div class='ocr_carea' id='block_1_31' title="bbox 1802 1473 3460 1545">
    <p class='ocr_par' dir='ltr' id='par_1_31' title="bbox 1802 1473 3460 1545">
     <span class='ocr_line' id='line_1_31' title="bbox 1802 1473 3460 1545; baseline -0.001 -16"><span class='ocrx_word' id='word_1_171' title='bbox 1802 1479 1858 1530; x_wconf 87' lang='lat' dir='ltr'><strong>et</strong></span> <span class='ocrx_word' id='word_1_172' title='bbox 1886 1474 2200 1542; x_wconf 86' lang='lat' dir='ltr'><strong>ﬂagrabat,</strong></span> <span class='ocrx_word' id='word_1_173' title='bbox 2235 1479 2292 1529; x_wconf 90' lang='lat' dir='ltr'><strong>et</strong></span> <span class='ocrx_word' id='word_1_174' title='bbox 2319 1474 2521 1529; x_wconf 67' lang='lat' dir='ltr'><strong>multa:</strong></span> <span class='ocrx_word' id='word_1_175' title='bbox 2566 1474 2925 1545; x_wconf 88' lang='lat' dir='ltr'><strong>opinationis</strong></span> <span class='ocrx_word' id='word_1_176' title='bbox 2975 1473 3163 1543; x_wconf 87' lang='lat' dir='ltr'><strong>gloria</strong></span> <span class='ocrx_word' id='word_1_177' title='bbox 3211 1473 3460 1529; x_wconf 86' lang='lat' dir='ltr'><strong>circum-</strong></span> 
     </span>
    </p>
   </div>
   <div class='ocr_carea' id='block_1_32' title="bbox 1801 1561 3459 1636">
    <p class='ocr_par' dir='ltr' id='par_1_32' title="bbox 1801 1561 3459 1636">
     <span class='ocr_line' id='line_1_32' title="bbox 1801 1561 3459 1636; baseline -0.002 -17"><span class='ocrx_word' id='word_1_178' title='bbox 1801 1564 2027 1636; x_wconf 89' lang='lat' dir='ltr'><strong>positas</strong></span> <span class='ocrx_word' id='word_1_179' title='bbox 2059 1564 2348 1619; x_wconf 80' lang='lat' dir='ltr'><strong>Ecclesias</strong></span> <span class='ocrx_word' id='word_1_180' title='bbox 2376 1563 2754 1635; x_wconf 66' lang='lat' dir='ltr'><strong>praecellebat</strong></span> <span class='ocrx_word' id='word_1_181' title='bbox 2784 1567 2839 1617; x_wconf 90' lang='lat' dir='ltr'><strong>et</strong></span> <span class='ocrx_word' id='word_1_182' title='bbox 2867 1562 3249 1618; x_wconf 87' lang='lat' dir='ltr'><strong>obscurabat.</strong></span> <span class='ocrx_word' id='word_1_183' title='bbox 3280 1561 3459 1618; x_wconf 88' lang='lat' dir='ltr'><strong>Fasti-</strong></span> 
     </span>
    </p>
   </div>
   <div class='ocr_carea' id='block_1_33' title="bbox 1803 1650 3462 1725">
    <p class='ocr_par' dir='ltr' id='par_1_33' title="bbox 1803 1650 3462 1725">
     <span class='ocr_line' id='line_1_33' title="bbox 1803 1650 3462 1725; baseline -0.001 -18"><span class='ocrx_word' id='word_1_184' title='bbox 1803 1653 1966 1722; x_wconf 90' lang='lat' dir='ltr'><strong>gium</strong></span> <span class='ocrx_word' id='word_1_185' title='bbox 1998 1652 2222 1725; x_wconf 89' lang='lat' dir='ltr'><strong>quippe</strong></span> <span class='ocrx_word' id='word_1_186' title='bbox 2256 1657 2433 1707; x_wconf 68' lang='lat' dir='ltr'><strong>tantae</strong></span> <span class='ocrx_word' id='word_1_187' title='bbox 2465 1650 2827 1706; x_wconf 89' lang='lat' dir='ltr'><strong>celsitudinis</strong></span> <span class='ocrx_word' id='word_1_188' title='bbox 2880 1667 2989 1706; x_wconf 92' lang='lat' dir='ltr'><strong>sua</strong></span> <span class='ocrx_word' id='word_1_189' title='bbox 3035 1653 3462 1706; x_wconf 88' lang='lat' dir='ltr'><strong>momentanea</strong></span> 
     </span>
    </p>
   </div>
   <div class='ocr_carea' id='block_1_34' title="bbox 18 1734 3458 1811">
    <p class='ocr_par' dir='ltr' id='par_1_34' title="bbox 18 1734 3458 1811">
     <span class='ocr_line' id='line_1_34' title="bbox 18 1734 3458 1811; baseline 0 -20"><span class='ocrx_word' id='word_1_190' title='bbox 18 1736 412 1805; x_wconf 80' lang='lat' dir='ltr'><strong>nagistrum.</strong></span> <span class='ocrx_word' id='word_1_191' title='bbox 449 1738 633 1791; x_wconf 90' lang='lat' dir='ltr'><strong>Tanto</strong></span> <span class='ocrx_word' id='word_1_192' title='bbox 658 1735 837 1804; x_wconf 89' lang='lat' dir='ltr'><strong>igitur</strong></span> <span class='ocrx_word' id='word_1_193' title='bbox 862 1751 931 1790; x_wconf 90' lang='lat' dir='ltr'><strong>ac</strong></span> <span class='ocrx_word' id='word_1_194' title='bbox 962 1734 1063 1790; x_wconf 91' lang='lat' dir='ltr'><strong>tali</strong></span> <span class='ocrx_word' id='word_1_195' title='bbox 1089 1736 1216 1789; x_wconf 90' lang='lat' dir='ltr'><strong>viro</strong></span> <span class='ocrx_word' id='word_1_196' title='bbox 1270 1736 1394 1789; x_wconf 87' lang='lat' dir='ltr'><strong>dux</strong></span> <span class='ocrx_word' id='word_1_197' title='bbox 1440 1735 1695 1805; x_wconf 87' lang='lat' dir='ltr'><strong>inclytus</strong></span> <span class='ocrx_word' id='word_1_198' title='bbox 1729 1756 1769 1809; x_wconf 76' lang='grc' dir='ltr'>Β</span> <span class='ocrx_word' id='word_1_199' title='bbox 1804 1741 2187 1796; x_wconf 88' lang='lat' dir='ltr'><strong>translatione</strong></span> <span class='ocrx_word' id='word_1_200' title='bbox 2221 1740 2635 1797; x_wconf 84' lang='lat' dir='ltr'><strong>Fiscannensis</strong></span> <span class='ocrx_word' id='word_1_201' title='bbox 2663 1738 2911 1795; x_wconf 87' lang='lat' dir='ltr'><strong>ecclesia</strong></span> <span class='ocrx_word' id='word_1_202' title='bbox 2955 1738 3458 1811; x_wconf 90' lang='lat' dir='ltr'><strong>consequebatur,</strong></span> 
     </span>
    </p>
   </div>
   <div class='ocr_carea' id='block_1_35' title="bbox 17 1822 1697 1895">
    <p class='ocr_par' dir='ltr' id='par_1_35' title="bbox 17 1822 1697 1895">
     <span class='ocr_line' id='line_1_35' title="bbox 17 1822 1697 1895; baseline -0.001 -17"><span class='ocrx_word' id='word_1_203' title='bbox 17 1823 368 1878; x_wconf 82' lang='lat' dir='ltr'><strong>Richardus</strong></span> <span class='ocrx_word' id='word_1_204' title='bbox 400 1839 542 1877; x_wconf 91' lang='lat' dir='ltr'><strong>suos</strong></span> <span class='ocrx_word' id='word_1_205' title='bbox 574 1822 800 1893; x_wconf 90' lang='lat' dir='ltr'><strong>legatos</strong></span> <span class='ocrx_word' id='word_1_206' title='bbox 827 1823 1057 1892; x_wconf 78' lang='lat' dir='ltr'><strong>direxit,</strong></span> <span class='ocrx_word' id='word_1_207' title='bbox 1093 1827 1149 1877; x_wconf 92' lang='lat' dir='ltr'><strong>et</strong></span> <span class='ocrx_word' id='word_1_208' title='bbox 1178 1823 1267 1878; x_wconf 91' lang='lat' dir='ltr'><strong>sui</strong></span> <span class='ocrx_word' id='word_1_209' title='bbox 1296 1822 1589 1895; x_wconf 88' lang='lat' dir='ltr'><strong>propositi</strong></span> <span class='ocrx_word' id='word_1_210' title='bbox 1613 1823 1697 1877; x_wconf 88' lang='lat' dir='ltr'><strong>in-</strong></span> 
     </span>
    </p>
   </div>
   <div class='ocr_carea' id='block_1_36' title="bbox 17 1912 1699 1985">
    <p class='ocr_par' dir='ltr' id='par_1_36' title="bbox 17 1912 1699 1985">
     <span class='ocr_line' id='line_1_36' title="bbox 17 1912 1699 1985; baseline 0 -17"><span class='ocrx_word' id='word_1_211' title='bbox 17 1914 367 1968; x_wconf 86' lang='lat' dir='ltr'><strong>tentionem</strong></span> <span class='ocrx_word' id='word_1_212' title='bbox 388 1912 682 1984; x_wconf 86' lang='lat' dir='ltr'><strong>patefecit,</strong></span> <span class='ocrx_word' id='word_1_213' title='bbox 718 1918 898 1985; x_wconf 91' lang='lat' dir='ltr'><strong>atque</strong></span> <span class='ocrx_word' id='word_1_214' title='bbox 930 1918 994 1968; x_wconf 89' lang='lat' dir='ltr'><strong>ut</strong></span> <span class='ocrx_word' id='word_1_215' title='bbox 1026 1915 1486 1968; x_wconf 78' lang='lat' dir='ltr'><strong>Fiscannensem</strong></span> <span class='ocrx_word' id='word_1_216' title='bbox 1510 1912 1699 1968; x_wconf 91' lang='lat' dir='ltr'><strong>Eccle-</strong></span> 
     </span>
    </p>
   </div>
   <div class='ocr_carea' id='block_1_37' title="bbox 17 2002 1699 2074">
    <p class='ocr_par' dir='ltr' id='par_1_37' title="bbox 17 2002 1699 2074">
     <span class='ocr_line' id='line_1_37' title="bbox 17 2002 1699 2074; baseline 0 -17"><span class='ocrx_word' id='word_1_217' title='bbox 17 2004 193 2057; x_wconf 85' lang='lat' dir='ltr'><strong>siam</strong></span> <span class='ocrx_word' id='word_1_218' title='bbox 221 2002 395 2071; x_wconf 84' lang='lat' dir='ltr'><strong>juxta</strong></span> <span class='ocrx_word' id='word_1_219' title='bbox 424 2002 583 2057; x_wconf 88' lang='lat' dir='ltr'><strong>beati</strong></span> <span class='ocrx_word' id='word_1_220' title='bbox 610 2002 908 2058; x_wconf 87' lang='lat' dir='ltr'><strong>Benedicti</strong></span> <span class='ocrx_word' id='word_1_221' title='bbox 932 2002 1200 2072; x_wconf 89' lang='lat' dir='ltr'><strong>regulam</strong></span> <span class='ocrx_word' id='word_1_222' title='bbox 1250 2003 1593 2074; x_wconf 90' lang='lat' dir='ltr'><strong>disponeret</strong></span> <span class='ocrx_word' id='word_1_223' title='bbox 1643 2007 1699 2058; x_wconf 92' lang='lat' dir='ltr'><strong>et</strong></span> 
     </span>
    </p>
   </div>
   <div class='ocr_carea' id='block_1_38' title="bbox 17 2090 1692 2163">
    <p class='ocr_par' dir='ltr' id='par_1_38' title="bbox 17 2090 1692 2163">
     <span class='ocr_line' id='line_1_38' title="bbox 17 2090 1692 2163; baseline -0.001 -16"><span class='ocrx_word' id='word_1_224' title='bbox 17 2090 321 2157; x_wconf 88' lang='lat' dir='ltr'><strong>erudiret,</strong></span> <span class='ocrx_word' id='word_1_225' title='bbox 386 2107 623 2159; x_wconf 68' lang='lat' dir='ltr'><strong>magnae</strong></span> <span class='ocrx_word' id='word_1_226' title='bbox 680 2091 1027 2147; x_wconf 87' lang='lat' dir='ltr'><strong>humilitatis</strong></span> <span class='ocrx_word' id='word_1_227' title='bbox 1085 2092 1361 2163; x_wconf 89' lang='lat' dir='ltr'><strong>precibus</strong></span> <span class='ocrx_word' id='word_1_228' title='bbox 1413 2091 1692 2147; x_wconf 87' lang='lat' dir='ltr'><strong>exoravit.</strong></span> 
     </span>
    </p>
   </div>
   <div class='ocr_carea' id='block_1_39' title="bbox 17 2180 1697 2252">
    <p class='ocr_par' dir='ltr' id='par_1_39' title="bbox 17 2180 1697 2252">
     <span class='ocr_line' id='line_1_39' title="bbox 17 2180 1697 2252; baseline 0 -17"><span class='ocrx_word' id='word_1_229' title='bbox 17 2180 271 2247; x_wconf 87' lang='lat' dir='ltr'><strong>Quibus</strong></span> <span class='ocrx_word' id='word_1_230' title='bbox 297 2180 484 2235; x_wconf 68' lang='lat' dir='ltr'><strong>beata:</strong></span> <span class='ocrx_word' id='word_1_231' title='bbox 516 2181 820 2235; x_wconf 73' lang='lat' dir='ltr'><strong>memoriae</strong></span> <span class='ocrx_word' id='word_1_232' title='bbox 846 2180 1169 2235; x_wconf 86' lang='lat' dir='ltr'><strong>Willelmus</strong></span> <span class='ocrx_word' id='word_1_233' title='bbox 1195 2180 1386 2235; x_wconf 88' lang='lat' dir='ltr'><strong>abbas</strong></span> <span class='ocrx_word' id='word_1_234' title='bbox 1431 2180 1697 2252; x_wconf 90' lang='lat' dir='ltr'><strong>primum</strong></span> 
     </span>
    </p>
   </div>
   <div class='ocr_carea' id='block_1_40' title="bbox 18 2269 1699 2341">
    <p class='ocr_par' dir='ltr' id='par_1_40' title="bbox 18 2269 1699 2341">
     <span class='ocr_line' id='line_1_40' title="bbox 18 2269 1699 2341; baseline 0.001 -17"><span class='ocrx_word' id='word_1_235' title='bbox 18 2269 421 2341; x_wconf 85' lang='lat' dir='ltr'><strong>respondisse</strong></span> <span class='ocrx_word' id='word_1_236' title='bbox 452 2269 636 2324; x_wconf 88' lang='lat' dir='ltr'><strong>fertur</strong></span> <span class='ocrx_word' id='word_1_237' title='bbox 666 2286 678 2323; x_wconf 93' lang='lat'><strong>:</strong></span> <span class='ocrx_word' id='word_1_238' title='bbox 714 2269 1193 2338; x_wconf 83' lang='lat' dir='ltr'><strong>Charissimiﬁlii,</strong></span> <span class='ocrx_word' id='word_1_239' title='bbox 1222 2270 1564 2325; x_wconf 89' lang='lat' dir='ltr'><strong>audivimus</strong></span> <span class='ocrx_word' id='word_1_240' title='bbox 1593 2270 1699 2325; x_wconf 90' lang='lat' dir='ltr'><strong>du-</strong></span> 
     </span>
    </p>
   </div>
   <div class='ocr_carea' id='block_1_41' title="bbox 18 2360 1695 2427">
    <p class='ocr_par' dir='ltr' id='par_1_41' title="bbox 18 2360 1695 2427">
     <span class='ocr_line' id='line_1_41' title="bbox 18 2360 1695 2427; baseline -0.002 -11"><span class='ocrx_word' id='word_1_241' title='bbox 18 2378 130 2416; x_wconf 89' lang='lat' dir='ltr'><strong>ces</strong></span> <span class='ocrx_word' id='word_1_242' title='bbox 158 2364 583 2426; x_wconf 81' lang='lat' dir='ltr'><strong>Nortmannos,</strong></span> <span class='ocrx_word' id='word_1_243' title='bbox 618 2360 891 2415; x_wconf 88' lang='lat' dir='ltr'><strong>homines</strong></span> <span class='ocrx_word' id='word_1_244' title='bbox 923 2360 1215 2415; x_wconf 85' lang='lat' dir='ltr'><strong>barbaros</strong></span> <span class='ocrx_word' id='word_1_245' title='bbox 1241 2360 1695 2427; x_wconf 87' lang='lat' dir='ltr'><strong>ettruculentos,</strong></span> 
     </span>
    </p>
   </div>
   <div class='ocr_carea' id='block_1_42' title="bbox 18 2448 1699 2520">
    <p class='ocr_par' dir='ltr' id='par_1_42' title="bbox 18 2448 1699 2520">
     <span class='ocr_line' id='line_1_42' title="bbox 18 2448 1699 2520; baseline -0.001 -16"><span class='ocrx_word' id='word_1_246' title='bbox 18 2450 381 2504; x_wconf 87' lang='lat' dir='ltr'><strong>subvertere</strong></span> <span class='ocrx_word' id='word_1_247' title='bbox 409 2452 466 2502; x_wconf 92' lang='lat' dir='ltr'><strong>et</strong></span> <span class='ocrx_word' id='word_1_248' title='bbox 495 2464 618 2503; x_wconf 92' lang='lat' dir='ltr'><strong>non</strong></span> <span class='ocrx_word' id='word_1_249' title='bbox 645 2448 941 2503; x_wconf 83' lang='lat' dir='ltr'><strong>aediﬁcare</strong></span> <span class='ocrx_word' id='word_1_250' title='bbox 973 2453 1179 2503; x_wconf 89' lang='lat' dir='ltr'><strong>sancta</strong></span> <span class='ocrx_word' id='word_1_251' title='bbox 1213 2448 1456 2520; x_wconf 90' lang='lat' dir='ltr'><strong>templa,</strong></span> <span class='ocrx_word' id='word_1_252' title='bbox 1503 2448 1699 2504; x_wconf 90' lang='lat' dir='ltr'><strong>delere</strong></span> 
     </span>
    </p>
   </div>
   <div class='ocr_carea' id='block_1_43' title="bbox 17 2538 1700 2610">
    <p class='ocr_par' dir='ltr' id='par_1_43' title="bbox 17 2538 1700 2610">
     <span class='ocr_line' id='line_1_43' title="bbox 17 2538 1700 2610; baseline -0.001 -17"><span class='ocrx_word' id='word_1_253' title='bbox 17 2545 75 2594; x_wconf 91' lang='lat' dir='ltr'><strong>et</strong></span> <span class='ocrx_word' id='word_1_254' title='bbox 108 2538 403 2606; x_wconf 81' lang='lat' dir='ltr'><strong>efl‘ugare,</strong></span> <span class='ocrx_word' id='word_1_255' title='bbox 438 2541 495 2592; x_wconf 91' lang='lat' dir='ltr'><strong>et</strong></span> <span class='ocrx_word' id='word_1_256' title='bbox 521 2553 645 2592; x_wconf 91' lang='lat' dir='ltr'><strong>non</strong></span> <span class='ocrx_word' id='word_1_257' title='bbox 668 2538 944 2607; x_wconf 86' lang='lat' dir='ltr'><strong>colligere</strong></span> <span class='ocrx_word' id='word_1_258' title='bbox 1004 2542 1107 2593; x_wconf 92' lang='lat' dir='ltr'><strong>aut</strong></span> <span class='ocrx_word' id='word_1_259' title='bbox 1152 2538 1375 2592; x_wconf 90' lang='lat' dir='ltr'><strong>nutrire</strong></span> <span class='ocrx_word' id='word_1_260' title='bbox 1431 2538 1700 2610; x_wconf 90' lang='lat' dir='ltr'><strong>spiritua-</strong></span> 
     </span>
    </p>
   </div>
   <div class='ocr_carea' id='block_1_44' title="bbox 18 2626 1697 2698">
    <p class='ocr_par' dir='ltr' id='par_1_44' title="bbox 18 2626 1697 2698">
     <span class='ocr_line' id='line_1_44' title="bbox 18 2626 1697 2698; baseline -0.002 -14"><span class='ocrx_word' id='word_1_261' title='bbox 18 2630 182 2684; x_wconf 87' lang='lat' dir='ltr'><strong>lium</strong></span> <span class='ocrx_word' id='word_1_262' title='bbox 210 2626 528 2682; x_wconf 91' lang='lat' dir='ltr'><strong>hominum</strong></span> <span class='ocrx_word' id='word_1_263' title='bbox 570 2628 1065 2697; x_wconf 88' lang='lat' dir='ltr'><strong>congregationes</strong></span> <span class='ocrx_word' id='word_1_264' title='bbox 1114 2632 1373 2683; x_wconf 91' lang='lat' dir='ltr'><strong>sanctas.</strong></span> <span class='ocrx_word' id='word_1_265' title='bbox 1432 2629 1697 2698; x_wconf 88' lang='lat' dir='ltr'><strong>Quapro-</strong></span> 
     </span>
    </p>
   </div>
   <div class='ocr_carea' id='block_1_45' title="bbox 17 2714 1699 2790">
    <p class='ocr_par' dir='ltr' id='par_1_45' title="bbox 17 2714 1699 2790">
     <span class='ocr_line' id='line_1_45' title="bbox 17 2714 1699 2790; baseline -0.002 -18"><span class='ocrx_word' id='word_1_266' title='bbox 17 2723 164 2790; x_wconf 89' lang='lat' dir='ltr'><strong>pter</strong></span> <span class='ocrx_word' id='word_1_267' title='bbox 194 2716 274 2771; x_wconf 91' lang='lat' dir='ltr'><strong>ad</strong></span> <span class='ocrx_word' id='word_1_268' title='bbox 295 2715 512 2771; x_wconf 92' lang='lat' dir='ltr'><strong>ducem</strong></span> <span class='ocrx_word' id='word_1_269' title='bbox 542 2722 806 2771; x_wconf 90' lang='lat' dir='ltr'><strong>vestrum</strong></span> <span class='ocrx_word' id='word_1_270' title='bbox 846 2716 1050 2784; x_wconf 86' lang='lat' dir='ltr'><strong>redite,</strong></span> <span class='ocrx_word' id='word_1_271' title='bbox 1111 2720 1167 2771; x_wconf 92' lang='lat' dir='ltr'><strong>et</strong></span> <span class='ocrx_word' id='word_1_272' title='bbox 1218 2731 1330 2770; x_wconf 91' lang='lat' dir='ltr'><strong>nos</strong></span> <span class='ocrx_word' id='word_1_273' title='bbox 1386 2716 1566 2785; x_wconf 87' lang='lat' dir='ltr'><strong>hujus</strong></span> <span class='ocrx_word' id='word_1_274' title='bbox 1614 2714 1699 2769; x_wconf 90' lang='lat' dir='ltr'><strong>rei</strong></span> 
     </span>
    </p>
   </div>
   <div class='ocr_carea' id='block_1_46' title="bbox 17 2804 1697 2879">
    <p class='ocr_par' dir='ltr' id='par_1_46' title="bbox 17 2804 1697 2879">
     <span class='ocr_line' id='line_1_46' title="bbox 17 2804 1697 2879; baseline -0.004 -15"><span class='ocrx_word' id='word_1_275' title='bbox 17 2805 284 2864; x_wconf 88' lang='lat' dir='ltr'><strong>omnino</strong></span> <span class='ocrx_word' id='word_1_276' title='bbox 319 2805 648 2878; x_wconf 88' lang='lat' dir='ltr'><strong>imparatos</strong></span> <span class='ocrx_word' id='word_1_277' title='bbox 674 2807 1049 2879; x_wconf 85' lang='lat' dir='ltr'><strong>respondete,</strong></span> <span class='ocrx_word' id='word_1_278' title='bbox 1084 2822 1222 2861; x_wconf 91' lang='lat' dir='ltr'><strong>cum</strong></span> <span class='ocrx_word' id='word_1_279' title='bbox 1252 2805 1427 2860; x_wconf 92' lang='lat' dir='ltr'><strong>nobis</strong></span> <span class='ocrx_word' id='word_1_280' title='bbox 1472 2810 1527 2860; x_wconf 90' lang='lat' dir='ltr'><strong>et</strong></span> <span class='ocrx_word' id='word_1_281' title='bbox 1584 2804 1697 2859; x_wconf 89' lang='lat' dir='ltr'><strong>fra-</strong></span> 
     </span>
    </p>
   </div>
   <div class='ocr_carea' id='block_1_47' title="bbox 17 2894 1696 2967">
    <p class='ocr_par' dir='ltr' id='par_1_47' title="bbox 17 2894 1696 2967">
     <span class='ocr_line' id='line_1_47' title="bbox 17 2894 1696 2967; baseline -0.004 -14"><span class='ocrx_word' id='word_1_282' title='bbox 17 2896 226 2953; x_wconf 88' lang='lat' dir='ltr'><strong>tribus</strong></span> <span class='ocrx_word' id='word_1_283' title='bbox 253 2894 621 2950; x_wconf 87' lang='lat' dir='ltr'><strong>deducendis</strong></span> <span class='ocrx_word' id='word_1_284' title='bbox 677 2896 895 2950; x_wconf 92' lang='lat' dir='ltr'><strong>desunt</strong></span> <span class='ocrx_word' id='word_1_285' title='bbox 948 2895 1105 2967; x_wconf 92' lang='lat' dir='ltr'><strong>equi,</strong></span> <span class='ocrx_word' id='word_1_286' title='bbox 1160 2899 1340 2967; x_wconf 91' lang='lat' dir='ltr'><strong>atque</strong></span> <span class='ocrx_word' id='word_1_287' title='bbox 1387 2894 1696 2966; x_wconf 87' lang='lat' dir='ltr'><strong>stipendiis</strong></span> 
     </span>
    </p>
   </div>
   <div class='ocr_carea' id='block_1_48' title="bbox 17 2983 1694 3048">
    <p class='ocr_par' dir='ltr' id='par_1_48' title="bbox 17 2983 1694 3048">
     <span class='ocr_line' id='line_1_48' title="bbox 17 2983 1694 3048; baseline -0.002 -8"><span class='ocrx_word' id='word_1_288' title='bbox 17 2983 529 3041; x_wconf 88' lang='lat' dir='ltr'><strong>deducendorum</strong></span> <span class='ocrx_word' id='word_1_289' title='bbox 562 2984 811 3039; x_wconf 86' lang='lat' dir='ltr'><strong>fratrum</strong></span> <span class='ocrx_word' id='word_1_290' title='bbox 838 2984 1055 3039; x_wconf 92' lang='lat' dir='ltr'><strong>desunt</strong></span> <span class='ocrx_word' id='word_1_291' title='bbox 1082 2983 1384 3039; x_wconf 89' lang='lat' dir='ltr'><strong>clitellarii.</strong></span> <span class='ocrx_word' id='word_1_292' title='bbox 1420 2984 1694 3048; x_wconf 86' lang='lat' dir='ltr'><strong>Quodre-</strong></span> 
     </span>
    </p>
   </div>
   <div class='ocr_carea' id='block_1_49' title="bbox 1802 1828 3455 1901">
    <p class='ocr_par' dir='ltr' id='par_1_49' title="bbox 1802 1828 3455 1901">
     <span class='ocr_line' id='line_1_49' title="bbox 1802 1828 3455 1901; baseline -0.002 -16"><span class='ocrx_word' id='word_1_293' title='bbox 1802 1836 2100 1901; x_wconf 90' lang='lat' dir='ltr'><strong>quatenus</strong></span> <span class='ocrx_word' id='word_1_294' title='bbox 2129 1831 2209 1886; x_wconf 91' lang='lat' dir='ltr'><strong>ita</strong></span> <span class='ocrx_word' id='word_1_295' title='bbox 2234 1846 2443 1886; x_wconf 89' lang='lat' dir='ltr'><strong>omnes</strong></span> <span class='ocrx_word' id='word_1_296' title='bbox 2467 1829 2789 1885; x_wconf 89' lang='lat' dir='ltr'><strong>Galliarum</strong></span> <span class='ocrx_word' id='word_1_297' title='bbox 2822 1828 3100 1884; x_wconf 90' lang='lat' dir='ltr'><strong>ecclesias</strong></span> <span class='ocrx_word' id='word_1_298' title='bbox 3151 1832 3455 1883; x_wconf 85' lang='lat' dir='ltr'><strong>transcen-</strong></span> 
     </span>
    </p>
   </div>
   <div class='ocr_carea' id='block_1_50' title="bbox 1803 1916 3463 1989">
    <p class='ocr_par' dir='ltr' id='par_1_50' title="bbox 1803 1916 3463 1989">
     <span class='ocr_line' id='line_1_50' title="bbox 1803 1916 3463 1989; baseline -0.002 -15"><span class='ocrx_word' id='word_1_299' title='bbox 1803 1921 1966 1975; x_wconf 89' lang='lat' dir='ltr'><strong>deret</strong></span> <span class='ocrx_word' id='word_1_300' title='bbox 1994 1936 2055 1975; x_wconf 90' lang='lat' dir='ltr'><strong>re</strong></span> <span class='ocrx_word' id='word_1_301' title='bbox 2088 1925 2143 1975; x_wconf 92' lang='lat' dir='ltr'><strong>et</strong></span> <span class='ocrx_word' id='word_1_302' title='bbox 2167 1920 2376 1975; x_wconf 90' lang='lat' dir='ltr'><strong>habitu</strong></span> <span class='ocrx_word' id='word_1_303' title='bbox 2409 1935 2660 1974; x_wconf 67' lang='lat' dir='ltr'><strong>summae</strong></span> <span class='ocrx_word' id='word_1_304' title='bbox 2684 1917 3004 1987; x_wconf 88' lang='lat' dir='ltr'><strong>religionis,</strong></span> <span class='ocrx_word' id='word_1_305' title='bbox 3066 1916 3463 1989; x_wconf 90' lang='lat' dir='ltr'><strong>quemadmo-</strong></span> 
     </span>
    </p>
   </div>
   <div class='ocr_carea' id='block_1_51' title="bbox 1804 2006 3463 2079">
    <p class='ocr_par' dir='ltr' id='par_1_51' title="bbox 1804 2006 3463 2079">
     <span class='ocr_line' id='line_1_51' title="bbox 1804 2006 3463 2079; baseline -0.003 -14"><span class='ocrx_word' id='word_1_306' title='bbox 1804 2011 1951 2065; x_wconf 90' lang='lat' dir='ltr'><strong>dum</strong></span> <span class='ocrx_word' id='word_1_307' title='bbox 1984 2009 2441 2065; x_wconf 86' lang='lat' dir='ltr'><strong>transcendebat</strong></span> <span class='ocrx_word' id='word_1_308' title='bbox 2456 2009 2642 2064; x_wconf 90' lang='lat' dir='ltr'><strong>verbo</strong></span> <span class='ocrx_word' id='word_1_309' title='bbox 2664 2012 2720 2062; x_wconf 90' lang='lat' dir='ltr'><strong>et</strong></span> <span class='ocrx_word' id='word_1_310' title='bbox 2741 2006 2982 2079; x_wconf 88' lang='lat' dir='ltr'><strong>speciali</strong></span> <span class='ocrx_word' id='word_1_311' title='bbox 3006 2006 3310 2078; x_wconf 88' lang='lat' dir='ltr'><strong>privilegio</strong></span> <span class='ocrx_word' id='word_1_312' title='bbox 3341 2022 3463 2060; x_wconf 63' lang='lat' dir='ltr'><strong>suae</strong></span> 
     </span>
    </p>
   </div>
   <div class='ocr_carea' id='block_1_52' title="bbox 1804 2095 3465 2172">
    <p class='ocr_par' dir='ltr' id='par_1_52' title="bbox 1804 2095 3465 2172">
     <span class='ocr_line' id='line_1_52' title="bbox 1804 2095 3465 2172; baseline -0.004 -16"><span class='ocrx_word' id='word_1_313' title='bbox 1804 2100 2287 2172; x_wconf 90' lang='lat' dir='ltr'><strong>nuncupationis.</strong></span> <span class='ocrx_word' id='word_1_314' title='bbox 2322 2099 2696 2155; x_wconf 87' lang='lat' dir='ltr'><strong>Parcimonia</strong></span> <span class='ocrx_word' id='word_1_315' title='bbox 2725 2102 2781 2152; x_wconf 88' lang='lat' dir='ltr'><strong>et</strong></span> <span class='ocrx_word' id='word_1_316' title='bbox 2808 2096 3115 2169; x_wconf 89' lang='lat' dir='ltr'><strong>pudicitia,</strong></span> <span class='ocrx_word' id='word_1_317' title='bbox 3163 2101 3220 2151; x_wconf 93' lang='lat' dir='ltr'><strong>et</strong></span> <span class='ocrx_word' id='word_1_318' title='bbox 3257 2095 3465 2151; x_wconf 85' lang='lat' dir='ltr'><strong>volun-</strong></span> 
     </span>
    </p>
   </div>
   <div class='ocr_carea' id='block_1_53' title="bbox 1808 2184 3467 2262">
    <p class='ocr_par' dir='ltr' id='par_1_53' title="bbox 1808 2184 3467 2262">
     <span class='ocr_line' id='line_1_53' title="bbox 1808 2184 3467 2262; baseline -0.004 -17"><span class='ocrx_word' id='word_1_319' title='bbox 1808 2191 1971 2245; x_wconf 82' lang='lat' dir='ltr'><strong>tariae</strong></span> <span class='ocrx_word' id='word_1_320' title='bbox 1992 2189 2360 2262; x_wconf 88' lang='lat' dir='ltr'><strong>paupertatis</strong></span> <span class='ocrx_word' id='word_1_321' title='bbox 2387 2188 2759 2244; x_wconf 91' lang='lat' dir='ltr'><strong>abundantia</strong></span> <span class='ocrx_word' id='word_1_322' title='bbox 2808 2186 3223 2242; x_wconf 87' lang='lat' dir='ltr'><strong>Fiscannensis</strong></span> <span class='ocrx_word' id='word_1_323' title='bbox 3279 2184 3467 2239; x_wconf 91' lang='lat' dir='ltr'><strong>Eccle-</strong></span> 
     </span>
    </p>
   </div>
   <div class='ocr_carea' id='block_1_54' title="bbox 1808 2274 3471 2348">
    <p class='ocr_par' dir='ltr' id='par_1_54' title="bbox 1808 2274 3471 2348">
     <span class='ocr_line' id='line_1_54' title="bbox 1808 2274 3471 2348; baseline -0.003 -14"><span class='ocrx_word' id='word_1_324' title='bbox 1808 2280 1896 2335; x_wconf 92' lang='lat' dir='ltr'><strong>sia</strong></span> <span class='ocrx_word' id='word_1_325' title='bbox 1926 2278 2102 2334; x_wconf 91' lang='lat' dir='ltr'><strong>valde</strong></span> <span class='ocrx_word' id='word_1_326' title='bbox 2125 2279 2401 2334; x_wconf 88' lang='lat' dir='ltr'><strong>radiabat</strong></span> <span class='ocrx_word' id='word_1_327' title='bbox 2436 2296 2448 2347; x_wconf 91' lang='lat'><strong>;</strong></span> <span class='ocrx_word' id='word_1_328' title='bbox 2498 2277 2801 2344; x_wconf 88' lang='lat' dir='ltr'><strong>virtutum,</strong></span> <span class='ocrx_word' id='word_1_329' title='bbox 2857 2292 3117 2348; x_wconf 90' lang='lat' dir='ltr'><strong>quarum</strong></span> <span class='ocrx_word' id='word_1_330' title='bbox 3174 2274 3471 2330; x_wconf 91' lang='lat' dir='ltr'><strong>evidentia</strong></span> 
     </span>
    </p>
   </div>
   <div class='ocr_carea' id='block_1_55' title="bbox 1804 2363 3470 2437">
    <p class='ocr_par' dir='ltr' id='par_1_55' title="bbox 1804 2363 3470 2437">
     <span class='ocr_line' id='line_1_55' title="bbox 1804 2363 3470 2437; baseline -0.004 -13"><span class='ocrx_word' id='word_1_331' title='bbox 1804 2370 2088 2425; x_wconf 90' lang='lat' dir='ltr'><strong>latentem</strong></span> <span class='ocrx_word' id='word_1_332' title='bbox 2122 2386 2246 2423; x_wconf 78' lang='lat' dir='ltr'><strong>suae</strong></span> <span class='ocrx_word' id='word_1_333' title='bbox 2278 2368 2485 2423; x_wconf 76' lang='lat' dir='ltr'><strong>formae</strong></span> <span class='ocrx_word' id='word_1_334' title='bbox 2512 2372 2788 2423; x_wconf 61' lang='lat' dir='ltr'><strong>crateram</strong></span> <span class='ocrx_word' id='word_1_335' title='bbox 2818 2365 3325 2437; x_wconf 87' lang='lat' dir='ltr'><strong>pulchritudinem</strong></span> <span class='ocrx_word' id='word_1_336' title='bbox 3369 2363 3470 2419; x_wconf 90' lang='lat' dir='ltr'><strong>de-</strong></span> 
     </span>
    </p>
   </div>
   <div class='ocr_carea' id='block_1_56' title="bbox 1807 2455 3470 2529">
    <p class='ocr_par' dir='ltr' id='par_1_56' title="bbox 1807 2455 3470 2529">
     <span class='ocr_line' id='line_1_56' title="bbox 1807 2455 3470 2529; baseline -0.004 -16"><span class='ocrx_word' id='word_1_337' title='bbox 1807 2458 2106 2528; x_wconf 89' lang='lat' dir='ltr'><strong>signabat,</strong></span> <span class='ocrx_word' id='word_1_338' title='bbox 2130 2462 2309 2529; x_wconf 90' lang='lat' dir='ltr'><strong>atque</strong></span> <span class='ocrx_word' id='word_1_339' title='bbox 2341 2457 2749 2512; x_wconf 90' lang='lat' dir='ltr'><strong>contuentium</strong></span> <span class='ocrx_word' id='word_1_340' title='bbox 2796 2455 3103 2510; x_wconf 86' lang='lat' dir='ltr'><strong>mentibus</strong></span> <span class='ocrx_word' id='word_1_341' title='bbox 3158 2471 3280 2508; x_wconf 72' lang='lat' dir='ltr'><strong>suae</strong></span> <span class='ocrx_word' id='word_1_342' title='bbox 3331 2468 3470 2508; x_wconf 89' lang='lat' dir='ltr'><strong>con-</strong></span> 
     </span>
    </p>
   </div>
   <div class='ocr_carea' id='block_1_57' title="bbox 1806 2545 3464 2615">
    <p class='ocr_par' dir='ltr' id='par_1_57' title="bbox 1806 2545 3464 2615">
     <span class='ocr_line' id='line_1_57' title="bbox 1806 2545 3464 2615; baseline -0.004 -12"><span class='ocrx_word' id='word_1_343' title='bbox 1806 2547 2155 2603; x_wconf 88' lang='lat' dir='ltr'><strong>versationis</strong></span> <span class='ocrx_word' id='word_1_344' title='bbox 2186 2546 2500 2601; x_wconf 92' lang='lat' dir='ltr'><strong>consilium</strong></span> <span class='ocrx_word' id='word_1_345' title='bbox 2529 2546 2675 2600; x_wconf 92' lang='lat' dir='ltr'><strong>inire</strong></span> <span class='ocrx_word' id='word_1_346' title='bbox 2727 2548 2783 2599; x_wconf 93' lang='lat' dir='ltr'><strong>et</strong></span> <span class='ocrx_word' id='word_1_347' title='bbox 2829 2545 3067 2613; x_wconf 89' lang='lat' dir='ltr'><strong>imitari,</strong></span> <span class='ocrx_word' id='word_1_348' title='bbox 3120 2547 3464 2615; x_wconf 89' lang='lat' dir='ltr'><strong>apertarum</strong></span> 
     </span>
    </p>
   </div>
   <div class='ocr_carea' id='block_1_58' title="bbox 1806 2631 3461 2706">
    <p class='ocr_par' dir='ltr' id='par_1_58' title="bbox 1806 2631 3461 2706">
     <span class='ocr_line' id='line_1_58' title="bbox 1806 2631 3461 2706; baseline -0.004 -14"><span class='ocrx_word' id='word_1_349' title='bbox 1806 2641 2160 2706; x_wconf 90' lang='lat' dir='ltr'><strong>argumento</strong></span> <span class='ocrx_word' id='word_1_350' title='bbox 2209 2635 2491 2689; x_wconf 88' lang='lat' dir='ltr'><strong>virtutum</strong></span> <span class='ocrx_word' id='word_1_351' title='bbox 2542 2632 2907 2688; x_wconf 87' lang='lat' dir='ltr'><strong>ascendebat</strong></span> <span class='ocrx_word' id='word_1_352' title='bbox 2961 2637 3017 2687; x_wconf 91' lang='lat' dir='ltr'><strong>et</strong></span> <span class='ocrx_word' id='word_1_353' title='bbox 3072 2631 3461 2703; x_wconf 85' lang='lat' dir='ltr'><strong>provocabat.</strong></span> 
     </span>
    </p>
   </div>
   <div class='ocr_carea' id='block_1_59' title="bbox 1805 2718 3465 2793">
    <p class='ocr_par' dir='ltr' id='par_1_59' title="bbox 1805 2718 3465 2793">
     <span class='ocr_line' id='line_1_59' title="bbox 1805 2718 3465 2793; baseline -0.003 -15"><span class='ocrx_word' id='word_1_354' title='bbox 1805 2724 2127 2793; x_wconf 89' lang='lat' dir='ltr'><strong>Ignorabat</strong></span> <span class='ocrx_word' id='word_1_355' title='bbox 2149 2722 2247 2777; x_wconf 90' lang='lat' dir='ltr'><strong>illo</strong></span> <span class='ocrx_word' id='word_1_356' title='bbox 2278 2727 2545 2792; x_wconf 90' lang='lat' dir='ltr'><strong>tempore</strong></span> <span class='ocrx_word' id='word_1_357' title='bbox 2600 2719 3010 2775; x_wconf 88' lang='lat' dir='ltr'><strong>Fiscannensis</strong></span> <span class='ocrx_word' id='word_1_358' title='bbox 3061 2718 3324 2773; x_wconf 90' lang='lat' dir='ltr'><strong>Ecclesia</strong></span> <span class='ocrx_word' id='word_1_359' title='bbox 3377 2722 3465 2773; x_wconf 84' lang='lat' dir='ltr'><strong>to-</strong></span> 
     </span>
    </p>
   </div>
   <div class='ocr_carea' id='block_1_60' title="bbox 1805 2806 3468 2885">
    <p class='ocr_par' dir='ltr' id='par_1_60' title="bbox 1805 2806 3468 2885">
     <span class='ocr_line' id='line_1_60' title="bbox 1805 2806 3468 2885; baseline -0.004 -16"><span class='ocrx_word' id='word_1_360' title='bbox 1805 2814 1918 2869; x_wconf 90' lang='lat' dir='ltr'><strong>tius</strong></span> <span class='ocrx_word' id='word_1_361' title='bbox 1977 2810 2353 2885; x_wconf 89' lang='lat' dir='ltr'><strong>proprietatis</strong></span> <span class='ocrx_word' id='word_1_362' title='bbox 2412 2807 2909 2877; x_wconf 88' lang='lat' dir='ltr'><strong>singularitatem,</strong></span> <span class='ocrx_word' id='word_1_363' title='bbox 2967 2806 3272 2877; x_wconf 90' lang='lat' dir='ltr'><strong>soliusque</strong></span> <span class='ocrx_word' id='word_1_364' title='bbox 3308 2822 3468 2862; x_wconf 90' lang='lat' dir='ltr'><strong>com-</strong></span> 
     </span>
    </p>
   </div>
   <div class='ocr_carea' id='block_1_61' title="bbox 1804 2894 3464 2967">
    <p class='ocr_par' dir='ltr' id='par_1_61' title="bbox 1804 2894 3464 2967">
     <span class='ocr_line' id='line_1_61' title="bbox 1804 2894 3464 2967; baseline -0.005 -10"><span class='ocrx_word' id='word_1_365' title='bbox 1804 2900 2110 2957; x_wconf 90' lang='lat' dir='ltr'><strong>munitatis</strong></span> <span class='ocrx_word' id='word_1_366' title='bbox 2132 2897 2539 2967; x_wconf 88' lang='lat' dir='ltr'><strong>cognoscebat</strong></span> <span class='ocrx_word' id='word_1_367' title='bbox 2561 2895 2867 2950; x_wconf 90' lang='lat' dir='ltr'><strong>unientem</strong></span> <span class='ocrx_word' id='word_1_368' title='bbox 2897 2894 3294 2961; x_wconf 89' lang='lat' dir='ltr'><strong>dilectionem,</strong></span> <span class='ocrx_word' id='word_1_369' title='bbox 3327 2911 3464 2966; x_wconf 65' lang='lat' dir='ltr'><strong>quae</strong></span> 
     </span>
    </p>
   </div>
   <div class='ocr_carea' id='block_1_62' title="bbox 1800 2982 3465 3063">
    <p class='ocr_par' dir='ltr' id='par_1_62' title="bbox 1800 2982 3465 3063">
     <span class='ocr_line' id='line_1_62' title="bbox 1800 2982 3465 3063; baseline -0.005 -17"><span class='ocrx_word' id='word_1_370' title='bbox 1800 2993 1971 3063; x_wconf 80' lang='lat' dir='ltr'><strong>juxta</strong></span> <span class='ocrx_word' id='word_1_371' title='bbox 2028 2986 2398 3044; x_wconf 87' lang='lat' dir='ltr'><strong>diversitates</strong></span> <span class='ocrx_word' id='word_1_372' title='bbox 2460 2984 2856 3054; x_wconf 89' lang='lat' dir='ltr'><strong>indigentium</strong></span> <span class='ocrx_word' id='word_1_373' title='bbox 2941 2986 3141 3054; x_wconf 90' lang='lat' dir='ltr'><strong>partes</strong></span> <span class='ocrx_word' id='word_1_374' title='bbox 3196 2982 3465 3039; x_wconf 84' lang='lat' dir='ltr'><strong>diversas</strong></span> 
     </span>
    </p>
   </div>
   <div class='ocr_carea' id='block_1_63' title="bbox 18 3071 3466 3165">
    <p class='ocr_par' dir='ltr' id='par_1_63' title="bbox 18 3071 3466 3165">
     <span class='ocr_line' id='line_1_63' title="bbox 18 3071 3466 3165; baseline -0.001 -35"><span class='ocrx_word' id='word_1_375' title='bbox 18 3090 351 3132; x_wconf 87' lang='lat' dir='ltr'><strong>versorum</strong></span> <span class='ocrx_word' id='word_1_376' title='bbox 378 3074 713 3144; x_wconf 89' lang='lat' dir='ltr'><strong>legatorum</strong></span> <span class='ocrx_word' id='word_1_377' title='bbox 740 3074 1025 3130; x_wconf 89' lang='lat' dir='ltr'><strong>relatione</strong></span> <span class='ocrx_word' id='word_1_378' title='bbox 1055 3075 1177 3129; x_wconf 83' lang='lat' dir='ltr'><strong>dux</strong></span> <span class='ocrx_word' id='word_1_379' title='bbox 1224 3074 1480 3146; x_wconf 84' lang='lat' dir='ltr'><strong>inclytus</strong></span> <span class='ocrx_word' id='word_1_380' title='bbox 1534 3090 1695 3129; x_wconf 87' lang='lat' dir='ltr'><strong>com-</strong></span> <span class='ocrx_word' id='word_1_381' title='bbox 1736 3110 1775 3165; x_wconf 66' lang='grc' dir='ltr'><strong>ρ</strong></span> <span class='ocrx_word' id='word_1_382' title='bbox 1805 3079 2191 3145; x_wconf 88' lang='lat' dir='ltr'><strong>distribuens,</strong></span> <span class='ocrx_word' id='word_1_383' title='bbox 2226 3079 2574 3131; x_wconf 87' lang='lat' dir='ltr'><strong>sanctorum</strong></span> <span class='ocrx_word' id='word_1_384' title='bbox 2606 3071 3017 3146; x_wconf 85' lang='lat' dir='ltr'><strong>apostolorum</strong></span> <span class='ocrx_word' id='word_1_385' title='bbox 3047 3071 3382 3127; x_wconf 89' lang='lat' dir='ltr'><strong>renovabat</strong></span> <span class='ocrx_word' id='word_1_386' title='bbox 3409 3077 3466 3128; x_wconf 92' lang='lat' dir='ltr'><strong>et</strong></span> 
     </span>
    </p>
   </div>
   <div class='ocr_carea' id='block_1_64' title="bbox 18 3163 1695 3238">
    <p class='ocr_par' dir='ltr' id='par_1_64' title="bbox 18 3163 1695 3238">
     <span class='ocr_line' id='line_1_64' title="bbox 18 3163 1695 3238; baseline -0.001 -19"><span class='ocrx_word' id='word_1_387' title='bbox 18 3163 293 3238; x_wconf 89' lang='lat' dir='ltr'><strong>periens,</strong></span> <span class='ocrx_word' id='word_1_388' title='bbox 328 3163 634 3229; x_wconf 79' lang='lat' dir='ltr'><strong>extimuit;</strong></span> <span class='ocrx_word' id='word_1_389' title='bbox 671 3163 1012 3235; x_wconf 89' lang='lat' dir='ltr'><strong>multosque</strong></span> <span class='ocrx_word' id='word_1_390' title='bbox 1034 3179 1225 3235; x_wconf 87' lang='lat' dir='ltr'><strong>equos</strong></span> <span class='ocrx_word' id='word_1_391' title='bbox 1253 3168 1310 3218; x_wconf 90' lang='lat' dir='ltr'><strong>et</strong></span> <span class='ocrx_word' id='word_1_392' title='bbox 1361 3163 1695 3218; x_wconf 90' lang='lat' dir='ltr'><strong>clitellarios</strong></span> 
     </span>
    </p>
   </div>
   <div class='ocr_carea' id='block_1_65' title="bbox 19 3251 1698 3324">
    <p class='ocr_par' dir='ltr' id='par_1_65' title="bbox 19 3251 1698 3324">
     <span class='ocr_line' id='line_1_65' title="bbox 19 3251 1698 3324; baseline -0.001 -15"><span class='ocrx_word' id='word_1_393' title='bbox 19 3251 284 3309; x_wconf 87' lang='lat' dir='ltr'><strong>festinus</strong></span> <span class='ocrx_word' id='word_1_394' title='bbox 306 3252 681 3324; x_wconf 73' lang='lat' dir='ltr'><strong>praeparavit,</strong></span> <span class='ocrx_word' id='word_1_395' title='bbox 706 3268 859 3324; x_wconf 90' lang='lat' dir='ltr'><strong>quos</strong></span> <span class='ocrx_word' id='word_1_396' title='bbox 888 3252 1319 3308; x_wconf 89' lang='lat' dir='ltr'><strong>revertentibus</strong></span> <span class='ocrx_word' id='word_1_397' title='bbox 1335 3252 1544 3321; x_wconf 90' lang='lat' dir='ltr'><strong>legatis</strong></span> <span class='ocrx_word' id='word_1_398' title='bbox 1559 3252 1698 3308; x_wconf 91' lang='lat' dir='ltr'><strong>bea-</strong></span> 
     </span>
    </p>
   </div>
   <div class='ocr_carea' id='block_1_66' title="bbox 19 3342 1596 3399">
    <p class='ocr_par' dir='ltr' id='par_1_66' title="bbox 19 3342 1596 3399">
     <span class='ocr_line' id='line_1_66' title="bbox 19 3342 1596 3399; baseline -0.001 0"><span class='ocrx_word' id='word_1_399' title='bbox 19 3349 99 3399; x_wconf 69' lang='lat' dir='ltr'><strong>tae</strong></span> <span class='ocrx_word' id='word_1_400' title='bbox 138 3342 447 3397; x_wconf 64' lang='lat' dir='ltr'><strong>memoriae</strong></span> <span class='ocrx_word' id='word_1_401' title='bbox 470 3342 676 3398; x_wconf 92' lang='lat' dir='ltr'><strong>abbati</strong></span> <span class='ocrx_word' id='word_1_402' title='bbox 706 3342 994 3397; x_wconf 87' lang='lat' dir='ltr'><strong>Willelmo</strong></span> <span class='ocrx_word' id='word_1_403' title='bbox 1024 3342 1325 3398; x_wconf 90' lang='lat' dir='ltr'><strong>humiliter</strong></span> <span class='ocrx_word' id='word_1_404' title='bbox 1352 3342 1596 3398; x_wconf 91' lang='lat' dir='ltr'><strong>remisit.</strong></span> 
     </span>
    </p>
   </div>
   <div class='ocr_carea' id='block_1_67' title="bbox 633 3433 1095 3501">
    <p class='ocr_par' dir='ltr' id='par_1_67' title="bbox 633 3433 1095 3501">
     <span class='ocr_line' id='line_1_67' title="bbox 633 3433 1095 3501; baseline 0.004 -16"><span class='ocrx_word' id='word_1_405' title='bbox 633 3433 733 3486; x_wconf 72' lang='lat' dir='ltr'><strong>Ex</strong></span> <span class='ocrx_word' id='word_1_406' title='bbox 763 3448 894 3501; x_wconf 87' lang='lat' dir='ltr'><strong>cap.</strong></span> <span class='ocrx_word' id='word_1_407' title='bbox 940 3434 1095 3487; x_wconf 89' lang='lat' dir='ltr'><strong>XXll.</strong></span> 
     </span>
    </p>
   </div>
   <div class='ocr_carea' id='block_1_68' title="bbox 95 3518 1693 3591">
    <p class='ocr_par' dir='ltr' id='par_1_68' title="bbox 95 3518 1693 3591">
     <span class='ocr_line' id='line_1_68' title="bbox 95 3518 1693 3591; baseline -0.001 -16"><span class='ocrx_word' id='word_1_408' title='bbox 95 3523 269 3575; x_wconf 90' lang='lat' dir='ltr'><strong>Tunc</strong></span> <span class='ocrx_word' id='word_1_409' title='bbox 295 3518 508 3575; x_wconf 90' lang='lat' dir='ltr'><strong>beatus</strong></span> <span class='ocrx_word' id='word_1_410' title='bbox 537 3520 729 3576; x_wconf 92' lang='lat' dir='ltr'><strong>abbas</strong></span> <span class='ocrx_word' id='word_1_411' title='bbox 765 3520 934 3575; x_wconf 90' lang='lat' dir='ltr'><strong>ducis</strong></span> <span class='ocrx_word' id='word_1_412' title='bbox 984 3520 1221 3576; x_wconf 90' lang='lat' dir='ltr'><strong>intuens</strong></span> <span class='ocrx_word' id='word_1_413' title='bbox 1275 3519 1693 3591; x_wconf 88' lang='lat' dir='ltr'><strong>importunita-</strong></span> 
     </span>
    </p>
   </div>
   <div class='ocr_carea' id='block_1_69' title="bbox 18 3609 1695 3683">
    <p class='ocr_par' dir='ltr' id='par_1_69' title="bbox 18 3609 1695 3683">
     <span class='ocr_line' id='line_1_69' title="bbox 18 3609 1695 3683; baseline -0.003 -16"><span class='ocrx_word' id='word_1_414' title='bbox 18 3618 155 3668; x_wconf 87' lang='lat' dir='ltr'><strong>tem</strong></span> <span class='ocrx_word' id='word_1_415' title='bbox 186 3613 243 3664; x_wconf 92' lang='lat' dir='ltr'><strong>et</strong></span> <span class='ocrx_word' id='word_1_416' title='bbox 272 3611 796 3681; x_wconf 87' lang='lat' dir='ltr'><strong>perseverantiam,</strong></span> <span class='ocrx_word' id='word_1_417' title='bbox 827 3615 1005 3683; x_wconf 90' lang='lat' dir='ltr'><strong>atque</strong></span> <span class='ocrx_word' id='word_1_418' title='bbox 1044 3609 1119 3664; x_wconf 93' lang='lat' dir='ltr'><strong>de</strong></span> <span class='ocrx_word' id='word_1_419' title='bbox 1146 3609 1589 3681; x_wconf 89' lang='lat' dir='ltr'><strong>importunitate</strong></span> <span class='ocrx_word' id='word_1_420' title='bbox 1638 3612 1695 3663; x_wconf 91' lang='lat' dir='ltr'><strong>et</strong></span> 
     </span>
    </p>
   </div>
   <div class='ocr_carea' id='block_1_70' title="bbox 18 3697 1693 3775">
    <p class='ocr_par' dir='ltr' id='par_1_70' title="bbox 18 3697 1693 3775">
     <span class='ocr_line' id='line_1_70' title="bbox 18 3697 1693 3775; baseline -0.004 -18"><span class='ocrx_word' id='word_1_421' title='bbox 18 3701 482 3775; x_wconf 88' lang='lat' dir='ltr'><strong>perseverantia</strong></span> <span class='ocrx_word' id='word_1_422' title='bbox 512 3717 915 3773; x_wconf 90' lang='lat' dir='ltr'><strong>compensans</strong></span> <span class='ocrx_word' id='word_1_423' title='bbox 973 3699 1157 3755; x_wconf 89' lang='lat' dir='ltr'><strong>animi</strong></span> <span class='ocrx_word' id='word_1_424' title='bbox 1216 3697 1584 3753; x_wconf 87' lang='lat' dir='ltr'><strong>voluntatem</strong></span> <span class='ocrx_word' id='word_1_425' title='bbox 1637 3700 1693 3752; x_wconf 91' lang='lat' dir='ltr'><strong>et</strong></span> 
     </span>
    </p>
   </div>
   <div class='ocr_carea' id='block_1_71' title="bbox 18 3786 1691 3860">
    <p class='ocr_par' dir='ltr' id='par_1_71' title="bbox 18 3786 1691 3860">
     <span class='ocr_line' id='line_1_71' title="bbox 18 3786 1691 3860; baseline -0.004 -13"><span class='ocrx_word' id='word_1_426' title='bbox 18 3788 413 3847; x_wconf 89' lang='lat' dir='ltr'><strong>devotionem</strong></span> <span class='ocrx_word' id='word_1_427' title='bbox 446 3795 735 3857; x_wconf 88' lang='lat' dir='ltr'><strong>sanctam,</strong></span> <span class='ocrx_word' id='word_1_428' title='bbox 763 3789 1008 3845; x_wconf 89' lang='lat' dir='ltr'><strong>collecta</strong></span> <span class='ocrx_word' id='word_1_429' title='bbox 1029 3786 1425 3860; x_wconf 86' lang='lat' dir='ltr'><strong>spiritualium</strong></span> <span class='ocrx_word' id='word_1_430' title='bbox 1442 3786 1691 3841; x_wconf 88' lang='lat' dir='ltr'><strong>fratrum</strong></span> 
     </span>
    </p>
   </div>
   <div class='ocr_carea' id='block_1_72' title="bbox 18 3873 1689 3949">
    <p class='ocr_par' dir='ltr' id='par_1_72' title="bbox 18 3873 1689 3949">
     <span class='ocr_line' id='line_1_72' title="bbox 18 3873 1689 3949; baseline -0.005 -13"><span class='ocrx_word' id='word_1_431' title='bbox 18 3877 414 3936; x_wconf 88' lang='lat' dir='ltr'><strong>multitudine</strong></span> <span class='ocrx_word' id='word_1_432' title='bbox 445 3879 731 3944; x_wconf 83' lang='lat' dir='ltr'><strong>maxima,</strong></span> <span class='ocrx_word' id='word_1_433' title='bbox 757 3878 864 3933; x_wconf 92' lang='lat' dir='ltr'><strong>iter</strong></span> <span class='ocrx_word' id='word_1_434' title='bbox 893 3875 1158 3949; x_wconf 89' lang='lat' dir='ltr'><strong>arripuit,</strong></span> <span class='ocrx_word' id='word_1_435' title='bbox 1200 3876 1528 3947; x_wconf 90' lang='lat' dir='ltr'><strong>paucisque</strong></span> <span class='ocrx_word' id='word_1_436' title='bbox 1587 3873 1689 3929; x_wconf 90' lang='lat' dir='ltr'><strong>de-</strong></span> 
     </span>
    </p>
   </div>
   <div class='ocr_carea' id='block_1_73' title="bbox 18 3964 1693 4031">
    <p class='ocr_par' dir='ltr' id='par_1_73' title="bbox 18 3964 1693 4031">
     <span class='ocr_line' id='line_1_73' title="bbox 18 3964 1693 4031; baseline -0.005 -2"><span class='ocrx_word' id='word_1_437' title='bbox 18 3968 225 4031; x_wconf 90' lang='lat' dir='ltr'><strong>cursis</strong></span> <span class='ocrx_word' id='word_1_438' title='bbox 254 3967 464 4023; x_wconf 91' lang='lat' dir='ltr'><strong>diebus</strong></span> <span class='ocrx_word' id='word_1_439' title='bbox 499 3967 801 4023; x_wconf 71' lang='lat' dir='ltr'><strong>zestuantis</strong></span> <span class='ocrx_word' id='word_1_440' title='bbox 840 3966 1009 4021; x_wconf 91' lang='lat' dir='ltr'><strong>ducis</strong></span> <span class='ocrx_word' id='word_1_441' title='bbox 1053 3964 1346 4020; x_wconf 91' lang='lat' dir='ltr'><strong>desiderio</strong></span> <span class='ocrx_word' id='word_1_442' title='bbox 1403 3980 1580 4019; x_wconf 90' lang='lat' dir='ltr'><strong>suam</strong></span> <span class='ocrx_word' id='word_1_443' title='bbox 1636 3968 1693 4020; x_wconf 91' lang='lat' dir='ltr'><strong>et</strong></span> 
     </span>
    </p>
   </div>
   <div class='ocr_carea' id='block_1_74' title="bbox 18 4053 1689 4127">
    <p class='ocr_par' dir='ltr' id='par_1_74' title="bbox 18 4053 1689 4127">
     <span class='ocr_line' id='line_1_74' title="bbox 18 4053 1689 4127; baseline -0.002 -13"><span class='ocrx_word' id='word_1_444' title='bbox 18 4059 363 4119; x_wconf 87' lang='lat' dir='ltr'><strong>multorum</strong></span> <span class='ocrx_word' id='word_1_445' title='bbox 411 4057 662 4111; x_wconf 87' lang='lat' dir='ltr'><strong>fratrum</strong></span> <span class='ocrx_word' id='word_1_446' title='bbox 716 4054 1097 4127; x_wconf 63' lang='lat' dir='ltr'><strong>praesentiam</strong></span> <span class='ocrx_word' id='word_1_447' title='bbox 1151 4053 1438 4110; x_wconf 81' lang='lat' dir='ltr'><strong>exhibuit.</strong></span> <span class='ocrx_word' id='word_1_448' title='bbox 1500 4056 1689 4119; x_wconf 89' lang='lat' dir='ltr'><strong>Quem</strong></span> 
     </span>
    </p>
   </div>
   <div class='ocr_carea' id='block_1_75' title="bbox 18 4143 1692 4216">
    <p class='ocr_par' dir='ltr' id='par_1_75' title="bbox 18 4143 1692 4216">
     <span class='ocr_line' id='line_1_75' title="bbox 18 4143 1692 4216; baseline -0.002 -14"><span class='ocrx_word' id='word_1_449' title='bbox 18 4155 157 4209; x_wconf 83' lang='lat' dir='ltr'><strong>dux</strong></span> <span class='ocrx_word' id='word_1_450' title='bbox 180 4146 453 4216; x_wconf 88' lang='lat' dir='ltr'><strong>egregius</strong></span> <span class='ocrx_word' id='word_1_451' title='bbox 482 4145 657 4201; x_wconf 88' lang='lat' dir='ltr'><strong>totius</strong></span> <span class='ocrx_word' id='word_1_452' title='bbox 687 4145 873 4201; x_wconf 90' lang='lat' dir='ltr'><strong>animi</strong></span> <span class='ocrx_word' id='word_1_453' title='bbox 891 4144 1222 4200; x_wconf 71' lang='lat' dir='ltr'><strong>sinceritate</strong></span> <span class='ocrx_word' id='word_1_454' title='bbox 1240 4144 1491 4199; x_wconf 89' lang='lat' dir='ltr'><strong>totiusve</strong></span> <span class='ocrx_word' id='word_1_455' title='bbox 1510 4143 1692 4199; x_wconf 80' lang='lat' dir='ltr'><strong>since-</strong></span> 
     </span>
    </p>
   </div>
   <div class='ocr_carea' id='block_1_76' title="bbox 18 4234 1691 4308">
    <p class='ocr_par' dir='ltr' id='par_1_76' title="bbox 18 4234 1691 4308">
     <span class='ocr_line' id='line_1_76' title="bbox 18 4234 1691 4308; baseline -0.007 -9"><span class='ocrx_word' id='word_1_456' title='bbox 18 4238 222 4299; x_wconf 86' lang='lat' dir='ltr'><strong>ritatis</strong></span> <span class='ocrx_word' id='word_1_457' title='bbox 246 4236 557 4292; x_wconf 91' lang='lat' dir='ltr'><strong>dilectione</strong></span> <span class='ocrx_word' id='word_1_458' title='bbox 589 4234 943 4308; x_wconf 92' lang='lat' dir='ltr'><strong>suscipiens,</strong></span> <span class='ocrx_word' id='word_1_459' title='bbox 976 4235 1138 4290; x_wconf 91' lang='lat' dir='ltr'><strong>velut</strong></span> <span class='ocrx_word' id='word_1_460' title='bbox 1166 4239 1444 4307; x_wconf 91' lang='lat' dir='ltr'><strong>suscepto</strong></span> <span class='ocrx_word' id='word_1_461' title='bbox 1502 4234 1691 4291; x_wconf 88' lang='lat' dir='ltr'><strong>Chris-</strong></span> 
     </span>
    </p>
   </div>
   <div class='ocr_carea' id='block_1_77' title="bbox 18 4324 1691 4403">
    <p class='ocr_par' dir='ltr' id='par_1_77' title="bbox 18 4324 1691 4403">
     <span class='ocr_line' id='line_1_77' title="bbox 18 4324 1691 4403; baseline -0.002 -21"><span class='ocrx_word' id='word_1_462' title='bbox 18 4338 101 4403; x_wconf 76' lang='lat' dir='ltr'><strong>to,</strong></span> <span class='ocrx_word' id='word_1_463' title='bbox 138 4326 274 4383; x_wconf 90' lang='lat' dir='ltr'><strong>aliis</strong></span> <span class='ocrx_word' id='word_1_464' title='bbox 314 4326 528 4381; x_wconf 89' lang='lat' dir='ltr'><strong>amotis</strong></span> <span class='ocrx_word' id='word_1_465' title='bbox 562 4324 973 4396; x_wconf 88' lang='lat' dir='ltr'><strong>servientibus,</strong></span> <span class='ocrx_word' id='word_1_466' title='bbox 1029 4324 1156 4396; x_wconf 92' lang='lat' dir='ltr'><strong>ipse</strong></span> <span class='ocrx_word' id='word_1_467' title='bbox 1210 4324 1466 4397; x_wconf 90' lang='lat' dir='ltr'><strong>propriis</strong></span> <span class='ocrx_word' id='word_1_468' title='bbox 1496 4325 1691 4380; x_wconf 91' lang='lat' dir='ltr'><strong>mani-</strong></span> 
     </span>
    </p>
   </div>
   <div class='ocr_carea' id='block_1_78' title="bbox 18 4412 1689 4487">
    <p class='ocr_par' dir='ltr' id='par_1_78' title="bbox 18 4412 1689 4487">
     <span class='ocr_line' id='line_1_78' title="bbox 18 4412 1689 4487; baseline -0.002 -15"><span class='ocrx_word' id='word_1_469' title='bbox 18 4421 147 4477; x_wconf 88' lang='lat' dir='ltr'><strong>bus</strong></span> <span class='ocrx_word' id='word_1_470' title='bbox 182 4414 441 4481; x_wconf 86' lang='lat' dir='ltr'><strong>servivit,</strong></span> <span class='ocrx_word' id='word_1_471' title='bbox 476 4413 797 4487; x_wconf 83' lang='lat' dir='ltr'><strong>medioque</strong></span> <span class='ocrx_word' id='word_1_472' title='bbox 826 4412 1025 4469; x_wconf 89' lang='lat' dir='ltr'><strong>brevis</strong></span> <span class='ocrx_word' id='word_1_473' title='bbox 1049 4413 1333 4485; x_wconf 90' lang='lat' dir='ltr'><strong>temporis</strong></span> <span class='ocrx_word' id='word_1_474' title='bbox 1384 4413 1689 4469; x_wconf 87' lang='lat' dir='ltr'><strong>intervallo</strong></span> 
     </span>
    </p>
   </div>
   <div class='ocr_carea' id='block_1_79' title="bbox 18 4502 1689 4573">
    <p class='ocr_par' dir='ltr' id='par_1_79' title="bbox 18 4502 1689 4573">
     <span class='ocr_line' id='line_1_79' title="bbox 18 4502 1689 4573; baseline -0.006 -5"><span class='ocrx_word' id='word_1_475' title='bbox 18 4513 392 4567; x_wconf 89' lang='lat' dir='ltr'><strong>Fiscannum</strong></span> <span class='ocrx_word' id='word_1_476' title='bbox 421 4504 686 4573; x_wconf 86' lang='lat' dir='ltr'><strong>deduxit,</strong></span> <span class='ocrx_word' id='word_1_477' title='bbox 720 4508 777 4559; x_wconf 90' lang='lat' dir='ltr'><strong>et</strong></span> <span class='ocrx_word' id='word_1_478' title='bbox 803 4506 1031 4560; x_wconf 72' lang='lat' dir='ltr'><strong>Sanctae</strong></span> <span class='ocrx_word' id='word_1_479' title='bbox 1060 4502 1350 4558; x_wconf 90' lang='lat' dir='ltr'><strong>Trinitatis</strong></span> <span class='ocrx_word' id='word_1_480' title='bbox 1375 4503 1689 4558; x_wconf 89' lang='lat' dir='ltr'><strong>ecclesiam</strong></span> 
     </span>
    </p>
   </div>
   <div class='ocr_carea' id='block_1_80' title="bbox 18 4590 1691 4665">
    <p class='ocr_par' dir='ltr' id='par_1_80' title="bbox 18 4590 1691 4665">
     <span class='ocr_line' id='line_1_80' title="bbox 18 4590 1691 4665; baseline -0.005 -10"><span class='ocrx_word' id='word_1_481' title='bbox 18 4592 282 4657; x_wconf 88' lang='lat' dir='ltr'><strong>donavit</strong></span> <span class='ocrx_word' id='word_1_482' title='bbox 309 4595 365 4645; x_wconf 91' lang='lat' dir='ltr'><strong>et</strong></span> <span class='ocrx_word' id='word_1_483' title='bbox 394 4590 653 4653; x_wconf 86' lang='lat' dir='ltr'><strong>tradidit,</strong></span> <span class='ocrx_word' id='word_1_484' title='bbox 685 4607 941 4665; x_wconf 91' lang='lat' dir='ltr'><strong>eamque</strong></span> <span class='ocrx_word' id='word_1_485' title='bbox 981 4591 1267 4646; x_wconf 91' lang='lat' dir='ltr'><strong>donatam</strong></span> <span class='ocrx_word' id='word_1_486' title='bbox 1299 4595 1356 4646; x_wconf 92' lang='lat' dir='ltr'><strong>et</strong></span> <span class='ocrx_word' id='word_1_487' title='bbox 1412 4591 1691 4646; x_wconf 90' lang='lat' dir='ltr'><strong>traditam</strong></span> 
     </span>
    </p>
   </div>
   <div class='ocr_carea' id='block_1_81' title="bbox 17 4678 1693 4759">
    <p class='ocr_par' dir='ltr' id='par_1_81' title="bbox 17 4678 1693 4759">
     <span class='ocr_line' id='line_1_81' title="bbox 17 4678 1693 4759; baseline 0 -25"><span class='ocrx_word' id='word_1_488' title='bbox 17 4690 202 4759; x_wconf 69' lang='lat' dir='ltr'><strong>juxta</strong></span> <span class='ocrx_word' id='word_1_489' title='bbox 256 4678 442 4733; x_wconf 91' lang='lat' dir='ltr'><strong>sancti</strong></span> <span class='ocrx_word' id='word_1_490' title='bbox 495 4679 793 4735; x_wconf 90' lang='lat' dir='ltr'><strong>Benedicti</strong></span> <span class='ocrx_word' id='word_1_491' title='bbox 845 4679 1117 4749; x_wconf 88' lang='lat' dir='ltr'><strong>regulam</strong></span> <span class='ocrx_word' id='word_1_492' title='bbox 1166 4684 1221 4734; x_wconf 92' lang='lat' dir='ltr'><strong>et</strong></span> <span class='ocrx_word' id='word_1_493' title='bbox 1264 4680 1693 4734; x_wconf 91' lang='lat' dir='ltr'><strong>institutionem</strong></span> 
     </span>
    </p>
   </div>
   <div class='ocr_carea' id='block_1_82' title="bbox 22 4766 1692 4846">
    <p class='ocr_par' dir='ltr' id='par_1_82' title="bbox 22 4766 1692 4846">
     <span class='ocr_line' id='line_1_82' title="bbox 22 4766 1692 4846; baseline -0.006 -13"><span class='ocrx_word' id='word_1_494' title='bbox 22 4766 280 4846; x_wconf 85' lang='lat' dir='ltr'><strong>disponi</strong></span> <span class='ocrx_word' id='word_1_495' title='bbox 302 4770 356 4821; x_wconf 89' lang='lat' dir='ltr'><strong>et</strong></span> <span class='ocrx_word' id='word_1_496' title='bbox 387 4766 651 4820; x_wconf 90' lang='lat' dir='ltr'><strong>ordinari</strong></span> <span class='ocrx_word' id='word_1_497' title='bbox 676 4768 960 4823; x_wconf 86' lang='lat' dir='ltr'><strong>exoravit.</strong></span> <span class='ocrx_word' id='word_1_498' title='bbox 996 4767 1268 4833; x_wconf 91' lang='lat' dir='ltr'><strong>Donavit,</strong></span> <span class='ocrx_word' id='word_1_499' title='bbox 1308 4767 1576 4838; x_wconf 88' lang='lat' dir='ltr'><strong>inquam,</strong></span> <span class='ocrx_word' id='word_1_500' title='bbox 1638 4770 1692 4823; x_wconf 89' lang='lat' dir='ltr'><strong>et</strong></span> 
     </span>
    </p>
   </div>
   <div class='ocr_carea' id='block_1_83' title="bbox 23 4856 1690 4924">
    <p class='ocr_par' dir='ltr' id='par_1_83' title="bbox 23 4856 1690 4924">
     <span class='ocr_line' id='line_1_83' title="bbox 23 4856 1690 4924; baseline -0.007 -2"><span class='ocrx_word' id='word_1_501' title='bbox 23 4858 281 4921; x_wconf 89' lang='lat' dir='ltr'><strong>tradidit</strong></span> <span class='ocrx_word' id='word_1_502' title='bbox 308 4856 433 4911; x_wconf 81' lang='lat' dir='ltr'><strong>dux</strong></span> <span class='ocrx_word' id='word_1_503' title='bbox 453 4856 727 4924; x_wconf 85' lang='lat' dir='ltr'><strong>egregius</strong></span> <span class='ocrx_word' id='word_1_504' title='bbox 772 4856 1101 4911; x_wconf 85' lang='lat' dir='ltr'><strong>Richardus</strong></span> <span class='ocrx_word' id='word_1_505' title='bbox 1157 4857 1347 4911; x_wconf 71' lang='lat' dir='ltr'><strong>beatze</strong></span> <span class='ocrx_word' id='word_1_506' title='bbox 1386 4872 1690 4911; x_wconf 65' lang='lat' dir='ltr'><strong>memorim</strong></span> 
     </span>
    </p>
   </div>
   <div class='ocr_carea' id='block_1_84' title="bbox 22 4948 1691 5014">
    <p class='ocr_par' dir='ltr' id='par_1_84' title="bbox 22 4948 1691 5014">
     <span class='ocr_line' id='line_1_84' title="bbox 22 4948 1691 5014; baseline -0.008 0"><span class='ocrx_word' id='word_1_507' title='bbox 22 4950 241 5014; x_wconf 89' lang='lat' dir='ltr'><strong>abbati</strong></span> <span class='ocrx_word' id='word_1_508' title='bbox 270 4948 553 5003; x_wconf 88' lang='lat' dir='ltr'><strong>Willelmo</strong></span> <span class='ocrx_word' id='word_1_509' title='bbox 605 4949 835 5004; x_wconf 83' lang='lat' dir='ltr'><strong>Sanctae</strong></span> <span class='ocrx_word' id='word_1_510' title='bbox 893 4948 1185 5005; x_wconf 86' lang='lat' dir='ltr'><strong>Trinitatis</strong></span> <span class='ocrx_word' id='word_1_511' title='bbox 1235 4948 1691 5003; x_wconf 83' lang='lat' dir='ltr'><strong>Fiscannensem</strong></span> 
     </span>
    </p>
   </div>
   <div class='ocr_carea' id='block_1_85' title="bbox 24 5036 1693 5111">
    <p class='ocr_par' dir='ltr' id='par_1_85' title="bbox 24 5036 1693 5111">
     <span class='ocr_line' id='line_1_85' title="bbox 24 5036 1693 5111; baseline -0.004 -14"><span class='ocrx_word' id='word_1_512' title='bbox 24 5038 369 5109; x_wconf 84' lang='lat' dir='ltr'><strong>ecclesiam,</strong></span> <span class='ocrx_word' id='word_1_513' title='bbox 450 5038 1003 5111; x_wconf 90' lang='lat' dir='ltr'><strong>canonicorumque</strong></span> <span class='ocrx_word' id='word_1_514' title='bbox 1078 5037 1411 5094; x_wconf 90' lang='lat' dir='ltr'><strong>carnalium</strong></span> <span class='ocrx_word' id='word_1_515' title='bbox 1468 5036 1693 5108; x_wconf 78' lang='lat' dir='ltr'><strong>expulit</strong></span> 
     </span>
    </p>
   </div>
   <div class='ocr_carea' id='block_1_86' title="bbox 24 5124 1690 5198">
    <p class='ocr_par' dir='ltr' id='par_1_86' title="bbox 24 5124 1690 5198">
     <span class='ocr_line' id='line_1_86' title="bbox 24 5124 1690 5198; baseline -0.007 -6"><span class='ocrx_word' id='word_1_516' title='bbox 24 5142 345 5191; x_wconf 90' lang='lat' dir='ltr'><strong>enormem</strong></span> <span class='ocrx_word' id='word_1_517' title='bbox 404 5126 892 5194; x_wconf 90' lang='lat' dir='ltr'><strong>multitudinem;</strong></span> <span class='ocrx_word' id='word_1_518' title='bbox 951 5143 1213 5198; x_wconf 90' lang='lat' dir='ltr'><strong>quorum</strong></span> <span class='ocrx_word' id='word_1_519' title='bbox 1278 5124 1690 5198; x_wconf 89' lang='lat' dir='ltr'><strong>possessiones</strong></span> 
     </span>
    </p>
   </div>
   <div class='ocr_carea' id='block_1_87' title="bbox 24 5213 1694 5287">
    <p class='ocr_par' dir='ltr' id='par_1_87' title="bbox 24 5213 1694 5287">
     <span class='ocr_line' id='line_1_87' title="bbox 24 5213 1694 5287; baseline -0.004 -10"><span class='ocrx_word' id='word_1_520' title='bbox 24 5214 294 5279; x_wconf 73' lang='lat' dir='ltr'><strong>ecclesiae</strong></span> <span class='ocrx_word' id='word_1_521' title='bbox 324 5215 559 5286; x_wconf 89' lang='lat' dir='ltr'><strong>penitus</strong></span> <span class='ocrx_word' id='word_1_522' title='bbox 605 5216 864 5271; x_wconf 89' lang='lat' dir='ltr'><strong>retinens</strong></span> <span class='ocrx_word' id='word_1_523' title='bbox 910 5220 965 5271; x_wconf 92' lang='lat' dir='ltr'><strong>et</strong></span> <span class='ocrx_word' id='word_1_524' title='bbox 990 5216 1268 5285; x_wconf 90' lang='lat' dir='ltr'><strong>reddens,</strong></span> <span class='ocrx_word' id='word_1_525' title='bbox 1327 5213 1588 5287; x_wconf 82' lang='lat' dir='ltr'><strong>expulsis</strong></span> <span class='ocrx_word' id='word_1_526' title='bbox 1638 5219 1694 5270; x_wconf 89' lang='lat' dir='ltr'><strong>et</strong></span> 
     </span>
    </p>
   </div>
   <div class='ocr_carea' id='block_1_88' title="bbox 26 5303 1692 5374">
    <p class='ocr_par' dir='ltr' id='par_1_88' title="bbox 26 5303 1692 5374">
     <span class='ocr_line' id='line_1_88' title="bbox 26 5303 1692 5374; baseline -0.004 -9"><span class='ocrx_word' id='word_1_527' title='bbox 26 5304 301 5368; x_wconf 89' lang='lat' dir='ltr'><strong>converti</strong></span> <span class='ocrx_word' id='word_1_528' title='bbox 351 5303 690 5359; x_wconf 91' lang='lat' dir='ltr'><strong>nolentibus</strong></span> <span class='ocrx_word' id='word_1_529' title='bbox 749 5304 1073 5374; x_wconf 91' lang='lat' dir='ltr'><strong>canonicis,</strong></span> <span class='ocrx_word' id='word_1_530' title='bbox 1126 5303 1331 5361; x_wconf 87' lang='lat' dir='ltr'><strong>abbati</strong></span> <span class='ocrx_word' id='word_1_531' title='bbox 1359 5319 1692 5373; x_wconf 89' lang='lat' dir='ltr'><strong>congruam</strong></span> 
     </span>
    </p>
   </div>
   <div class='ocr_carea' id='block_1_89' title="bbox 25 5392 954 5464">
    <p class='ocr_par' dir='ltr' id='par_1_89' title="bbox 25 5392 954 5464">
     <span class='ocr_line' id='line_1_89' title="bbox 25 5392 954 5464; baseline -0.008 -7"><span class='ocrx_word' id='word_1_532' title='bbox 25 5392 287 5457; x_wconf 87' lang='lat' dir='ltr'><strong>restituit</strong></span> <span class='ocrx_word' id='word_1_533' title='bbox 313 5393 954 5464; x_wconf 86' lang='lat' dir='ltr'><strong>recompensationem.</strong></span> 
     </span>
    </p>
   </div>
   <div class='ocr_carea' id='block_1_90' title="bbox 628 5483 1101 5553">
    <p class='ocr_par' dir='ltr' id='par_1_90' title="bbox 628 5483 1101 5553">
     <span class='ocr_line' id='line_1_90' title="bbox 628 5483 1101 5553; baseline 0.004 -15"><span class='ocrx_word' id='word_1_534' title='bbox 628 5483 730 5539; x_wconf 74' lang='lat' dir='ltr'><strong>Ea:</strong></span> <span class='ocrx_word' id='word_1_535' title='bbox 755 5500 888 5553; x_wconf 89' lang='lat' dir='ltr'><strong>cap.</strong></span> <span class='ocrx_word' id='word_1_536' title='bbox 922 5484 1101 5540; x_wconf 84' lang='lat' dir='ltr'><strong>XXIII.</strong></span> 
     </span>
    </p>
   </div>
   <div class='ocr_carea' id='block_1_91' title="bbox 98 5571 1695 5645">
    <p class='ocr_par' dir='ltr' id='par_1_91' title="bbox 98 5571 1695 5645">
     <span class='ocr_line' id='line_1_91' title="bbox 98 5571 1695 5645; baseline 0.001 -17"><span class='ocrx_word' id='word_1_537' title='bbox 98 5576 284 5633; x_wconf 87' lang='lat' dir='ltr'><strong>Nocte</strong></span> <span class='ocrx_word' id='word_1_538' title='bbox 314 5571 491 5640; x_wconf 88' lang='lat' dir='ltr'><strong>igitur</strong></span> <span class='ocrx_word' id='word_1_539' title='bbox 521 5573 693 5643; x_wconf 91' lang='lat' dir='ltr'><strong>cujus</strong></span> <span class='ocrx_word' id='word_1_540' title='bbox 722 5574 994 5645; x_wconf 86' lang='lat' dir='ltr'><strong>sequenti</strong></span> <span class='ocrx_word' id='word_1_541' title='bbox 1023 5574 1118 5630; x_wconf 92' lang='lat' dir='ltr'><strong>die</strong></span> <span class='ocrx_word' id='word_1_542' title='bbox 1150 5574 1559 5631; x_wconf 89' lang='lat' dir='ltr'><strong>Fiscannensis</strong></span> <span class='ocrx_word' id='word_1_543' title='bbox 1599 5589 1695 5629; x_wconf 93' lang='lat' dir='ltr'><strong>ec-</strong></span> 
     </span>
    </p>
   </div>
   <div class='ocr_carea' id='block_1_92' title="bbox 31 5660 1696 5735">
    <p class='ocr_par' dir='ltr' id='par_1_92' title="bbox 31 5660 1696 5735">
     <span class='ocr_line' id='line_1_92' title="bbox 31 5660 1696 5735; baseline -0.005 -9"><span class='ocrx_word' id='word_1_544' title='bbox 31 5664 217 5726; x_wconf 87' lang='lat' dir='ltr'><strong>clesia</strong></span> <span class='ocrx_word' id='word_1_545' title='bbox 249 5660 585 5732; x_wconf 89' lang='lat' dir='ltr'><strong>spirituales</strong></span> <span class='ocrx_word' id='word_1_546' title='bbox 630 5664 894 5734; x_wconf 90' lang='lat' dir='ltr'><strong>suscepit</strong></span> <span class='ocrx_word' id='word_1_547' title='bbox 919 5665 1271 5732; x_wconf 90' lang='lat' dir='ltr'><strong>monachos,</strong></span> <span class='ocrx_word' id='word_1_548' title='bbox 1307 5663 1696 5735; x_wconf 88' lang='lat' dir='ltr'><strong>carnalesque</strong></span> 
     </span>
    </p>
   </div>
   <div class='ocr_carea' id='block_1_93' title="bbox 32 5750 1698 5829">
    <p class='ocr_par' dir='ltr' id='par_1_93' title="bbox 32 5750 1698 5829">
     <span class='ocr_line' id='line_1_93' title="bbox 32 5750 1698 5829; baseline -0.001 -19"><span class='ocrx_word' id='word_1_549' title='bbox 32 5751 264 5829; x_wconf 78' lang='lat' dir='ltr'><strong>expulit</strong></span> <span class='ocrx_word' id='word_1_550' title='bbox 288 5750 631 5823; x_wconf 90' lang='lat' dir='ltr'><strong>canonicos,</strong></span> <span class='ocrx_word' id='word_1_551' title='bbox 663 5751 809 5823; x_wconf 90' lang='lat' dir='ltr'><strong>ipsis</strong></span> <span class='ocrx_word' id='word_1_552' title='bbox 838 5753 1141 5809; x_wconf 90' lang='lat' dir='ltr'><strong>canonicis</strong></span> <span class='ocrx_word' id='word_1_553' title='bbox 1170 5753 1431 5810; x_wconf 82' lang='lat' dir='ltr'><strong>ecclesiae</strong></span> <span class='ocrx_word' id='word_1_554' title='bbox 1459 5752 1698 5809; x_wconf 89' lang='lat' dir='ltr'><strong>culmen</strong></span> 
     </span>
    </p>
   </div>
   <div class='ocr_carea' id='block_1_94' title="bbox 1805 3161 3463 3240">
    <p class='ocr_par' dir='ltr' id='par_1_94' title="bbox 1805 3161 3463 3240">
     <span class='ocr_line' id='line_1_94' title="bbox 1805 3161 3463 3240; baseline -0.005 -17"><span class='ocrx_word' id='word_1_555' title='bbox 1805 3166 2274 3240; x_wconf 78' lang='lat' dir='ltr'><strong>repraesentabat</strong></span> <span class='ocrx_word' id='word_1_556' title='bbox 2339 3164 2705 3237; x_wconf 89' lang='lat' dir='ltr'><strong>primitivam</strong></span> <span class='ocrx_word' id='word_1_557' title='bbox 2778 3161 3124 3231; x_wconf 89' lang='lat' dir='ltr'><strong>imaginem.</strong></span> <span class='ocrx_word' id='word_1_558' title='bbox 3195 3163 3463 3226; x_wconf 86' lang='lat' dir='ltr'><strong>Quorum</strong></span> 
     </span>
    </p>
   </div>
   <div class='ocr_carea' id='block_1_95' title="bbox 1804 3249 3462 3327">
    <p class='ocr_par' dir='ltr' id='par_1_95' title="bbox 1804 3249 3462 3327">
     <span class='ocr_line' id='line_1_95' title="bbox 1804 3249 3462 3327; baseline -0.005 -16"><span class='ocrx_word' id='word_1_559' title='bbox 1804 3258 1979 3327; x_wconf 89' lang='lat' dir='ltr'><strong>igitur</strong></span> <span class='ocrx_word' id='word_1_560' title='bbox 2000 3256 2301 3311; x_wconf 90' lang='lat' dir='ltr'><strong>bonorum</strong></span> <span class='ocrx_word' id='word_1_561' title='bbox 2337 3253 2618 3309; x_wconf 91' lang='lat' dir='ltr'><strong>eminenti</strong></span> <span class='ocrx_word' id='word_1_562' title='bbox 2671 3250 3137 3325; x_wconf 88' lang='lat' dir='ltr'><strong>perseverantia,</strong></span> <span class='ocrx_word' id='word_1_563' title='bbox 3197 3249 3322 3304; x_wconf 86' lang='lat' dir='ltr'><strong>dux</strong></span> <span class='ocrx_word' id='word_1_564' title='bbox 3371 3249 3462 3304; x_wconf 84' lang='lat' dir='ltr'><strong>Ri-</strong></span> 
     </span>
    </p>
   </div>
   <div class='ocr_carea' id='block_1_96' title="bbox 1805 3337 3459 3407">
    <p class='ocr_par' dir='ltr' id='par_1_96' title="bbox 1805 3337 3459 3407">
     <span class='ocr_line' id='line_1_96' title="bbox 1805 3337 3459 3407; baseline -0.005 -7"><span class='ocrx_word' id='word_1_565' title='bbox 1805 3345 2065 3400; x_wconf 87' lang='lat' dir='ltr'><strong>chardus</strong></span> <span class='ocrx_word' id='word_1_566' title='bbox 2134 3342 2512 3399; x_wconf 88' lang='lat' dir='ltr'><strong>Fiscannensi</strong></span> <span class='ocrx_word' id='word_1_567' title='bbox 2541 3341 2804 3397; x_wconf 78' lang='lat' dir='ltr'><strong>ecclesiae</strong></span> <span class='ocrx_word' id='word_1_568' title='bbox 2863 3344 3020 3396; x_wconf 90' lang='lat' dir='ltr'><strong>totus</strong></span> <span class='ocrx_word' id='word_1_569' title='bbox 3079 3337 3459 3407; x_wconf 91' lang='lat' dir='ltr'><strong>alligabatur,</strong></span> 
     </span>
    </p>
   </div>
   <div class='ocr_carea' id='block_1_97' title="bbox 1805 3426 3464 3506">
    <p class='ocr_par' dir='ltr' id='par_1_97' title="bbox 1805 3426 3464 3506">
     <span class='ocr_line' id='line_1_97' title="bbox 1805 3426 3464 3506; baseline -0.005 -16"><span class='ocrx_word' id='word_1_570' title='bbox 1805 3440 1983 3506; x_wconf 89' lang='lat' dir='ltr'><strong>atque</strong></span> <span class='ocrx_word' id='word_1_571' title='bbox 2016 3433 2364 3488; x_wconf 88' lang='lat' dir='ltr'><strong>utilitatibus</strong></span> <span class='ocrx_word' id='word_1_572' title='bbox 2390 3432 2661 3503; x_wconf 90' lang='lat' dir='ltr'><strong>ejusdem</strong></span> <span class='ocrx_word' id='word_1_573' title='bbox 2719 3429 2981 3485; x_wconf 79' lang='lat' dir='ltr'><strong>ecclesiae</strong></span> <span class='ocrx_word' id='word_1_574' title='bbox 3035 3427 3210 3483; x_wconf 87' lang='lat' dir='ltr'><strong>totius</strong></span> <span class='ocrx_word' id='word_1_575' title='bbox 3267 3426 3464 3500; x_wconf 89' lang='lat' dir='ltr'><strong>provi-</strong></span> 
     </span>
    </p>
   </div>
   <div class='ocr_carea' id='block_1_98' title="bbox 1803 3515 3463 3590">
    <p class='ocr_par' dir='ltr' id='par_1_98' title="bbox 1803 3515 3463 3590">
     <span class='ocr_line' id='line_1_98' title="bbox 1803 3515 3463 3590; baseline -0.005 -12"><span class='ocrx_word' id='word_1_576' title='bbox 1803 3522 2017 3578; x_wconf 63' lang='lat' dir='ltr'><strong>dentiae</strong></span> <span class='ocrx_word' id='word_1_577' title='bbox 2050 3521 2357 3590; x_wconf 89' lang='lat' dir='ltr'><strong>diligentia</strong></span> <span class='ocrx_word' id='word_1_578' title='bbox 2412 3519 2896 3575; x_wconf 86' lang='lat' dir='ltr'><strong>transferebatur.</strong></span> <span class='ocrx_word' id='word_1_579' title='bbox 2948 3516 3111 3572; x_wconf 85' lang='lat' dir='ltr'><strong>Adeo</strong></span> <span class='ocrx_word' id='word_1_580' title='bbox 3155 3515 3315 3571; x_wconf 90' lang='lat' dir='ltr'><strong>enim</strong></span> <span class='ocrx_word' id='word_1_581' title='bbox 3347 3515 3463 3570; x_wconf 88' lang='lat' dir='ltr'><strong>Fis-</strong></span> 
     </span>
    </p>
   </div>
   <div class='ocr_carea' id='block_1_99' title="bbox 1802 3604 3460 3674">
    <p class='ocr_par' dir='ltr' id='par_1_99' title="bbox 1802 3604 3460 3674">
     <span class='ocr_line' id='line_1_99' title="bbox 1802 3604 3460 3674; baseline -0.004 -8"><span class='ocrx_word' id='word_1_582' title='bbox 1802 3610 2119 3666; x_wconf 88' lang='lat' dir='ltr'><strong>cannensis</strong></span> <span class='ocrx_word' id='word_1_583' title='bbox 2148 3609 2408 3663; x_wconf 71' lang='lat' dir='ltr'><strong>ecclesiee</strong></span> <span class='ocrx_word' id='word_1_584' title='bbox 2439 3607 2755 3662; x_wconf 89' lang='lat' dir='ltr'><strong>illustrium</strong></span> <span class='ocrx_word' id='word_1_585' title='bbox 2809 3606 3076 3661; x_wconf 90' lang='lat' dir='ltr'><strong>virorum</strong></span> <span class='ocrx_word' id='word_1_586' title='bbox 3124 3604 3460 3674; x_wconf 89' lang='lat' dir='ltr'><strong>regularem</strong></span> 
     </span>
    </p>
   </div>
   <div class='ocr_carea' id='block_1_100' title="bbox 1802 3695 3461 3768">
    <p class='ocr_par' dir='ltr' id='par_1_100' title="bbox 1802 3695 3461 3768">
     <span class='ocr_line' id='line_1_100' title="bbox 1802 3695 3461 3768; baseline -0.004 -12"><span class='ocrx_word' id='word_1_587' title='bbox 1802 3701 1985 3756; x_wconf 91' lang='lat' dir='ltr'><strong>vitam</strong></span> <span class='ocrx_word' id='word_1_588' title='bbox 2018 3705 2073 3755; x_wconf 87' lang='lat' dir='ltr'><strong>et</strong></span> <span class='ocrx_word' id='word_1_589' title='bbox 2102 3698 2451 3768; x_wconf 90' lang='lat' dir='ltr'><strong>religionem</strong></span> <span class='ocrx_word' id='word_1_590' title='bbox 2481 3713 2686 3753; x_wconf 88' lang='lat' dir='ltr'><strong>veram</strong></span> <span class='ocrx_word' id='word_1_591' title='bbox 2746 3696 3050 3766; x_wconf 87' lang='lat' dir='ltr'><strong>diligebat,</strong></span> <span class='ocrx_word' id='word_1_592' title='bbox 3103 3700 3159 3750; x_wconf 91' lang='lat' dir='ltr'><strong>et</strong></span> <span class='ocrx_word' id='word_1_593' title='bbox 3208 3695 3461 3764; x_wconf 90' lang='lat' dir='ltr'><strong>diligens</strong></span> 
     </span>
    </p>
   </div>
   <div class='ocr_carea' id='block_1_101' title="bbox 1802 3782 3459 3861">
    <p class='ocr_par' dir='ltr' id='par_1_101' title="bbox 1802 3782 3459 3861">
     <span class='ocr_line' id='line_1_101' title="bbox 1802 3782 3459 3861; baseline -0.004 -16"><span class='ocrx_word' id='word_1_594' title='bbox 1802 3789 2238 3861; x_wconf 87' lang='lat' dir='ltr'><strong>frequentabat,</strong></span> <span class='ocrx_word' id='word_1_595' title='bbox 2298 3792 2360 3842; x_wconf 91' lang='lat' dir='ltr'><strong>ut</strong></span> <span class='ocrx_word' id='word_1_596' title='bbox 2417 3787 2594 3842; x_wconf 91' lang='lat' dir='ltr'><strong>totius</strong></span> <span class='ocrx_word' id='word_1_597' title='bbox 2619 3786 2709 3841; x_wconf 91' lang='lat' dir='ltr'><strong>sui</strong></span> <span class='ocrx_word' id='word_1_598' title='bbox 2741 3785 2997 3841; x_wconf 91' lang='lat' dir='ltr'><strong>ducatus</strong></span> <span class='ocrx_word' id='word_1_599' title='bbox 3048 3784 3312 3851; x_wconf 89' lang='lat' dir='ltr'><strong>collecta,</strong></span> <span class='ocrx_word' id='word_1_600' title='bbox 3343 3782 3459 3852; x_wconf 89' lang='lat' dir='ltr'><strong>vel,</strong></span> 
     </span>
    </p>
   </div>
   <div class='ocr_carea' id='block_1_102' title="bbox 1798 3871 3461 3949">
    <p class='ocr_par' dir='ltr' id='par_1_102' title="bbox 1798 3871 3461 3949">
     <span class='ocr_line' id='line_1_102' title="bbox 1798 3871 3461 3949; baseline -0.005 -14"><span class='ocrx_word' id='word_1_601' title='bbox 1798 3885 1866 3935; x_wconf 91' lang='lat' dir='ltr'><strong>ut</strong></span> <span class='ocrx_word' id='word_1_602' title='bbox 1893 3880 1974 3935; x_wconf 91' lang='lat' dir='ltr'><strong>ita</strong></span> <span class='ocrx_word' id='word_1_603' title='bbox 1993 3878 2212 3946; x_wconf 90' lang='lat' dir='ltr'><strong>dicam,</strong></span> <span class='ocrx_word' id='word_1_604' title='bbox 2242 3876 2606 3949; x_wconf 91' lang='lat' dir='ltr'><strong>pinguedine</strong></span> <span class='ocrx_word' id='word_1_605' title='bbox 2636 3874 2856 3930; x_wconf 61' lang='lat' dir='ltr'><strong>caelesti</strong></span> <span class='ocrx_word' id='word_1_606' title='bbox 2885 3871 3331 3944; x_wconf 87' lang='lat' dir='ltr'><strong>congregationi</strong></span> <span class='ocrx_word' id='word_1_607' title='bbox 3360 3872 3461 3927; x_wconf 90' lang='lat' dir='ltr'><strong>de-</strong></span> 
     </span>
    </p>
   </div>
   <div class='ocr_carea' id='block_1_103' title="bbox 1802 3960 3460 4038">
    <p class='ocr_par' dir='ltr' id='par_1_103' title="bbox 1802 3960 3460 4038">
     <span class='ocr_line' id='line_1_103' title="bbox 1802 3960 3460 4038; baseline -0.005 -15"><span class='ocrx_word' id='word_1_608' title='bbox 1802 3969 2062 4035; x_wconf 89' lang='lat' dir='ltr'><strong>serviret,</strong></span> <span class='ocrx_word' id='word_1_609' title='bbox 2113 3970 2292 4038; x_wconf 88' lang='lat' dir='ltr'><strong>atque</strong></span> <span class='ocrx_word' id='word_1_610' title='bbox 2350 3963 2676 4038; x_wconf 91' lang='lat' dir='ltr'><strong>epulaturis</strong></span> <span class='ocrx_word' id='word_1_611' title='bbox 2731 3962 3014 4019; x_wconf 87' lang='lat' dir='ltr'><strong>fratribus</strong></span> <span class='ocrx_word' id='word_1_612' title='bbox 3073 3960 3460 4017; x_wconf 85' lang='lat' dir='ltr'><strong>servientium</strong></span> 
     </span>
    </p>
   </div>
   <div class='ocr_carea' id='block_1_104' title="bbox 1801 4053 3464 4127">
    <p class='ocr_par' dir='ltr' id='par_1_104' title="bbox 1801 4053 3464 4127">
     <span class='ocr_line' id='line_1_104' title="bbox 1801 4053 3464 4127; baseline -0.006 -12"><span class='ocrx_word' id='word_1_613' title='bbox 1801 4057 2236 4115; x_wconf 90' lang='lat' dir='ltr'><strong>consuetudine</strong></span> <span class='ocrx_word' id='word_1_614' title='bbox 2258 4055 2597 4127; x_wconf 89' lang='lat' dir='ltr'><strong>frequenter</strong></span> <span class='ocrx_word' id='word_1_615' title='bbox 2622 4054 2753 4126; x_wconf 91' lang='lat' dir='ltr'><strong>ipse</strong></span> <span class='ocrx_word' id='word_1_616' title='bbox 2802 4053 3164 4108; x_wconf 90' lang='lat' dir='ltr'><strong>ministraret</strong></span> <span class='ocrx_word' id='word_1_617' title='bbox 3196 4070 3208 4119; x_wconf 93' lang='lat'><strong>;</strong></span> <span class='ocrx_word' id='word_1_618' title='bbox 3259 4054 3464 4107; x_wconf 72' lang='lat' dir='ltr'><strong>tantae-</strong></span> 
     </span>
    </p>
   </div>
   <div class='ocr_carea' id='block_1_105' title="bbox 1800 4140 3461 4221">
    <p class='ocr_par' dir='ltr' id='par_1_105' title="bbox 1800 4140 3461 4221">
     <span class='ocr_line' id='line_1_105' title="bbox 1800 4140 3461 4221; baseline -0.005 -18"><span class='ocrx_word' id='word_1_619' title='bbox 1800 4165 1918 4221; x_wconf 88' lang='lat' dir='ltr'><strong>que</strong></span> <span class='ocrx_word' id='word_1_620' title='bbox 1948 4145 2301 4202; x_wconf 89' lang='lat' dir='ltr'><strong>humilitatis</strong></span> <span class='ocrx_word' id='word_1_621' title='bbox 2332 4144 2629 4216; x_wconf 92' lang='lat' dir='ltr'><strong>completo</strong></span> <span class='ocrx_word' id='word_1_622' title='bbox 2652 4142 2978 4198; x_wconf 90' lang='lat' dir='ltr'><strong>ministerio</strong></span> <span class='ocrx_word' id='word_1_623' title='bbox 3026 4140 3277 4196; x_wconf 90' lang='lat' dir='ltr'><strong>fratrum</strong></span> <span class='ocrx_word' id='word_1_624' title='bbox 3332 4155 3461 4195; x_wconf 91' lang='lat' dir='ltr'><strong>om-</strong></span> 
     </span>
    </p>
   </div>
   <div class='ocr_carea' id='block_1_106' title="bbox 1800 4224 3458 4300">
    <p class='ocr_par' dir='ltr' id='par_1_106' title="bbox 1800 4224 3458 4300">
     <span class='ocr_line' id='line_1_106' title="bbox 1800 4224 3458 4300; baseline -0.005 -9"><span class='ocrx_word' id='word_1_625' title='bbox 1800 4237 1970 4292; x_wconf 89' lang='lat' dir='ltr'><strong>nium</strong></span> <span class='ocrx_word' id='word_1_626' title='bbox 1994 4234 2238 4290; x_wconf 89' lang='lat' dir='ltr'><strong>ultimus</strong></span> <span class='ocrx_word' id='word_1_627' title='bbox 2266 4233 2571 4300; x_wconf 91' lang='lat' dir='ltr'><strong>resideret,</strong></span> <span class='ocrx_word' id='word_1_628' title='bbox 2627 4234 2683 4286; x_wconf 90' lang='lat' dir='ltr'><strong>et</strong></span> <span class='ocrx_word' id='word_1_629' title='bbox 2730 4229 3098 4299; x_wconf 85' lang='lat' dir='ltr'><strong>regularium</strong></span> <span class='ocrx_word' id='word_1_630' title='bbox 3143 4224 3458 4299; x_wconf 88' lang='lat' dir='ltr'><strong>epularum</strong></span> 
     </span>
    </p>
   </div>
   <div class='ocr_carea' id='block_1_107' title="bbox 1801 4320 3028 4396">
    <p class='ocr_par' dir='ltr' id='par_1_107' title="bbox 1801 4320 3028 4396">
     <span class='ocr_line' id='line_1_107' title="bbox 1801 4320 3028 4396; baseline -0.007 -14"><span class='ocrx_word' id='word_1_631' title='bbox 1801 4324 2135 4381; x_wconf 88' lang='lat' dir='ltr'><strong>delectabili</strong></span> <span class='ocrx_word' id='word_1_632' title='bbox 2161 4322 2386 4396; x_wconf 88' lang='lat' dir='ltr'><strong>pabulo</strong></span> <span class='ocrx_word' id='word_1_633' title='bbox 2412 4320 2572 4377; x_wconf 90' lang='lat' dir='ltr'><strong>reﬁci</strong></span> <span class='ocrx_word' id='word_1_634' title='bbox 2605 4320 3028 4389; x_wconf 89' lang='lat' dir='ltr'><strong>congauderet.</strong></span> 
     </span>
    </p>
   </div>
   <div class='ocr_carea' id='block_1_108' title="bbox 2406 4400 3078 4477">
    <p class='ocr_par' dir='ltr' id='par_1_108' title="bbox 2406 4400 3078 4477">
     <span class='ocr_line' id='line_1_108' title="bbox 2406 4400 3078 4477; baseline -0.001 -13"><span class='ocrx_word' id='word_1_635' title='bbox 2406 4412 2506 4465; x_wconf 72' lang='lat' dir='ltr'><strong>Ea:</strong></span> <span class='ocrx_word' id='word_1_636' title='bbox 2535 4424 2668 4477; x_wconf 89' lang='lat' dir='ltr'><strong>cap.</strong></span> <span class='ocrx_word' id='word_1_637' title='bbox 2701 4410 2850 4463; x_wconf 88' lang='lat' dir='ltr'><strong>XXV.</strong></span> <span class='ocrx_word' id='word_1_638' title='bbox 3068 4400 3078 4409; x_wconf 86' lang='grc'><em>’</em></span> 
     </span>
    </p>
   </div>
   <div class='ocr_carea' id='block_1_109' title="bbox 1877 4492 3458 4568">
    <p class='ocr_par' dir='ltr' id='par_1_109' title="bbox 1877 4492 3458 4568">
     <span class='ocr_line' id='line_1_109' title="bbox 1877 4492 3458 4568; baseline -0.006 -10"><span class='ocrx_word' id='word_1_639' title='bbox 1877 4502 2072 4559; x_wconf 89' lang='lat' dir='ltr'><strong>Sensit</strong></span> <span class='ocrx_word' id='word_1_640' title='bbox 2100 4500 2323 4555; x_wconf 88' lang='lat' dir='ltr'><strong>interea</strong></span> <span class='ocrx_word' id='word_1_641' title='bbox 2356 4499 2480 4553; x_wconf 90' lang='lat' dir='ltr'><strong>dux</strong></span> <span class='ocrx_word' id='word_1_642' title='bbox 2502 4496 2759 4568; x_wconf 87' lang='lat' dir='ltr'><strong>inclytus</strong></span> <span class='ocrx_word' id='word_1_643' title='bbox 2788 4494 3193 4568; x_wconf 90' lang='lat' dir='ltr'><strong>quorumdam</strong></span> <span class='ocrx_word' id='word_1_644' title='bbox 3222 4492 3458 4549; x_wconf 88' lang='lat' dir='ltr'><strong>clerico-</strong></span> 
     </span>
    </p>
   </div>
   <div class='ocr_carea' id='block_1_110' title="bbox 1801 4581 3455 4656">
    <p class='ocr_par' dir='ltr' id='par_1_110' title="bbox 1801 4581 3455 4656">
     <span class='ocr_line' id='line_1_110' title="bbox 1801 4581 3455 4656; baseline -0.008 -8"><span class='ocrx_word' id='word_1_645' title='bbox 1801 4609 1934 4648; x_wconf 86' lang='lat' dir='ltr'><strong>rum</strong></span> <span class='ocrx_word' id='word_1_646' title='bbox 1949 4589 2320 4646; x_wconf 90' lang='lat' dir='ltr'><strong>corrosiones</strong></span> <span class='ocrx_word' id='word_1_647' title='bbox 2341 4590 2397 4642; x_wconf 91' lang='lat' dir='ltr'><strong>et</strong></span> <span class='ocrx_word' id='word_1_648' title='bbox 2412 4584 2826 4655; x_wconf 89' lang='lat' dir='ltr'><strong>detractiones,</strong></span> <span class='ocrx_word' id='word_1_649' title='bbox 2846 4583 3237 4656; x_wconf 79' lang='lat' dir='ltr'><strong>praesagiique</strong></span> <span class='ocrx_word' id='word_1_650' title='bbox 3253 4581 3455 4651; x_wconf 81' lang='lat' dir='ltr'><strong>cujus-</strong></span> 
     </span>
    </p>
   </div>
   <div class='ocr_carea' id='block_1_111' title="bbox 1801 4670 3456 4745">
    <p class='ocr_par' dir='ltr' id='par_1_111' title="bbox 1801 4670 3456 4745">
     <span class='ocr_line' id='line_1_111' title="bbox 1801 4670 3456 4745; baseline -0.008 -6"><span class='ocrx_word' id='word_1_651' title='bbox 1801 4684 1945 4739; x_wconf 88' lang='lat' dir='ltr'><strong>dam</strong></span> <span class='ocrx_word' id='word_1_652' title='bbox 1976 4681 2206 4736; x_wconf 86' lang='lat' dir='ltr'><strong>futuras</strong></span> <span class='ocrx_word' id='word_1_653' title='bbox 2238 4676 2625 4732; x_wconf 86' lang='lat' dir='ltr'><strong>adversitates</strong></span> <span class='ocrx_word' id='word_1_654' title='bbox 2660 4693 2671 4742; x_wconf 92' lang='lat'><strong>;</strong></span> <span class='ocrx_word' id='word_1_655' title='bbox 2702 4690 2857 4745; x_wconf 92' lang='lat' dir='ltr'><strong>quos</strong></span> <span class='ocrx_word' id='word_1_656' title='bbox 2884 4673 2962 4729; x_wconf 91' lang='lat' dir='ltr'><strong>ob</strong></span> <span class='ocrx_word' id='word_1_657' title='bbox 2994 4672 3162 4728; x_wconf 90' lang='lat' dir='ltr'><strong>ducis</strong></span> <span class='ocrx_word' id='word_1_658' title='bbox 3206 4670 3456 4726; x_wconf 91' lang='lat' dir='ltr'><strong>nimiam</strong></span> 
     </span>
    </p>
   </div>
   <div class='ocr_carea' id='block_1_112' title="bbox 1801 4760 3455 4831">
    <p class='ocr_par' dir='ltr' id='par_1_112' title="bbox 1801 4760 3455 4831">
     <span class='ocr_line' id='line_1_112' title="bbox 1801 4760 3455 4831; baseline -0.008 -4"><span class='ocrx_word' id='word_1_659' title='bbox 1801 4771 2144 4827; x_wconf 88' lang='lat' dir='ltr'><strong>charitatem</strong></span> <span class='ocrx_word' id='word_1_660' title='bbox 2160 4772 2217 4823; x_wconf 92' lang='lat' dir='ltr'><strong>et</strong></span> <span class='ocrx_word' id='word_1_661' title='bbox 2240 4771 2457 4823; x_wconf 78' lang='lat' dir='ltr'><strong>sanctae</strong></span> <span class='ocrx_word' id='word_1_662' title='bbox 2485 4763 2745 4820; x_wconf 78' lang='lat' dir='ltr'><strong>ecclesiae</strong></span> <span class='ocrx_word' id='word_1_663' title='bbox 2762 4763 3092 4819; x_wconf 81' lang='lat' dir='ltr'><strong>maximam</strong></span> <span class='ocrx_word' id='word_1_664' title='bbox 3106 4760 3455 4831; x_wconf 86' lang='lat' dir='ltr'><strong>religionem</strong></span> 
     </span>
    </p>
   </div>
   <div class='ocr_carea' id='block_1_113' title="bbox 1800 4850 3456 4924">
    <p class='ocr_par' dir='ltr' id='par_1_113' title="bbox 1800 4850 3456 4924">
     <span class='ocr_line' id='line_1_113' title="bbox 1800 4850 3456 4924; baseline -0.006 -12"><span class='ocrx_word' id='word_1_665' title='bbox 1800 4857 2037 4912; x_wconf 79' lang='lat' dir='ltr'><strong>invidiae</strong></span> <span class='ocrx_word' id='word_1_666' title='bbox 2060 4855 2307 4911; x_wconf 91' lang='lat' dir='ltr'><strong>morbus</strong></span> <span class='ocrx_word' id='word_1_667' title='bbox 2334 4869 2594 4924; x_wconf 92' lang='lat' dir='ltr'><strong>magnus</strong></span> <span class='ocrx_word' id='word_1_668' title='bbox 2621 4851 2923 4919; x_wconf 89' lang='lat' dir='ltr'><strong>infecerat,</strong></span> <span class='ocrx_word' id='word_1_669' title='bbox 2941 4850 3309 4921; x_wconf 88' lang='lat' dir='ltr'><strong>infectosque</strong></span> <span class='ocrx_word' id='word_1_670' title='bbox 3327 4863 3456 4902; x_wconf 91' lang='lat' dir='ltr'><strong>cru-</strong></span> 
     </span>
    </p>
   </div>
   <div class='ocr_carea' id='block_1_114' title="bbox 1800 4940 3454 5004">
    <p class='ocr_par' dir='ltr' id='par_1_114' title="bbox 1800 4940 3454 5004">
     <span class='ocr_line' id='line_1_114' title="bbox 1800 4940 3454 5004; baseline -0.006 -2"><span class='ocrx_word' id='word_1_671' title='bbox 1800 4946 1917 5003; x_wconf 91' lang='lat' dir='ltr'><strong>deli</strong></span> <span class='ocrx_word' id='word_1_672' title='bbox 1948 4945 2203 5001; x_wconf 91' lang='lat' dir='ltr'><strong>intestini</strong></span> <span class='ocrx_word' id='word_1_673' title='bbox 2235 4944 2435 4999; x_wconf 89' lang='lat' dir='ltr'><strong>livoris</strong></span> <span class='ocrx_word' id='word_1_674' title='bbox 2487 4941 2759 4998; x_wconf 85' lang='lat' dir='ltr'><strong>molestia</strong></span> <span class='ocrx_word' id='word_1_675' title='bbox 2814 4940 3136 4997; x_wconf 86' lang='lat' dir='ltr'><strong>cruciabat.</strong></span> <span class='ocrx_word' id='word_1_676' title='bbox 3190 4942 3454 5004; x_wconf 90' lang='lat' dir='ltr'><strong>Quorum</strong></span> 
     </span>
    </p>
   </div>
   <div class='ocr_carea' id='block_1_115' title="bbox 1800 5025 3452 5105">
    <p class='ocr_par' dir='ltr' id='par_1_115' title="bbox 1800 5025 3452 5105">
     <span class='ocr_line' id='line_1_115' title="bbox 1800 5025 3452 5105; baseline -0.006 -15"><span class='ocrx_word' id='word_1_677' title='bbox 1800 5051 1941 5105; x_wconf 88' lang='lat' dir='ltr'><strong>ergo</strong></span> <span class='ocrx_word' id='word_1_678' title='bbox 1963 5033 2402 5090; x_wconf 89' lang='lat' dir='ltr'><strong>detrahentium</strong></span> <span class='ocrx_word' id='word_1_679' title='bbox 2416 5029 2901 5088; x_wconf 89' lang='lat' dir='ltr'><strong>malevolentiam</strong></span> <span class='ocrx_word' id='word_1_680' title='bbox 2922 5030 3046 5084; x_wconf 83' lang='lat' dir='ltr'><strong>dux</strong></span> <span class='ocrx_word' id='word_1_681' title='bbox 3056 5025 3452 5098; x_wconf 89' lang='lat' dir='ltr'><strong>comperiens,</strong></span> 
     </span>
    </p>
   </div>
   <div class='ocr_carea' id='block_1_116' title="bbox 1801 5117 3453 5195">
    <p class='ocr_par' dir='ltr' id='par_1_116' title="bbox 1801 5117 3453 5195">
     <span class='ocr_line' id='line_1_116' title="bbox 1801 5117 3453 5195; baseline -0.006 -16"><span class='ocrx_word' id='word_1_682' title='bbox 1801 5124 2271 5195; x_wconf 87' lang='lat' dir='ltr'><strong>clericorumque</strong></span> <span class='ocrx_word' id='word_1_683' title='bbox 2291 5119 2792 5194; x_wconf 69' lang='lat' dir='ltr'><strong>prtesumptiones</strong></span> <span class='ocrx_word' id='word_1_684' title='bbox 2816 5117 3104 5190; x_wconf 89' lang='lat' dir='ltr'><strong>superbas</strong></span> <span class='ocrx_word' id='word_1_685' title='bbox 3133 5120 3189 5171; x_wconf 90' lang='lat' dir='ltr'><strong>et</strong></span> <span class='ocrx_word' id='word_1_686' title='bbox 3226 5131 3453 5187; x_wconf 64' lang='lat' dir='ltr'><strong>praesu-</strong></span> 
     </span>
    </p>
   </div>
   <div class='ocr_carea' id='block_1_117' title="bbox 1801 5203 3455 5282">
    <p class='ocr_par' dir='ltr' id='par_1_117' title="bbox 1801 5203 3455 5282">
     <span class='ocr_line' id='line_1_117' title="bbox 1801 5203 3455 5282; baseline -0.005 -15"><span class='ocrx_word' id='word_1_687' title='bbox 1801 5216 2029 5267; x_wconf 90' lang='lat' dir='ltr'><strong>mentes</strong></span> <span class='ocrx_word' id='word_1_688' title='bbox 2059 5210 2372 5282; x_wconf 90' lang='lat' dir='ltr'><strong>superbias</strong></span> <span class='ocrx_word' id='word_1_689' title='bbox 2403 5223 2795 5278; x_wconf 91' lang='lat' dir='ltr'><strong>cognoscens,</strong></span> <span class='ocrx_word' id='word_1_690' title='bbox 2844 5206 3021 5261; x_wconf 89' lang='lat' dir='ltr'><strong>totius</strong></span> <span class='ocrx_word' id='word_1_691' title='bbox 3051 5203 3455 5260; x_wconf 68' lang='lat' dir='ltr'><strong>Nortmanniaa</strong></span> 
     </span>
    </p>
   </div>
   <div class='ocr_carea' id='block_1_118' title="bbox 1802 5295 3456 5374">
    <p class='ocr_par' dir='ltr' id='par_1_118' title="bbox 1802 5295 3456 5374">
     <span class='ocr_line' id='line_1_118' title="bbox 1802 5295 3456 5374; baseline -0.005 -17"><span class='ocrx_word' id='word_1_692' title='bbox 1802 5302 2115 5374; x_wconf 89' lang='lat' dir='ltr'><strong>episcopos</strong></span> <span class='ocrx_word' id='word_1_693' title='bbox 2143 5304 2200 5355; x_wconf 89' lang='lat' dir='ltr'><strong>et</strong></span> <span class='ocrx_word' id='word_1_694' title='bbox 2226 5299 2385 5355; x_wconf 91' lang='lat' dir='ltr'><strong>viros</strong></span> <span class='ocrx_word' id='word_1_695' title='bbox 2416 5296 2644 5353; x_wconf 90' lang='lat' dir='ltr'><strong>nobiles</strong></span> <span class='ocrx_word' id='word_1_696' title='bbox 2661 5295 2910 5351; x_wconf 87' lang='lat' dir='ltr'><strong>festinus</strong></span> <span class='ocrx_word' id='word_1_697' title='bbox 2934 5296 3291 5351; x_wconf 89' lang='lat' dir='ltr'><strong>Fiscannum</strong></span> <span class='ocrx_word' id='word_1_698' title='bbox 3312 5308 3456 5349; x_wconf 92' lang='lat' dir='ltr'><strong>con-</strong></span> 
     </span>
    </p>
   </div>
   <div class='ocr_carea' id='block_1_119' title="bbox 1802 5383 3459 5461">
    <p class='ocr_par' dir='ltr' id='par_1_119' title="bbox 1802 5383 3459 5461">
     <span class='ocr_line' id='line_1_119' title="bbox 1802 5383 3459 5461; baseline -0.007 -11"><span class='ocrx_word' id='word_1_699' title='bbox 1802 5392 2058 5461; x_wconf 88' lang='lat' dir='ltr'><strong>vocavit,</strong></span> <span class='ocrx_word' id='word_1_700' title='bbox 2081 5395 2137 5446; x_wconf 90' lang='lat' dir='ltr'><strong>et</strong></span> <span class='ocrx_word' id='word_1_701' title='bbox 2168 5390 2627 5445; x_wconf 84' lang='lat' dir='ltr'><strong>Fiscannensem</strong></span> <span class='ocrx_word' id='word_1_702' title='bbox 2659 5388 2888 5444; x_wconf 64' lang='lat' dir='ltr'><strong>Sanctze</strong></span> <span class='ocrx_word' id='word_1_703' title='bbox 2940 5385 3233 5442; x_wconf 89' lang='lat' dir='ltr'><strong>Trinitatis</strong></span> <span class='ocrx_word' id='word_1_704' title='bbox 3275 5383 3459 5441; x_wconf 85' lang='lat' dir='ltr'><strong>eccle-</strong></span> 
     </span>
    </p>
   </div>
   <div class='ocr_carea' id='block_1_120' title="bbox 1804 5478 3456 5551">
    <p class='ocr_par' dir='ltr' id='par_1_120' title="bbox 1804 5478 3456 5551">
     <span class='ocr_line' id='line_1_120' title="bbox 1804 5478 3456 5551; baseline -0.005 -11"><span class='ocrx_word' id='word_1_705' title='bbox 1804 5484 1957 5540; x_wconf 88' lang='lat' dir='ltr'><strong>siam</strong></span> <span class='ocrx_word' id='word_1_706' title='bbox 1983 5481 2061 5539; x_wconf 90' lang='lat' dir='ltr'><strong>ab</strong></span> <span class='ocrx_word' id='word_1_707' title='bbox 2092 5481 2365 5537; x_wconf 91' lang='lat' dir='ltr'><strong>omnium</strong></span> <span class='ocrx_word' id='word_1_708' title='bbox 2393 5478 2814 5551; x_wconf 90' lang='lat' dir='ltr'><strong>episcoporum</strong></span> <span class='ocrx_word' id='word_1_709' title='bbox 2839 5478 2986 5549; x_wconf 89' lang='lat' dir='ltr'><strong>jugo</strong></span> <span class='ocrx_word' id='word_1_710' title='bbox 3033 5480 3091 5533; x_wconf 90' lang='lat' dir='ltr'><strong>et</strong></span> <span class='ocrx_word' id='word_1_711' title='bbox 3136 5480 3456 5532; x_wconf 90' lang='lat' dir='ltr'><strong>consuetu-</strong></span> 
     </span>
    </p>
   </div>
   <div class='ocr_carea' id='block_1_121' title="bbox 1804 5564 3455 5642">
    <p class='ocr_par' dir='ltr' id='par_1_121' title="bbox 1804 5564 3455 5642">
     <span class='ocr_line' id='line_1_121' title="bbox 1804 5564 3455 5642; baseline -0.006 -14"><span class='ocrx_word' id='word_1_712' title='bbox 1804 5573 1943 5629; x_wconf 89' lang='lat' dir='ltr'><strong>dine</strong></span> <span class='ocrx_word' id='word_1_713' title='bbox 1962 5571 2126 5642; x_wconf 91' lang='lat' dir='ltr'><strong>justa</strong></span> <span class='ocrx_word' id='word_1_714' title='bbox 2144 5568 2236 5625; x_wconf 88' lang='lat' dir='ltr'><strong>vel</strong></span> <span class='ocrx_word' id='word_1_715' title='bbox 2260 5568 2483 5639; x_wconf 90' lang='lat' dir='ltr'><strong>injusta</strong></span> <span class='ocrx_word' id='word_1_716' title='bbox 2512 5564 2726 5637; x_wconf 90' lang='lat' dir='ltr'><strong>eripuit</strong></span> <span class='ocrx_word' id='word_1_717' title='bbox 2754 5570 2812 5620; x_wconf 91' lang='lat' dir='ltr'><strong>et</strong></span> <span class='ocrx_word' id='word_1_718' title='bbox 2846 5564 3132 5621; x_wconf 89' lang='lat' dir='ltr'><strong>liberavit.</strong></span> <span class='ocrx_word' id='word_1_719' title='bbox 3159 5564 3325 5621; x_wconf 88' lang='lat' dir='ltr'><strong>Hanc</strong></span> <span class='ocrx_word' id='word_1_720' title='bbox 3346 5579 3455 5619; x_wconf 92' lang='lat' dir='ltr'><strong>au-</strong></span> 
     </span>
    </p>
   </div>
   <div class='ocr_carea' id='block_1_122' title="bbox 1806 5650 3459 5724">
    <p class='ocr_par' dir='ltr' id='par_1_122' title="bbox 1806 5650 3459 5724">
     <span class='ocr_line' id='line_1_122' title="bbox 1806 5650 3459 5724; baseline -0.009 -6"><span class='ocrx_word' id='word_1_721' title='bbox 1806 5668 1924 5718; x_wconf 91' lang='lat' dir='ltr'><strong>tem</strong></span> <span class='ocrx_word' id='word_1_722' title='bbox 1949 5660 2279 5715; x_wconf 89' lang='lat' dir='ltr'><strong>libertatem</strong></span> <span class='ocrx_word' id='word_1_723' title='bbox 2310 5655 2641 5712; x_wconf 85' lang='lat' dir='ltr'><strong>Rodbertus</strong></span> <span class='ocrx_word' id='word_1_724' title='bbox 2684 5654 3180 5724; x_wconf 87' lang='lat' dir='ltr'><strong>Rothomagensis</strong></span> <span class='ocrx_word' id='word_1_725' title='bbox 3237 5650 3459 5709; x_wconf 83' lang='lat' dir='ltr'><strong>archie-</strong></span> 
     </span>
    </p>
   </div>
   <div class='ocr_carea' id='block_1_123' title="bbox 1805 5738 3451 5827">
    <p class='ocr_par' dir='ltr' id='par_1_123' title="bbox 1805 5738 3451 5827">
     <span class='ocr_line' id='line_1_123' title="bbox 1805 5738 3451 5827; baseline -0.009 -21"><span class='ocrx_word' id='word_1_726' title='bbox 1805 5751 2089 5827; x_wconf 90' lang='lat' dir='ltr'><strong>piscopus</strong></span> <span class='ocrx_word' id='word_1_727' title='bbox 2119 5747 2255 5804; x_wconf 90' lang='lat' dir='ltr'><strong>fecit</strong></span> <span class='ocrx_word' id='word_1_728' title='bbox 2283 5751 2340 5804; x_wconf 92' lang='lat' dir='ltr'><strong>et</strong></span> <span class='ocrx_word' id='word_1_729' title='bbox 2365 5744 2492 5801; x_wconf 88' lang='lat' dir='ltr'><strong>ﬁeri</strong></span> <span class='ocrx_word' id='word_1_730' title='bbox 2516 5744 2724 5814; x_wconf 85' lang='lat' dir='ltr'><strong>voluit,</strong></span> <span class='ocrx_word' id='word_1_731' title='bbox 2757 5748 2936 5818; x_wconf 90' lang='lat' dir='ltr'><strong>atque</strong></span> <span class='ocrx_word' id='word_1_732' title='bbox 2966 5743 3112 5800; x_wconf 90' lang='lat' dir='ltr'><strong>alias</strong></span> <span class='ocrx_word' id='word_1_733' title='bbox 3135 5738 3451 5799; x_wconf 89' lang='lat' dir='ltr'><strong>duodecim</strong></span> 
     </span>
    </p>
   </div>
  </div>
