3980 6378
401 267 498 320 8M
1352 262 1407 316 S.
1462 260 1835 315 GUILLELMI
1878 253 2176 313 ABBA‘HS
2216 257 2271 313 S.
2315 256 2596 313 BENIGNI
2636 260 2892 315 DIVION.

3739 268 3860 321 852

404 384 690 444 ecclesias
714 384 796 440 ob
818 383 1011 457 patris
1035 383 1129 439 sui
1158 383 1517 440 memoriam
1573 387 1633 440 et
1687 382 1882 438 fratris
1925 397 2074 455 prre-
2109 382 2158 438 Α
2183 380 2295 435 sub
2319 380 2503 435 solius
2533 383 2815 437 Romanae
2849 381 3119 437 Ecclesiae
3150 381 3583 451 gubernatione
3629 391 3686 441 et
3746 403 3867 460 pa-

408 476 592 533 sentis
617 474 959 547 jussionem
991 478 1049 530 et
1066 473 1440 531 voluntatem
1465 473 1544 530 ab
1560 473 1728 529 omni
1745 471 2075 545 episcopali

412 565 845 624 consuetudine
866 569 925 621 et
952 564 1261 621 exactione
1290 564 1545 622 absolvit
1572 568 1629 620 et
1656 563 1949 629 liberavit,
1972 562 2076 617 do-

408 661 566 713 natae
618 655 909 712 libertatis
965 656 1239 711 chartam
1295 655 1784 727 archiepiscopus
1854 653 2074 725 aliique

408 745 679 820 episcopi
710 745 884 816 signo
915 749 973 801 et
1002 759 1307 805 consensu
1327 744 2074 814 corroboraverunt,atque

410 834 930 892 corroborandam
943 833 1240 890 nobilium
1259 833 1530 889 virorum
1551 833 1703 905 astip
1712 832 2075 888 ulationibus

408 923 803 981 tradiderunt.
829 922 1089 994 Cupiens
1121 938 1264 993 ergo
1294 922 1419 979 dux
1461 922 1748 994 providus
1802 926 2075 976 sanctam

410 1013 728 1073 ecclesiam
756 1012 961 1068 modis
982 1012 1268 1068 omnibus
1319 1011 1593 1079 liberare,
1637 1016 1693 1068 et
1740 1011 2075 1067 libertatem

408 1102 633 1159 factam
659 1101 859 1158 modis
888 1101 1173 1157 omnibus
1203 1102 1562 1158 confirmare
1594 1105 1652 1159 et
1696 1116 2073 1174 permanere,

408 1190 736 1248 Robertum
762 1205 969 1260 regem
995 1194 1053 1246 et
1080 1190 1303 1247 multos
1333 1190 1657 1246 Galliarum
1688 1205 1967 1262 proceres
1989 1188 2078 1244 Fi-

411 1296 707 1337 soannum
734 1279 1061 1351 accersivit,
1094 1284 1274 1352 atque
1300 1279 1484 1349 regali
1515 1281 1722 1335 charta
1744 1284 1801 1335 et
1825 1279 2077 1335 auctori-

408 1374 549 1438 tate,
578 1385 952 1442 suorumque
973 1368 1303 1441 aequalium
1333 1384 1633 1425 consensu
1688 1373 1746 1425 et
1787 1368 2078 1440 astipula-

406 1460 587 1527 tione,
621 1460 700 1515 ab
726 1458 1002 1517 omnium
1050 1459 1474 1532 episcoporum
1500 1460 1652 1530 jugo
1677 1463 1733 1515 et
1762 1463 2079 1514 consuetu-

406 1549 547 1605 dine
578 1549 1041 1605 Fiscannensem
1072 1548 1388 1605 ecclesiam
1413 1548 1630 1621 eripuit
1658 1552 1715 1604 et
1763 1548 2037 1603 liberavit
2062 1565 2075 1615 ;

407 1642 465 1693 et
494 1652 673 1694 suam
705 1652 1076 1708 suorumque
1131 1636 1427 1692 nobilium
1457 1636 1727 1692 chartam
1751 1641 1807 1691 et
1836 1636 2079 1692 ordina-

407 1726 634 1783 tionem
663 1725 926 1782 ﬁrmavit
945 1728 1003 1780 et
1031 1722 1460 1780 corroboravit.
1490 1724 1761 1779 Ecclesiae
1788 1724 1965 1793 igitur
1988 1724 2073 1780 Fi—

409 1814 760 1871 scannensis
788 1812 1043 1870 libertati
1073 1813 1408 1869 constitutas
1438 1812 1563 1869 dux
1586 1814 1913 1869 Richardus
1935 1829 2073 1869 con-

411 1904 748 1975 gratulans,
776 1902 1162 1976 futuramque
1191 1919 1520 1976 perennem
1549 1904 1769 1959 mentis
1799 1903 2074 1958 vivacita-

410 1998 530 2050 tem
560 1993 910 2060 discutiens,
940 1991 1133 2049 beatte
1163 1993 1471 2049 memoriae
1491 1993 1862 2049 Willelmum
1889 1992 2076 2048 abba-

410 2088 530 2141 tem
562 2082 981 2156 oompulsavit,
1014 2098 1259 2155 suaeque
1286 2082 1601 2153 legationis
1621 2084 1891 2154 injuncto
1949 2082 2075 2137 otii-

411 2173 505 2230 cio
533 2173 615 2230 ad
644 2176 928 2229 Romana
988 2172 1152 2228 sedis
1209 2174 1603 2247 apostolicam
1661 2173 2072 2230 auctoritatem

410 2262 616 2319 multis
641 2266 931 2318 onustum
949 2261 1141 2319 xeniis
1170 2262 1403 2318 direxit.
1438 2261 1718 2320 Confecto
1743 2262 1945 2334 itaque
1982 2261 2075 2317 iti-

407 2367 550 2409 nere
578 2351 772 2409 abbas
821 2350 1146 2408 Willelmus
1204 2356 1460 2408 Romam
1504 2352 1793 2424 pervenit.
1847 2355 1905 2408 et
1961 2352 2075 2424 piae

408 2442 714 2500 memorias
746 2457 923 2515 papaa
954 2442 1268 2499 Benedicto
1308 2443 1603 2499 adventus
1634 2442 1726 2499 sui
1782 2442 2077 2499 rationem

410 2536 468 2589 et
499 2531 785 2589 mittentis
840 2531 1012 2587 ducis
1059 2531 1432 2589 voluntatem
1484 2532 1735 2603 aperuit,
1796 2536 1852 2587 et
1905 2530 2077 2586 facta

410 2622 631 2677 chartas
658 2619 1200 2688 conﬁrmationem,
1224 2625 1282 2677 et
1311 2621 1624 2693 apostolici
1652 2620 1941 2693 privilegii
1974 2636 2078 2676 au-

410 2710 745 2767 ctoritatem
773 2725 1015 2779 magna
1029 2710 1379 2767 humilitatis
1400 2711 1667 2766 oratione
1683 2725 1953 2779 congrua
1973 2726 2079 2782 po-

412 2800 672 2857 stulavit.
697 2803 859 2873 Papa
882 2800 1063 2869 igitur
1088 2800 1438 2857 Benedictus
1489 2800 1662 2855 ducis
1705 2799 2078 2868 diligentiam

412 2890 743 2959 admirans,
775 2894 835 2945 et
860 2890 1127 2962 suscepti
1156 2889 1333 2946 amici
1359 2890 1674 2962 praesentia
1714 2906 1955 2945 summa
1984 2906 2081 2945 ex-

413 2980 733 3037 sultatione
765 2980 1180 3049 congaudens,
1203 2980 1455 3047 oblatas,
1477 2980 1716 3035 chartas
1736 2996 1858 3035 suae
1887 2980 2079 3045 sigillo

2186 470 2415 526 tricinio
2445 472 2750 527 constituit
2777 477 2833 527 et
2862 472 3144 544 suscepit.
3180 473 3513 547 Constituit,
3570 475 3860 549 inquam,

2186 560 2649 617 Fiscannensem
2700 563 3022 619 Ecclesiam
3074 562 3181 618 soli
3236 566 3521 619 Romanae
3573 566 3865 623 Ecclesiae

2185 651 2518 723 subjacere,
2552 657 2730 725 atque
2760 652 2839 709 ab
2863 653 3137 709 omnium
3163 652 3420 709 aliarum
3451 655 3862 715 Ecclesiarum

2183 746 2473 814 potestate
2498 742 2853 806 immunem,
2883 743 3223 799 absolutam
3245 748 3301 799 et
3321 744 3569 800 omnino
3594 745 3860 803 liberam

2185 830 2381 885 forma
2408 831 2809 887 Cluniacensis
2833 832 3180 887 monasterii
3224 848 3596 905 permanere.
3631 839 3867 909 Accep-

2186 918 2257 973 tis
2287 919 2465 989 igitur
2503 920 2845 992 apostolicae
2877 921 3243 977 auctoritatis
3274 922 3582 994 exquisitis
3613 923 3865 996 privile-

2186 1008 2316 1078 giis,
2372 1009 2561 1065 beatae
2620 1011 2923 1067 memoriae
2979 1011 3315 1067 Willelmus
3359 1012 3557 1068 abbas
3632 1013 3866 1070 festino

2186 1109 2366 1150 cursu
2397 1099 2850 1155 Nortmanniam
2882 1100 3185 1167 remeavit,
3240 1105 3298 1156 et
3349 1101 3520 1157 ducis
3572 1102 3869 1159 Richardi

2186 1184 2481 1242 desiderio
2526 1204 2649 1243 suae
2702 1189 3028 1245 voluntatis
3088 1190 3388 1260 effectum,
3445 1191 3870 1265 injunctaeque

2185 1274 2500 1341 legationis
2541 1278 2807 1334 cilicium
2858 1278 3100 1335 feliciter
3155 1285 3642 1337 consummatum
3702 1297 3863 1337 enu-

2189 1363 2402 1419 cleavit
2422 1369 2478 1421 et
2508 1368 2785 1422 ostendit.
2822 1368 2989 1423 Unde
3018 1368 3144 1425 dux
3199 1369 3577 1425 inetl‘aiiiliter
3627 1370 3868 1426 exhila-

2186 1458 2378 1523 ratus,
2412 1456 2565 1512 trino
2596 1463 2651 1513 et
2701 1458 2805 1513 uni
2866 1461 2983 1513 Deo
3032 1458 3251 1525 gratias
3274 1460 3449 1515 totius
3507 1460 3869 1517 intentionis

2188 1542 2419 1598 fervore
2450 1545 2835 1619 reddidit,qui
2857 1547 3192 1613 ecclesiam,
3219 1564 3403 1619 quam
3432 1553 3602 1621 pater
3618 1549 3873 1604 Richar-

2187 1632 2302 1687 dus
2332 1635 2705 1703 fundaverat,
2739 1642 2919 1708 atque
2947 1638 3071 1710 ipse
3104 1638 3289 1710 patris
3320 1638 3597 1695 Richardi
3637 1645 3869 1707 rogatu

2112 1740 2160 1794 Β
2188 1727 2245 1778 et
2255 1724 2524 1792 jussionc
2543 1727 2949 1798 compleverat
2969 1732 3023 1783 et
3049 1728 3449 1795 ordinaverat,
3478 1729 3693 1783 divinae
3713 1744 3869 1801 pro-
3900 1783 3911 1789 -

2182 1812 2461 1868 videntim
2504 1830 2726 1871 arcano
2779 1817 3028 1871 oonsilio
3088 1822 3393 1872 tantarum
3448 1832 3867 1887 personarum

2185 1904 2598 1960 convenientia
2625 1905 2703 1961 ab
2731 1907 3005 1961 omnium
3031 1906 3347 1962 hominum
3377 1907 3525 1975 jugo
3553 1910 3609 1961 et
3638 1906 3865 1978 praela-

2182 1991 2342 2047 tione
2372 1993 2727 2049 absolvebat
2756 2000 2813 2049 et
2839 1994 3153 2050 liberabat.
3171 1994 3393 2063 Magnis
3417 1994 3631 2050 deinde
3664 1996 3873 2051 xeniis

2185 2098 2362 2137 suum
2394 2082 2846 2139 dilectissimum
2878 2082 3159 2138 abbatem
3191 2083 3547 2139 Willelmum
3592 2085 3867 2140 honora-

2184 2172 2267 2226 vit
2293 2172 2781 2244 honoratumque
2816 2175 3045 2229 Sanctae
3099 2173 3393 2229 Trinitatis
3451 2173 3715 2229 ecclesiae
3779 2174 3877 2229 Fi-

2185 2262 2509 2317 scannensi
2565 2262 2811 2329 remisit,
2858 2263 3076 2318 iterum
3126 2268 3305 2335 atque
3354 2264 3567 2319 iterum
3618 2263 3873 2319 enixius

2183 2365 2441 2406 exorans
2452 2355 2750 2423 quatenus
2762 2351 3149 2407 commissam
3166 2352 3487 2408 Ecclesiam
3495 2354 3667 2423 juxta
3678 2352 3877 2425 ccepti

2185 2440 2415 2496 ordinis
2446 2440 2795 2511 religionem
2822 2442 3165 2509 custodiret,
3195 2447 3251 2498 et
3282 2443 3675 2497 custodiendo
3728 2458 3876 2515 peiu

2186 2530 2388 2585 ﬁceret
2411 2535 2467 2586 et
2496 2532 2898 2587 confirmaret.
2956 2532 3139 2601 Cujus
3190 2532 3371 2602 igitur
3424 2536 3666 2587 sanctas
3727 2548 3872 2605 pre-

2188 2636 2285 2674 ces
2308 2624 2729 2675 sanctarumve
2760 2636 3010 2693 precum
3054 2621 3273 2677 nimias
3319 2620 3683 2676 bumilitates
3710 2622 3869 2678 bea-

2188 2715 2283 2766 tus
2312 2709 2505 2765 abbas
2530 2710 2684 2765 velut
2713 2710 2958 2766 oracula
2988 2711 3193 2766 divina
3220 2711 3572 2784 suscipiens,
3617 2712 3873 2767 Fiscan-

2187 2816 2336 2855 num
2368 2799 2629 2867 intravit,
2665 2796 2719 2855 et
2742 2815 2847 2871 per
2866 2799 3121 2855 multam
3154 2815 3454 2855 annorum
3502 2801 3865 2867 vertiginem

2188 2907 2381 2963 usque
2407 2890 2483 2947 ad
2511 2890 2800 2945 ducatum
2828 2891 3299 2963 Hierosolymitzc
3332 2892 3590 2947 Rotberti
3625 2892 3869 2946 Fiscan-

2190 2996 2440 3036 nensem
2466 2980 2787 3035 Ecclesium
2818 2982 2983 3039 rexit.
3016 2983 3437 3053 subjectosque
3478 2996 3618 3036 suos
3668 2981 3866 3036 verbo

412 3067 775 3125 excellentiae
803 3068 1197 3138 conﬁrmavit,
1217 3072 1274 3124 et
1293 3068 1602 3141 privilegia
1626 3068 1929 3141 postulata
1981 3086 2081 3126 vo-
2119 3091 2163 3146 ο
2195 3074 2251 3127 et
2281 3069 2558 3142 exemplo
2587 3069 2894 3125 succendit
2924 3075 2981 3125 et
3007 3070 3373 3141 reformavit,
3405 3071 3483 3125 ad
3527 3070 3863 3139 imaginem

413 3157 710 3215 luntarius
741 3157 1006 3226 tradidit,
1029 3161 1087 3214 et
1116 3161 1576 3215 Fiscannensem
1627 3161 1856 3216 Sanctae
1900 3159 2085 3216 Trini-

416 3248 551 3306 tatis
591 3248 909 3305 ecclesiam
972 3249 1053 3305 ab
1110 3250 1385 3306 omnium
1433 3250 1855 3323 episcoporum
1909 3251 2081 3321 jugo,

418 3339 791 3411 subjectione
822 3344 878 3396 et
908 3340 1347 3397 consuetudine
1375 3340 1639 3397 liberans
1692 3344 1748 3396 et
1800 3341 2079 3413 eripiens,

420 3482 2771 3514 Μ

2195 3164 2251 3215 et
2281 3158 2750 3225 similitudinem,
2774 3159 3068 3215 honorem
3100 3164 3155 3214 et
3186 3158 3437 3226 gloriam
3482 3159 3865 3229 omnipoten-

2193 3250 2264 3305 tis
2288 3249 2408 3315 Dei,
2437 3250 2541 3322 qui
2572 3249 2716 3305 vivit
2740 3254 2795 3305 et
2824 3254 3034 3319 regnat
3064 3264 3172 3321 per
3228 3250 3433 3305 omnia
3484 3248 3703 3304 saecula
3754 3264 3862 3302 saa-

2191 3340 2485 3395 culorum.
2510 3343 2718 3395 Amen.

2778 3481 3828 3512 ε-Ξτ--τ--πε

1210 3614 1553 3736 VITA
1656 3617 2175 3739 SANCTI
2275 3618 2468 3740 GU
2494 3621 2515 3735 ἑ
2544 3618 3075 3737 LLELMI

1641 3868 1966 3925 AUCTORE
2005 3869 2282 3924 GLABRO
2322 3869 2650 3925 RODULFO

1483 4044 1660 4114 (Vide
1678 4045 2047 4117 Patrologia0
2076 4051 2214 4104 tom.
2246 4046 2489 4114 CXLII,
2514 4048 2622 4103 col.
2652 4048 2802 4118 697.)

1608 4358 2181 4480 ALTERA
2293 4358 2671 4481 WTA.

1140 4611 1222 4666 EX
1263 4608 1616 4667 CHRONICO
1658 4610 1902 4666 SANCTI
1942 4610 2221 4665 BENIGNI
2260 4609 2698 4667 DIVIONENSIS
2738 4612 3115 4668 EXCERP’I‘A.

1557 4791 1808 4861 (ΜΑΒιιι.
1839 4789 1995 4846 Acta
2014 4788 2121 4846 SS.
2154 4789 2377 4846 Bened.
2408 4791 2544 4860 VIII,
2579 4790 2728 4861 335.]

497 5108 546 5162 l.
570 5107 745 5161 Anno
773 5100 855 5161 ab
883 5100 1298 5160 lncarnatione
1346 5100 1583 5159 Domini
1626 5102 2087 5172 nongentesimo
2124 5106 2168 5160 D
2199 5104 2425 5177 quitate
2456 5101 2991 5173 consanguinitatis
3017 5097 3307 5167 existenti,
3352 5096 3689 5167 Lingonicus
3720 5098 3859 5154 civi-

416 5192 807 5263 oetogesimo,
835 5190 1159 5248 indictione
1189 5194 1421 5259 octava,
1454 5188 1623 5260 regni
1651 5191 1905 5248 Lotharii
1924 5193 2082 5261 regis

414 5278 707 5346 vigesimo
728 5280 941 5352 quinto
960 5280 1041 5353 (2)
1063 5278 1415 5351 anno,dedit
1428 5278 1589 5336 idem
1610 5294 1715 5335 rex
1726 5281 1988 5338 Brunoni
2006 5282 2083 5353 (3)

414 5368 723 5426 Bernensis
742 5368 1018 5426 Ecclesiae
1033 5370 1266 5443 clerico,
1293 5386 1403 5425 suo
1426 5385 1565 5427 vero
1580 5369 1816 5442 parenti
1840 5370 2082 5445 propin-

487 5505 565 5645 ἕῖ)
595 5507 748 5586 Lege
776 5512 865 5563 27.

512 5578 560 5646 3)
594 5578 776 5656 Hujus
802 5580 1410 5656 Brunonis-prmclarc
1466 5589 1631 5647 {testa
1677 5584 1907 5656 passim
1956 5601 2081 5641 me-

416 5647 826 5735 moratbujus
850 5647 1328 5735 (Ehrenici'actor.
1364 5656 1500 5735 Equ
1548 5647 1695 5735 vero
1718 5657 2079 5735 elogiumex

416 5716 833 5789 Martyrologio
858 5719 1041 5774 veteri
1071 5716 1418 5781 monasterii
1449 5726 1794 5797 Beuigniani
1816 5716 2080 5786 habetur

2194 5195 2327 5251 tatis
2344 5194 2784 5267 episcopatum.
2808 5190 3124 5249 Ordinatus
3146 5192 3233 5243 est
3258 5192 3459 5245 autem
3476 5186 3636 5242 idem
3660 5189 3858 5243 Bruno

2192 5282 2514 5355 episcopus
2536 5297 2642 5353 per
2658 5296 2880 5337 manus
2902 5276 3197 5335 Buchardi
3224 5276 3643 5343 Lugdunensis
3661 5276 3857 5333 archi-

2190 5370 2457 5443 episcopi
2470 5370 2531 5423 in
2548 5368 2799 5423 ecclesia
2829 5366 3026 5424 Sancti
3046 5366 3355 5437 Stephani,
3378 5364 3580 5435 viginti
3595 5367 3854 5435 quatuor

2188 5512 2398 5568 tomoI
2429 5510 2804 5566 Bibliotheczr
2834 5506 3185 5578 Labbeanze,
3220 5525 3359 5582 pag.
3391 5512 3513 5563 657.
3568 5509 3699 5561 Erat
3752 5507 3850 5582 I.o_-

2187 5583 2359 5658 tharii
2392 5582 2548 5658 regis
2570 5598 2643 5658 ex
2677 5597 2880 5658 sorore
2910 5596 3120 5658 nepos,
3152 5576 3331 5658 natus:
3371 5593 3612 5658 nempe.
3647 5592 3717 5631 ex
3762 5576 3850 5657 Al-

2187 5655 2382 5785 grada
2408 5654 2694 5711 Ludovici
2725 5654 2912 5724 liilia,
2954 5652 3263 5725 Reginaldi
3312 5652 3650 5709 Roceiensis
3673 5652 3851 5705 comi-

2231 5744 2260 5784 s
2289 5741 2494 5787 uxore.
