3892 6384
15 253 135 307 853

1671 253 1846 308 VITA.

3377 261 3480 314 854

14 391 239 430 annos
276 389 490 446 gerens
515 373 730 429 aetatis:
765 378 822 429 et
852 374 1064 430 eodem
1097 390 1258 430 anno
1279 378 1590 447 susceptus
1621 379 1713 430 est
1736 381 1784 433 Α
1829 378 2130 453 episcopo,
2164 399 2324 438 anno
2373 382 2833 453 nongentesimo
2862 382 3280 456 nonagesimo,
3326 382 3479 438 indi-

12 481 55 519 a
95 464 274 520 clero
309 463 642 531 Lingonicus
675 462 856 526 urbis,
891 462 970 518 ab
1002 463 1413 520 lncarnatione
1440 463 1712 519 videlicet

13 555 259 611 Christi
291 552 748 622 nongentesimo
789 553 1154 622 octogesimo
1198 552 1413 624 primo.
1458 557 1529 622 ls,
1559 569 1714 608 asse-

13 649 217 700 cutus
256 643 695 716 episcopatum,
737 641 903 697 omni
959 658 1082 714 quo
1130 642 1323 716 potuit
1350 641 1488 696 nisu
1542 641 1710 714 sequi

13 733 277 789 studuit
302 731 644 804 exemplum
674 730 818 786 boni
848 731 1122 803 pastoris.
1158 731 1506 788 Monasteria
1537 731 1714 800 igitur

12 824 234 896 ipsius
270 823 348 879 ad
371 821 680 877 dioecesim
715 821 1069 893 pertinentia
1100 821 1161 877 in
1193 819 1598 892 spiritualibus
1627 836 1713 874 rc-

12 912 353 982 ligione,in
389 909 818 982 temporalibus
846 910 1186 966 necessaria
1217 926 1369 982 pene
1402 909 1710 964 adnullata

14 1001 481 1074 gubernatione
514 1000 924 1067 considerans,
967 1000 1146 1072 ccepit
1196 1015 1462 1072 quaerere
1515 1002 1725 1071 quate?

14 1111 152 1148 nus
184 1092 290 1148 Dei
321 1091 706 1163 dispensante
737 1093 885 1145 nutu
917 1107 1092 1146 suum
1124 1091 1185 1145 in
1214 1094 1434 1146 statum
1473 1105 1543 1145 ea
1589 1089 1716 1160 qui-

14 1183 221 1238 visset
241 1197 543 1254 reparare.
562 1185 863 1234 Amovcns
893 1196 1033 1249 ergo
1067 1183 1398 1236 Manassem
1428 1176 1712 1233 abbatem

16 1273 227 1342 hujus
259 1271 376 1326 loci
429 1271 661 1342 (Sancti
705 1271 967 1337 Βριιίῃηί
1014 1269 1285 1339 D—ivione)
1353 1284 1388 1324 a
1440 1267 1713 1324 domina-

22 1363 226 1432 tione,
259 1377 383 1434 qua
411 1376 535 1416 non
566 1360 718 1416 bene
751 1359 1046 1427 utebatur,
1102 1359 1353 1414 instituit
1402 1357 1462 1413 in
1510 1358 1711 1413 locum

17 1453 78 1522 ej
94 1468 170 1506 us
200 1450 486 1507 abbatem
519 1450 847 1522 quemdam
892 1466 963 1504 ex
1007 1447 1374 1504 monasterio
1409 1446 1708 1514 Dervensi,

18 1547 305 1596 Azonem
333 1539 594 1595 nomine.
630 1541 764 1594 Erat
793 1539 840 1593 is
872 1539 1258 1610 Aquitanicus
1281 1553 1515 1607 genere.
1538 1553 1706 1592 orna-

19 1637 131 1687 tus
163 1629 348 1685 bonis
375 1629 644 1684 moribus
676 1635 732 1683 et
760 1628 1041 1697 religiosa
1090 1627 1561 1683 conversatione.
1610 1626 1709 1682 llic

1829 469 2020 525 ctione
2054 472 2235 528 tertia.
2273 471 2476 528 Ofﬁcio
2507 487 2649 528 vero
2679 471 2916 528 abbatis
2946 477 3212 545 accepto,
3261 471 3479 528 divinis

1828 557 2091 630 scipsum
2121 562 2297 633 coepit
2327 576 2597 617 exercere
2635 561 2971 617 virtutibus.
3007 564 3141 617 Erat
3171 561 3331 619 enim
3361 577 3483 617 cor-

1826 661 1970 716 pore
2019 653 2240 718 castus,
2300 653 2496 706 mente
2546 650 2817 718 devotus,
2878 648 3136 706 affabilis
3194 650 3480 724 alloquio,

1825 737 2141 808 prudentia
2196 741 2499 812 praeditus,
2560 741 2953 813 temperantia
2997 740 3216 808 clarus,
3247 742 3482 798 interna

1826 823 2163 883 fortitudine
2193 828 2422 897 firmus,
2456 846 2706 886 censura
2729 830 2969 901 justitize
2997 830 3242 902 stabilis,
3273 831 3480 901 longa-

1823 913 2089 970 nimitate
2121 916 2416 986 assiduus,
2473 916 2757 990 patientia
2802 916 3106 986 robustus,
3147 917 3478 974 humilitate

1822 1008 2193 1071 mansuetus,
2221 1005 2520 1061 bonorum
2552 1023 2804 1080 operum
2834 1007 3024 1076 gratia
3050 1005 3286 1079 plenus,
3335 1006 3477 1063 cha-

1821 1089 2006 1146 ritatis
2039 1092 2317 1164 equidem
2349 1094 2601 1150 afﬂuens
2629 1093 2980 1150 visceribus.
3039 1097 3147 1149 Pro
3200 1093 3480 1166 pauperi-

1820 1178 1934 1234 bus
1966 1197 2202 1254 semper
2227 1187 2354 1238 erat
2381 1183 2682 1250 sollicitus,
2719 1182 3015 1239 Christum
3041 1198 3180 1238 vero
3224 1182 3477 1252 diligens

1820 1269 1953 1324 totis
1978 1270 2325 1339 visceribus,
2374 1271 2542 1344 dum,
2599 1272 2750 1328 sicut
2803 1271 3038 1327 Martha
3094 1271 3478 1344 corporaliter

1818 1376 1940 1415 non
1965 1360 2223 1430 valebat,
2279 1362 2339 1417 in
2389 1363 2590 1432 egenis
2642 1363 2811 1418 illum
2840 1363 3105 1435 quotidie
3150 1362 3471 1420 reficiebat.

1819 1449 2109 1505 Omnibus
2133 1450 2376 1524 hospitii
2401 1451 2742 1524 perlargum
2772 1450 3028 1524 praebuit
3053 1468 3264 1519 usum;
3292 1467 3474 1508 nemo

1817 1544 1902 1594 est
1928 1545 2229 1613 exceptus,
2271 1557 2589 1614 perpessus
2636 1557 2815 1597 nemo
2861 1539 3186 1614 repulsam.
3233 1540 3472 1597 Divino-

1814 1645 1948 1684 rum
1981 1634 2416 1702 praeceptorum
2443 1629 2850 1686 delectabatur
2897 1629 3167 1703 eloquiis,
3218 1630 3358 1703 quia
3397 1646 3472 1687 ex

17 1719 285 1774 duobus
323 1718 496 1773 annis
544 1717 604 1772 in
656 1717 940 1786 regimine
995 1717 1248 1789 peractis
1299 1714 1604 1794 repedavit
1631 1713 1708 1770 ad
1739 1735 1780 1788 Β
1815 1719 1906 1774 liis
1936 1723 1992 1775 et
2022 1736 2162 1775 suos
2187 1737 2385 1776 mores
2416 1735 2798 1794 componere,
2851 1724 2909 1776 et
2956 1719 3069 1776 sibi
3113 1719 3470 1777 commissos

17 1823 222 1864 suum
249 1806 704 1877 monasterium,
745 1805 998 1861 dimissa
1049 1806 1229 1876 hujus
1276 1805 1390 1861 loci
1415 1803 1708 1874 guberna-

16 1898 222 1965 tione,
246 1899 427 1968 atque
459 1895 673 1951 iterum
702 1898 1002 1951 Manasses
1032 1895 1223 1950 abbas
1263 1911 1445 1950 suum
1487 1892 1707 1966 recepit

15 1972 327 2042 ofﬁcium.

98 2079 158 2130 2.
205 2073 422 2129 Videns
452 2073 632 2143 igitur
660 2071 923 2128 domnus
972 2072 1292 2144 episcopus
1329 2074 1546 2152 [Bruno
1589 2075 1702 2128 sta-

15 2171 162 2221 tum
195 2163 312 2219 loci
333 2162 396 2218 in
426 2162 714 2233 ambiguo
745 2161 1030 2234 positum,
1064 2161 1316 2234 supplex
1347 2161 1491 2218 adiit
1531 2160 1701 2216 dom-

13 2270 182 2310 num
245 2251 525 2308 Maiolum
576 2250 978 2308 Cluniacensis
1015 2251 1362 2307 monasterii
1393 2241 1696 2317 abbatem,

14 2342 347 2413 multaqde
400 2356 574 2413 prece
641 2339 917 2413 poposcit
966 2343 1264 2412 quatenus
1306 2340 1435 2410 ejus
1478 2329 1698 2395 auxilio

13 2431 325 2506 quivisset
348 2445 627 2502 reparare
675 2429 735 2484 in
789 2428 1003 2484 melius
1051 2429 1295 2484 interius
1328 2427 1695 2498 religionem,

14 2526 79 2576 et
113 2518 374 2574 exterius
405 2517 834 2592 possessiones.
870 2517 1052 2587 Cujus
1081 2516 1360 2590 precibus
1394 2517 1584 2572 ﬂexus
1614 2532 1699 2572 re-

12 2607 331 2665 verendus
361 2606 551 2663 abbas
591 2605 866 2676 Maiolus,
907 2595 1070 2660 dedit
1099 2605 1152 2660 ei
1205 2604 1525 2661 duodecim
1572 2620 1696 2660 mo-

14 2698 264 2755 nachos
293 2713 365 2751 ex
396 2695 561 2773 omni
590 2693 1053 2773 congregatione
1084 2693 1325 2761 electos,
1367 2692 1695 2765 disciplinis

17 2791 253 2843 sanctae
275 2771 575 2854 religionis
605 2783 940 2860 instructos,
986 2771 1192 2838 divina
1221 2785 1277 2837 et
1304 2782 1574 2838 humana
1601 2798 1694 2837 sa-

14 2873 258 2950 pientia
287 2873 514 2939 doctos,
547 2871 851 2928 nobilitate
913 2870 1136 2926 carnali
1189 2870 1400 2926 claros.
1465 2869 1692 2936 Quibus

17 2955 488 3024 advenientibus
518 2961 598 3017 ita
627 2961 925 3017 ordinavit
953 2959 1214 3016 domnus
1260 2959 1580 3033 episcopus
1629 2964 1693 3016 ut

14 3057 124 3112 die
171 3037 575 3109 translationis
628 3049 818 3106 sancti
865 3049 1132 3120 Benigni,
1187 3049 1500 3105 monachis
1552 3065 1691 3105 cum

15 3144 144 3201 sibi
207 3139 490 3212 subjectis
536 3125 761 3195 clericis
819 3142 956 3194 ante
1024 3138 1368 3212 sepulcrum
1428 3131 1692 3211 saepefati

13 3231 310 3304 martyris
342 3230 403 3286 in
429 3232 640 3302 crypta
666 3225 1002 3308 nocturnali
1031 3216 1316 3308 ofﬁcium
1345 3219 1690 3301 paragenti-

12 3323 165 3390 bus,
197 3319 310 3390 ipsi
336 3319 397 3374 in
426 3317 714 3391 superiori
743 3305 926 3374 choro
967 3323 1102 3374 ante
1133 3305 1460 3392 principale
1493 3319 1692 3376 Sancti

12 3409 285 3468 Mauricii
336 3397 519 3465 altare
559 3401 972 3464 m'atutinalem
1011 3409 1339 3483 inciperent
1387 3411 1684 3482 synaxim.

18 3499 206 3571 Quod
246 3499 448 3571 utique
480 3497 898 3554 convenienter
927 3503 1128 3554 actum
1177 3503 1285 3566 est,
1346 3503 1412 3555 ut
1459 3500 1563 3572 qui
1599 3500 1686 3555 lu-

12 3605 168 3648 men
195 3587 493 3658 religionis
524 3587 834 3644 ostendere
859 3588 1181 3644 veniebant
1224 3589 1513 3665 intrarent
1551 3586 1683 3640 luce

11 3679 145 3737 diei
175 3667 717 3756 appropinquante.
779 3676 1028 3733 Proinde
1091 3675 1204 3732 illis
1256 3677 1371 3732 hac
1413 3674 1506 3730 vel
1551 3673 1682 3729 illac

11 3766 433 3845 pergentibus,
445 3753 540 3822 isti
564 3753 626 3822 in
661 3766 794 3822 loco
820 3766 1102 3835 degentes
1134 3767 1445 3837 coeperunt
1474 3766 1681 3819 sancta

11 3857 473 3918 conversatione
498 3855 898 3928 resplendere,
931 3859 989 3911 et
1023 3855 1192 3910 locus
1221 3854 1327 3927 qui
1353 3857 1531 3910 antea
1549 3869 1683 3926 pra-

11 3953 107 4007 vis
144 3932 373 4003 actibus
402 3949 460 4001 et
494 3943 782 4001 ineffabili
804 3943 1166 4014 negligentia
1195 3960 1231 3999 a
1269 3942 1499 3999 cunctis
1525 3942 1684 3999 vide-

11 4043 203 4097 batur
232 4035 536 4114 confusus,
568 4049 730 4090 nunc
761 4033 908 4090 felici
942 4032 1356 4090 exercitatione
1395 4033 1681 4090 virtutum

11 4127 296 4190 omnium
325 4125 623 4182 videretur
652 4140 782 4180 esse
812 4123 1080 4179 ﬂoridus.
1287 4191 1292 4200 ε
1437 4187 1444 4200 ⁸
1537 4197 1544 4200 _
1633 4193 1636 4196 ι

86 4223 146 4275 3.
189 4202 403 4270 Verum
443 4213 585 4285 quia
649 4211 916 4285 prmdicti
963 4212 1151 4269 Patris
1199 4211 1490 4269 industria
1531 4211 1679 4269 locis

11 4307 154 4367 aliis
184 4305 407 4360 intenta
427 4307 572 4379 erat,
599 4306 657 4358 et
683 4303 778 4358 hic
801 4302 969 4358 locus
1001 4302 1125 4358 sine
1155 4303 1374 4360 abbate
1404 4319 1536 4358 esse
1559 4318 1680 4358 non

1814 1808 2219 1865 instruebatur
2248 1809 2461 1865 docere
2492 1813 2548 1865 et
2575 1809 2890 1880 corrigere.
2932 1809 3169 1867 Cunctis
3202 1810 3470 1882 seipsum

1813 1897 2122 1969 praebebat
2150 1899 2302 1954 bene
2331 1899 2569 1954 vivendi
2599 1898 2962 1972 exemplum.
3011 1902 3080 1954 Et
3108 1898 3260 1955 sicut
3287 1898 3349 1954 in
3377 1915 3469 1955 or-

1811 1987 1970 2056 dine,
2000 1988 2080 2044 ita
2106 1988 2338 2061 primus
2368 1988 2646 2046 studebat
2673 1993 2737 2045 ut
2765 1994 2920 2046 esset
2958 1989 3019 2044 in
3049 2005 3251 2061 opere,
3291 1988 3468 2060 juxta

1810 2076 1958 2132 illud
2003 2077 2377 2149 evangelista
2410 2095 2422 2133 :
2455 2078 2648 2148 Coepit
2701 2080 2872 2135 Jews
2915 2080 3122 2148 facere
3162 2084 3218 2135 et
3259 2079 3468 2134 docere

1809 2166 1964 2237 (Act.
1997 2184 2034 2234 1,
2068 2167 2137 2238 l).
2167 2170 2480 2224 Peccantee
2516 2183 2661 2224 vero
2691 2166 2814 2224 zelo
2865 2167 2949 2240 pii
2989 2166 3212 2223 amoris
3258 2182 3467 2223 coram

1808 2257 2091 2312 omnibus
2121 2257 2430 2326 arguebat,
2473 2263 2540 2314 ut
2593 2257 2786 2314 caeteri
2828 2256 3106 2314 timorem
3153 2257 3462 2314 haberent.

1810 2346 1924 2403 Sed
1954 2351 2011 2403 et
2037 2347 2224 2403 verba
2247 2363 2384 2420 qua
2410 2348 2524 2403 sub
2548 2346 2952 2420 increpatione
2998 2347 3358 2421 proferebat,
3403 2350 3468 2404 ut

1805 2436 2302 2509 reprehendenda
2328 2437 2808 2511 reprehenderet,
2837 2437 3015 2511 quasi
3043 2437 3289 2496 stumuli
3311 2437 3467 2494 dura

1805 2524 2161 2582 videbantur
2212 2529 2270 2581 et
2321 2541 2556 2598 aspera,
2617 2530 2683 2582 ut
2734 2541 2892 2606 pene
2933 2526 3282 2584 ﬁmerentur
3327 2525 3464 2598 plus

1803 2629 1990 2686 quam
2019 2613 2480 2685 verbera,junta
2501 2613 2650 2671 illud
2680 2632 2693 2670 :
2741 2613 2932 2671 Verba
2974 2615 3258 2684 sapientis
3289 2614 3465 2684 quasi

1801 2705 2049 2771 stimuli,
2081 2707 2138 2759 et
2157 2703 2333 2774 quasi
2359 2704 2521 2760 clavi
2548 2705 2610 2759 in
2641 2703 2836 2759 altum
2860 2702 3046 2772 deﬁxi
3086 2703 3307 2770 (Eccte.
3355 2718 3458 2770 xu,

1806 2795 1912 2859 ll).
1946 2791 2108 2846 Alios
2139 2791 2386 2863 quidem
2431 2790 2878 2860 blandimentis,
2929 2790 3079 2848 alios
3105 2791 3460 2849 admonitio-

1799 2881 1998 2951 nibus,
2031 2881 2178 2937 alios
2208 2881 2550 2949 terroribus,
2605 2884 2663 2937 et
2697 2881 2801 2953 ita,
2853 2881 3026 2953 juxta
3080 2881 3456 2955 Apostolum,

1799 2971 2136 3044 praedicans
2185 2971 2434 3026 verbum
2507 2970 2770 3028 instabat
2813 2975 3173 3044 opportune,
3231 2972 3457 3045 impor-

1731 3084 1770 3140 ο
1800 3066 1961 3128 tune,
1995 3077 2274 3131 arguens,
2305 3061 2649 3132 obsecrans,
2679 3061 2996 3135 increpans
3049 3060 3110 3118 in
3153 3061 3319 3118 omni
3346 3077 3458 3135 pas

1801 3151 2004 3209 tientia
2032 3155 2090 3207 et
2111 3151 2383 3207 doctrina
2408 3151 2498 3222 (II
2526 3152 2671 3208 Tim.
2704 3167 2784 3217 1v,
2815 3152 2890 3223 2).
2915 3150 3258 3209 Miserorum
3292 3165 3454 3224 vero,

1799 3239 1968 3296 haud
1992 3257 2165 3296 secus
2197 3255 2268 3296 ac
2299 3240 2347 3296 si
2376 3243 2676 3313 pateretur
2704 3240 2852 3313 ipse,
2902 3238 3273 3297 aﬂiciehatur
3302 3239 3458 3298 calua-

1798 3329 2126 3386 mitatibus.
2160 3331 2236 3386 Os
2267 3329 2398 3400 ejus
2424 3328 2507 3384 ita
2534 3328 2877 3402 replebatur
2923 3344 2996 3385 ex
3043 3327 3238 3385 cordis
3266 3327 3456 3385 abun;

1796 3417 2022 3484 dantia,
2053 3419 2119 3472 ut
2146 3415 2208 3472 in
2233 3416 2446 3472 eodem
2475 3432 2577 3472 ore
2605 3431 2760 3488 pene
2789 3415 2936 3472 nihil
2981 3415 3144 3473 aliud
3190 3415 3307 3472 nisi
3357 3416 3456 3472 lex

1793 3509 2100 3562 resonaret
2155 3505 2396 3572 divina;
2447 3509 2504 3560 et
2556 3505 2702 3578 quia
2759 3506 3059 3579 Scriptura
3109 3504 3294 3561 dicit:
3339 3505 3456 3573 Qui

1793 3594 1984 3663 audit,
2017 3594 2178 3649 dicat
2206 3608 2230 3649 .·
2271 3595 2416 3648 Veni
2440 3592 2646 3662 (Apoc.
2667 3608 2810 3662 χχιι,
2833 3595 2941 3664 l7),
2970 3593 3102 3650 ideo
3145 3609 3452 3666 quoscun-B

1791 3699 1910 3755 que
1940 3686 2189 3756 poterat.
2223 3697 2258 3738 a
2277 3681 2478 3737 saeculi
2503 3681 2767 3754 nequitia
2794 3682 3109 3740 suadendo
3138 3684 3450 3741 subtrahas

1790 3772 1914 3828 bat.
1942 3775 2006 3828 Et
2026 3771 2175 3827 sicut
2199 3771 2435 3827 cceleste
2460 3787 2568 3844 per
2593 3771 2960 3830 desiderium
2987 3773 3123 3830 totis
3156 3774 3284 3846 ipse
3312 3774 3450 3830 viri:

1789 3861 1905 3916 bus
1935 3860 2013 3917 ad
2043 3876 2374 3932 supernum
2430 3873 2686 3931 regnum
2739 3861 3080 3931 anhelabat,
3130 3863 3207 3920 ita
3245 3877 3451 3921 secum

1791 3967 2036 4025 pergere
2066 3967 2277 4007 omnes
2304 3950 2599 4019 homines,
2630 3951 2678 4007 si
2707 3951 2836 4008 ﬁeri
2856 3957 3082 4025 posset,
3101 3954 3448 4027 exoptabat.

1795 4041 1907 4098 Sed
1931 4040 2272 4097 nullatenus
2301 4044 2389 4097 est
2416 4039 2730 4098 fraudatus
2778 4057 2814 4098 a
2860 4042 3156 4099 desiderio
3193 4044 3360 4116 quod
3387 4046 3449 4101 in

1791 4147 1852 4187 se
1879 4135 2238 4202 conceperat
2266 4146 2405 4187 vera
2434 4129 2692 4188 dilectio.
2723 4131 2820 4187 Ille
2849 4132 3010 4189 ehim
3056 4131 3162 4204 qui
3189 4133 3448 4189 charitas

1789 4225 1895 4288 est,
1923 4221 2030 4294 qui
2057 4237 2120 4276 se
2151 4220 2491 4276 timentium
2516 4221 2775 4294 complet
2797 4221 3190 4290 voluntatem,
3207 4221 3314 4277 viri
3343 4221 3445 4277 Dii

1787 4309 2113 4366 ferventem
2141 4309 2421 4365 affectum
2450 4309 2728 4381 perduxit
2755 4310 2834 4365 ad
2861 4311 3158 4366 effectum.
3191 4309 3280 4365 Ad
3312 4309 3444 4380 ejus

11 4395 272 4493 poterat,
301 4392 514 4448 iterum
544 4391 765 4493 domui.
784 4389 1072 4493 Brunonis
1106 4390 1376 4490 praesulis
1405 4390 1677 4490 pulsatus
1709 4437 1753 4493 Β
1785 4399 2009 4472 quippe
2035 4399 2264 4454 monita
2288 4397 2458 4454 multi
2487 4409 2624 4470 qua;
2662 4398 3058 4471 possederant
3101 4398 3441 4472 relinquent.

11 4482 320 4561 precibus,
353 4480 684 4552 quemdam
738 4480 973 4548 fatrem,
1024 4479 1527 4536 ferventissimum
1585 4480 1678 4534 sui
1710 4479 1751 4493 ”
1785 4491 1890 4555 tes,
1919 4486 2178 4556 regulari
2220 4503 2282 4542 se
2340 4486 2672 4558 discipline
2728 4487 3144 4552 subdjdmnt,
3197 4492 3255 4543 et
3280 4487 3440 4544 beati

11 4571 247 4635 ordinis
276 4572 705 4635 exsecutorem,
739 4574 795 4625 et
824 4569 1001 4624 totius
1042 4567 1676 4640 nobilitatisllampade

11 4657 459 4741 praefulgidum,
492 4662 670 4729 atque
697 4659 756 4714 in
779 4675 922 4714 vera
948 4657 1280 4714 humilitate
1307 4661 1363 4714 et
1400 4657 1675 4714 fraternae

11 4746 352 4814 iilectionis
381 4745 683 4814 charitate,
723 4762 962 4802 necnon
1001 4757 1256 4803 summae
1281 4747 1673 4812 discretionis,

11 4857 156 4920 qua
205 4837 486 4892 virtutum
546 4835 819 4890 omnium
873 4840 1064 4892 mater
1113 4851 1240 4892 esse
1282 4835 1672 4907 dignoscitur,

11 4931 327 4992 honestate
351 4924 729 4982 laudabiliter
755 4925 1091 4982 radicatum
1120 4931 1176 4982 et
1199 4926 1538 4995 fundatum,
1570 4942 1674 4984 nos

11 5025 180 5083 mine
215 5016 600 5078 Willelmum,
629 5015 809 5086 hujus
834 5016 1180 5072 monasterii
1205 5017 1368 5087 gregi
1388 5016 1668 5088 praefecit,

11 5120 67 5173 ει
97 5113 333 5185 patrem
366 5106 692 5179 spiritalem
739 5106 851 5162 sibi
898 5107 1284 5178 poscentibus
1333 5105 1468 5162 ﬁliis
1506 5107 1672 5164 insti-

11 5203 148 5263 tuit.
181 5196 277 5252 Hic
302 5195 466 5252 Italia
491 5195 709 5251 exstitit
737 5195 1047 5265 oriundus,
1081 5195 1200 5252 alt‘o
1231 5197 1372 5252 satis
1403 5197 1668 5266 germine

11 5298 66 5352 ει
98 5283 287 5345 nobili
317 5283 604 5357 prosapia
634 5284 847 5342 editus.
876 5288 1064 5351 Quem
1095 5287 1472 5359 supradictus
1502 5287 1670 5344 dom-

11 5396 134 5441 nus
165 5373 402 5431 Maiolus
428 5376 617 5430 Roma
642 5375 890 5432 veniens
916 5365 1144 5432 invenit
1196 5375 1257 5432 in
1305 5365 1669 5436 monasterio

11 5464 267 5532 Lauceio
295 5463 468 5520 dicto.
507 5464 610 5519 ubi
641 5481 677 5520 a
706 5479 894 5537 puero
924 5466 1212 5524 educatus
1250 5466 1460 5526 fuerat.
1493 5472 1673 5526 Assu-

11 5561 307 5625 meuque
365 5556 504 5607 eum
564 5551 694 5626 ipso
735 5542 1112 5627 deprecante,
1175 5565 1378 5614 secum
1422 5558 1672 5616 adduxit

11 5643 387 5723 Cluniacum,
422 5645 590 5698 astate
607 5643 867 5724 juvenili
897 5645 1230 5704 ﬂorentem.

86 5741 144 5795 4.
187 5729 502 5790 Ordinatus
533 5723 812 5804 estigitur
826 5733 1020 5792 abbas
1044 5752 1082 5795 a
1128 5737 1354 5796 domno
1397 5742 1670 5798 Brunone

1783 4575 2081 4633 Benedicti
2111 4578 2426 4647 sequentes
2452 4575 2725 4645 vestigia,
2755 4576 3108 4647 semetipsos
3129 4576 3438 4646 abnegau-

1781 4671 1891 4735 tes,
1924 4681 2063 4721 vero
2101 4665 2242 4734 Regi
2294 4664 2429 4720 totis
2457 4664 2684 4720 virlbu
2712 4664 3132 4722 militaverunt.
3168 4666 3436 4724 Partibus

1781 4770 2046 4828 namque
2074 4769 2149 4810 ex
2175 4751 2426 4810 diversis
2447 4753 2525 4809 ad
2555 4753 2684 4825 ejus
2726 4753 3070 4811 coenobium
3115 4750 3436 4812 multitudo

1781 4844 2067 4902 conﬂuxit
2121 4841 2593 4900 innumerabilis;
2650 4843 2764 4901 Sed
2818 4843 3162 4901 nationibus
3189 4845 3324 4903 licet
3349 4846 3438 4902 ‘di—

1778 4934 1954 5005 versi,-
2037 4938 2233 4990 mente
2279 4937 2484 4989 tamen
2538 4937 2710 4990 erant
2756 4933 2952 5004 uniti,
3032 4938 3098 4990 ut
3149 4931 3299 4991 illud
3351 4937 3435 4993 ad

1777 5024 2034 5081 litteram
2081 5023 2143 5079 in
2197 5023 2282 5079 eis
2332 5022 2646 5095 impletum
2719 5023 3018 5080 videretur
3046 5061 3064 5094 ,
3132 5026 3300 5098 quod
3356 5025 3432 5084 de

1778 5113 1947 5169 initio
1973 5111 2272 5168 nascentis
2305 5111 2574 5168 Ecclesiae
2625 5112 2687 5168 in
2741 5112 3150 5186 apostolorum
3200 5111 3433 5172 actibus

1777 5201 1990 5273 legitur
2022 5219 2035 5257 :
2066 5202 2222 5259 Erat
2248 5201 2371 5258 illis
2397 5213 2501 5258 cor
2526 5205 2712 5258 unum
2756 5203 2810 5259 et
2840 5202 3044 5260 anima
3101 5203 3226 5262 ima
3273 5203 3429 5278 (Act.

1778 5308 1852 5362 iv,
1883 5291 1990 5364 32).

1947 5382 2253 5437 Crescente
2300 5381 2503 5436 autem
2554 5378 2801 5436 interius
2853 5379 3155 5452 religionis
3210 5384 3430 5457 studio,

1779 5469 2081 5528 exterioris
2113 5465 2458 5525 substantia
2491 5468 2979 5542 supplementum
3021 5472 3200 5545 coepit
3234 5469 3432 5532 abun:-

1779 5561 1922 5618 dare
1947 5574 2070 5614 non
2100 5558 2354 5625 modice,
2386 5562 2565 5631 prout
2595 5559 2881 5616 Dominus
2909 5561 3180 5633 promisit
3209 5560 3332 5620 suis
3369 5561 3431 5620 in

1780 5648 2098 5721 Evangelio
2127 5666 2139 5704 :
2175 5649 2430 5718 Quaerite
2452 5649 2716 5719 primum
2758 5667 3010 5722 regnum
3035 5654 3146 5710 Dei
3161 5659 3218 5710 et
3253 5653 3433 5722 justi-

1781 5742 1926 5807 tiam
1949 5744 2098 5813 ejus,
2133 5745 2188 5799 et
2214 5741 2340 5799 haec
2361 5739 2568 5798 omnia
2589 5741 2958 5812 adﬁcientur
2979 5743 3142 5801 vobis
3183 5743 3423 5815 (Nemo:
