3892 6376
387 279 492 330 855

381 414 455 462 vi,
485 398 597 464 23).
631 397 894 449 Domnus
921 408 1183 464 namque
1230 392 1542 464 episcopus
1582 393 1801 458 Bruno,
1854 386 2030 442 nimi-
2062 389 2108 440 Α

385 501 519 538 rum
538 483 899 540 exhilaratus
932 481 1108 536 corde
1136 496 1342 536 eorum
1363 482 1523 536 bona
1561 478 2028 542 conversatione,

387 573 551 628 omni
579 571 775 627 studio
800 586 1008 625 eorum
1039 569 1172 624 usui
1221 569 1560 625 necessaria
1601 568 1851 624 curabat
1889 565 2030 621 sub-

384 661 735 717 ministrare.
769 658 1043 714 Reddidit
1065 658 1242 727 igitur
1269 660 1481 714 Sancto
1509 658 1773 726 Benigno
1823 660 1877 710 et
1902 655 2030 724 ejus

384 747 693 803 monachis
722 744 1033 801 ecclesiam
1058 745 1119 799 in
1149 746 1389 801 Saciaco
1422 745 1613 810 sitam,
1643 750 1750 799 etc.
1803 743 2028 813 Ubique

383 853 521 906 ergo
551 836 916 904 investigans
969 835 1232 890 ablatam
1278 835 1642 901 restituebat,
1694 839 1750 889 et
1795 834 1866 888 de
1923 848 2030 887 suo

383 927 508 996 iure
540 924 945 996 quodcunque
975 923 1376 978 necessarium
1426 929 1480 979 et
1537 923 1674 978 utile
1732 923 1814 977 eis
1860 921 2025 986 foret,

380 1014 588 1069 libenti
621 1012 825 1068 animo
845 1011 1158 1067 tribuebat.
1190 1012 1455 1084 Utrisque
1478 1029 1639 1081 vero,
1669 1013 1893 1067 domno
1913 1011 2026 1064 sci-

381 1102 516 1157 licet
571 1100 824 1173 praasule
878 1103 1147 1155 Brunone
1204 1104 1380 1172 atque
1424 1102 1766 1156 venerando
1810 1100 2027 1155 abbate

384 1188 691 1257 Willelmo,
724 1187 786 1242 in
807 1188 1232 1243 restauratione
1262 1190 1442 1258 hujus
1473 1189 1586 1244 loci
1618 1190 1878 1244 studiose
1931 1189 2028 1243 de-

384 1276 766 1343 certantibus,
799 1275 972 1348 coepit
1022 1291 1284 1331 crescere
1316 1281 1372 1332 et
1410 1277 1582 1349 quasi
1614 1277 1811 1332 denuo
1862 1277 2028 1331 reﬂo-

382 1383 530 1435 rere,
575 1369 682 1420 etc.

451 1461 500 1510 6.
523 1459 647 1526 Ipse
682 1454 966 1509 Henricus
990 1454 1113 1509 dux
1133 1455 1526 1525 (Burgundia’
1542 1457 1813 1525 Hilgonis
1839 1457 2027 1511 Fran-

383 1560 583 1600 corum
613 1545 768 1612 regis
785 1545 1007 1612 frater)
1049 1543 1252 1599 audita
1286 1543 1448 1599 fama
1477 1544 1775 1612 religionis
1830 1545 2027 1599 eximii

389 1633 569 1688 Patris
601 1632 868 1687 Willelmi
918 1632 1215 1688 commisit
1244 1632 1294 1687 ei
1352 1623 1658 1688 abbatiam
1689 1635 2028 1688 Versiacen-

383 1738 506 1776 sem
542 1723 636 1792 (ιὶ),
671 1737 822 1793 pene
854 1721 931 1776 ad
961 1721 1213 1775 nihilum
1269 1722 1593 1790 redactam,
1657 1726 1719 1776 ut
1769 1722 1844 1776 ab
1899 1722 2028 1792 ipso
2061 1732 2100 1784 Β

382 1809 781 1863 restitueretur
808 1808 867 1862 in
898 1809 1216 1880 pristinum
1275 1813 1492 1864 statum
1522 1828 1534 1877 ;
1593 1810 1757 1881 quod
1787 1815 1841 1864 et
1900 1809 2032 1864 fecit

383 1897 699 1952 auxiliante
733 1900 874 1964 Deo(
905 1901 1166 1952 Domnus
1222 1903 1420 1953 autem
1467 1899 1782 1970 episcopus
1836 1901 2029 1953 Bruno

385 1985 774 2040 considerans
807 1989 1035 2041 Patrem
1083 1987 1438 2041 Willelmum
1491 1987 1572 2041 ita
1620 1987 1940 2042 ferventem
1971 1987 2032 2042 in

384 2074 664 2142 religione
729 2091 798 2129 ac
855 2075 1188 2130 monastica
1239 2075 1622 2145 institutione,
1690 2081 1746 2130 et
1797 2076 1928 2130 loca
1981 2077 2031 2131 ei

387 2162 709 2216 commissa
733 2161 807 2216 de
835 2161 929 2216 die
956 2162 1016 2216 in
1042 2162 1201 2216 diem
1230 2162 1288 2216 in
1332 2163 1541 2218 melius
1566 2164 1870 2235 proﬁcere,
1905 2180 2032 2218 om-

385 2249 487 2304 nia
507 2249 569 2302 in
599 2265 708 2304 suo
738 2249 1043 2322 episcopio
1091 2251 1452 2306 monasteria
1508 2251 1693 2322 ipsius
1744 2253 2036 2322 delegavit

388 2335 798 2407 providentiae,
831 2337 1137 2392 abbatiam
1157 2338 1372 2393 scilicet
1392 2341 1745 2395 Besuensem
1770 2342 1868 2409 (5),
1895 2357 2033 2412 apo-

389 2424 677 2479 stolorum
709 2425 852 2480 Petri
881 2430 938 2481 et
961 2426 1122 2481 Pauli
1149 2427 1372 2481 honore
1402 2427 1682 2497 dicatam,
1739 2433 2033 2484 monaste-

384 2512 539 2568 rium
565 2514 760 2568 Sancti
811 2514 1072 2581 Joannis,
1106 2515 1269 2586 quod
1322 2517 1616 2570 Reomaus
1665 2515 1896 2586 dicitur,
1945 2515 2032 2571 lo-

384 2617 522 2658 cum
553 2603 748 2658 Saneti
805 2603 1098 2658 Michaelis
1156 2604 1496 2673 archangeli
1548 2605 1720 2675 juxta
1769 2609 2032 2662 castrum

381 2691 811 2762 Tornodorum,
837 2691 1146 2747 abbatiam
1172 2692 1639 2764 Molundensem,
1665 2694 1771 2748 ubi
1791 2699 2032 2749 sanctus

383 2777 643 2832 Valerius
669 2781 744 2849 (6)
776 2779 1233 2835 archidiaconus
1253 2784 1311 2834 et
1329 2785 1556 2850 martyr
1579 2781 1846 2852 quiescit.
1874 2784 2032 2846 Quas

381 2881 590 2921 omnes
626 2867 707 2922 ita
739 2872 973 2922 strenue
1006 2867 1381 2937 gubernavit,
1416 2873 1481 2923 ut
1503 2873 1640 2940 post
1668 2887 1807 2924 eum
1834 2871 2034 2938 singu-

379 2952 452 3008 lte
484 2953 734 3023 singulis
763 2955 1085 3010 abbatibus
1107 2956 1455 3026 distributae,
1498 2959 1674 3012 statui
1703 2959 1858 3013 illius
1891 2964 2034 3014 tem-

379 3036 545 3108 poris
574 3053 696 3108 quo
728 3038 806 3092 ab
838 3054 909 3093 eo
939 3039 1318 3107 regebantur,
1344 3056 1464 3094 non
1496 3041 1752 3112 quierint
1786 3043 2029 3114 equari.
2069 3079 2110 3132 Ο

453 3130 506 3178 7.
537 3126 712 3179 Anno
736 3129 903 3180 sexto
929 3143 1050 3180 suae
1079 3126 1469 3182 ordinationis
1502 3127 1822 3184 Willellnus
1843 3130 2032 3185 abbas

387 3215 640 3267 Romam
668 3213 928 3285 perrexit
956 3215 1034 3268 ad
1077 3215 1484 3286 apostolorum
1541 3216 1766 3283 limina,
1827 3235 2033 3275 eorum

383 3300 716 3372 patrocinia
773 3317 1103 3373 exposcens
1162 3319 1336 3374 prece
1382 3304 1614 3367 devota,
1645 3305 1905 3378 indeque
1956 3309 2034 3364 ad

388 3389 670 3444 Sanctum
703 3391 998 3459 Angelum
1028 3396 1291 3446 montem
1318 3393 1519 3464 petivit
1535 3396 1894 3463 Garganum.
1922 3398 2034 3453 Sed

381 3479 782 3534 Beneventum
810 3480 1053 3536 veniens
1080 3482 1446 3550 gravissimae
1479 3482 1838 3540 lnﬁrmitatis
1863 3487 2032 3542 astri-

378 3570 507 3621 ctus
537 3572 622 3623 est
651 3569 963 3641 compede.
993 3570 1172 3640 Cujus
1193 3570 1553 3627 inﬁrmitatis
1585 3572 1868 3630 diuturno
1890 3575 2034 3632 afﬂi-

377 3659 505 3712 ctus
533 3656 842 3727 languore,
877 3675 1017 3714 cum
1039 3659 1166 3730 jam
1197 3676 1232 3715 a
1254 3661 1376 3714 suis
1401 3661 1818 3734 desperaretur
1855 3681 2033 3736 posse

377 3743 646 3811 evadere,
671 3746 939 3818 quadam
982 3753 1155 3803 nocte
1179 3753 1385 3820 raptus
1423 3750 1486 3805 in
1518 3751 1725 3822 spiritu
1755 3753 2034 3810 tribunali

379 3834 684 3888 metuendi
711 3835 932 3889 Iudicis
963 3836 1184 3891 sistitur
1217 3854 1230 3901 ;
1277 3837 1379 3892 ubi
1412 3855 1550 3893 cum
1579 3855 1688 3910 pro
1735 3840 2033 3913 aliquibus

379 3915 787 3986 increparetur
816 3919 1182 3987 excessibus,
1215 3924 1272 3974 et
1292 3920 1552 3977 maxime
1581 3938 1690 3994 pro
1715 3923 2033 3983 indiscreta

384 4001 713 4072 severitate,
742 4018 852 4074 pro
883 4005 974 4059 his
1005 4006 1194 4077 culpis
1223 4012 1509 4064 metueret
1548 4009 1822 4068 damnari
1865 4019 2032 4070 aeter-

382 4087 475 4143 nis
506 4089 794 4158 gehennae
819 4092 1143 4164 suppliciis,
1178 4097 1242 4149 ut
1279 4094 1391 4150 sibi
1417 4095 1610 4152 visum
1635 4103 1741 4168 est,
1792 4107 2034 4159 sanctus

381 4192 542 4250 papa
571 4179 886 4249 Gregorius
923 4181 984 4236 in
1015 4198 1124 4238 sua
1154 4197 1294 4238 eum
1321 4186 1578 4258 suscepit
1609 4187 1748 4258 ﬁde,
1782 4191 2032 4261 diligen-

382 4265 513 4321 tiori
540 4266 823 4341 deinceps
851 4269 1147 4326 victurum
1175 4272 1584 4346 sollicitudine,
1617 4281 1670 4332 et
1719 4279 1921 4351 priora
1951 4298 2035 4336 er-

381 4358 512 4410 rata
546 4355 779 4427 pietatis
822 4362 878 4414 et
923 4359 1341 4418 misericordias
1401 4365 1682 4437 operibus
1735 4369 2036 4441 expianda

385 4449 786 4502 correcturum
806 4449 949 4505 fore.
973 4453 1108 4506 Post
1126 4451 1418 4510 visionem
1444 4454 1506 4511 in
1528 4462 1714 4512 semet
1738 4430 2032 4530 reversus,
2067 4430 2108 4484 θ

387 4535 444 4587 et
465 4532 543 4588 ab
570 4534 910 4593 inﬁrmitate
940 4539 1151 4595 eadem
1171 4542 1354 4616 {coepit
1383 4545 1802 4603 convalescere
1831 4549 1946 4617 die,
1979 4555 2036 4608 et

385 4618 644 4690 priorem
659 4624 1062 4681 austeritatem
1086 4631 1449 4699 permutavit
1466 4630 1530 4686 in
1550 4634 1880 4691 maximam
1906 4637 2033 4708 pie;

386 4710 585 4763 tatem.
634 4710 845 4782 Sicque
900 4719 1108 4786 postea
1160 4717 1325 4772 omni
1377 4719 1511 4775 vitas
1571 4737 1695 4777 suae
1768 4727 2034 4796 tempore

387 4800 662 4853 sanctum
681 4801 1028 4868 Gregorium
1057 4804 1298 4875 speciali
1327 4806 1507 4863 coluit
1539 4807 1872 4868 dilectione.
1907 4816 2033 4869 Cos-

383 4889 600 4955 perunt
621 4886 881 4960 denique
913 4905 985 4946 ex
1014 4907 1124 4948 sua
1151 4893 1346 4966 patria
1372 4895 1486 4951 hoc
1517 4902 1604 4952 est
1629 4899 1811 4970 Italia,
1863 4902 2034 4960 multi

457 4981 526 5060 (4)
558 4982 884 5064 alia-lectio
909 4986 1091 5044 habet
1133 4991 1608 5064 Vezeliacensm,
1668 4996 1761 5051 cui
1817 5013 2029 5056 mona-

386 5053 560 5106 sterio
587 5054 965 5135 quillelrnum
983 5065 1266 5135 _nost_rum
1287 5063 1468 5135 etiam
1493 5053 1798 5135 praefuisse
1824 5053 2033 5129 volunt

384 5123 676 5202 nonnulli,
701 5125 861 5202 _forte
870 5143 954 5202 _ex
981 5129 1096 5202 hoc
1124 5131 1276 5188 loco.
1346 5123 1599 5191 Abbatia
1646 5136 1754 5193 fuit
1802 5123 2027 5198 ordinis

385 5195 592 5271 nostri,
615 5195 797 5264 yulgo
838 5198 1312 5270 Vezelayﬁhodie
1348 5203 1410 5259 in
1440 5207 1866 5266 canonicorum
1907 5195 2027 5269 e611

382 5259 943 5354 Ξίίξὲἓπέζξξεὶτῖνθτεβι
971 5259 1684 5354 νθῖὲίδοιξωρθτεέῆέέἒί
1701 5259 2030 5354 5.1.11)pr-

383 5333 771 5425 r-a‘tulsli‘t-ulOé
799 5338 977 5425 v'ulgo
1006 5357 1043 5425 a
1072 5333 1285 5400 Sancto
1313 5333 1597 5425 Viventio,
1630 5333 1734 5425 qui
1752 5333 1837 5407 ibi
1865 5333 2026 5425 611i;-

383 5401 784 5527 ἕὲΐξῗέἓὲ
827 5401 1048 5479 νίὖεηι,
1087 5428 1276 5487 prope
1323 5401 1616 5488 Oppidum
1637 5401 1734 5478 1S:
1755 5401 2024 5482 _loaln‘iiis

599 5489 732 5530 0118..

457 5542 1158 5638 (ῗιζρξ-ὴρρμιῃρξιββξῒθτίρ
1200 5554 1354 5638 infra
1405 5559 1703 5638 sigillatim
1724 5634 1733 5638 Δ
1753 5580 2021 5638 agemus,

381 5612 671 5703 hactenus
700 5620 1028 5703 perseverai
1052 5625 1160 5702 sud
1191 5632 1396 5683 nostra
1439 5612 1734 5687 Similiauri
1753 5612 2021 5703 “865553

381 5687 640 5756 gatione,
667 5687 848 5760 vulgo
876 5691 1048 5762 Beze,
1079 5693 1227 5756 sicut
1251 5703 1309 5755 et
1333 5699 1444 5756 tria
1487 5687 2020 5771 sequentialmﬁeo—

1337 272 1390 325 S.
1435 269 1797 327 GUILLELMI
1835 261 2128 320 ABBATIS
2169 263 2224 319 S.
2266 262 2545 319 BENIGNI
2585 264 2844 318 DIVION.

3776 265 3861 317 85‘6-

2143 384 2220 439 ad
2247 401 2384 440 eum
2415 384 2728 440 convenire
2758 402 2772 450 ;
2801 382 2985 455 aliqui
3014 381 3220 438 litteris
3249 383 3420 439 bene
3457 382 3749 449 eruditi,
3783 383 3859 438 alii

2138 473 2510 529 diversorum
2536 489 2785 545 operum
2817 472 3164 541 magisterio
3196 473 3387 540 docti,
3441 473 3568 528 alii
3607 473 3858 542 δεῖ-ἰσων

2137 565 2280 616 turae
2311 562 2553 617 scientia
2593 561 2844 633 prazditi,
2901 576 3164 632 quorum
3221 577 3322 616 ars
3387 565 3454 616 et
3529 562 3854 632 ingenium

2137 650 2275 705 huic
2301 650 2432 706 loco
2464 650 2685 722 profuit
2714 649 3062 722 plurimum.
3112 650 3453 706 Crescebat
3486 667 3670 721 ergo
3728 669 3855 723 que

2138 738 2276 793 tidie
2307 738 2621 794 multitudo
2652 738 3095 794 monachorum
3127 738 3244 794 sub
3275 739 3420 808 ejus
3479 741 3852 810 magisterio

2139 826 2501 895 degentium,
2535 832 2598 882 ut
2625 827 2908 899 (exceptis
2937 827 3028 882 his
3067 827 3171 898 qui
3192 843 3302 899 per
3333 827 3470 884 alia
3509 836 3720 885 erant
3751 847 3852 884 me

2137 916 2418 986 nasteria)
2466 916 2529 970 in
2586 917 2698 972 hac
2748 916 3211 986 congregatione
3266 918 3577 988 quotidie
3650 919 3855 976 fratres

2136 1008 2330 1059 essent
2361 1004 2741 1075 septuaginta
2778 1009 2881 1060 aut
2910 1006 3232 1075 octoginta.

2208 1115 2257 1166 8.
2302 1115 2454 1166 lnter
2478 1115 2690 1166 caetera
2719 1127 2854 1183 quas
2896 1111 3162 1166 domnus
3223 1115 3440 1169 Bruno
3511 1116 3856 1188 episcopus

2135 1201 2196 1255 in
2224 1200 2336 1254 hoc
2363 1199 2493 1254 loco
2525 1200 2643 1268 egit
2672 1199 3115 1270 bona,longum
3138 1206 3227 1256 est
3257 1202 3434 1257 enim
3471 1219 3854 1260 enumerare

2138 1287 2372 1356 singula
2401 1288 2527 1358 ejus
2561 1291 2745 1357 gesta,
2778 1288 2882 1342 sed
2911 1288 3025 1343 hoc
3054 1288 3317 1344 breviter
3349 1307 3736 1362 possumus
3785 1293 3855 1346 di-

2137 1391 2267 1431 cere
2297 1393 2307 1429 :
2336 1377 2556 1431 Cuncta
2585 1375 2662 1430 ab
2689 1376 2948 1450 antiquis
2978 1377 3117 1432 huic
3148 1377 3286 1432 loco
3313 1379 3582 1448 collata,
3615 1388 3855 1454 postea-

2135 1480 2251 1536 que
2285 1463 2624 1533 amalignis
2654 1465 2905 1536 direpta,
2966 1466 3055 1520 vel
3123 1483 3159 1522 a
3216 1468 3437 1539 pravis
3495 1472 3851 1526 rectoribus

2137 1552 2463 1625 dispertita,
2492 1567 2527 1607 a
2560 1554 2833 1608 Brunone
2865 1553 3149 1627 episcopo
3183 1559 3330 1610 sunt
3379 1558 3702 1614 restituta
3741 1579 3754 1627 ;
3807 1568 3851 1613 et

2136 1641 2268 1696 licet
2297 1640 2376 1694 illi
2406 1656 2525 1695 non
2554 1641 2828 1696 amittant
2852 1643 3191 1698 mercedem
3225 1660 3351 1697 suae
3387 1645 3847 1720 eleemosynae,

2137 1727 2229 1782 hic
2262 1733 2458 1783 tamen
2489 1744 2612 1783 non
2643 1728 2903 1784 inferiori
2946 1730 3165 1799 dignus
3219 1735 3311 1786 est
3362 1735 3739 1802 gratiarum
3771 1753 3848 1791 ac-

2139 1817 2318 1872 tione.
2355 1819 2432 1871 De
2462 1817 2745 1872 emortuis
2779 1818 2940 1873 enim
2973 1819 3295 1885 cineribus,
3351 1821 3418 1876 in
3450 1825 3846 1880 excellentio-

2141 1921 2264 1960 rem
2304 1921 2489 1976 quam
2519 1922 2790 1978 unquam
2839 1911 2974 1962 ante
3033 1906 3231 1963 fuerat
3272 1913 3523 1966 statum
3559 1928 3682 1984 per
3712 1930 3840 1969 eum

2141 1994 2492 2049 sublimatus
2515 1995 2717 2050 est'hic
2749 1995 2936 2051 locus.
2972 1998 3018 2050 A
3051 2001 3261 2052 sancto
3292 1998 3494 2066 igitur
3551 2003 3840 2073 Gregorio

2143 2081 2499 2151 Lingonensi
2529 2083 2810 2154 episcopo
2833 2083 3083 2140 fundata
3112 2085 3236 2140 haec
3267 2086 3560 2156 abbatia,
3621 2107 3663 2146 a
3700 2094 3844 2146 Gun-

2140 2175 2309 2225 trano
2340 2186 2476 2239 rege
2505 2171 2765 2226 stabilita
2797 2176 2852 2227 et
2881 2173 3084 2237 ditata,
3119 2189 3155 2228 a
3186 2175 3405 2230 Carolo
3431 2177 3841 2250 imperatore,

2141 2264 2537 2329 cognomento
2565 2261 2763 2331 Calvo,
2793 2265 2847 2316 et
2885 2261 3112 2317 domno
3162 2267 3335 2319 Isaac
3392 2268 3482 2337 (7)
3542 2269 3841 2341 episcopo

2143 2353 2490 2420 restaurata,
2544 2349 2622 2403 ab
2689 2350 3048 2406 honorando
3102 2353 3362 2424 praesule
3424 2357 3736 2414 Brunone
3793 2365 3840 2413 et

2141 2435 2441 2490 Willelmo
2487 2437 2808 2492 venerabili
2839 2437 3081 2506 abbate,
3135 2456 3260 2496 non
3316 2441 3744 2502 solummodo
3787 2449 3836 2500 in

2144 2525 2272 2579 aliis
2299 2525 2498 2594 rebus,
2531 2542 2738 2580 verum
2765 2527 2942 2582 etiam
2973 2528 3035 2583 in
3063 2545 3222 2585 nova
3262 2531 3548 2589 ecclesias
3607 2535 3836 2590 fabrica

2143 2618 2230 2668 est
2259 2618 2562 2669 renovata.
2598 2619 2659 2668 In
2691 2615 2862 2685 cujus
2888 2615 3150 2672 basilica:
3181 2618 3338 2674 miro
3391 2637 3597 2693 opere
3654 2625 3831 2680 dom-

2142 2717 2257 2756 nus
2279 2701 2498 2772 praesul
2519 2718 2813 2774 expensas
2845 2703 3184 2772 tribuendo,
3210 2723 3281 2762 ac
3312 2709 3668 2769 columnas
3694 2730 3833 2769 mar-

2142 2805 2378 2844 moreas
2407 2805 2476 2844 ac
2501 2789 2770 2862 lapideas
2795 2793 3198 2866 undecunque
3230 2796 3652 2872 adducendo,
3683 2809 3744 2857 et
3762 2820 3836 2857 re-

2142 2879 2438 2933 verendus
2471 2879 2663 2934 abbas
2695 2880 3013 2950 magistros
3043 2883 3476 2956 conducendo,
3530 2896 3600 2945 et
3633 2892 3832 2964 ipsum

2143 2983 2294 3038 opus
2316 2967 2595 3022 dictando
2634 2967 3003 3039 insudantes,
3056 2971 3312 3041 dignum
3372 2974 3605 3034 divino
3658 2981 3832 3037 cultui

2141 3055 2430 3127 templum
2483 3060 2958 3113 construxerunt.
3022 3060 3204 3130 Cujus
3255 3062 3587 3122 artiﬁciosi
3641 3071 3832 3143 operis

2140 3144 2333 3199 forma
2358 3143 2723 3200 etsubtilitas
2753 3161 2877 3201 non
2904 3146 3161 3203 inaniter
3210 3150 3580 3226 quibusque
3640 3161 3831 3215 minus

2140 3232 2362 3288 edoctis
2393 3233 2721 3288 ostenditur
2749 3249 2855 3306 per
2871 3234 3111 3304 litteras,
3144 3238 3452 3310 quoniam
3481 3243 3550 3300 in
3577 3262 3660 3304 eo
3699 3248 3832 3304 mul-

2141 3325 2200 3377 ta
2226 3320 2504 3376 videntur
2528 3322 2780 3393 mystico
2811 3339 2992 3379 sensu
3016 3325 3194 3394 facta,
3222 3344 3362 3400 quas
3415 3335 3644 3405 magis
3695 3339 3829 3392 diii—

2140 3425 2232 3464 nre
2285 3409 2659 3482 inspirationi
2713 3427 2899 3483 quam
2953 3412 3206 3485 alicujus
3254 3416 3552 3490 deputari
3614 3425 3831 3482 debent

2142 3497 2362 3570 peritiae
2393 3497 2681 3567 magistri.

2214 3590 2266 3641 9.
2310 3586 2645 3642 Fundatum
2676 3592 2763 3643 est
2791 3592 2993 3644 autem
3024 3590 3138 3646 hoc
3169 3593 3470 3665 templum
3516 3615 3704 3658 anno
3739 3606 3830 3658 Do-

2139 3673 2375 3729 minicae
2406 3676 2835 3732 lncarnationis
2867 3677 3184 3735 millesimo
3216 3681 3436 3752 primo,
3489 3686 3827 3746 indictione

2140 3762 2373 3818 decima
2402 3767 2639 3836 quarta,
2671 3764 2904 3820 decimo
2936 3773 3100 3822 sexto
3133 3769 3439 3826 Kalendas
3472 3777 3707 3835 Martii.
3740 3784 3830 3836 Cu-

2137 3850 2234 3920 jus
2263 3849 2575 3920 longitudo
2606 3851 3001 3909 ducentorum
3032 3855 3218 3912 ferme
3267 3859 3666 3934 cubitorum,
3719 3868 3828 3924 lati.

2139 3939 2284 3994 tudo
2314 3943 2515 3995 autem
2565 3941 3005 4014 quinquaginta
3047 3945 3226 4001 trium
3283 3949 3543 4019 exstitit;
3575 3955 3828 4013 altitudo

2139 4043 2276 4083 vero
2333 4027 2394 4082 in
2451 4030 2836 4101 sequentibus
2887 4039 3226 4104 opportune
3255 4035 3518 4096 dicetur.
3584 4047 3829 4102 Inferior

2139 4115 2338 4187 itaque
2394 4115 2613 4172 domus
2669 4119 2973 4183 orationis,
3033 4121 3095 4176 in
3147 4139 3272 4195 qua
3326 4130 3829 4191 sacratissimum

2141 4218 2360 4275 corpus
2389 4204 2577 4259 sancti
2609 4206 2850 4276 Benigni
2906 4209 3189 4281 martyris
3244 4221 3610 4286 veneratur,
3675 4239 3829 4278 eum.

2141 4293 2279 4348 dem
2343 4309 2495 4366 pene
2551 4294 2802 4350 modum
2857 4297 3089 4353 habens
3139 4301 3528 4375 quantitatis,
3585 4299 3829 4368 fulcitur

2141 4380 2380 4433 centum
2430 4383 2690 4450 quatuor
2742 4380 3056 4438 columnis.
3131 4384 3268 4439 Haec
3325 4386 3388 4441 in
3447 4387 3744 4459 figuram
3795 4398 3828 4450 Τ

2139 4459 2339 4516 litterae
2391 4461 2564 4529 facta,
2627 4468 2884 4535 quatuor
2931 4466 3170 4522 ordines
3202 4469 3659 4535 columnarum
3697 4482 3829 4536 duo-

2141 4543 2297 4600 deno
2348 4545 2773 4618 dispositarum
2827 4564 3080 4605 numero
3110 4595 3123 4618 ,
3187 4555 3406 4625 (equali
3471 4565 3827 4620 extenditur

2139 4628 2201 4682 in
2242 4628 2611 4699 longitudine
2661 4634 2718 4687 et
2769 4631 3123 4703 latitudine;
3167 4637 3379 4694 decem
3443 4657 3611 4701 vero
3665 4651 3826 4705 cubi-

2142 4717 2482 4810 tiserigitur
2624 4721 2952 4810 altitudine,
2985 4730 3214 4781 secreta
3243 4742 3317 4782 ex
3347 4735 3631 4804 utraque
3666 4745 3826 4810 parte

2140 4806 2370 4862 habens
2419 4809 2729 4866 vestibula.
2783 4811 3056 4884 Quinque
3129 4829 3275 4870 sane
3341 4816 3403 4872 in
3483 4837 3564 4878 ea
3641 4806 3824 4882 conti-

2141 4900 2356 4950 nentur
2381 4896 2590 4954 altaria
2618 4916 2630 4954 :
2663 4899 2925 4971 primum
2951 4901 3012 4956 in
3042 4903 3336 4960 honorem
3376 4905 3585 4978 ipsius
3639 4917 3825 4972 sancti

2137 5017 2327 5089 γηίξξιεζ
2359 5003 2539 5089 vulgo
2586 5007 3269 5089 Mou€iers-_S‘a_int-Je_an,
3323 5015 3823 5089 Tornodorense,

2139 5078 2196 5151 et
2222 5073 2623 5151 Molundense,
2644 5077 2837 5151 vulgo
2863 5081 3137 5151 Molome,
3161 5081 3222 5136 in
3244 5073 3618 5151 prioratumv
3630 5073 3824 5151 Sancti

2138 5145 2382 5228 Martini,
2415 5146 2521 5228 qui
2545 5145 2794 5228 sibi_ipsi
2819 5150 3069 5228 parebat
3096 5145 3478 5228 translatum.

2206 5216 2282 5340 φ)
2333 5220 2387 5271 ls
2419 5216 2528 5298 fuit
2555 5216 3009 5299 archidiaconus
3052 5221 3473 5298 Lingonensis,
3521 5233 3654 5289 sub
3687 5239 3826 5293 van-

2206 5306 2216 5340 L
2240 5303 2412 5340 orum
2439 5294 2760 5340 irruntione
2806 5306 3056 5340 occisus.

2136 5284 2412 5342 daldrum
2439 5287 2760 5346 irruntione
2806 5292 3056 5346 occisus.

2143 5425 2154 5436 ο
2201 5357 2284 5429 -(7)
2327 5358 2516 5438 Caroli
2545 5357 2811 5438 diploma
2841 5377 2911 5438 ea
2939 5362 3013 5438 de
3038 5378 3121 5438 re,
3155 5364 3322 5438 quod
3351 5369 3528 5426 Isaac
3555 5373 3827 5433 obtinuit

2138 5433 2207 5504 in
2221 5433 2508 5504 __gratiam
2561 5433 2907 5504 monasterii
2963 5433 3313 5501 Benign‘iani
3341 5479 3356 5503 ,
3425 5455 3466 5494 a
3554 5446 3822 5504 Perardo

2138 5495 2480 5590 :est
2501 5518 2528 5590 τ’
2548 5501 2693 5590 sicut
2714 5507 2778 5590 et
2800 5501 3052 5583 alterum
3088 5495 3326 5586 Rodulﬁ
3343 5495 3579 5580 regis,—
3605 5495 3821 5590 Rga};

2139 5569 2452 5654 Cantzc'ini
2509 5571 2842 5654 Lingonum
2899 5574 3237 5654 episcopi,
3279 5577 3343 5632 in
3427 5569 3566 5654 ἷῖιιὸ
3607 5569 3815 5647 “ιζῖιᾎῌ

2136 5647 2685 5764 ἒῖὢνιτυδιᾶωιᾶῐοιι,
2740 5646 2905 5700 mira
2952 5647 3294 5702 sanctitatis
3348 5646 3689 5731 epit-cepas
3740 5646 3817 5718 di?

2137 5724 2304 5767 (πων.
