3980 6368
111 276 217 329 857

1731 274 1916 330 VITA.

3439 282 3546 336 858

112 398 359 467 Benigni
384 403 473 456 est
489 406 905 457 consecratum
931 421 943 471 ;
977 404 1310 460 secundum
1337 405 1396 459 in
1420 400 1776 459 memoriam
1809 401 1857 453 Α
1889 398 2190 454 schemate
2221 399 2465 465 factum,
2524 416 2927 471 senarumque
2958 400 3318 456 illustratum
3350 402 3546 473 splen-

112 488 303 543 sancti
334 488 553 544 Nicolai
583 494 639 545 et
661 491 933 547 omnium
964 493 1378 549 confessorum
1411 514 1423 559 ;
1458 493 1694 548 tertium
1718 492 1777 546 in

108 574 560 629 venerationem
582 579 800 630 sanctae
818 576 1109 632 Pascasiae
1133 580 1533 651 virginis,quee
1554 578 1777 633 ibidem

110 662 384 732 quiescit,
408 667 465 717 et
493 664 764 719 omnium
793 665 1096 735 virginum
1130 686 1143 735 ;
1178 674 1481 739 quartum,
1508 669 1569 723 in
1592 666 1779 723 sancti

112 751 319 805 lrenaai
343 755 398 807 et
418 753 691 807 omnium
718 760 1051 825 martyrum
1087 774 1099 822 ;
1133 759 1411 828 quintum
1444 757 1558 811 sub
1584 756 1778 811 nomi-

110 839 295 895 nibus
328 845 677 896 sanctorum
699 842 1115 899 confessorum
1137 850 1192 900 et
1217 845 1506 900 abbatum
1548 850 1779 901 sancto-

108 944 250 983 rum
306 929 553 985 Joannis
608 934 666 985 et
722 933 1000 1003 Sequani,
1053 937 1231 1005 atque
1277 935 1464 990 sancti
1513 935 1779 989 Eustadii

108 1018 446 1089 presbyteri
474 1018 699 1075 ibidem
720 1021 1097 1091 quiescentis.

194 1112 278 1162 10.
312 1113 374 1163 ln
405 1109 518 1164 hac
567 1126 711 1179 ergo
741 1127 995 1183 corpora
1043 1116 1386 1168 sanctorum
1413 1114 1780 1186 quiescentia

115 1197 425 1268 saepedicti
458 1198 623 1253 testis
681 1200 889 1255 Christi
938 1201 1113 1257 beata
1162 1203 1437 1258 ambiunt
1482 1204 1776 1273 membra,

114 1302 382 1356 quorum
406 1287 468 1341 in
497 1288 790 1359 principio
830 1290 1012 1360 hujus
1070 1291 1202 1346 libri
1233 1292 1309 1363 (8)
1341 1293 1589 1349 nomina
1643 1298 1780 1350 sunt

113 1375 426 1430 adnotata.
463 1378 815 1433 Sanctorum
847 1396 988 1435 vero
1018 1381 1431 1438 confessorum
1463 1389 1519 1438 et
1546 1384 1779 1456 episco-

112 1479 337 1534 porum
366 1465 585 1520 Urbani
617 1472 673 1522 et
700 1469 960 1537 Gregorii
990 1487 1243 1543 corpora
1269 1472 1328 1527 in
1356 1474 1603 1529 ecclesia
1634 1476 1779 1530 San-

114 1552 195 1608 cti
218 1554 462 1609 Joannis
517 1557 791 1627 Baptistae
850 1559 1123 1630 primitus
1170 1561 1409 1618 fuerunt
1446 1563 1774 1631 tumulata;

114 1647 256 1712 post
275 1640 457 1711 longa
485 1660 628 1699 vero
662 1650 955 1718 tempora,
979 1648 1118 1704 inde
1144 1650 1392 1707 elevata.
1430 1653 1626 1708 Sancti
1646 1653 1779 1724 qui-

115 1731 258 1786 dem
290 1732 552 1800 Gregorii
582 1735 870 1791 medietas
901 1740 1168 1811 corporis
1200 1741 1258 1795 in
1312 1741 1559 1797 ecclesia
1585 1742 1781 1798 Sancti

81 1889 91 1901 η
119 1820 365 1888 Benigni
392 1826 479 1876 est
498 1825 823 1893 recondita,
845 1830 1112 1899 tempore
1141 1845 1263 1900 quo
1289 1836 1532 1903 propter
1552 1836 1780 1887 metum

113 1924 502 1981 paganorum
530 1913 801 1981 ejusdem
831 1917 1018 1972 sancti
1046 1919 1326 1990 martyris
1350 1920 1637 1975 effossum
1659 1938 1784 1976 cor-

114 2014 235 2069 pus
265 1998 531 2054 delatum
560 2000 668 2055 fuit
691 2002 768 2057 ad
822 2004 1120 2061 civitatem
1177 2008 1474 2077 Lingonas
1515 2028 1526 2076 ;
1556 2015 1613 2064 et
1642 2014 1782 2064 tunc

114 2087 237 2142 alia
267 2088 555 2144 medietas
583 2093 849 2163 corporis
880 2095 1107 2165 praefati
1148 2098 1505 2152 confessoris
1550 2098 1666 2153 illic
1697 2102 1783 2154 est

111 2181 365 2232 retenta.
393 2179 586 2234 Sancti
614 2180 874 2252 denique
908 2184 1128 2240 Urbani
1163 2202 1379 2257 corpus
1418 2186 1701 2253 levatum,
1728 2192 1784 2243 et

110 2267 180 2321 in
206 2266 403 2321 loculo
433 2268 715 2341 positum,
752 2272 952 2327 multis
994 2274 1422 2331 miraculorum
1463 2277 1647 2344 signis
1676 2294 1784 2348 per

112 2372 261 2410 eum
292 2356 579 2412 Dominus
598 2358 915 2417 ltetificavit
937 2364 1121 2418 corda
1145 2364 1509 2420 famulorum
1536 2383 1782 2422 suorum

114 2440 181 2494 in
209 2441 325 2496 hoc
356 2440 488 2497 loco
515 2442 882 2513 degentium.
917 2448 1277 2503 Venerabilis
1308 2466 1450 2505 vero
1480 2454 1643 2505 Isaac
1675 2468 1783 2506 an-

116 2525 314 2580 tistitis
341 2542 581 2597 corpus,
598 2530 1044 2599 cum,exigente
1076 2533 1280 2604 templi
1306 2534 1578 2599 aedificio,
1598 2540 1784 2590 trans-

120 2616 371 2671 ferretur
398 2616 514 2673 alio
544 2634 579 2674 a
627 2619 999 2690 quibusdam
1059 2624 1488 2693 sacerdotibus,
1520 2626 1786 2681 maxima

120 2720 195 2759 ex
222 2709 391 2776 parte
437 2704 736 2775 integrum
794 2707 973 2762 simul
1026 2726 1162 2764 cum
1222 2712 1411 2782 capite
1453 2712 1785 2768 clericalem

120 2792 325 2847 adhuc
348 2793 697 2864 praeferente
740 2796 1008 2852 habitam
1042 2797 1223 2854 fertur
1252 2799 1582 2855 inventum.
1621 2801 1785 2857 Simi-

116 2881 334 2936 literet
356 2880 566 2937 domni
594 2884 846 2953 Argrimi
873 2886 1171 2956 pontificis
1200 2904 1269 2942 ac
1292 2888 1574 2943 monachi
1596 2905 1786 2944 sacer-

118 2970 347 3026 dotalia
376 2986 515 3026 cum
569 2972 802 3028 cucullo
833 2990 1068 3031 necnon
1095 2977 1371 3033 interiore
1402 2978 1590 3033 cilicio
1619 2978 1789 3033 vesti-

1888 487 2032 541 dore
2058 486 2470 553 fenestrarum,
2519 488 2758 557 triginta
2786 494 3015 559 septem
3056 489 3289 544 cubitos
3315 490 3548 545 habens

1886 575 1947 631 in
1979 575 2289 642 diametro,
2340 577 2549 631 decem
2602 577 2662 630 in
2702 576 2839 631 alto.
2902 580 3018 631 Hoc
3046 594 3188 632 sane
3221 579 3550 635 oratorium

1888 670 2055 720 terno
2086 665 2506 721 columnarum
2529 666 2737 720 ordine
2766 666 2827 720 in
2855 670 3041 720 semet
3070 658 3384 737 regyrato,‘
3403 684 3550 739 qua-

1890 754 2166 823 draginta
2190 754 2465 809 videlicet
2494 760 2672 826 atque
2726 758 2877 821 octo,
2912 755 3314 823 geometricali
3344 756 3548 828 dispo-

1891 844 2099 898 sitione
2132 844 2394 898 ambitur
2428 863 2440 911 ;
2474 844 2655 914 hujus
2686 843 2948 915 desuper
2979 844 3217 899 culmen
3247 845 3404 900 celso
3422 862 3549 900 ere-

1890 937 2051 987 ctum
2076 932 2312 1001 fastigio
2347 932 2553 1002 viginti
2583 937 2842 1004 quatuor
2887 933 3327 997 columnarum,
3356 950 3423 989 ac
3454 934 3549 988 tri-

1890 1021 2052 1089 ginta
2077 1021 2338 1076 duorum
2359 1037 2630 1088 arcuum,
2666 1022 2949 1093 tripertita
2976 1022 3278 1093 comparis
3314 1023 3551 1078 numeri

1888 1110 2191 1177 machina,
2270 1110 2585 1179 divisione,
2645 1111 2899 1180 eleganti
2967 1111 3407 1167 transvolutum
3465 1116 3553 1167 est

1889 1214 2088 1270 opere.
2135 1202 2250 1253 Hoc
2283 1215 2426 1253 sane
2457 1200 2784 1254 oratorium
2834 1200 3020 1255 sancti
3045 1199 3288 1255 Joannis
3320 1199 3550 1271 Baptis—

1890 1292 1961 1342 tae
1995 1292 2293 1343 sacratum
2347 1292 2435 1342 est
2462 1288 2711 1354 honore,
2760 1289 2932 1358 cujus
2988 1287 3171 1342 altare
3228 1287 3552 1342 illustratur

1891 1376 2069 1430 trium
2098 1376 2492 1431 fenestrarum
2544 1376 2789 1430 lumine.
2848 1376 2936 1429 Ab
2982 1376 3095 1430 hac
3125 1375 3375 1430 ecclesia
3415 1378 3553 1429 sunt

1890 1480 1998 1536 per
2030 1464 2337 1519 cochleam
2370 1464 2579 1519 dextra
2594 1465 2867 1536 lzevaque
2893 1464 3133 1533 triginta
3163 1468 3389 1535 septem
3423 1478 3553 1531 gra-

1891 1554 2025 1620 dus,
2080 1554 2302 1609 crebris
2351 1553 2709 1609 sufﬁcienter
2762 1554 3033 1609 illustrati
3104 1553 3399 1619 fenestris,
3446 1568 3552 1623 per

1890 1659 2044 1714 quos
2082 1643 2377 1698 inoffenso
2426 1644 2764 1698 ascenditur
2819 1643 3049 1698 tramite
3104 1643 3182 1697 ad
3239 1641 3552 1696 basilicam

1822 1736 2119 1806 BSanctaa
2150 1732 2249 1786 Dei
2290 1732 2589 1801 genitricis
2641 1732 2852 1789 Mariis.
2913 1732 3053 1803 Ipsa
3105 1747 3246 1786 vero
3300 1730 3553 1785 ecclesia

1893 1822 2202 1891 sexaginta
2260 1826 2396 1876 octo
2450 1821 2707 1875 subnixa
2763 1826 2851 1875 est
2908 1820 3225 1891 columnis,
3269 1819 3552 1874 eumdem

1892 1912 2009 1965 fere
2035 1910 2269 1965 habens
2307 1910 2559 1965 modum
2588 1915 2643 1965 et
2674 1910 2932 1965 formam
2990 1910 3051 1964 in
3087 1909 3379 1964 diametro
3430 1907 3552 1961 sive

1890 2001 1951 2054 in
1980 1999 2308 2067 altitudine,
2341 2015 2523 2070 quem
2577 2003 2633 2053 et
2676 1998 2936 2065 inferior,
2998 1998 3374 2068 undenisque
3412 1997 3557 2051 irra-

1892 2087 2091 2141 diatur
2115 2086 2327 2140 vitreis.
2362 2086 2449 2139 Ad
2482 2085 2664 2140 altare
2697 2090 2898 2140 autem
2952 2085 3223 2154 ejusdem
3250 2088 3553 2155 perpetuae

1893 2174 2142 2243 Virginis
2169 2188 2578 2228 marmoreum
2610 2188 2716 2244 per
2736 2177 2995 2243 quatuor
3011 2172 3329 2243 tripertitos
3352 2186 3556 2225 ascen-

1893 2262 2052 2317 ditur
2082 2261 2325 2331 gradus,
2354 2261 2526 2331 juxta
2556 2277 2710 2332 quos
2741 2260 2880 2314 hinc
2912 2265 2967 2315 et
2992 2260 3129 2314 inde
3152 2263 3292 2314 sunt
3310 2257 3553 2324 altaria;

1894 2352 1972 2406 ad
2003 2352 2276 2406 dextram
2298 2350 2545 2422 quidem
2566 2349 2810 2404 Joannis
2840 2348 3222 2417 Evangelistaa
3256 2364 3323 2403 ac
3354 2346 3558 2402 Jacobi

1893 2440 2090 2495 fratris
2120 2440 2273 2510 ejus,
2332 2438 2646 2509 Sanctique
2701 2438 2941 2493 Thomee
2997 2436 3305 2508 Apostoli;
3348 2436 3426 2491 ad
3455 2435 3557 2489 la:-

1893 2544 2036 2583 vam
2066 2544 2209 2583 vero
2249 2527 2438 2582 sancti
2467 2525 2732 2592 Matthaei,
2761 2525 2967 2581 Jacobi
2997 2530 3053 2581 et
3100 2525 3351 2596 Philippi
3378 2539 3556 2594 apos-

1893 2617 2172 2673 tolorum.

1968 2711 2052 2761 1'2.
2105 2704 2252 2759 Huic
2297 2704 2514 2758 iterum
2574 2702 3009 2758 concordantes
3060 2706 3118 2757 et
3173 2700 3317 2756 satis
3374 2700 3556 2755 lucidi

1895 2795 2173 2865 utrinque
2203 2808 2309 2864 per
2338 2791 2647 2847 cochleam
2678 2791 2755 2846 ad
2785 2790 3096 2846 ecclesiam
3130 2792 3359 2846 Sanctae
3389 2793 3446 2843 et
3473 2789 3558 2843 in-

1896 2882 2156 2936 dividuae
2208 2880 2500 2936 Trinitatis
2570 2879 2809 2948 triginta
2867 2878 3091 2948 gradus
3167 2878 3558 2933 continuatim

1896 2975 2183 3043 praestant
2212 2985 2551 3024 ascensum.
2586 2972 2718 3023 Haec
2749 2967 2809 3022 in
2857 2968 3108 3022 modum
3134 2983 3369 3022 coronae
3394 2982 3560 3021 cons-

120 3063 348 3128 menta,
379 3058 440 3114 in
462 3060 867 3119 testimonium
888 3064 1077 3135 ipsius
1107 3067 1580 3136 sanctimonnize,
1600 3068 1790 3122 incor-
1818 3103 1859 3158 Ο
1898 3065 2109 3128 tructa,
2143 3058 2382 3127 triginta
2408 3072 2653 3128 quoque
2683 3061 2739 3111 et
2763 3072 2866 3110 sex
2895 3055 3101 3111 innixa
3133 3055 3448 3125 columnis,
3482 3054 3560 3108 fe-

121 3153 302 3221 rupta
333 3158 473 3206 sunt
500 3156 753 3222 reperta.
786 3153 876 3208 Ad
901 3154 1016 3210 hoc
1042 3156 1204 3211 haud
1235 3156 1411 3227 longe
1443 3162 1675 3229 reperta
1702 3162 1787 3213 est

123 3242 337 3295 sancta
362 3239 769 3311 Radegundis,
797 3243 1029 3299 habens
1085 3247 1162 3301 ad
1195 3252 1378 3318 caput
1430 3248 1664 3302 titulum
1698 3247 1787 3302 sui

121 3328 387 3384 nominis
416 3329 476 3384 in
501 3329 730 3387 lamina
758 3333 1043 3404 plumbea
1069 3354 1081 3401 ;
1116 3337 1287 3406 cujus
1318 3353 1459 3392 ossa
1480 3341 1676 3392 cerato
1698 3338 1786 3392 in-

122 3417 328 3473 voluta
356 3417 537 3473 linteo
568 3424 707 3475 sunt
730 3422 974 3477 inventa
1011 3424 1073 3478 in
1104 3440 1287 3496 capsa
1315 3426 1515 3494 lignea
1543 3425 1603 3481 in
1635 3432 1790 3481 terra

122 3506 453 3563 recondita.
485 3510 844 3565 Creterorum
876 3517 1162 3583 praeterea
1219 3519 1585 3581 sanctorum,
1637 3531 1789 3586 quo-

125 3614 265 3652 rum
295 3612 548 3669 corpora
576 3598 673 3653 hic
705 3604 1038 3655 noscuntur
1064 3602 1377 3671 tumulata,
1408 3603 1622 3658 beatus
1653 3607 1789 3659 Gre-

128 3685 332 3755 gorius
404 3688 776 3741 Turouorum
828 3689 1148 3760 episcopus
1206 3691 1571 3745 mentionem
1630 3692 1789 3763 facit,

127 3791 341 3830 eorum
372 3774 716 3831 describens
760 3777 1042 3847 quaedam
1096 3778 1387 3834 miracula
1416 3780 1513 3849 (9),
1550 3780 1792 3849 Benigni

126 3863 403 3919 videlicet
451 3864 753 3936 martyris,
804 3866 989 3920 nostri
1022 3866 1292 3937 specialis
1330 3868 1586 3940 patroni,
1620 3872 1796 3924 Tran-

127 3953 298 4025 quilli
350 3969 595 4026 quoque
653 3954 1028 4026 confessoris,
1088 3972 1323 4011 necnon
1384 3956 1587 4012 Hilarii
1629 3974 1796 4014 sena-

127 4041 297 4109 toris,
323 4045 379 4096 et
404 4043 535 4111 ejus
560 4042 836 4112 conjugis
865 4048 1083 4099 sanctae
1113 4044 1356 4100 Floridee
1375 4046 1795 4102 sanctimonia-

126 4132 221 4201 lis,
257 4136 436 4203 atque
488 4132 775 4187 Pascasiaa
835 4133 1079 4203 virginis
1137 4138 1192 4190 et
1248 4136 1548 4207 martyris.
1603 4138 1799 4192 Haece.

130 4226 344 4277 sancto
374 4222 636 4290 Benigno
667 4223 879 4279 edocta
906 4228 963 4279 et
986 4224 1304 4296 baptizata,
1337 4231 1471 4298 post
1495 4226 1623 4297 ejus
1644 4242 1798 4281 mar-

132 4311 377 4383 tyrium,
411 4312 1065 4384 saevitia,paganorum
1110 4318 1285 4386 rapta
1332 4319 1419 4370 est
1466 4316 1544 4370 ad
1579 4315 1799 4387 suppli-

127 4399 310 4453 cium.
346 4402 615 4471 Cumque
666 4400 991 4456 immobilis
1022 4402 1082 4456 in
1126 4402 1244 4457 fide
1278 4403 1488 4459 Christi
1512 4404 1794 4476 persiste-

130 4494 242 4550 ret,
269 4489 468 4561 primo
528 4490 782 4545 carceris
838 4489 1058 4546 afﬂicta
1117 4492 1419 4563 squalore,
1452 4498 1661 4565 postea
1691 4509 1800 4565 pro

131 4576 512 4634 confessione
540 4578 777 4633 Deitatis
808 4581 1097 4635 sententia
1127 4580 1237 4635 fuit
1260 4581 1511 4636 multata
1541 4583 1799 4654 capitali,

131 4672 199 4722 ut
242 4667 527 4738 quaedam
580 4667 767 4723 vitrea
811 4668 1138 4740 antiquitus
1196 4670 1351 4725 facta
1404 4676 1459 4725 et
1508 4687 1699 4743 usque
1726 4673 1803 4728 ad

132 4762 341 4812 nostra
370 4758 704 4829 perdurans
745 4764 1015 4830 tempora
1069 4758 1324 4828 eleganti
1379 4766 1803 4832 praimonstra-

134 4846 240 4900 bat
263 4845 516 4918 pictura.
546 4848 867 4901 Tantorum
901 4863 1043 4916 ergo
1073 4848 1427 4902 venerandis
1451 4850 1803 4921 corporibus

136 4940 487 4990 sanctorum
517 4934 948 4990 honorabiliter
997 4935 1125 4990 haec
1152 4935 1226 4990 de
1251 4952 1372 5007 qua
1402 4937 1585 4993 modo
1608 4940 1805 5007 agitur

135 5023 388 5079 ecclesia
418 5039 539 5079 non
571 5023 947 5079 mediocriter
977 5027 1064 5078 est
1102 5023 1310 5093 ditata,
1352 5026 1611 5097 exceptis
1661 5026 1803 5080 alio-

134 5130 273 5168 rum
304 5112 570 5185 reliquiis
598 5118 964 5181 sanctorum,
996 5128 1151 5185 quos
1205 5129 1556 5168 enumerare
1599 5131 1803 5186 super-

135 5204 329 5258 fluum
359 5202 612 5257 videtur.

212 5298 297 5348 H.
332 5292 479 5347 Huic
508 5291 692 5364 paulo
716 5292 988 5364 superius
1013 5291 1323 5365 descriptae
1354 5291 1613 5347 inferiori
1626 5308 1803 5364 cryp-

137 5388 211 5439 tae
237 5381 623 5452 conjungitur
652 5381 980 5438 oratorium
1020 5381 1099 5437 ad
1123 5380 1263 5437 solis
1293 5385 1512 5451 ortum,
1544 5380 1803 5436 rotundo

215 5526 290 5594 (8)
325 5527 402 5579 De
434 5522 526 5578 his
556 5523 776 5578 sanctis
804 5523 932 5579 fuse
980 5526 1101 5594 agit
1156 5524 1653 5595 chronographus
1713 5522 1801 5577 sui

143 5595 339 5668 operis
366 5594 562 5668 initio,
585 5611 719 5666 quae
753 5595 800 5648 si
843 5595 930 5649 vis
960 5596 1193 5667 require
1252 5594 1546 5667 Spicilegii
1579 5599 1737 5668 tomo
1764 5598 1800 5659 l,

142 5665 282 5739 pag.
312 5670 436 5722 353.
474 5665 745 5720 Urbanus
777 5665 1361 5739 etGrego'riusifuei'e
1382 5666 1645 5739 episcopi
1676 5665 1805 5739 _l.in-

146 5734 444 5814 gonenses
472 5738 824 5797 monasterii
843 5734 1025 5808 hujus
1042 5738 1398 5811 conditores,
1416 5734 1605 5809 'quod
1619 5735 1697 5793 ad
1712 5734 1803 5791 ni-

1898 3149 2111 3204 nestris
2143 3147 2432 3218 undique,
2459 3163 2529 3201 ac
2556 3145 2814 3217 desuper
2837 3145 3044 3217 patulo
3066 3145 3215 3200 coelo
3243 3144 3449 3199 lumen
3477 3144 3561 3198 in-

1899 3236 2311 3301 fundentibus,
2344 3234 2529 3289 micat
2581 3234 2801 3289 eximia
2853 3233 3134 3300 claritate,
3170 3232 3561 3304 amplitudine

1898 3326 2161 3381 inferiori
2191 3323 2401 3379 domui
2433 3323 2780 3389 consimilis,
2814 3323 2918 3377 sed
2976 3322 3182 3392 viginti
3222 3322 3563 3376 cubitorum

1899 3414 2244 3470 altitudinis.
2278 3412 2472 3467 Altare
2506 3415 2733 3468 Sanctae
2764 3411 3054 3465 Trinitatis
3078 3411 3156 3464 ita
3188 3416 3277 3466 est
3300 3411 3563 3481 positum

1900 3509 1965 3559 ut
1992 3503 2391 3572 undecunque
2420 3499 2915 3568 ingredientibus,
2945 3515 3014 3554 ac
3054 3498 3400 3569 ubicunque
3456 3515 3565 3569 per

1899 3591 2213 3648 ecclesiam
2244 3587 2725 3654 consistentibus,
2760 3586 2834 3641 sit
2862 3587 3268 3657 perspicuum.
3295 3586 3437 3640 Inde
3458 3602 3565 3657 per

1899 3678 2391 3752 quadrigeminas
2414 3675 2607 3730 scalas
2656 3675 3003 3730 altrinsecus
3024 3674 3211 3729 factas
3243 3674 3321 3729 ad
3353 3690 3563 3745 supre-

1899 3785 2002 3824 ma
2054 3772 2216 3839 patet
2262 3781 2594 3830 ascensus;
2648 3780 2908 3836 quarum
2932 3764 3068 3818 duae
3111 3763 3325 3835 aequali
3381 3763 3565 3818 modo

1901 3859 2108 3932 positae
2139 3872 2244 3929 per
2269 3855 2615 3928 quindecim
2646 3854 2870 3924 gradus
2903 3870 3095 3926 usque
3144 3854 3222 3908 ad
3252 3854 3449 3909 Sancti
3476 3854 3569 3909 Mi-

1904 3947 2126 4003 chaelis
2157 3944 2597 4018 protenduntur
2634 3944 2982 4010 oratorium,
3014 3944 3247 3999 habens
3276 3943 3338 3997 in
3375 3943 3569 4011 longi-

1906 4036 2111 4093 tudine
2144 4034 2379 4089 cubitos
2410 4032 2650 4102 triginta
2700 4037 2839 4101 tres,
2872 4033 2935 4086 in
2965 4031 3275 4087 altitudine
3334 4031 3566 4098 decem,

1906 4127 2005 4181 vili
2036 4126 2193 4182 facta
2234 4125 2355 4196 (sic)
2386 4124 2655 4179 chemate
2687 4141 2700 4191 ;
2762 4123 3049 4178 fenestras
3097 4122 3278 4177 habet
3318 4127 3566 4193 septem.

1906 4216 2047 4270 Aliae
2076 4231 2219 4270 vero
2252 4214 2386 4269 duae
2419 4229 2526 4285 per
2578 4211 3017 4284 quinquaginta
3055 4210 3277 4279 gradus
3329 4226 3571 4264 sursum

1908 4304 2173 4374 dirigunt
2202 4318 2493 4371 gressum.
2515 4301 2606 4356 Ad
2630 4301 2755 4355 ima
2780 4305 2983 4354 autem
3008 4300 3227 4353 harum
3249 4297 3568 4365 scalarum,

1909 4392 2054 4447 bina
2083 4406 2264 4461 super
2289 4405 2532 4443 murum
2565 4386 3043 4442 deambulatoria
3066 4390 3204 4440 sunt
3235 4385 3410 4450 facta,
3435 4399 3572 4455 quae

1911 4480 2126 4553 aequali
2160 4478 2354 4550 spatio
2386 4477 2464 4531 ab
2495 4475 2765 4531 orientali
2794 4480 2963 4546 parte
2982 4490 3171 4545 usque
3202 4474 3279 4528 ad
3302 4471 3575 4527 occiden-

1912 4571 2114 4639 talem,
2146 4572 2203 4623 et
2231 4566 2387 4621 infra
2435 4563 2749 4636 templum,
2776 4579 2884 4634 per
2936 4577 3111 4617 arcus
3159 4560 3573 4615 deambulato-

1911 4661 2051 4729 rios,
2071 4664 2127 4714 et
2148 4672 2331 4730 supra
2362 4660 2580 4710 tectum
2594 4653 2813 4708 domus
2837 4667 3011 4707 muro
3039 4649 3364 4705 altitudinis
3394 4650 3575 4705 trium

1913 4752 2097 4805 ferme
2128 4747 2468 4804 cubitorum
2495 4744 2965 4814 circumquaque
2997 4738 3377 4811 pergentium
3402 4739 3573 4794 arui-

1912 4856 1992 4896 na
2022 4839 2343 4911 protegunt
2390 4834 2714 4889 incessum.
2747 4834 2879 4886 Haec
2934 4834 3137 4885 tamen
3159 4827 3238 4883 ad
3267 4828 3575 4883 dexteram

1915 4930 2287 4984 sinistramve
2314 4929 2547 4998 partem
2579 4920 2784 4993 templi
2815 4919 3185 4991 incipientes,
3244 4917 3490 4971 interius
3521 4921 3577 4972 et

1916 5019 2126 5073 subtus
2154 5016 2280 5072 alas
2318 5016 2446 5084 ejus
2500 5028 2773 5081 gressum
2827 5024 2934 5082 per
2977 5007 3280 5080 quosdam
3311 5004 3576 5061 occultos

1914 5108 2109 5165 aditus
2135 5106 2214 5161 ad
2246 5120 2524 5176 suprema
2545 5101 2678 5157 tecti
2704 5100 3040 5169 dirigentes,
3062 5100 3334 5168 plano,ut
3348 5094 3577 5150 dictum

1913 5203 2019 5261 est,
2043 5196 2191 5251 calle
2221 5194 2529 5249 deducunt
2573 5191 2864 5245 introrsus
2918 5185 3205 5257 undique,
3241 5186 3433 5240 donec
3482 5200 3579 5239 su-

1914 5285 2295 5360 perliminare
2325 5279 2784 5337 occidentalium
2837 5281 3147 5349 portarum
3196 5274 3575 5346 attingentes,

1914 5392 2021 5449 per
2050 5372 2269 5447 pariles
2302 5370 2495 5426 scalas
2516 5367 2727 5441 viginti
2766 5366 3065 5437 graduum
3095 5365 3157 5420 in
3186 5364 3451 5437 porticus
3477 5366 3579 5418 Ec-

1915 5518 2106 5573 hilum
2136 5531 2289 5587 pene
2331 5512 2903 5587 prolapsumglsaac
2962 5508 3251 5587 Brunonis
3305 5507 3582 5587 decessor

1914 5577 2184 5643 restituit.
2218 5590 2293 5641 De
2321 5577 2591 5653 [\rgrii'no
2633 5585 2832 5635 actum
2888 5584 2975 5633 est
3007 5580 3232 5635 Szeculo
3266 5577 3573 5653 superiori.

1987 5668 2063 5729 (9)
2100 5664 2159 5713 In
2181 5658 2333 5712 libro
2366 5648 2517 5729 ifDe
2542 5653 2956 5729 gloria_mart.,
2984 5656 3220 5722 cap.£50.
3251 5656 3307 5705 et
3336 5648 3396 5704 in
3424 5648 3577 5702 libro

1918 5726 2001 5787 De
2028 5729 2218 5804 gloria
2246 5728 2524 5797 confess,
2557 5739 2689 5797 cap.
2722 5726 2790 5780 42
2817 5727 2873 5779 et
2903 5738 3069 5793 seqq.
