3892 6388
1397 309 1409 322 .
1452 264 1818 323 GUILLELMI
1854 260 2144 319 ABBATIS
2183 260 2240 317 8.
2284 262 2559 317 BENIGNI
2599 263 2854 319 DWION.
3784 264 3878 317 860

408 394 603 451 clesim
655 393 900 464 majoris
946 393 1277 465 deponunt.
1330 393 1472 456 cute
1520 389 1598 444 ad
1651 389 1836 444 instar
1863 384 2053 442 crucis
2088 394 2134 446 Α
2165 384 2305 453 gnia
2328 390 2700 453 ornamenta,
2719 385 2991 442 videlicet
3015 398 3294 456 gemma,
3327 384 3547 459 pallia
3576 385 3873 459 pretiosa.

408 481 704 540 mdiﬁcata
726 481 907 538 habet
934 481 996 536 in
1046 479 1412 549 longitudine
1438 477 1671 533 cubitos
1710 479 1950 532 centum
1975 473 2055 528 vi-

412 569 557 640 ginti
581 572 737 637 octo,
790 569 854 624 in
904 566 1233 633 latitudine,
1287 566 1437 621 sicut
1488 564 1900 637 praescriptum
1945 566 2050 628 est,

410 658 846 731 quinquaginta
900 660 1036 728 tres,
1092 656 1154 711 in
1202 655 1508 711 altitudine
1563 667 2054 727 quaquaversum

408 747 815 821 permaximos
847 746 1085 815 triginta
1132 750 1187 801 et
1218 760 1408 800 unum
1460 744 1711 811 cubitos,
1765 742 1826 797 in
1857 740 2054 796 medio

409 841 608 892 autem
631 834 1083 908 quadraginta;
1141 832 1507 889 illuminatur
1553 830 1926 904 septuaginta
1975 828 2055 884 vi-

409 925 565 992 treis,
596 923 953 996 fulciturque
1000 926 1237 979 centum
1264 921 1471 991 viginti
1509 927 1566 977 et
1589 936 1713 977 una
1741 917 2054 989 columnis,

409 1029 670 1087 quarum
692 1012 995 1069 nonnullae
1017 1013 1187 1084 juxta
1216 1012 1409 1084 capita
1423 1010 1902 1078 fortissimarum,
1920 1023 2054 1079 quas

411 1107 552 1158 sunt
578 1101 1000 1174 quadraginta,
1033 1101 1290 1174 pilarum
1314 1098 1843 1172 quadrangulatim
1869 1101 2053 1151 statu-

410 1194 507 1261 tas,
566 1205 688 1246 una
742 1190 916 1263 quasi
964 1190 1141 1245 simul
1183 1188 1453 1246 coronari
1507 1189 1783 1244 videntur
1812 1200 2051 1253 corona,

411 1279 688 1351 quamvis
717 1295 839 1335 non
864 1279 1040 1334 unius
1066 1278 1139 1335 sit
1184 1278 1609 1350 magnitudinis
1635 1277 1907 1333 omnium
1935 1275 2054 1330 ior-

411 1384 531 1423 ma.
565 1366 753 1423 Habet
776 1368 914 1423 hinc
944 1372 1001 1423 et
1028 1367 1165 1422 inde
1206 1368 1476 1437 geminas
1508 1366 1770 1439 porticus
1801 1361 2053 1434 duplicis

409 1460 494 1511 ter
523 1456 934 1521 transvolutas,
964 1457 1025 1511 in
1055 1456 1276 1528 quibus
1332 1455 1424 1510 bis
1479 1455 1622 1510 bina
1681 1453 2055 1508 continentur

409 1544 634 1600 altaria.
666 1549 712 1599 A
741 1549 907 1617 parte
935 1545 1179 1617 quidem
1227 1543 1523 1616 aquilonis
1553 1559 1741 1598 unum
1770 1542 1831 1596 in
1860 1542 2052 1596 hono-

407 1648 533 1687 rem
560 1637 899 1688 sanctorum
930 1632 1339 1705 apostolorum
1369 1632 1514 1687 Petri
1542 1637 1600 1687 et
1618 1631 1886 1697 Andreae,
1918 1629 2055 1684 alte-

2163 488 2379 544 capsae,
2410 474 2644 544 tabulae,
2669 490 2923 541 coronae,
2951 490 3099 530 vasa
3123 490 3379 547 quoque
3408 474 3870 534 ecclesiastica.

2163 577 2268 616 seu
2295 562 2656 619 candelabra
2680 578 2754 619 ex
2801 562 2930 618 auri
2958 562 3311 634 argentique
3344 563 3637 620 metallo
3703 562 3872 619 fabri-

2163 654 2313 717 cata,
2345 667 2485 706 cum
2539 652 2798 722 imagine
2846 651 3163 709 Salvatoris
3215 652 3470 709 Domini
3540 655 3766 711 nostri
3814 670 3868 709 es

2164 754 2331 807 auro,
2360 740 2518 795 fusili
2547 757 2725 813 opere
2750 741 2926 807 facta,
2952 741 3255 797 latronum
3286 741 3553 813 fraude,
3581 743 3660 798 in
3691 743 3866 815 ipsius

2164 828 2349 884 sancti
2376 828 2706 899 festivitate,
2731 830 2942 885 occisis
2970 830 3349 897 custodibus,
3382 829 3573 887 furto
3623 831 3868 888 ﬁlerunt

2163 922 2488 990 asportata.
2547 923 2677 975 Haec
2715 924 3071 976 ornamenta
3125 934 3162 975 a
3210 922 3634 978 Guntramno
3672 926 3743 978 et
3782 937 3871 976 cae

2162 1007 2298 1063 teris
2329 1006 2561 1076 legibus
2584 1010 2723 1064 huic
2747 1009 2899 1076 loco,
2932 1020 3043 1081 pro
3078 1009 3483 1065 veneratione
3515 1015 3585 1066 et
3631 1012 3870 1067 honore

2164 1096 2264 1151 Dei
2294 1097 2602 1170 sanctique
2633 1098 2872 1167 Benigni
2915 1098 3196 1170 martyris
3223 1099 3587 1171 antiquitus
3623 1101 3870 1165 collata,

2163 1186 2268 1240 sed
2330 1186 2541 1258 priscis
2604 1187 2974 1259 temporibus
3045 1186 3342 1256 sacrilega
3416 1188 3870 1260 pessimorum

2162 1290 2349 1329 manu
2398 1274 2653 1343 sublata,
2709 1274 2907 1330 nullus
2948 1278 3159 1347 postea
3211 1274 3445 1331 exstitit
3492 1277 3870 1350 principum

2160 1364 2265 1435 qui
2297 1367 2526 1419 tantum
2556 1363 2846 1436 potuisset
2869 1379 3223 1435 recuperare
3252 1364 3674 1422 thesaurum.
3749 1370 3869 1422 Haec

2161 1452 2238 1507 ad
2268 1452 2697 1508 notiticandam
2749 1452 3116 1508 Divionensis
3160 1452 3278 1508 loci
3326 1453 3803 1526 anﬁquitatcm
3827 1462 3870 1510 et

2164 1541 2413 1609 gloriam
2441 1541 2647 1612 paucis
2677 1541 2833 1597 dicta
2863 1546 3019 1597 sunt.
3074 1541 3225 1596 illud
3256 1541 3319 1596 in
3349 1542 3482 1598 ﬁne
3535 1545 3869 1601 notiﬁcae

2165 1628 2309 1683 dum
2339 1634 2445 1697 est,
2477 1629 2537 1684 in
2562 1628 2765 1701 templi
2819 1628 2986 1683 istius
3029 1628 3283 1685 aediﬁcio
3337 1644 3484 1685 esse
3530 1632 3867 1688 columnas

406 1736 541 1775 rum
568 1720 631 1775 in
679 1721 968 1776 honorem
1022 1723 1208 1777 sancti
1255 1720 1666 1776 Bartholommi
1713 1724 1769 1775 et
1799 1717 2053 1775 Simonis
2084 1743 2124 1799 Β
2167 1723 2454 1774 trecentas
2480 1718 2856 1790 septuaginta
2885 1723 2943 1774 et
2969 1734 3177 1790 unam,
3206 1719 3494 1792 exceptis
3552 1721 3686 1777 illis
3736 1738 3863 1795 qua

414 1814 591 1882 atque
638 1809 917 1865 Thaddaei
960 1811 1388 1882 apostolorum.
1451 1810 1645 1866 Sancti
1698 1824 1839 1863 vero
1894 1806 2055 1862 Pauli

408 1896 588 1952 altare
616 1901 705 1952 est
732 1897 794 1952 in
821 1898 1111 1969 superiori
1136 1898 1405 1966 ecclesia,
1440 1902 1576 1953 ante
1625 1913 1795 1953 aram
1827 1899 2056 1953 Sancta:

407 1982 715 2053 Trinitatis,
745 1999 817 2040 eo
868 1985 1037 2056 quod
1086 1985 1213 2057 ipse
1260 1990 1423 2041 ratus
1452 1985 1530 2041 ad
1574 1985 1806 2041 tertium
1835 1983 2055 2039 caelum

408 2070 554 2126 vidit
576 2076 798 2127 secreta
820 2073 940 2127 Dei.
1000 2076 1047 2128 Α
1085 2073 1331 2128 meridie
1361 2078 1500 2128 sunt
1519 2073 1747 2140 altaria,
1779 2087 1967 2127 unum
1993 2070 2053 2125 in

406 2159 694 2214 honorem
724 2164 1068 2215 sanctorum
1099 2161 1509 2232 apostolorum
1543 2160 1790 2218 Matthaei
1827 2164 1883 2214 et
1912 2162 2053 2214 Bar-

406 2246 599 2314 nabas,
629 2264 699 2303 ac
758 2251 928 2311 Lucas
979 2249 1404 2317 evangelista;
1454 2250 1616 2305 aliud
1650 2250 1709 2304 in
1763 2249 2052 2303 honorem

407 2340 748 2391 sanctorum
796 2341 1132 2409 martyrum
1181 2338 1481 2409 Stephani,
1536 2337 1828 2393 Laurentii
1875 2342 2052 2409 atque

405 2424 705 2482 Vincentii.
739 2428 837 2481 Est
863 2426 1025 2481 aliud
1046 2427 1229 2482 altare
1250 2428 1329 2482 ad
1352 2428 1781 2483 occidentalem
1810 2428 2050 2501 plagam

406 2512 685 2581 ecclesias,
715 2513 776 2568 in
808 2514 1020 2570 eodem
1064 2514 1245 2571 latere
1294 2516 1626 2572 meridiano
1655 2516 1714 2571 in
1760 2517 2050 2571 honorem

406 2606 748 2657 sanctorum
778 2604 1123 2670 Mammetis,
1172 2604 1472 2675 Desiderii,
1534 2606 1893 2674 Leodegarii,
1948 2608 2048 2659 Se-

404 2689 684 2757 bastiani,
714 2692 985 2761 Gengulii
1038 2697 1392 2765 martyrum.
1450 2697 1517 2748 Et
1569 2709 1640 2748 ex
1668 2698 1835 2765 parte
1866 2691 2050 2746 altera

406 2781 745 2834 sanctorum
776 2784 1106 2852 martyrum
1130 2781 1459 2853 Polycarpi,
1482 2781 1793 2843 Andochii,
1820 2778 2046 2851 Thyrsi,

403 2866 670 2934 Andeoli,
718 2867 1135 2941 Simphoriani,
1203 2870 1454 2938 Georgii,
1512 2868 1935 2939 Christophori,
1993 2872 2050 2922 et

407 2957 746 3010 sanctorum
820 2957 1229 3014 confessorum
1308 2957 1528 3013 Urbani
1610 2962 1667 3012 et
1752 2955 2045 3026 Gregorii,

406 3056 664 3113 quorum
715 3046 1063 3118 corporibus
1106 3047 1435 3103 adornatur
1496 3060 1759 3117 praesens
1804 3045 2045 3099 domus.

404 3128 728 3203 Principale
757 3133 937 3191 altare
962 3139 1049 3189 est
1077 3139 1375 3191 sacratum
1405 3133 1467 3188 in
1496 3135 1789 3189 honorem
1816 3137 2048 3188 sancto-

402 3234 537 3274 rum
580 3223 834 3278 Mauricii
882 3228 1061 3296 atque
1100 3221 1362 3292 Benigni,
1423 3222 1720 3293 simulque
1769 3222 2049 3277 Omnium

404 3309 754 3366 Sanctorum
788 3329 801 3378 ;
841 3312 1025 3368 altare
1053 3312 1130 3367 ad
1159 3312 1469 3366 dexteram
1490 3312 1621 3381 ejus
1650 3311 1709 3366 in
1755 3310 2047 3366 honorem

403 3399 591 3454 sancti
618 3400 931 3473 Raphaelis
958 3399 1303 3468 archangeli
1351 3403 1410 3455 et
1433 3400 1705 3455 omnium
1734 3400 2047 3456 beatorum

401 3484 714 3558 spirituum
746 3505 761 3557 ;
788 3488 866 3544 ad
883 3487 1103 3544 laevam
1130 3501 1269 3542 vero
1293 3488 1352 3542 in
1384 3488 1675 3543 honorem
1701 3488 1890 3544 sancti
1905 3492 2047 3545 Marb

400 3574 452 3631 ci
481 3576 906 3646 evangelistte;
958 3581 1138 3648 atque
1194 3577 1254 3632 in
1304 3576 1503 3633 medio
1557 3578 1746 3650 ipsius
1784 3577 2044 3633 ecclesiis

398 3662 579 3719 altare
599 3666 827 3721 Sanctis
850 3665 1069 3732 Crucis,
1090 3666 1489 3738 Omniumque
1518 3669 2044 3723 Sanctorum.Ante

397 3750 513 3807 hoc
536 3751 720 3807 altare
746 3752 962 3825 triplex
990 3757 1225 3808 constat
1248 3753 1519 3810 introitus
1556 3759 1800 3826 cryptae,
1832 3754 1891 3810 in
1917 3756 2044 3827 qui-

398 3837 592 3892 deoim
614 3839 906 3906 gradibus
927 3841 1269 3897 ascenditur
1294 3842 1374 3898 ab
1402 3842 1534 3914 ipsa
1560 3842 1637 3899 ad
1678 3844 2039 3915 superiorem

401 3924 737 3981 ecclesiam.

475 4016 562 4067 18.
593 4013 941 4084 Sepulcrum
986 4032 1128 4073 vero
1183 4020 1370 4076 sancti
1416 4023 1475 4075 et
1498 4019 1739 4090 gloriosi
1768 4023 2042 4095 martyris

398 4099 480 4156 ita
508 4104 599 4157 est
623 4106 1025 4161 constructum
1054 4122 1067 4161 :
1096 4110 1185 4163 est
1226 4108 1441 4165 tumba
1472 4123 1545 4165 ex
1598 4111 1843 4182 quadris
1865 4110 2045 4167 aadiiib

399 4190 531 4243 cata
558 4187 881 4261 lapidibus,
904 4209 1039 4265 quae
1069 4198 1205 4250 octo
1234 4195 1463 4252 cubitos
1494 4196 1555 4251 in
1582 4196 1852 4270 longum,
1877 4201 2042 4272 quin-

397 4291 515 4349 que
544 4280 746 4334 autem
776 4284 933 4336 tenet
973 4280 1035 4337 in
1081 4283 1288 4340 latum.
1343 4286 1524 4355 Cujus
1583 4298 1869 4343 cacumen
1898 4288 2044 4361 lapis

396 4363 577 4421 deum
606 4372 865 4439 quatuor
894 4371 1214 4428 sustinetur
1244 4372 1528 4446 suffragio
1571 4375 1986 4432 columnarum
2020 4394 2032 4445 ;

395 4452 651 4526 desuper
677 4461 878 4513 autem
930 4464 1191 4531 quatuor
1239 4461 1533 4518 columna?
1580 4478 1931 4521 marmoreae
1960 4466 2037 4523 lo-
2063 4435 2112 4493 Β

394 4545 541 4598 catm
561 4548 731 4601 erant
758 4546 1108 4620 antiquitus.
1144 4549 1293 4607 Olim
1321 4564 1501 4623 super
1540 4551 1810 4625 lapideos
1866 4566 2039 4611 arcus

394 4630 498 4701 qui
525 4633 929 4702 continebant,
988 4636 1264 4694 absidem
1322 4639 1589 4696 ferebant
1631 4641 1893 4710 ligneam
1938 4660 2038 4699 sex

394 4717 728 4777 cubitorum
774 4722 1183 4797 longitudinis,
1215 4731 1272 4782 et
1306 4728 1487 4783 trium
1536 4726 1879 4798 latitudinis,
1913 4743 2035 4804 sep

392 4810 631 4881 temque
660 4826 729 4867 ac
746 4811 926 4867 semis
955 4812 1301 4882 altitudinis,
1329 4830 1463 4888 quae
1487 4816 1752 4889 undique
1809 4835 1955 4875 auro
1985 4826 2040 4877 et

392 4900 638 4966 argento
662 4900 869 4956 vestita
892 4900 1201 4958 historiam
1258 4904 1575 4960 Dominicis
1613 4906 1928 4964 nativitatis
1984 4914 2041 4966 et

390 4986 686 5058 passionis
706 4990 1224 5062 praemonstrabat,
1268 4993 1613 5067 anaglypho
1643 4997 2034 5069 prominente,

391 5089 572 5146 Opere
600 5076 836 5147 pictura
881 5080 1024 5136 satis
1062 5080 1306 5153 optima.
1339 5084 1551 5139 Verum
1600 5084 1713 5140 hoc
1754 5085 2038 5143 decentis;

394 5161 636 5231 simum,
667 5165 740 5221 de
791 5182 914 5238 quo
960 5166 1282 5241 loquimur,
1338 5177 1780 5244 ornamentum,
1832 5175 1913 5231 ob
1954 5192 2039 5233 res

393 5248 753 5338 creationem
780 5268 1116 5326 pauperum
1142 5261 1408 5330 tempore
1429 5259 1605 5315 famis
1648 5261 1758 5318 fuit
1792 5263 2039 5338 dissipas

393 5338 526 5390 tum
552 5335 839 5425 adomno
864 5342 1081 5399 abbate
1116 5345 1419 5414 Willelmo,
1451 5352 1507 5403 et
1557 5358 1694 5405 eum
1724 5364 1907 5425 eapse
1933 5335 2037 5409 aus

394 5437 500 5513 rea
528 5420 775 5513 miriﬁce
805 5431 1056 5495 gemmis
1111 5442 1414 5507 exornata,
1472 5420 1819 5513 pariterque—
1850 5443 2036 5499 tribus

396 5502 621 5566 tabulis
654 5527 720 5567 ac
746 5510 983 5571 duobus
1029 5519 1339 5580 thuribulis
1392 5502 2038 5597 argenteis,-crucibus-

396 5613 540 5671 que,
572 5611 663 5691 ac_
680 5614 860 5657 omne
911 5614 1327 5668 ornamentum
1381 5615 1442 5670 in
1498 5631 1644 5673 auro
1687 5623 1743 5675 et
1790 5625 2035 5691 argento

394 5686 835 5749 venumdatum
888 5696 995 5752 est.
1038 5698 1187 5757 Ante
1226 5696 1355 5759 haec
1382 5716 1525 5761 vero
1575 5686 1889 5782 tempore;
1899 5709 2037 5768 insi‘

2163 1807 2223 1862 in
2251 1807 2511 1861 turribus
2538 1811 2595 1862 et
2619 1806 2908 1862 altaribus
2940 1809 3097 1862 sunt.
3154 1809 3457 1863 Fenestre
3495 1808 3750 1866 clausm
3782 1812 3859 1864 vel

2163 1893 2511 1952 claudendae
2539 1897 2691 1953 vitro
2716 1900 2956 1953 centum
2979 1895 3426 1966 viginti,turres
3457 1903 3646 1967 octo,
3678 1904 3857 1973 porte

2161 1990 2301 2053 tres,
2330 1986 2480 2041 ostia
2508 1986 2714 2054 viginti
2751 1989 3027 2057 quatuor.

2237 2078 2319 2129 14.
2355 2078 2518 2130 Nunc
2538 2074 2704 2130 adea
2731 2090 2864 2146 quae
2892 2074 3292 2130 omiseramus
3320 2076 3533 2146 patris
3568 2074 3855 2134 Willelmi

2161 2162 2513 2234 explicanda
2542 2167 2710 2231 gesta
2752 2162 2972 2233 stylum
3027 2167 3355 2220 vertamus;
3414 2165 3853 2236 Augustorum

2162 2267 2266 2305 seu
2296 2266 2505 2320 regum
2530 2250 2755 2323 palatia
2814 2266 2954 2305 cum
2982 2250 3148 2315 adiit,
3197 2252 3262 2307 in
3289 2251 3364 2307 iis
3389 2266 3538 2309 non
3573 2257 3856 2328 φὶωεὶγῆ

2160 2356 2291 2411 quae
2320 2355 2431 2393 sua
2469 2343 2625 2406 sunt,
2655 2338 2759 2393 sed
2780 2350 2915 2410 quae
2942 2341 3083 2394 Jesu
3129 2339 3367 2407 Christi,
3425 2346 3503 2397 ut
3530 2356 3623 2399 ex
3650 2350 3850 2401 eurum

2160 2428 2377 2483 scilicet
2400 2427 2673 2482 familiari
2701 2426 3092 2483 collocutiene
3118 2428 3478 2486 subveniret
3536 2437 3851 2507 oppressis

2161 2532 2269 2570 sua
2297 2516 2724 2571 interveutione
2756 2531 2770 2583 ;
2818 2520 2921 2571 aut
2963 2520 3118 2571 certe
3148 2531 3223 2572 ex
3278 2517 3585 2575 saeculari
3623 2521 3721 2576 vel
3749 2519 3848 2575 cle-

2157 2604 2318 2659 ricali
2345 2605 2553 2659 habitu
2612 2606 2731 2660 Deo
2786 2604 3161 2679 lucriﬁcaret,
3221 2609 3306 2677 ut,
3351 2606 3550 2677 juxta
3616 2609 3847 2666 Domini

2157 2697 2542 2766 praeceptum,
2574 2694 2816 2765 propria
2861 2693 3284 2766 relinquerent,
3317 2697 3378 2749 et
3432 2698 3844 2755 metuentius

2158 2781 2314 2836 curis
2348 2781 2587 2836 semotis
2631 2784 2750 2836 Deo
2795 2782 2857 2836 in
2904 2781 3323 2854 tranquillitate
3345 2785 3600 2843 serﬁre
3661 2787 3845 2844 stude-

2156 2872 2305 2924 rent.
2330 2868 2775 2925 Gonveniebant
2803 2869 2981 2939 igitur
3009 2869 3088 2925 ad
3117 2878 3258 2926 eum
3286 2869 3582 2942 plurimi,
3622 2879 3697 2931 ut
3714 2874 3845 2931 dixi-

2159 2974 2312 3024 mus,
2344 2960 2401 3011 et
2427 2956 2561 3011 licet
2583 2956 2798 3012 diversi
2814 2956 3177 3026 nationibus,
3206 2960 3409 3014 mente
3428 2965 3669 3020 tamen
3686 2964 3840 3020 uniti.

2160 3047 2490 3102 Lmtabatur
2514 3048 2795 3118 pastorin
2825 3046 2916 3102 sui
2946 3047 3141 3117 gregis
3191 3052 3569 3123 augmeate,
3634 3054 3844 3125 magis.

2157 3150 2274 3206 que
2305 3135 2607 3203 gaudebat
2628 3135 2793 3207 quod
2813 3150 3026 3191 omnes
3056 3135 3366 3193 instabam
3391 3141 3587 3209 operi
3634 3150 3840 3216 prope

2158 3223 2287 3278 sito.
2322 3227 2536 3280 Verum
2565 3224 2707 3296 quia
2731 3241 2910 3296 super
2961 3233 3208 3295 gregem
3259 3225 3379 3281 sibi
3412 3232 3837 3288 commissum

2158 3313 2358 3368 solerti
2388 3314 2648 3384 vigilavit
2677 3329 2841 3384 cura,
2890 3314 3095 3370 divina
3122 3317 3464 3387 promeruit
3511 3322 3734 3389 gratia
3778 3322 3837 3375 de

2155 3400 2350 3457 fructu
2379 3401 2656 3457 laborum
2685 3415 2932 3457 suorum
2962 3404 3023 3457 in
3048 3403 3164 3458 hac
3186 3402 3458 3473 gaudere
3486 3408 3657 3465 vita.
3704 3414 3835 3466 Nam

2154 3490 2444 3560 regularis
2473 3491 2603 3545 vitae
2631 3490 3032 3563 disciplinam,
3076 3505 3214 3564 quas
3236 3492 3368 3562 jam
3393 3504 3574 3565 pene
3608 3498 3839 3555 decide-

2152 3582 2245 3633 rat
2270 3594 2378 3650 per
2403 3583 2666 3634 veterum
2689 3578 3130 3648 negligentiam,
3163 3583 3345 3652 prout
3389 3581 3637 3642 beatus
3672 3591 3836 3644 Bene

2152 3668 2344 3722 dictus
2369 3683 2502 3722 eam
2529 3668 2885 3740 composuit,
2934 3667 2996 3723 in
3021 3669 3340 3741 pristinum
3378 3674 3632 3731 statum
3667 3678 3836 3734 corri-

2153 3756 2350 3825 gendo
2381 3756 2750 3824 restauravit,
2782 3771 2853 3811 ac
2878 3770 2985 3829 per
3012 3756 3283 3814 diversas
3330 3762 3565 3818 mundi
3610 3770 3835 3838 partes,

2150 3862 2258 3919 per
2281 3845 2454 3918 plura
2474 3846 2835 3901 monasteria
2864 3861 2899 3901 a
2927 3846 3184 3916 regulari
3203 3848 3442 3905 tramite
3468 3851 3696 3923 devia,
3724 3861 3835 3913 tam

2151 3950 2258 4006 per
2285 3950 2348 3989 se
2375 3942 2560 4007 quam
2589 3949 2696 4006 per
2734 3949 2895 4004 suos,
2922 3948 3075 4006 quos
3118 3935 3370 3993 abbates
3399 3939 3836 4009 ordinaverat,

2151 4024 2483 4080 monastico
2529 4023 2724 4079 ordini
2761 4023 3041 4081 subdidit.
3084 4029 3148 4081 in
3190 4026 3306 4083 hoc
3359 4039 3509 4085 vero
3546 4036 3838 4101 gaudens

2152 4112 2561 4184 gratulabatur
2593 4115 2728 4178 Deo,
2764 4112 2929 4184 quod
2956 4122 3169 4169 eorum
3194 4123 3350 4186 quos
3377 4122 3494 4173 sua
3524 4121 3662 4176 sub
3700 4134 3841 4179 cura

2150 4202 2526 4269 educaverat,
2576 4200 2654 4257 ad
2710 4201 3109 4258 monasticum
3154 4204 3498 4274 regendum
3539 4210 3839 4268 ordinem

2149 4288 2273 4343 fore
2303 4288 2521 4344 multos
2579 4288 2831 4346 idoneos
2874 4290 3113 4347 videbat
3144 4302 3158 4359 ξ
3209 4304 3284 4347 ex
3307 4292 3541 4365 quibus
3591 4313 3727 4355 nos
3750 4302 3843 4357 ali.

2150 4393 2304 4449 quos
2341 4378 2591 4447 dignum
2626 4378 3032 4449 judicavimus
3077 4380 3217 4437 huic
3254 4380 3411 4438 libro
3465 4384 3733 4455 indere,
3788 4393 3841 4446 ut

2152 4466 2342 4522 sciant
2368 4467 2586 4538 posteri
2615 4482 2801 4538 quam
2840 4460 3064 4524 strenui
3090 4485 3164 4525 ex
3184 4470 3298 4526 hac
3337 4480 3841 4545 congregatione

2147 4555 2477 4629 prodierint
2529 4557 2828 4625 monachi,
2875 4572 3205 4630 eorumque
3233 4562 3539 4618 memeria
3582 4580 3840 4639 perma-

2145 4650 2285 4701 neat
2312 4644 2373 4699 in
2391 4644 2587 4700 laude.

2221 4738 2305 4789 t5.
2363 4736 2507 4790 Cum
2576 4733 2842 4806 primum
2909 4734 3145 4792 abbatis
3208 4738 3477 4811 suscepit
3539 4744 3837 4804 ofﬁcium

2148 4822 2499 4879 venerabilis
2552 4822 2905 4893 Willelmus,
2958 4825 3110 4881 inter
3164 4818 3505 4885 monachos
3570 4832 3640 4889 in
3720 4838 3838 4894 hoc

2143 4910 2276 4966 loco
2333 4910 2615 4980 degentes
2661 4911 2770 4968 fuit
2816 4914 3065 4986 quidam
3112 4916 3500 4987 juvenculus,
3563 4928 3838 4984 vocatus

2146 4999 2473 5071 Hunaldus,
2545 5014 2725 5073 quem
2786 5004 3103 5075 prtedicttrs
3170 5006 3340 5063 Pater
3416 5008 3652 5070 videns
3748 5036 3839 5075 so

2143 5090 2303 5146 lertis
2368 5089 2609 5160 ingenii,
2666 5092 2905 5148 retinuit
2969 5095 3081 5150 sibi
3130 5096 3355 5152 steteris
3409 5095 3835 5165 abeuntibus.

2146 5182 2332 5246 Hunc,
2408 5179 2706 5252 praecipue
2763 5181 2929 5237 omni
2994 5184 3190 5240 studio
3259 5185 3559 5245 doctrinae
3625 5193 3837 5255 innbu-

2144 5272 2292 5335 tum,
2340 5267 2401 5322 in
2456 5267 2640 5324 domo
2692 5269 2794 5325 Dei
2833 5272 3133 5328 constituit
3191 5282 3301 5330 vas
3360 5275 3663 5338 electum.
3749 5289 3838 5344 Ad

2144 5356 2349 5412 omnia
2378 5357 2601 5429 quippe
2631 5367 2766 5430 qua;l
2794 5360 2907 5416 sibi
2954 5363 3123 5418 erant
3147 5365 3489 5423 necessaria
3535 5372 3838 5442 praedicti

2144 5444 2338 5501 fratris
2385 5446 2709 5516 juvabatur
2761 5450 3013 5506 solertia.
3080 5452 3347 5525 Denique
3404 5455 3699 5527 injunxit
3760 5470 3836 5525 illi

2144 5550 2351 5589 curam
2396 5534 2577 5606 hujus
2622 5539 2773 5593 sacri
2824 5539 3120 5611 periboli;
3180 5557 3369 5613 quam
3400 5548 3583 5606 tanta
3616 5570 3840 5626 prose-

2143 5626 2314 5677 cutus
2361 5628 2449 5679 est
2489 5640 2631 5681 cura
2676 5630 2739 5682 ut
2766 5643 2919 5699 pene
2948 5632 3139 5684 totum
3163 5630 3467 5705 quidquid
3497 5636 3626 5699 fuit
3651 5660 3839 5706 ornas

2142 5713 2482 5771 mentorum
2506 5713 2567 5771 is
2620 5714 2735 5773 hac
2760 5714 3027 5788 basilica,
3058 5717 3191 5788 eius
3218 5718 3423 5779 studio
3472 5726 3554 5785 Sit
3609 5736 3833 5809 aggra-
