3892 6388
351 275 452 328 863

368 393 847 466 mpedimentum
895 394 1211 449 bonorum.
1245 394 1359 464 Ipsi
1388 409 1529 449 vero
1573 394 1824 450 cultores
1873 409 1994 448 ere-
2023 396 2070 448 Α

354 482 458 550 mi,
495 481 695 536 relicta
724 482 916 552 quiete
967 481 1319 550 solitudinis,
1353 482 1694 549 gaudebant
1725 481 1836 536 sub
1866 482 1995 551 ejus

355 570 696 638 magisterio
722 570 1005 625 associari
1033 570 1360 624 canobitis.
1391 573 1471 624 Ex
1491 586 1699 625 eorum
1721 585 1862 638 ergo
1890 585 1998 624 nu-

356 674 520 714 mero
569 659 664 727 adj
678 659 834 713 uncti
877 658 1116 712 fuerunt
1145 659 1196 712 ei
1227 659 1368 725 duo,
1395 662 1652 714 Joannes
1678 663 1734 714 et
1763 659 1997 727 Paulus,

354 746 554 801 litteris
581 746 812 815 eruditi,
846 762 1102 817 quorum
1136 747 1424 818 sapientia
1453 747 1531 801 ad
1569 747 1820 802 salutem
1850 745 1998 800 mul-

357 839 549 889 tarum
577 833 826 904 profecit
863 834 1220 889 animarum.
1257 838 1474 889 Horum
1521 839 1767 906 uterque
1798 850 2001 889 mona-

358 923 512 978 stica
539 921 838 991 religionis
864 923 1296 989 ferventissimi,
1327 928 1382 978 et
1409 925 1472 978 in
1521 923 1836 979 canobiali
1866 939 2002 978 con-

358 1011 686 1066 versatione
717 1011 936 1065 cateris
965 1016 1132 1066 erant
1151 1012 1443 1080 imitandi,
1464 1017 1519 1068 et
1547 1014 1606 1068 in
1635 1012 1999 1083 contempla-

365 1099 480 1153 tiva
504 1099 624 1153 vita
655 1097 888 1153 lectioni
917 1104 971 1154 et
1017 1100 1263 1154 orationi
1292 1101 1529 1155 assidue
1563 1101 1888 1169 studentes,
1921 1100 2002 1154 vi-

361 1186 637 1241 dentibus
667 1187 937 1258 exemplo
982 1187 1216 1242 fuerunt
1247 1190 1462 1261 pariter
1499 1195 1556 1244 et
1601 1188 1996 1244 admirationi.

363 1273 712 1328 Reverenda
741 1275 1042 1329 memoria
1073 1275 1286 1330 Paulus
1310 1277 1422 1346 (lt)
1453 1276 1616 1347 apud
1638 1293 1747 1331 nos
1768 1276 1829 1330 in
1853 1291 2001 1348 pace

361 1362 612 1433 quievit;
662 1365 916 1417 Joannes
961 1365 1068 1435 (l2)
1112 1381 1250 1419 vero
1282 1366 1466 1420 homo
1491 1367 1592 1419 Dei
1623 1370 1892 1420 sanctam
1925 1365 2002 1419 ob

362 1451 867 1506 conversationem
894 1457 1142 1507 vocatus
1172 1470 1206 1507 a
1237 1453 1462 1509 domno
1511 1457 1670 1509 Patre
1698 1454 2001 1520 Willelmo,

365 1539 791 1594 Fructuariensi
835 1540 1109 1595 coenobio
1159 1541 1348 1597 abbas
1424 1546 1511 1596 est
1565 1543 1882 1597 institutus.
1932 1546 2005 1596 De

363 1642 480 1696 quo
526 1626 677 1693 loco,
711 1628 854 1698 quia
903 1629 1138 1683 occasio
1189 1646 1249 1683 se
1294 1631 1564 1701 prabuit,
1605 1631 2006 1686 intimandum

363 1715 566 1786 paucis
584 1715 816 1770 videtur
843 1717 1095 1788 qualiter
1121 1718 1404 1774 fundatus
1438 1719 1626 1774 fuerit.
2037 1742 2078 1795 Β

429 1826 516 1876 20.
551 1825 672 1877 Duo
700 1825 968 1891 germani
994 1824 1202 1880 fratres
1234 1825 1468 1881 fuerunt
1493 1843 1648 1898 sape
1670 1827 1804 1881 dicti
1832 1826 2008 1881 abba-

363 1911 432 1965 tis
463 1911 748 1976 Willelmi,
783 1929 936 1966 unus
968 1919 1208 1967 vocatus
1239 1921 1324 1970 est
1355 1916 1697 1983 Nithardus,
1729 1916 1873 1970 alter
1903 1919 2010 1970 Go—

363 1999 679 2054 thefredus.
706 2001 940 2054 Primus
958 2017 1164 2055 eorum
1190 2003 1503 2058 comitatus
1525 2005 1750 2058 honore
1782 2005 2006 2070 enituit,

364 2087 512 2142 alius
545 2087 762 2142 militia
815 2089 1120 2159 stipendiis
1161 2097 1470 2146 contentus
1501 2092 1643 2158 fuit;
1677 2109 1830 2164 quos
1858 2109 2008 2164 pra-

364 2175 554 2228 dictus
595 2178 762 2229 Pater
803 2192 960 2246 sape
1009 2178 1390 2233 admonendo
1423 2195 1458 2234 a
1487 2180 1698 2234 mundi
1725 2180 2012 2234 illecebris

366 2263 634 2329 abduxit,
667 2267 724 2318 et
752 2265 828 2318 ad
861 2265 1155 2320 Christum
1188 2269 1488 2323 convertit.
1523 2269 1827 2323 Venientes
1870 2286 2010 2338 ergo

366 2355 613 2422 uterque
661 2351 738 2406 ad
788 2351 904 2406 hoc
956 2352 1300 2409 Divionense
1352 2356 1712 2426 coenobium,
1753 2358 2010 2428 exceptis

368 2438 492 2494 aliis
522 2439 722 2509 rebus,
755 2439 1047 2497 dederunt
1086 2448 1288 2497 sancto
1333 2445 1649 2515 protectori
1678 2452 1878 2501 nostro
1911 2448 2010 2501 Be-

364 2527 545 2596 nigno
602 2527 913 2598 quoddam
962 2529 1112 2599 juris
1163 2531 1252 2585 sui
1302 2533 1614 2603 pradium,
1666 2534 2009 2605 Wlpianum

363 2621 662 2683 vocatum,
713 2618 979 2688 quodam
1032 2621 1329 2690 prasagio
1380 2621 1731 2678 futurorum.
1779 2624 1840 2677 In
1887 2622 2009 2695 quo

362 2704 492 2760 loco
521 2705 781 2760 domnus
813 2706 1147 2762 Willelmus
1177 2709 1448 2765 fundavit
1478 2711 1791 2766 ecclesiam
1821 2712 1882 2766 in
1908 2713 2010 2767 ho-

361 2809 502 2848 nore
534 2795 721 2849 sancti
748 2796 1014 2866 Benigni,
1040 2802 1102 2852 ut
1127 2799 1332 2854 notitia
1359 2804 1413 2853 et
1442 2801 1634 2855 honor
1661 2801 1848 2873 ipsius
1872 2819 2008 2856 san-

316 2936 319 2940 ,
363 2882 436 2936 cti
483 2883 542 2936 in
585 2881 685 2936 illa
723 2883 914 2952 patria
946 2891 1321 2953 accresceret,
1357 2891 1411 2940 et
1449 2893 1510 2942 ut
1558 2888 1619 2941 in
1669 2889 2009 2944 haereditate

362 2971 677 3036 parentum
711 2984 957 3024 suorum
987 2971 1210 3042 aliquid
1259 2979 1570 3044 acceptum
1604 2976 1718 3029 Deo
1748 2975 2006 3029 aditioau

363 3057 477 3119 ret;
511 3054 728 3109 deinde
753 3061 816 3110 ut
840 3058 1061 3113 oblatio
1105 3077 1311 3114 eorum
1352 3061 1427 3116 ad
1468 3062 1806 3118 animarum
1836 3064 2012 3134 proﬁ-
2040 3083 2080 3139 ο

365 3147 519 3197 ceret
545 3143 802 3209 lucrum,
835 3150 1012 3217 atque
1043 3151 1104 3201 ut
1145 3147 1368 3202 fructus
1416 3149 1714 3204 bonorum
1759 3167 2009 3223 operum

365 3246 497 3300 qua
529 3230 612 3284 ibi
640 3236 941 3310 geruntur,
973 3233 1081 3288 sibi
1113 3239 1169 3289 et
1200 3235 1309 3289 illis
1357 3241 1508 3291 esset
1535 3237 1773 3292 abolitio
1805 3255 2010 3310 pecca-

365 3323 582 3386 torum,
614 3306 680 3374 ut
707 3324 937 3375 aterna
964 3324 1093 3376 vita
1139 3323 1318 3393 digna
1358 3327 1834 3397 recompensatio
1865 3343 2010 3399 pra-

363 3407 642 3462 miorum.
680 3409 842 3464 Unde
871 3415 926 3465 et
959 3413 1416 3468 Fructuariensis
1460 3414 1553 3469 ille
1601 3415 1766 3470 locus
1798 3421 1885 3472 est
1907 3433 2008 3471 vo-

365 3500 547 3550 catus.
571 3499 631 3550 ln
658 3496 819 3552 brevi
851 3513 991 3568 ergo
1020 3503 1282 3571 tempore
1303 3501 1526 3557 factum
1557 3507 1644 3558 est
1667 3504 1866 3559 nobile
1897 3521 2008 3559 coe-

360 3583 630 3651 nobium,
663 3584 764 3639 ubi
789 3585 862 3640 de
891 3587 1004 3642 hoc
1030 3587 1160 3643 loco
1193 3593 1248 3643 et
1277 3590 1604 3660 spiritualia
1629 3595 1686 3646 et
1713 3596 2009 3664 tempora-

360 3671 438 3727 lia
479 3673 749 3728 subsidia
793 3680 928 3730 sunt
973 3677 1208 3743 delata;
1255 3678 1515 3750 reliquia
1565 3680 1780 3735 scilicet
1806 3681 2006 3737 multa

361 3776 498 3814 cum
547 3761 898 3832 corporibus
942 3770 1305 3830 sanctorum,
1339 3767 1648 3822 volumina
1694 3767 2004 3839 librorum,

362 3848 684 3919 omniaque
741 3850 1132 3906 ecclesiastica
1197 3859 1567 3922 ornamenta,
1623 3861 1678 3910 et
1727 3857 2008 3912 monachi

363 3935 602 4006 plurimi
631 3937 848 4007 pariter
889 3937 1023 3994 illuc
1056 3940 1346 3996 abierunt.
1381 3943 1491 3996 Sed
1522 3948 1578 3997 et
1620 3945 1692 3999 de
1723 3945 1852 4000 aliis
1884 3962 2005 4000 sua

366 4022 571 4077 ditioni
602 4023 883 4093 subjectis
906 4026 1070 4094 locis,
1106 4033 1161 4082 et
1193 4029 1588 4102 undecunque
1619 4033 1831 4088 oblatis
1863 4050 2006 4106 sup-

364 4109 695 4180 plementis,
728 4114 1143 4181 magniﬁcatus
1187 4122 1272 4172 est
1319 4117 1484 4172 locus
1527 4122 2008 4190 possessionibus

366 4203 422 4252 et
440 4199 652 4255 divitiis
677 4219 690 4266 ;
721 4202 801 4256 ita
830 4207 894 4257 ut
922 4203 981 4258 in
1001 4205 1122 4260 vita
1151 4207 1277 4275 ejus
1299 4210 1677 4277 congregatio
1709 4211 1864 4265 illius
1895 4211 1988 4265 loc

365 4293 601 4344 centum
631 4306 883 4346 numero
913 4298 1206 4349 constaret
1225 4298 1832 4371 monachis,exceptis
1860 4299 2006 4354 locis

365 4375 645 4432 cellarum
663 4379 713 4432 ei
734 4379 866 4433 loco
889 4380 1155 4449 subditis,
1172 4399 1304 4454 qua
1327 4384 1443 4440 fere
1467 4386 1704 4456 triginta
1728 4386 2003 4442 existunt.

367 4467 714 4521 Convocatis
772 4484 913 4537 ergo
969 4471 1261 4542 episcopis
1306 4474 1529 4543 patria,
1576 4490 1713 4544 rege
1765 4490 2007 4546 quoque

365 4551 648 4620 Arduino,
670 4555 773 4626 qui
796 4555 878 4610 ibi
904 4558 1287 4627 postmodum
1307 4561 1546 4631 quievit,
1572 4578 1681 4616 sua
1707 4578 1844 4616 cum
1871 4577 2008 4616 con-

359 4638 519 4707 juge,
553 4645 608 4695 et
635 4643 832 4698 multis
871 4645 1169 4700 nobilibus
1221 4647 1410 4718 ipsius
1458 4649 1644 4717 regni,
1677 4649 1736 4703 in
1780 4649 2006 4704 honore

367 4733 581 4782 sancta
609 4731 705 4785 Dei
737 4732 1032 4801 genitricis
1065 4735 1272 4800 Maria,
1308 4736 1616 4806 sanctique
1657 4737 1904 4806 Benigni
1950 4741 2008 4792 et

365 4817 634 4872 omnium
661 4825 1002 4874 sanctorum
1030 4821 1164 4877 fecit
1188 4823 1386 4877 locum
1407 4823 1574 4878 illum
1597 4824 1836 4879 sacrari.
1862 4827 2008 4881 Con-

366 4902 547 4958 stituit
575 4909 631 4959 et
657 4906 773 4961 alia
800 4909 1163 4964 monasteria
1210 4910 1270 4964 in
1300 4910 1510 4965 eadem
1540 4912 1751 4983 patria,
1783 4912 1882 4968 ubi
1909 4913 2007 4968 de-

366 4991 581 5060 putatis
626 4995 955 5061 monachis,
997 5001 1053 5051 et
1097 4996 1420 5052 abbatibus
1469 4999 1758 5054 ordinatis
1808 5000 2006 5056 adhuc

366 5079 512 5133 ordo
539 5080 690 5149 viget
717 5083 1106 5140 monasticus.
1139 5086 1689 5142 Sanctimonialium
1717 5088 1896 5144 etiam
1923 5089 2008 5144 in-

369 5166 520 5221 tituit
546 5172 991 5228 monasterium.

438 5254 526 5308 2l.
567 5258 780 5315 Audita
809 5261 908 5316 Dei
936 5261 1048 5316 viri
1077 5262 1239 5318 fama
1267 5262 1678 5320 nobilissimus
1701 5267 2009 5321 Nortman-

2041 4429 2082 4482 D

442 5485 542 5555 (ll)
581 5491 669 5565 Ap
721 5490 816 5565 hic
839 5489 1104 5565 _Pa_ulus,
1153 5492 1255 5563 qui
1307 5493 1368 5547 in
1420 5495 1763 5565 Necrologio
1821 5496 2009 5552 sancti

372 5555 643 5630 germani
689 5559 773 5613 sic
819 5555 1192 5626 designatur:
1215 5565 1445 5619 Paulus
1491 5555 1794 5621 solitarius
1819 5569 2014 5622 sancti

371 5626 627 5695 Benigni
672 5645 731 5682 vx
775 5630 919 5682 Kal.
950 5631 1136 5684 Junii.
1185 5633 1265 5686 lbi
1311 5636 1488 5690 etiam
1535 5637 1794 5690 reclusos
1830 5637 2010 5692 fuisse

373 5695 662 5767 colligitur
725 5713 798 5754 ex
861 5697 992 5770 ipso
1058 5702 1398 5772 Necrologio
1464 5706 1850 5779 Beniguiano,
1903 5706 2010 5763 ubi

1291 272 1346 327 S.
1388 270 1756 328 GUILLELHI
1793 267 2085 325 ABBATIS
2125 269 2180 325 S.
2221 269 2500 326 BENIGNI
2538 270 2801 326 DIVION.

3732 271 3842 326 864

2106 408 2322 448 norum
2352 409 2553 448 comes
2589 392 2916 448 Richardus
2955 391 3116 447 misit
3139 391 3219 447 ad
3250 407 3424 462 eum,
3445 396 3839 448 reverenter

2107 483 2450 555 supplicans
2476 487 2539 537 ut
2570 482 2646 537 ad
2672 498 2733 535 se
2756 482 2998 536 veniret.
3017 481 3127 546 Qui
3155 481 3409 536 tandem
3445 482 3754 537 libenter
3779 489 3837 537 ut

2105 571 2347 635 rogatus
2376 567 2567 620 fuerat
2585 581 2860 637 pergens,
2885 565 3042 619 venit
3061 565 3139 620 ad
3157 581 3335 632 eum;
3373 582 3413 620 a
3442 582 3620 637 quo,
3642 566 3834 620 sicuti

2105 654 2374 720 decebat,
2424 653 2749 708 honoriﬁce
2783 657 3101 724 susceptus
3134 657 3245 718 est,
3282 653 3659 726 multisque
3698 655 3831 723 ejus

2105 743 2386 816 precibus
2416 747 2690 818 exoratus
2720 747 2811 797 est
2835 745 2900 797 ut
2931 742 3244 798 ecclesiam
3279 745 3540 798 Sanctae
3574 749 3644 800 et
3675 744 3832 799 indi-

2108 832 2303 886 vidua
2329 831 2615 886 Trinitatis
2642 831 2884 885 nomine
2909 836 2964 886 et
2990 832 3216 886 honore
3246 831 3567 899 dicatam,
3598 833 3670 887 in
3694 832 3830 887 loco

2107 921 2211 992 qui
2242 919 2563 975 Fiscaunus
2588 919 2800 974 dicitur
2830 920 2972 975 olim
3001 924 3442 987 constructam,
3485 927 3552 976 et
3591 938 3636 977 a
3674 938 3747 977 se
3773 922 3829 975 in

2109 1009 2458 1081 ampliorem
2481 1011 2699 1064 statum
2713 1009 2990 1064 decenter
3007 1008 3403 1064 reformatam
3431 1011 3827 1084 susciperet,

2109 1103 2286 1169 atque
2308 1099 2745 1152 monachorum
2767 1097 3015 1167 collegio
3031 1098 3366 1153 decoraret.
3385 1101 3601 1169 Cujus
3628 1101 3830 1171 preci-

2109 1187 2222 1242 bus
2250 1203 2540 1252 annuens,
2561 1187 2640 1242 ita
2666 1186 2980 1258 prafatum
3011 1186 3214 1241 locum
3237 1187 3551 1242 omnibus
3574 1189 3830 1257 religio-

2113 1275 2188 1328 sis
2209 1273 2439 1340 studiis,
2459 1273 2801 1345 caterisque
2817 1274 3116 1328 bonorum
3139 1274 3328 1345 copiis
3353 1275 3747 1345 adornavit,
3771 1280 3830 1330 ut

2112 1380 2234 1435 pra
2264 1363 2488 1417 cunctis
2516 1363 2668 1416 illius
2696 1362 3016 1434 provincia
3048 1362 3218 1428 locis,
3239 1362 3534 1418 felicibus
3563 1381 3828 1436 semper

2113 1452 2321 1507 ﬂoreat
2349 1451 2742 1506 incrementis.
2766 1455 2827 1505 In
2856 1466 2979 1522 quo
3008 1450 3140 1505 loco
3165 1450 3338 1506 multi
3367 1459 3828 1509 convenerunt

2115 1540 2342 1595 nobiles
2369 1539 2492 1608 viri,
2526 1543 2648 1594 tam
2693 1539 2884 1594 clerici
2914 1555 3100 1610 quam
3144 1538 3299 1602 laici,
3331 1539 3471 1609 ejus
3506 1541 3824 1597 doctrinis

2118 1629 2418 1701 cupientes
2439 1628 2694 1693 institui;
2728 1628 2877 1682 inter
2903 1643 3057 1699 quos
3085 1629 3441 1682 Osmundus
3466 1631 3824 1703 episcopus

2119 1724 2335 1774 sancta
2389 1723 2446 1773 et
2494 1718 2784 1785 religiosa
2813 1717 2942 1772 vita
2986 1717 3203 1772 exstitit
3252 1719 3650 1775 monachus.
3691 1725 3821 1776 Duo

2118 1824 2358 1880 quoque
2385 1807 2575 1862 clerici
2602 1804 2949 1861 liberalibus
2983 1805 3210 1860 artibus
3242 1807 3540 1878 apprime
3564 1811 3817 1876 eruditi,

2119 1899 2258 1952 aula
2294 1897 2446 1965 regis
2472 1896 2820 1968 postposita,
2854 1895 3226 1950 Willelmum
3255 1899 3508 1952 Patrem
3543 1901 3813 1971 expetie-

2118 1990 2254 2040 runt
2282 1989 2477 2040 mente
2507 1985 2740 2040 devota.
2777 1987 2936 2038 Unus
2975 1999 3185 2038 eorum
3215 1984 3570 2040 vocabatur
3603 1989 3816 2042 Joceli-

2117 2091 2250 2141 nus,
2284 2075 2429 2129 alter
2457 2073 2842 2143 Beringerius,
2875 2089 2906 2126 e
2936 2072 3160 2143 quibus
3190 2072 3357 2143 prior
3383 2076 3812 2145 postmodum

2119 2165 2306 2218 abbas
2339 2163 2569 2226 exstitit,
2604 2177 2858 2233 sequens
2888 2161 2948 2215 in
2982 2162 3197 2216 eodem
3246 2161 3385 2216 loco
3417 2163 3569 2218 vita
3623 2165 3816 2220 ﬁnem

2119 2253 2361 2324 accepit.
2399 2256 2473 2306 De
2503 2250 2918 2306 transmarinis
2971 2250 3150 2304 etiam
3201 2250 3512 2321 partibus,
3549 2253 3681 2308 hoc
3733 2259 3817 2308 est

2119 2341 2442 2409 Anglorum
2475 2345 2647 2409 terra,
2679 2339 2767 2393 vir
2796 2338 3046 2410 quidam
3077 2337 3296 2393 nobilis
3341 2339 3544 2407 regali
3592 2357 3814 2413 prosa-

2117 2430 2217 2502 pia
2247 2429 2460 2496 clarus,
2486 2428 2754 2482 Clemens
2783 2426 3045 2493 nomine,
3069 2426 3288 2482 relictis
3316 2428 3534 2483 saculi
3559 2432 3814 2502 pompis

2119 2520 2195 2574 ad
2225 2518 2382 2572 idem
2409 2518 2836 2572 monasterium
2863 2516 3042 2580 venit,
3068 2519 3184 2571 Deo
3211 2516 3360 2572 inibi
3396 2519 3676 2590 cupiens
3705 2523 3811 2576 mi-

2116 2608 2282 2661 litare
2308 2625 2320 2672 ;
2356 2606 2461 2660 sed
2482 2623 2618 2660 cum
2641 2605 2717 2660 ab
2749 2603 3096 2660 hominibus
3119 2621 3193 2660 ex
3215 2621 3326 2660 sua
3338 2607 3552 2678 patria
3581 2609 3813 2665 adven-

2120 2695 2378 2750 tantibus
2431 2694 2638 2748 crebro
2689 2693 3060 2763 inviseretur,
3111 2693 3308 2762 magis
3360 2697 3488 2750 Deo
3546 2697 3812 2767 diligens

2119 2782 2334 2836 servire
2384 2797 2522 2835 cum
2575 2781 2789 2852 quiete,
2841 2795 3029 2851 quam
3073 2781 3370 2836 vanitates
3416 2786 3659 2841 mundi
3709 2787 3813 2841 fre-

2118 2875 2367 2941 quenter
2407 2869 2632 2936 audire,
2682 2869 3037 2924 Divionense
3092 2870 3377 2941 expetivit
3413 2875 3807 2930 canobium.

2118 2959 2221 3012 ubi
2249 2957 2566 3013 laudabilis
2593 2957 2726 3011 vita
2758 2957 3080 3028 complevit
3108 2974 3375 3014 cursum.
3407 2961 3550 3017 Fuit
3573 2962 3807 3035 itaque,

2120 3047 2449 3101 secundum
2475 3046 2901 3118 etymologiam
2933 3047 3024 3101 sui
3054 3048 3336 3114 nominis,
3365 3048 3660 3107 clemens
3691 3053 3810 3107 ani-

2117 3153 2239 3204 mo,
2273 3135 2553 3190 omnibus
2595 3135 2908 3191 virtutibus
2955 3135 3307 3200 adornatus,
3339 3138 3676 3210 praecipue
3708 3139 3808 3193 hu-

2119 3225 2379 3291 militate,
2405 3241 2526 3296 qua
2557 3225 2618 3278 in
2643 3228 2875 3278 tantum
2909 3240 2970 3278 se
3003 3224 3308 3294 abjectum
3333 3230 3392 3280 et
3419 3226 3624 3282 vilem
3649 3244 3804 3284 asse-

2114 3313 2301 3380 rebat,
2335 3317 2416 3384 ut,
2450 3329 2588 3367 cum
2637 3312 2950 3367 sacerdotii
3000 3313 3194 3382 gradu
3224 3312 3620 3384 fungeretur,
3659 3333 3804 3373 nun-

2115 3419 2300 3474 quam
2328 3403 2389 3456 in
2419 3402 2584 3457 omni
2613 3402 2733 3457 vita
2764 3417 2895 3469 sua,
2929 3402 3043 3456 nisi
3074 3402 3280 3472 semel,
3314 3403 3396 3458 ad
3444 3404 3579 3461 hoc
3639 3407 3807 3462 mini-

2117 3491 2359 3546 sterium
2391 3489 2672 3546 accedere
2703 3490 3174 3562 prasumpserit.

2186 3602 2273 3652 22.
2315 3600 2451 3652 Post
2479 3613 2664 3668 quam
2693 3596 2872 3665 igitur
2924 3613 3032 3669 per
3077 3614 3272 3654 annos
3322 3598 3447 3654 fere
3509 3602 3808 3673 tringinta

2117 3685 2440 3740 Willelmus
2496 3685 2686 3740 abbas
2737 3685 3128 3742 Fiscannense
3181 3687 3332 3742 rexit
3411 3691 3805 3761 coenobium,

2116 3791 2253 3830 cum
2275 3775 2403 3844 jam
2435 3778 2730 3830 senectute
2760 3774 2936 3829 simul
2995 3780 3051 3831 et
3093 3776 3450 3845 agritudine
3513 3795 3807 3848 gravare—

2116 3868 2226 3929 tur,
2257 3868 2313 3918 et
2340 3863 2612 3932 elegisset
2642 3863 2752 3918 sibi
2785 3864 3300 3920 Fructuariensem
3328 3865 3543 3922 locum
3595 3871 3688 3925 ad
3732 3871 3810 3924 in-

2114 3950 2532 4016 habitandam,
2567 3950 2916 4005 desiderans
2947 3951 3022 4006 de
3052 3953 3246 4023 patrio
3273 3953 3405 4008 solo
3437 3956 3807 4026 quiescere;

2116 4037 2501 4094 considerans
2551 4038 2828 4110 princeps
2876 4040 3045 4110 regni
3093 4041 3434 4104 Rotbertus,
3499 4046 3622 4115 qui
3677 4052 3811 4120 post

2119 4130 2346 4198 patrem
2397 4130 2454 4180 et
2501 4126 2743 4181 fratrem
2797 4127 3110 4182 defunctos
3162 4128 3502 4200 primatum
3552 4136 3811 4190 tenebat

2116 4219 2614 4280 Normannorum,
2670 4215 2834 4287 petiit
2886 4231 2992 4287 per
3034 4216 3264 4286 legatos
3323 4220 3638 4277 eumdem
3714 4227 3811 4280 Pa-

2116 4308 2284 4370 trem,
2341 4308 2406 4359 ut
2449 4303 2731 4359 abbatem
2785 4304 2898 4360 sibi
2969 4305 3371 4375 substitueret,
3449 4309 3616 4380 quia
3701 4312 3810 4368 loci

2115 4395 2300 4446 status
2354 4391 2518 4446 aliter
2571 4391 2695 4446 sine
2753 4392 3109 4448 detrimento
3165 4409 3413 4450 manere
3468 4411 3611 4453 non
3679 4417 3814 4472 pos-

2114 4485 2218 4536 set.
2280 4479 2368 4534 Ad
2421 4480 2590 4549 cujus
2645 4481 3011 4551 petitionem,
3057 4483 3391 4554 quemdam
3441 4484 3567 4540 sibi
3642 4491 3811 4546 vales

2113 4566 2394 4622 dilectum
2446 4569 2832 4636 monachum,
2878 4570 3150 4640 ejusdem
3194 4571 3309 4626 loci
3336 4572 3648 4643 priorem,
3711 4595 3811 4634 no-

2113 4655 2272 4711 mine
2291 4658 2600 4722 Joannem,
2637 4657 2935 4712 constituit
2966 4658 3287 4727 abbatem;
3321 4659 3461 4714 licet
3503 4679 3667 4721 eum
3712 4667 3811 4723 ali-

2111 4743 2174 4798 bi
2202 4743 2396 4810 magis
2426 4748 2692 4815 optasset
2735 4746 3056 4816 praficere.
3115 4747 3220 4802 Hic
3274 4747 3455 4803 Italia
3513 4755 3811 4822 partibus

2114 4834 2410 4886 Ravenna
2441 4835 2624 4896 ortus,
2654 4832 2856 4888 litteris
2891 4835 3177 4899 eruditus,
3205 4851 3276 4890 ac
3304 4836 3682 4898 medicinali
3726 4861 3813 4899 ar-

2115 4925 2169 4976 te
2199 4936 2306 4991 per
2334 4921 2520 4992 ipsius
2547 4922 2738 4976 Patris
2777 4923 3113 4992 jussionem
3166 4924 3433 4996 edectus,
3490 4929 3810 5003 religiosa

2115 5009 2582 5065 conversationis
2608 5012 2760 5080 ejus,
2792 5009 3076 5066 doctrina
3109 5029 3353 5084 quoque
3400 5031 3476 5070 ac
3513 5022 3810 5077 omnium

2114 5097 2398 5153 virtutum
2429 5099 2614 5170 ipsius
2645 5115 2765 5170 pra
2797 5101 3022 5156 cunctis
3058 5101 3186 5156 aliis
3242 5104 3472 5160 exstitit
3527 5107 3811 5168 imitator

2117 5186 2440 5242 studiosus.
2471 5187 2601 5255 Qui,
2631 5187 2708 5242 ab
2739 5187 2992 5244 exilitate
3032 5191 3324 5261 corporis,
3381 5193 3807 5256 Joannelinus

2117 5274 2471 5330 diminutivo
2501 5274 2742 5330 nomine
2766 5280 2858 5332 est
2880 5276 3103 5339 dictus;
3147 5278 3251 5333 sed
3280 5278 3690 5356 humilitatis,
3727 5305 3810 5344 sa-

2117 5494 2419 5551 Johannes
2451 5497 2715 5551 reclusus
2751 5497 2947 5552 Idibus
2973 5497 3146 5552 Julii.

2191 5565 2304 5633 (42)
2354 5568 2430 5621 De
2461 5567 2894 5622 Fructuariensi
2925 5568 3286 5623 monasterio
3316 5569 3483 5630 infra
3539 5583 3807 5636 sem-sim

2121 5637 2524 5716 agemushubi
2556 5639 2777 5704 charta,
2811 5638 2884 5716 in
2935 5654 3059 5709 qua
3099 5641 3365 5695 Joannes
3406 5647 3670 5716 primus
3699 5653 3807 5709 loci

2123 5706 2291 5762 istius
2318 5707 2509 5765 abbas
2532 5712 2916 5764 memoratur.
