  <div class='ocr_page' id='page_1' title='image "/cluster/home/n/w/nwhite01/storage/ocr_20150623/140-141/uc1.31175018559917/1008.png"; bbox 0 0 3892 6428; ppageno 0'>
   <div class='ocr_carea' id='block_1_1' title="bbox 100 284 205 335">
    <p class='ocr_par' dir='ltr' id='par_1_1' title="bbox 100 284 205 335">
     <span class='ocr_line' id='line_1_1' title="bbox 100 284 205 335; baseline -0.019 0"><span class='ocrx_word' id='word_1_1' title='bbox 100 284 205 335; x_wconf 87' lang='lat'>865</span> 
     </span>
    </p>
   </div>
   <div class='ocr_carea' id='block_1_2' title="bbox 1737 274 1897 329">
    <p class='ocr_par' dir='ltr' id='par_1_2' title="bbox 1737 274 1897 329">
     <span class='ocr_line' id='line_1_2' title="bbox 1737 274 1897 329; baseline 0 -1"><span class='ocrx_word' id='word_1_2' title='bbox 1737 274 1897 329; x_wconf 78' lang='lat' dir='ltr'>VITA</span> 
     </span>
    </p>
   </div>
   <div class='ocr_carea' id='block_1_3' title="bbox 3421 285 3523 340">
    <p class='ocr_par' dir='ltr' id='par_1_3' title="bbox 3421 285 3523 340">
     <span class='ocr_line' id='line_1_3' title="bbox 3421 285 3523 340; baseline 0.02 -3"><span class='ocrx_word' id='word_1_3' title='bbox 3421 285 3523 340; x_wconf 83' lang='lat'>866</span> 
     </span>
    </p>
   </div>
   <div class='ocr_carea' id='block_1_4' title="bbox 99 398 3525 476">
    <p class='ocr_par' dir='ltr' id='par_1_4' title="bbox 99 398 3525 476">
     <span class='ocr_line' id='line_1_4' title="bbox 99 398 3525 476; baseline 0.001 -18"><span class='ocrx_word' id='word_1_4' title='bbox 99 402 357 476; x_wconf 79' lang='lat' dir='ltr'>pientiae,</span> <span class='ocrx_word' id='word_1_5' title='bbox 386 400 779 467; x_wconf 85' lang='lat' dir='ltr'>discretionis,</span> <span class='ocrx_word' id='word_1_6' title='bbox 812 416 881 456; x_wconf 90' lang='lat' dir='ltr'>ac</span> <span class='ocrx_word' id='word_1_7' title='bbox 912 404 1257 456; x_wconf 67' lang='lat' dir='ltr'>caeterarum</span> <span class='ocrx_word' id='word_1_8' title='bbox 1281 400 1563 455; x_wconf 90' lang='lat' dir='ltr'>virtutum</span> <span class='ocrx_word' id='word_1_9' title='bbox 1596 402 1759 454; x_wconf 91' lang='lat' dir='ltr'>tanta</span> <span class='ocrx_word' id='word_1_10' title='bbox 1786 399 1832 449; x_wconf 85' lang='grc' dir='ltr'>Α</span> <span class='ocrx_word' id='word_1_11' title='bbox 1874 398 2126 453; x_wconf 89' lang='lat' dir='ltr'>Domino</span> <span class='ocrx_word' id='word_1_12' title='bbox 2157 403 2244 454; x_wconf 90' lang='lat' dir='ltr'>est</span> <span class='ocrx_word' id='word_1_13' title='bbox 2274 398 2351 454; x_wconf 81' lang='lat' dir='ltr'>ad</span> <span class='ocrx_word' id='word_1_14' title='bbox 2372 399 2632 455; x_wconf 71' lang='lat' dir='ltr'>caelestia</span> <span class='ocrx_word' id='word_1_15' title='bbox 2660 417 2866 470; x_wconf 88' lang='lat' dir='ltr'>regna,</span> <span class='ocrx_word' id='word_1_16' title='bbox 2910 402 3220 474; x_wconf 85' lang='lat' dir='ltr'>sanctique</span> <span class='ocrx_word' id='word_1_17' title='bbox 3280 406 3525 475; x_wconf 87' lang='lat' dir='ltr'>Benigni</span> 
     </span>
    </p>
   </div>
   <div class='ocr_carea' id='block_1_5' title="bbox 97 489 1758 559">
    <p class='ocr_par' dir='ltr' id='par_1_5' title="bbox 97 489 1758 559">
     <span class='ocr_line' id='line_1_5' title="bbox 97 489 1758 559; baseline -0.004 -12"><span class='ocrx_word' id='word_1_18' title='bbox 97 492 160 547; x_wconf 89' lang='lat' dir='ltr'>in</span> <span class='ocrx_word' id='word_1_19' title='bbox 184 508 253 546; x_wconf 93' lang='lat' dir='ltr'>eo</span> <span class='ocrx_word' id='word_1_20' title='bbox 285 490 515 545; x_wconf 85' lang='lat' dir='ltr'>refulsit</span> <span class='ocrx_word' id='word_1_21' title='bbox 546 490 734 557; x_wconf 85' lang='lat' dir='ltr'>gratia</span> <span class='ocrx_word' id='word_1_22' title='bbox 768 495 831 544; x_wconf 91' lang='lat' dir='ltr'>ut</span> <span class='ocrx_word' id='word_1_23' title='bbox 858 490 1029 559; x_wconf 86' lang='lat' dir='ltr'>(sicut</span> <span class='ocrx_word' id='word_1_24' title='bbox 1061 494 1303 543; x_wconf 81' lang='lat' dir='ltr'>sanctus</span> <span class='ocrx_word' id='word_1_25' title='bbox 1326 489 1501 542; x_wconf 81' lang='lat' dir='ltr'>refert</span> <span class='ocrx_word' id='word_1_26' title='bbox 1545 490 1758 555; x_wconf 85' lang='lat' dir='ltr'>Grego-</span> 
     </span>
    </p>
   </div>
   <div class='ocr_carea' id='block_1_6' title="bbox 98 576 1763 647">
    <p class='ocr_par' dir='ltr' id='par_1_6' title="bbox 98 576 1763 647">
     <span class='ocr_line' id='line_1_6' title="bbox 98 576 1763 647; baseline -0.003 -13"><span class='ocrx_word' id='word_1_27' title='bbox 98 580 225 634; x_wconf 88' lang='lat' dir='ltr'>rius</span> <span class='ocrx_word' id='word_1_28' title='bbox 257 580 318 633; x_wconf 89' lang='lat' dir='ltr'>in</span> <span class='ocrx_word' id='word_1_29' title='bbox 344 578 495 633; x_wconf 91' lang='lat' dir='ltr'>libro</span> <span class='ocrx_word' id='word_1_30' title='bbox 530 577 911 647; x_wconf 80' lang='lat' dir='ltr'>Dialogorum</span> <span class='ocrx_word' id='word_1_31' title='bbox 945 578 1019 632; x_wconf 89' lang='lat' dir='ltr'>de</span> <span class='ocrx_word' id='word_1_32' title='bbox 1050 578 1393 632; x_wconf 88' lang='lat' dir='ltr'>Constantio</span> <span class='ocrx_word' id='word_1_33' title='bbox 1415 576 1763 647; x_wconf 82' lang='lat' dir='ltr'>presbytero</span> 
     </span>
    </p>
   </div>
   <div class='ocr_carea' id='block_1_7' title="bbox 101 665 1763 740">
    <p class='ocr_par' dir='ltr' id='par_1_7' title="bbox 101 665 1763 740">
     <span class='ocr_line' id='line_1_7' title="bbox 101 665 1763 740; baseline -0.004 -17"><span class='ocrx_word' id='word_1_34' title='bbox 101 670 228 740; x_wconf 85' lang='lat' dir='ltr'>(lib.</span> <span class='ocrx_word' id='word_1_35' title='bbox 264 685 299 733; x_wconf 86' lang='grc' dir='ltr'>ι,</span> <span class='ocrx_word' id='word_1_36' title='bbox 334 684 382 722; x_wconf 87' lang='grc'>0.</span> <span class='ocrx_word' id='word_1_37' title='bbox 420 672 474 723; x_wconf 67' lang='grc' dir='ltr'>ὅ)</span> <span class='ocrx_word' id='word_1_38' title='bbox 500 667 560 721; x_wconf 88' lang='lat' dir='ltr'>in</span> <span class='ocrx_word' id='word_1_39' title='bbox 588 667 700 722; x_wconf 90' lang='lat' dir='ltr'>hoc</span> <span class='ocrx_word' id='word_1_40' title='bbox 733 666 952 722; x_wconf 86' lang='lat' dir='ltr'>mirum</span> <span class='ocrx_word' id='word_1_41' title='bbox 980 672 1133 723; x_wconf 88' lang='lat' dir='ltr'>esset</span> <span class='ocrx_word' id='word_1_42' title='bbox 1158 666 1525 721; x_wconf 84' lang='lat' dir='ltr'>intuentibus</span> <span class='ocrx_word' id='word_1_43' title='bbox 1551 665 1609 718; x_wconf 89' lang='lat' dir='ltr'>in</span> <span class='ocrx_word' id='word_1_44' title='bbox 1642 670 1763 719; x_wconf 88' lang='lat' dir='ltr'>tam</span> 
     </span>
    </p>
   </div>
   <div class='ocr_carea' id='block_1_8' title="bbox 98 754 1760 831">
    <p class='ocr_par' dir='ltr' id='par_1_8' title="bbox 98 754 1760 831">
     <span class='ocr_line' id='line_1_8' title="bbox 98 754 1760 831; baseline -0.004 -19"><span class='ocrx_word' id='word_1_45' title='bbox 98 774 293 831; x_wconf 87' lang='lat' dir='ltr'>parvo</span> <span class='ocrx_word' id='word_1_46' title='bbox 317 773 565 828; x_wconf 88' lang='lat' dir='ltr'>corpore</span> <span class='ocrx_word' id='word_1_47' title='bbox 599 757 799 825; x_wconf 65' lang='lat' dir='ltr'>gratiae</span> <span class='ocrx_word' id='word_1_48' title='bbox 834 757 932 811; x_wconf 89' lang='lat' dir='ltr'>Dei</span> <span class='ocrx_word' id='word_1_49' title='bbox 995 760 1161 811; x_wconf 89' lang='lat' dir='ltr'>tanta</span> <span class='ocrx_word' id='word_1_50' title='bbox 1207 756 1369 811; x_wconf 91' lang='lat' dir='ltr'>dona</span> <span class='ocrx_word' id='word_1_51' title='bbox 1415 754 1760 809; x_wconf 77' lang='lat' dir='ltr'>exuberare.</span> 
     </span>
    </p>
   </div>
   <div class='ocr_carea' id='block_1_9' title="bbox 98 841 1768 919">
    <p class='ocr_par' dir='ltr' id='par_1_9' title="bbox 98 841 1768 919">
     <span class='ocr_line' id='line_1_9' title="bbox 98 841 1768 919; baseline -0.003 -19"><span class='ocrx_word' id='word_1_52' title='bbox 98 847 216 901; x_wconf 91' lang='lat' dir='ltr'>Sed</span> <span class='ocrx_word' id='word_1_53' title='bbox 247 847 393 919; x_wconf 86' lang='lat' dir='ltr'>quia</span> <span class='ocrx_word' id='word_1_54' title='bbox 420 846 616 900; x_wconf 91' lang='lat' dir='ltr'>adhuc</span> <span class='ocrx_word' id='word_1_55' title='bbox 666 844 918 899; x_wconf 89' lang='lat' dir='ltr'>domum</span> <span class='ocrx_word' id='word_1_56' title='bbox 967 845 1197 900; x_wconf 84' lang='lat' dir='ltr'>habitat</span> <span class='ocrx_word' id='word_1_57' title='bbox 1246 844 1491 911; x_wconf 91' lang='lat' dir='ltr'>luteam,</span> <span class='ocrx_word' id='word_1_58' title='bbox 1551 841 1768 896; x_wconf 76' lang='lat' dir='ltr'>sufﬁcit</span> 
     </span>
    </p>
   </div>
   <div class='ocr_carea' id='block_1_10' title="bbox 98 933 1767 1004">
    <p class='ocr_par' dir='ltr' id='par_1_10' title="bbox 98 933 1767 1004">
     <span class='ocr_line' id='line_1_10' title="bbox 98 933 1767 1004; baseline -0.004 -14"><span class='ocrx_word' id='word_1_59' title='bbox 98 936 217 990; x_wconf 92' lang='lat' dir='ltr'>hoc</span> <span class='ocrx_word' id='word_1_60' title='bbox 260 940 495 990; x_wconf 91' lang='lat' dir='ltr'>tantum</span> <span class='ocrx_word' id='word_1_61' title='bbox 554 934 797 989; x_wconf 78' lang='lat' dir='ltr'>dixisse.</span> <span class='ocrx_word' id='word_1_62' title='bbox 849 934 992 989; x_wconf 88' lang='lat' dir='ltr'>Dicit</span> <span class='ocrx_word' id='word_1_63' title='bbox 1035 933 1193 989; x_wconf 88' lang='lat' dir='ltr'>enim</span> <span class='ocrx_word' id='word_1_64' title='bbox 1242 933 1587 1004; x_wconf 87' lang='lat' dir='ltr'>Scriptura:</span> <span class='ocrx_word' id='word_1_65' title='bbox 1632 934 1767 984; x_wconf 83' lang='lat' dir='ltr'>«Ne</span> 
     </span>
    </p>
   </div>
   <div class='ocr_carea' id='block_1_11' title="bbox 100 1020 1727 1090">
    <p class='ocr_par' dir='ltr' id='par_1_11' title="bbox 100 1020 1727 1090">
     <span class='ocr_line' id='line_1_11' title="bbox 100 1020 1727 1090; baseline -0.003 -12"><span class='ocrx_word' id='word_1_66' title='bbox 100 1024 314 1079; x_wconf 86' lang='lat' dir='ltr'>laudes</span> <span class='ocrx_word' id='word_1_67' title='bbox 340 1023 647 1077; x_wconf 88' lang='lat' dir='ltr'>hominem</span> <span class='ocrx_word' id='word_1_68' title='bbox 680 1022 739 1076; x_wconf 91' lang='lat' dir='ltr'>in</span> <span class='ocrx_word' id='word_1_69' title='bbox 772 1022 892 1077; x_wconf 87' lang='lat' dir='ltr'>vita</span> <span class='ocrx_word' id='word_1_70' title='bbox 919 1038 1029 1077; x_wconf 90' lang='lat' dir='ltr'>sua</span> <span class='ocrx_word' id='word_1_71' title='bbox 1062 1023 1269 1089; x_wconf 88' lang='lat' dir='ltr'>(Eccli.</span> <span class='ocrx_word' id='word_1_72' title='bbox 1304 1023 1445 1090; x_wconf 67' lang='lat'>11).»</span> <span class='ocrx_word' id='word_1_73' title='bbox 1726 1020 1727 1023; x_wconf 61' lang='grc'><em>“</em></span> 
     </span>
    </p>
   </div>
   <div class='ocr_carea' id='block_1_12' title="bbox 178 1180 1769 1239">
    <p class='ocr_par' dir='ltr' id='par_1_12' title="bbox 178 1180 1769 1239">
     <span class='ocr_line' id='line_1_12' title="bbox 178 1180 1769 1239; baseline -0.003 -2"><span class='ocrx_word' id='word_1_74' title='bbox 178 1188 267 1239; x_wconf 87' lang='lat'>23.</span> <span class='ocrx_word' id='word_1_75' title='bbox 296 1182 602 1239; x_wconf 88' lang='lat' dir='ltr'>Commisit</span> <span class='ocrx_word' id='word_1_76' title='bbox 627 1187 683 1237; x_wconf 91' lang='lat' dir='ltr'>et</span> <span class='ocrx_word' id='word_1_77' title='bbox 711 1182 827 1237; x_wconf 88' lang='lat' dir='ltr'>alia</span> <span class='ocrx_word' id='word_1_78' title='bbox 854 1183 986 1237; x_wconf 92' lang='lat' dir='ltr'>loca</span> <span class='ocrx_word' id='word_1_79' title='bbox 1028 1186 1395 1238; x_wconf 84' lang='lat' dir='ltr'>memoratus</span> <span class='ocrx_word' id='word_1_80' title='bbox 1427 1197 1629 1237; x_wconf 89' lang='lat' dir='ltr'>comes</span> <span class='ocrx_word' id='word_1_81' title='bbox 1681 1180 1769 1235; x_wconf 86' lang='lat' dir='ltr'>Bi-</span> 
     </span>
    </p>
   </div>
   <div class='ocr_carea' id='block_1_13' title="bbox 102 1272 1771 1345">
    <p class='ocr_par' dir='ltr' id='par_1_13' title="bbox 102 1272 1771 1345">
     <span class='ocr_line' id='line_1_13' title="bbox 102 1272 1771 1345; baseline -0.002 -17"><span class='ocrx_word' id='word_1_82' title='bbox 102 1274 368 1328; x_wconf 81' lang='lat' dir='ltr'>chardus</span> <span class='ocrx_word' id='word_1_83' title='bbox 402 1273 679 1345; x_wconf 77' lang='lat' dir='ltr'>saepefato</span> <span class='ocrx_word' id='word_1_84' title='bbox 707 1272 915 1327; x_wconf 85' lang='lat' dir='ltr'>abbati</span> <span class='ocrx_word' id='word_1_85' title='bbox 962 1272 1281 1341; x_wconf 86' lang='lat' dir='ltr'>Willelmo,</span> <span class='ocrx_word' id='word_1_86' title='bbox 1334 1272 1551 1326; x_wconf 88' lang='lat' dir='ltr'>scilicet</span> <span class='ocrx_word' id='word_1_87' title='bbox 1604 1274 1771 1325; x_wconf 85' lang='lat' dir='ltr'>Gem-</span> 
     </span>
    </p>
   </div>
   <div class='ocr_carea' id='block_1_14' title="bbox 102 1360 1765 1433">
    <p class='ocr_par' dir='ltr' id='par_1_14' title="bbox 102 1360 1765 1433">
     <span class='ocr_line' id='line_1_14' title="bbox 102 1360 1765 1433; baseline -0.002 -16"><span class='ocrx_word' id='word_1_88' title='bbox 102 1362 411 1428; x_wconf 90' lang='lat' dir='ltr'>meticum,</span> <span class='ocrx_word' id='word_1_89' title='bbox 448 1367 512 1416; x_wconf 93' lang='lat' dir='ltr'>ut</span> <span class='ocrx_word' id='word_1_90' title='bbox 568 1363 695 1433; x_wconf 91' lang='lat' dir='ltr'>jam</span> <span class='ocrx_word' id='word_1_91' title='bbox 750 1362 1032 1427; x_wconf 73' lang='lat' dir='ltr'>diximus,</span> <span class='ocrx_word' id='word_1_92' title='bbox 1085 1361 1518 1417; x_wconf 87' lang='lat' dir='ltr'>monasterium</span> <span class='ocrx_word' id='word_1_93' title='bbox 1565 1360 1765 1417; x_wconf 90' lang='lat' dir='ltr'>Sancti</span> 
     </span>
    </p>
   </div>
   <div class='ocr_carea' id='block_1_15' title="bbox 101 1449 1766 1519">
    <p class='ocr_par' dir='ltr' id='par_1_15' title="bbox 101 1449 1766 1519">
     <span class='ocr_line' id='line_1_15' title="bbox 101 1449 1766 1519; baseline -0.002 -13"><span class='ocrx_word' id='word_1_94' title='bbox 101 1451 397 1519; x_wconf 85' lang='lat' dir='ltr'>Audoeni,</span> <span class='ocrx_word' id='word_1_95' title='bbox 430 1456 698 1506; x_wconf 90' lang='lat' dir='ltr'>montem</span> <span class='ocrx_word' id='word_1_96' title='bbox 734 1452 931 1507; x_wconf 88' lang='lat' dir='ltr'>Sancti</span> <span class='ocrx_word' id='word_1_97' title='bbox 959 1452 1251 1507; x_wconf 85' lang='lat' dir='ltr'>Michaelis</span> <span class='ocrx_word' id='word_1_98' title='bbox 1280 1450 1646 1517; x_wconf 78' lang='lat' dir='ltr'>archangeli,</span> <span class='ocrx_word' id='word_1_99' title='bbox 1706 1449 1766 1503; x_wconf 92' lang='lat' dir='ltr'>in</span> 
     </span>
    </p>
   </div>
   <div class='ocr_carea' id='block_1_16' title="bbox 102 1538 1778 1612">
    <p class='ocr_par' dir='ltr' id='par_1_16' title="bbox 102 1538 1778 1612">
     <span class='ocr_line' id='line_1_16' title="bbox 102 1538 1778 1612; baseline -0.002 -17"><span class='ocrx_word' id='word_1_100' title='bbox 102 1556 232 1612; x_wconf 92' lang='lat' dir='ltr'>quo</span> <span class='ocrx_word' id='word_1_101' title='bbox 264 1540 396 1595; x_wconf 92' lang='lat' dir='ltr'>loco</span> <span class='ocrx_word' id='word_1_102' title='bbox 439 1544 575 1612; x_wconf 90' lang='lat' dir='ltr'>post</span> <span class='ocrx_word' id='word_1_103' title='bbox 606 1545 859 1595; x_wconf 90' lang='lat' dir='ltr'>mortem</span> <span class='ocrx_word' id='word_1_104' title='bbox 892 1540 1074 1596; x_wconf 87' lang='lat' dir='ltr'>Patris</span> <span class='ocrx_word' id='word_1_105' title='bbox 1113 1540 1396 1612; x_wconf 79' lang='lat' dir='ltr'>praedicti,</span> <span class='ocrx_word' id='word_1_106' title='bbox 1458 1538 1778 1610; x_wconf 68' lang='grc' dir='ltr'>ευριιᾶόὶοπ</span> 
     </span>
    </p>
   </div>
   <div class='ocr_carea' id='block_1_17' title="bbox 106 1627 1771 1700">
    <p class='ocr_par' dir='ltr' id='par_1_17' title="bbox 106 1627 1771 1700">
     <span class='ocr_line' id='line_1_17' title="bbox 106 1627 1771 1700; baseline -0.002 -16"><span class='ocrx_word' id='word_1_107' title='bbox 106 1634 206 1685; x_wconf 88' lang='lat' dir='ltr'>tus</span> <span class='ocrx_word' id='word_1_108' title='bbox 256 1632 514 1684; x_wconf 87' lang='lat' dir='ltr'>Joannes</span> <span class='ocrx_word' id='word_1_109' title='bbox 564 1629 757 1684; x_wconf 90' lang='lat' dir='ltr'>abbas</span> <span class='ocrx_word' id='word_1_110' title='bbox 818 1630 1119 1685; x_wconf 88' lang='lat' dir='ltr'>constituit</span> <span class='ocrx_word' id='word_1_111' title='bbox 1166 1633 1397 1684; x_wconf 86' lang='lat' dir='ltr'>Patrem</span> <span class='ocrx_word' id='word_1_112' title='bbox 1440 1627 1771 1700; x_wconf 90' lang='lat' dir='ltr'>quemdam</span> 
     </span>
    </p>
   </div>
   <div class='ocr_carea' id='block_1_18' title="bbox 1871 484 3526 559">
    <p class='ocr_par' dir='ltr' id='par_1_18' title="bbox 1871 484 3526 559">
     <span class='ocr_line' id='line_1_18' title="bbox 1871 484 3526 559; baseline 0.005 -20"><span class='ocrx_word' id='word_1_113' title='bbox 1871 484 2111 556; x_wconf 91' lang='lat' dir='ltr'>adjutus</span> <span class='ocrx_word' id='word_1_114' title='bbox 2137 487 2433 558; x_wconf 89' lang='lat' dir='ltr'>precibus,</span> <span class='ocrx_word' id='word_1_115' title='bbox 2468 492 2523 542; x_wconf 89' lang='lat' dir='ltr'>et</span> <span class='ocrx_word' id='word_1_116' title='bbox 2554 488 2613 542; x_wconf 91' lang='lat' dir='ltr'>in</span> <span class='ocrx_word' id='word_1_117' title='bbox 2642 489 2805 548; x_wconf 65' lang='lat' dir='ltr'>caelis</span> <span class='ocrx_word' id='word_1_118' title='bbox 2826 507 2963 545; x_wconf 91' lang='lat' dir='ltr'>cum</span> <span class='ocrx_word' id='word_1_119' title='bbox 2995 506 3065 545; x_wconf 93' lang='lat' dir='ltr'>eo</span> <span class='ocrx_word' id='word_1_120' title='bbox 3095 490 3345 559; x_wconf 84' lang='lat' dir='ltr'>gloriam</span> <span class='ocrx_word' id='word_1_121' title='bbox 3386 498 3441 548; x_wconf 92' lang='lat' dir='ltr'>et</span> <span class='ocrx_word' id='word_1_122' title='bbox 3465 495 3526 548; x_wconf 91' lang='lat' dir='ltr'>in</span> 
     </span>
    </p>
   </div>
   <div class='ocr_carea' id='block_1_19' title="bbox 1873 577 3532 654">
    <p class='ocr_par' dir='ltr' id='par_1_19' title="bbox 1873 577 3532 654">
     <span class='ocr_line' id='line_1_19' title="bbox 1873 577 3532 654; baseline 0.005 -25"><span class='ocrx_word' id='word_1_123' title='bbox 1873 578 2026 630; x_wconf 89' lang='lat' dir='ltr'>terra</span> <span class='ocrx_word' id='word_1_124' title='bbox 2034 577 2205 645; x_wconf 81' lang='lat' dir='ltr'>juxta</span> <span class='ocrx_word' id='word_1_125' title='bbox 2222 578 2351 646; x_wconf 91' lang='lat' dir='ltr'>ejus</span> <span class='ocrx_word' id='word_1_126' title='bbox 2373 578 2675 633; x_wconf 90' lang='lat' dir='ltr'>tumulum</span> <span class='ocrx_word' id='word_1_127' title='bbox 2703 579 3069 649; x_wconf 74' lang='lat' dir='ltr'>condignam</span> <span class='ocrx_word' id='word_1_128' title='bbox 3086 581 3313 653; x_wconf 91' lang='lat' dir='ltr'>accepit</span> <span class='ocrx_word' id='word_1_129' title='bbox 3339 582 3532 654; x_wconf 86' lang='lat' dir='ltr'>sepul-</span> 
     </span>
    </p>
   </div>
   <div class='ocr_carea' id='block_1_20' title="bbox 1874 666 3532 737">
    <p class='ocr_par' dir='ltr' id='par_1_20' title="bbox 1874 666 3532 737">
     <span class='ocr_line' id='line_1_20' title="bbox 1874 666 3532 737; baseline 0.005 -19"><span class='ocrx_word' id='word_1_130' title='bbox 1874 668 2088 719; x_wconf 89' lang='lat' dir='ltr'>turam.</span> <span class='ocrx_word' id='word_1_131' title='bbox 2124 666 2304 735; x_wconf 87' lang='lat' dir='ltr'>Cujus</span> <span class='ocrx_word' id='word_1_132' title='bbox 2338 682 2527 736; x_wconf 89' lang='lat' dir='ltr'>soror,</span> <span class='ocrx_word' id='word_1_133' title='bbox 2560 668 2801 723; x_wconf 89' lang='lat' dir='ltr'>nomine</span> <span class='ocrx_word' id='word_1_134' title='bbox 2836 668 3066 737; x_wconf 88' lang='lat' dir='ltr'>Liliosa,</span> <span class='ocrx_word' id='word_1_135' title='bbox 3109 669 3184 725; x_wconf 93' lang='lat' dir='ltr'>ad</span> <span class='ocrx_word' id='word_1_136' title='bbox 3219 671 3407 725; x_wconf 83' lang='lat' dir='ltr'>sancti</span> <span class='ocrx_word' id='word_1_137' title='bbox 3431 673 3532 727; x_wconf 92' lang='lat' dir='ltr'>Be-</span> 
     </span>
    </p>
   </div>
   <div class='ocr_carea' id='block_1_21' title="bbox 1874 752 3532 829">
    <p class='ocr_par' dir='ltr' id='par_1_21' title="bbox 1874 752 3532 829">
     <span class='ocr_line' id='line_1_21' title="bbox 1874 752 3532 829; baseline 0.004 -23"><span class='ocrx_word' id='word_1_138' title='bbox 1874 752 2040 819; x_wconf 90' lang='lat' dir='ltr'>nigni</span> <span class='ocrx_word' id='word_1_139' title='bbox 2067 752 2310 807; x_wconf 91' lang='lat' dir='ltr'>veniens</span> <span class='ocrx_word' id='word_1_140' title='bbox 2348 753 2575 823; x_wconf 90' lang='lat' dir='ltr'>limina,</span> <span class='ocrx_word' id='word_1_141' title='bbox 2610 756 2963 827; x_wconf 65' lang='lat' dir='ltr'>praedictum</span> <span class='ocrx_word' id='word_1_142' title='bbox 3004 757 3297 829; x_wconf 74' lang='lat' dir='ltr'>praedium</span> <span class='ocrx_word' id='word_1_143' title='bbox 3353 775 3532 813; x_wconf 91' lang='lat' dir='ltr'>suum</span> 
     </span>
    </p>
   </div>
   <div class='ocr_carea' id='block_1_22' title="bbox 1875 840 3529 918">
    <p class='ocr_par' dir='ltr' id='par_1_22' title="bbox 1875 840 3529 918">
     <span class='ocr_line' id='line_1_22' title="bbox 1875 840 3529 918; baseline 0.005 -24"><span class='ocrx_word' id='word_1_144' title='bbox 1875 840 2123 896; x_wconf 89' lang='lat' dir='ltr'>donavit</span> <span class='ocrx_word' id='word_1_145' title='bbox 2147 844 2358 898; x_wconf 89' lang='lat' dir='ltr'>Sancto</span> <span class='ocrx_word' id='word_1_146' title='bbox 2396 844 2653 913; x_wconf 77' lang='lat' dir='ltr'>Benigno</span> <span class='ocrx_word' id='word_1_147' title='bbox 2680 845 2928 915; x_wconf 88' lang='lat' dir='ltr'>martyri</span> <span class='ocrx_word' id='word_1_148' title='bbox 2957 862 3066 918; x_wconf 92' lang='lat' dir='ltr'>pro</span> <span class='ocrx_word' id='word_1_149' title='bbox 3107 846 3302 902; x_wconf 84' lang='lat' dir='ltr'>fratris</span> <span class='ocrx_word' id='word_1_150' title='bbox 3324 848 3416 902; x_wconf 90' lang='lat' dir='ltr'>sui</span> <span class='ocrx_word' id='word_1_151' title='bbox 3439 863 3529 902; x_wconf 92' lang='lat' dir='ltr'>se-</span> 
     </span>
    </p>
   </div>
   <div class='ocr_carea' id='block_1_23' title="bbox 1877 928 3530 1002">
    <p class='ocr_par' dir='ltr' id='par_1_23' title="bbox 1877 928 3530 1002">
     <span class='ocr_line' id='line_1_23' title="bbox 1877 928 3530 1002; baseline 0.005 -21"><span class='ocrx_word' id='word_1_152' title='bbox 1877 928 2149 999; x_wconf 89' lang='lat' dir='ltr'>pultura;</span> <span class='ocrx_word' id='word_1_153' title='bbox 2179 929 2239 983; x_wconf 90' lang='lat' dir='ltr'>in</span> <span class='ocrx_word' id='word_1_154' title='bbox 2269 947 2390 1002; x_wconf 93' lang='lat' dir='ltr'>quo</span> <span class='ocrx_word' id='word_1_155' title='bbox 2428 930 2559 986; x_wconf 90' lang='lat' dir='ltr'>loco</span> <span class='ocrx_word' id='word_1_156' title='bbox 2600 932 3046 989; x_wconf 78' lang='lat' dir='ltr'>eediﬁcaverunt</span> <span class='ocrx_word' id='word_1_157' title='bbox 3095 934 3408 990; x_wconf 90' lang='lat' dir='ltr'>ecclesiam</span> <span class='ocrx_word' id='word_1_158' title='bbox 3466 935 3530 990; x_wconf 90' lang='lat' dir='ltr'>in</span> 
     </span>
    </p>
   </div>
   <div class='ocr_carea' id='block_1_24' title="bbox 1877 1016 3529 1090">
    <p class='ocr_par' dir='ltr' id='par_1_24' title="bbox 1877 1016 3529 1090">
     <span class='ocr_line' id='line_1_24' title="bbox 1877 1016 3529 1090; baseline 0.004 -19"><span class='ocrx_word' id='word_1_159' title='bbox 1877 1016 2104 1072; x_wconf 90' lang='lat' dir='ltr'>honore</span> <span class='ocrx_word' id='word_1_160' title='bbox 2145 1019 2333 1073; x_wconf 90' lang='lat' dir='ltr'>sancti</span> <span class='ocrx_word' id='word_1_161' title='bbox 2366 1019 2630 1089; x_wconf 86' lang='lat' dir='ltr'>Benigni,</span> <span class='ocrx_word' id='word_1_162' title='bbox 2666 1026 2774 1075; x_wconf 89' lang='lat' dir='ltr'>etc.</span> <span class='ocrx_word' id='word_1_163' title='bbox 2810 1024 2972 1075; x_wconf 88' lang='lat' dir='ltr'>Hunc</span> <span class='ocrx_word' id='word_1_164' title='bbox 3002 1038 3145 1090; x_wconf 86' lang='lat' dir='ltr'>ergo</span> <span class='ocrx_word' id='word_1_165' title='bbox 3178 1022 3379 1077; x_wconf 91' lang='lat' dir='ltr'>locum</span> <span class='ocrx_word' id='word_1_166' title='bbox 3433 1039 3529 1078; x_wconf 91' lang='lat' dir='ltr'>su-</span> 
     </span>
    </p>
   </div>
   <div class='ocr_carea' id='block_1_25' title="bbox 1877 1106 3535 1181">
    <p class='ocr_par' dir='ltr' id='par_1_25' title="bbox 1877 1106 3535 1181">
     <span class='ocr_line' id='line_1_25' title="bbox 1877 1106 3535 1181; baseline 0.005 -21"><span class='ocrx_word' id='word_1_167' title='bbox 1877 1106 2182 1178; x_wconf 90' lang='lat' dir='ltr'>pradictus</span> <span class='ocrx_word' id='word_1_168' title='bbox 2213 1108 2475 1162; x_wconf 90' lang='lat' dir='ltr'>domnus</span> <span class='ocrx_word' id='word_1_169' title='bbox 2506 1109 2783 1164; x_wconf 85' lang='lat' dir='ltr'>Arnulfus</span> <span class='ocrx_word' id='word_1_170' title='bbox 2801 1110 2912 1164; x_wconf 88' lang='lat' dir='ltr'>sibi</span> <span class='ocrx_word' id='word_1_171' title='bbox 2943 1110 3165 1181; x_wconf 85' lang='lat' dir='ltr'>eligens</span> <span class='ocrx_word' id='word_1_172' title='bbox 3195 1113 3360 1167; x_wconf 91' lang='lat' dir='ltr'>omni</span> <span class='ocrx_word' id='word_1_173' title='bbox 3391 1129 3535 1168; x_wconf 91' lang='lat' dir='ltr'>cura</span> 
     </span>
    </p>
   </div>
   <div class='ocr_carea' id='block_1_26' title="bbox 1880 1195 3535 1271">
    <p class='ocr_par' dir='ltr' id='par_1_26' title="bbox 1880 1195 3535 1271">
     <span class='ocr_line' id='line_1_26' title="bbox 1880 1195 3535 1271; baseline 0.005 -22"><span class='ocrx_word' id='word_1_174' title='bbox 1880 1195 2103 1250; x_wconf 89' lang='lat' dir='ltr'>studuit</span> <span class='ocrx_word' id='word_1_175' title='bbox 2132 1213 2270 1251; x_wconf 89' lang='lat' dir='ltr'>eum</span> <span class='ocrx_word' id='word_1_176' title='bbox 2316 1203 2704 1266; x_wconf 86' lang='lat' dir='ltr'>augmentare</span> <span class='ocrx_word' id='word_1_177' title='bbox 2740 1218 2751 1265; x_wconf 95' lang='lat'>;</span> <span class='ocrx_word' id='word_1_178' title='bbox 2789 1216 2860 1254; x_wconf 91' lang='lat' dir='ltr'>ac</span> <span class='ocrx_word' id='word_1_179' title='bbox 2906 1200 3164 1271; x_wconf 88' lang='lat' dir='ltr'>primam</span> <span class='ocrx_word' id='word_1_180' title='bbox 3220 1201 3535 1257; x_wconf 90' lang='lat' dir='ltr'>basilicam</span> 
     </span>
    </p>
   </div>
   <div class='ocr_carea' id='block_1_27' title="bbox 1878 1284 3540 1363">
    <p class='ocr_par' dir='ltr' id='par_1_27' title="bbox 1878 1284 3540 1363">
     <span class='ocr_line' id='line_1_27' title="bbox 1878 1284 3540 1363; baseline 0.006 -26"><span class='ocrx_word' id='word_1_181' title='bbox 1878 1284 1959 1338; x_wconf 90' lang='lat' dir='ltr'>ibi</span> <span class='ocrx_word' id='word_1_182' title='bbox 1976 1301 2262 1353; x_wconf 88' lang='lat' dir='ltr'>magnam</span> <span class='ocrx_word' id='word_1_183' title='bbox 2286 1292 2659 1350; x_wconf 88' lang='lat' dir='ltr'>construens,</span> <span class='ocrx_word' id='word_1_184' title='bbox 2680 1288 3070 1361; x_wconf 81' lang='lat' dir='ltr'>ofﬁcinasque</span> <span class='ocrx_word' id='word_1_185' title='bbox 3092 1306 3160 1346; x_wconf 89' lang='lat' dir='ltr'>ac</span> <span class='ocrx_word' id='word_1_186' title='bbox 3185 1291 3415 1363; x_wconf 90' lang='lat' dir='ltr'>reliqua</span> <span class='ocrx_word' id='word_1_187' title='bbox 3435 1292 3540 1347; x_wconf 88' lang='lat' dir='ltr'>ha-</span> 
     </span>
    </p>
   </div>
   <div class='ocr_carea' id='block_1_28' title="bbox 1879 1372 3536 1445">
    <p class='ocr_par' dir='ltr' id='par_1_28' title="bbox 1879 1372 3536 1445">
     <span class='ocr_line' id='line_1_28' title="bbox 1879 1372 3536 1445; baseline 0.005 -18"><span class='ocrx_word' id='word_1_188' title='bbox 1879 1372 2140 1428; x_wconf 90' lang='lat' dir='ltr'>bitacula</span> <span class='ocrx_word' id='word_1_189' title='bbox 2170 1376 2481 1430; x_wconf 87' lang='lat' dir='ltr'>monachis</span> <span class='ocrx_word' id='word_1_190' title='bbox 2506 1376 2689 1445; x_wconf 84' lang='lat' dir='ltr'>utilia,</span> <span class='ocrx_word' id='word_1_191' title='bbox 2717 1378 2917 1432; x_wconf 90' lang='lat' dir='ltr'>nobile</span> <span class='ocrx_word' id='word_1_192' title='bbox 2945 1378 3287 1434; x_wconf 83' lang='lat' dir='ltr'>coenobium</span> <span class='ocrx_word' id='word_1_193' title='bbox 3320 1381 3536 1435; x_wconf 90' lang='lat' dir='ltr'>consti-</span> 
     </span>
    </p>
   </div>
   <div class='ocr_carea' id='block_1_29' title="bbox 1882 1461 3525 1539">
    <p class='ocr_par' dir='ltr' id='par_1_29' title="bbox 1882 1461 3525 1539">
     <span class='ocr_line' id='line_1_29' title="bbox 1882 1461 3525 1539; baseline 0.006 -24"><span class='ocrx_word' id='word_1_194' title='bbox 1882 1461 2006 1530; x_wconf 92' lang='lat' dir='ltr'>tuit,</span> <span class='ocrx_word' id='word_1_195' title='bbox 2027 1464 2627 1537; x_wconf 88' lang='lat' dir='ltr'>possessionibusque</span> <span class='ocrx_word' id='word_1_196' title='bbox 2642 1482 2710 1521; x_wconf 91' lang='lat' dir='ltr'>ac</span> <span class='ocrx_word' id='word_1_197' title='bbox 2743 1467 2906 1521; x_wconf 87' lang='lat' dir='ltr'>terris</span> <span class='ocrx_word' id='word_1_198' title='bbox 2928 1484 3145 1537; x_wconf 88' lang='lat' dir='ltr'>augere</span> <span class='ocrx_word' id='word_1_199' title='bbox 3164 1470 3525 1539; x_wconf 87' lang='lat' dir='ltr'>procuravit.</span> 
     </span>
    </p>
   </div>
   <div class='ocr_carea' id='block_1_30' title="bbox 1950 1570 3535 1641">
    <p class='ocr_par' dir='ltr' id='par_1_30' title="bbox 1950 1570 3535 1641">
     <span class='ocr_line' id='line_1_30' title="bbox 1950 1570 3535 1641; baseline 0.005 -18"><span class='ocrx_word' id='word_1_200' title='bbox 1950 1570 2145 1624; x_wconf 78' lang='lat' dir='ltr'>Multa</span> <span class='ocrx_word' id='word_1_201' title='bbox 2174 1570 2481 1641; x_wconf 87' lang='lat' dir='ltr'>subjungit</span> <span class='ocrx_word' id='word_1_202' title='bbox 2506 1580 2717 1628; x_wconf 89' lang='lat' dir='ltr'>auctor</span> <span class='ocrx_word' id='word_1_203' title='bbox 2760 1574 2832 1629; x_wconf 88' lang='lat' dir='ltr'>de</span> <span class='ocrx_word' id='word_1_204' title='bbox 2882 1577 3065 1629; x_wconf 85' lang='lat' dir='ltr'>variis</span> <span class='ocrx_word' id='word_1_205' title='bbox 3113 1576 3535 1632; x_wconf 79' lang='lat' dir='ltr'>donationibus</span> 
     </span>
    </p>
   </div>
   <div class='ocr_carea' id='block_1_31' title="bbox 1883 1664 3526 1738">
    <p class='ocr_par' dir='ltr' id='par_1_31' title="bbox 1883 1664 3526 1738">
     <span class='ocr_line' id='line_1_31' title="bbox 1883 1664 3526 1738; baseline 0.006 -25"><span class='ocrx_word' id='word_1_206' title='bbox 1883 1665 2023 1715; x_wconf 89' lang='lat' dir='ltr'>tunc</span> <span class='ocrx_word' id='word_1_207' title='bbox 2051 1664 2329 1730; x_wconf 85' lang='lat' dir='ltr'>temporis</span> <span class='ocrx_word' id='word_1_208' title='bbox 2359 1666 2714 1719; x_wconf 84' lang='lat' dir='ltr'>monasterio</span> <span class='ocrx_word' id='word_1_209' title='bbox 2745 1666 3119 1735; x_wconf 82' lang='lat' dir='ltr'>Benigniano</span> <span class='ocrx_word' id='word_1_210' title='bbox 3146 1668 3349 1735; x_wconf 86' lang='lat' dir='ltr'>factis,</span> <span class='ocrx_word' id='word_1_211' title='bbox 3394 1684 3526 1738; x_wconf 72' lang='lat' dir='ltr'>quae</span> 
     </span>
    </p>
   </div>
   <div class='ocr_carea' id='block_1_32' title="bbox 108 1718 3538 1822">
    <p class='ocr_par' dir='ltr' id='par_1_32' title="bbox 108 1718 3538 1822">
     <span class='ocr_line' id='line_1_32' title="bbox 108 1718 3538 1822; baseline -0.002 -49"><span class='ocrx_word' id='word_1_212' title='bbox 108 1719 484 1773; x_wconf 88' lang='lat' dir='ltr'>monachum</span> <span class='ocrx_word' id='word_1_213' title='bbox 512 1718 930 1789; x_wconf 72' lang='lat' dir='ltr'>prtenominati</span> <span class='ocrx_word' id='word_1_214' title='bbox 964 1719 1150 1773; x_wconf 88' lang='lat' dir='ltr'>Patris</span> <span class='ocrx_word' id='word_1_215' title='bbox 1175 1718 1461 1772; x_wconf 89' lang='lat' dir='ltr'>Willelmi.</span> <span class='ocrx_word' id='word_1_216' title='bbox 1519 1720 1771 1771; x_wconf 89' lang='lat' dir='ltr'>Vocatus</span> <span class='ocrx_word' id='word_1_217' title='bbox 1803 1750 1842 1803; x_wconf 75' lang='grc' dir='ltr'>Β</span> <span class='ocrx_word' id='word_1_218' title='bbox 1883 1749 1999 1804; x_wconf 64' lang='lat' dir='ltr'>huc</span> <span class='ocrx_word' id='word_1_219' title='bbox 2046 1718 2272 1819; x_wconf 60' lang='lat' dir='ltr'>refe‘rre</span> <span class='ocrx_word' id='word_1_220' title='bbox 2299 1768 2493 1820; x_wconf 56' lang='lat' dir='ltr'>Operm</span> <span class='ocrx_word' id='word_1_221' title='bbox 2516 1756 2778 1822; x_wconf 52' lang='lat' dir='ltr'>pretium</span> <span class='ocrx_word' id='word_1_222' title='bbox 2808 1718 3538 1814; x_wconf 41' lang='lat' dir='ltr'>gg&#39;tméezi&quot;;</span> 
     </span>
    </p>
   </div>
   <div class='ocr_carea' id='block_1_33' title="bbox 105 1808 1773 1879">
    <p class='ocr_par' dir='ltr' id='par_1_33' title="bbox 105 1808 1773 1879">
     <span class='ocr_line' id='line_1_33' title="bbox 105 1808 1773 1879; baseline -0.002 -17"><span class='ocrx_word' id='word_1_223' title='bbox 105 1814 199 1863; x_wconf 91' lang='lat' dir='ltr'>est</span> <span class='ocrx_word' id='word_1_224' title='bbox 229 1813 428 1863; x_wconf 89' lang='lat' dir='ltr'>autem</span> <span class='ocrx_word' id='word_1_225' title='bbox 474 1808 664 1862; x_wconf 88' lang='lat' dir='ltr'>isdem</span> <span class='ocrx_word' id='word_1_226' title='bbox 717 1808 893 1863; x_wconf 91' lang='lat' dir='ltr'>frater</span> <span class='ocrx_word' id='word_1_227' title='bbox 951 1808 1175 1879; x_wconf 83' lang='lat' dir='ltr'>Subpo,</span> <span class='ocrx_word' id='word_1_228' title='bbox 1209 1810 1615 1862; x_wconf 84' lang='lat' dir='ltr'>Romanorum</span> <span class='ocrx_word' id='word_1_229' title='bbox 1671 1821 1773 1876; x_wconf 93' lang='lat' dir='ltr'>pa-</span> 
     </span>
    </p>
   </div>
   <div class='ocr_carea' id='block_1_34' title="bbox 108 1894 1773 1968">
    <p class='ocr_par' dir='ltr' id='par_1_34' title="bbox 108 1894 1773 1968">
     <span class='ocr_line' id='line_1_34' title="bbox 108 1894 1773 1968; baseline -0.002 -15"><span class='ocrx_word' id='word_1_230' title='bbox 108 1898 223 1953; x_wconf 88' lang='lat' dir='ltr'>tria</span> <span class='ocrx_word' id='word_1_231' title='bbox 277 1902 536 1963; x_wconf 85' lang='lat' dir='ltr'>exortus,</span> <span class='ocrx_word' id='word_1_232' title='bbox 600 1902 655 1952; x_wconf 90' lang='lat' dir='ltr'>et</span> <span class='ocrx_word' id='word_1_233' title='bbox 715 1899 841 1968; x_wconf 90' lang='lat' dir='ltr'>jam</span> <span class='ocrx_word' id='word_1_234' title='bbox 918 1898 1056 1952; x_wconf 91' lang='lat' dir='ltr'>dicti</span> <span class='ocrx_word' id='word_1_235' title='bbox 1112 1896 1383 1966; x_wconf 84' lang='lat' dir='ltr'>magistri</span> <span class='ocrx_word' id='word_1_236' title='bbox 1458 1894 1773 1951; x_wconf 88' lang='lat' dir='ltr'>institutio-</span> 
     </span>
    </p>
   </div>
   <div class='ocr_carea' id='block_1_35' title="bbox 102 1984 1772 2056">
    <p class='ocr_par' dir='ltr' id='par_1_35' title="bbox 102 1984 1772 2056">
     <span class='ocr_line' id='line_1_35' title="bbox 102 1984 1772 2056; baseline -0.002 -15"><span class='ocrx_word' id='word_1_237' title='bbox 102 2003 184 2042; x_wconf 87' lang='lat' dir='ltr'>ne</span> <span class='ocrx_word' id='word_1_238' title='bbox 231 1986 291 2041; x_wconf 91' lang='lat' dir='ltr'>in</span> <span class='ocrx_word' id='word_1_239' title='bbox 345 1986 510 2041; x_wconf 91' lang='lat' dir='ltr'>omni</span> <span class='ocrx_word' id='word_1_240' title='bbox 590 1987 901 2041; x_wconf 89' lang='lat' dir='ltr'>sanctitate</span> <span class='ocrx_word' id='word_1_241' title='bbox 949 1986 1260 2040; x_wconf 84' lang='lat' dir='ltr'>educatus.</span> <span class='ocrx_word' id='word_1_242' title='bbox 1339 1984 1448 2049; x_wconf 90' lang='lat' dir='ltr'>Qui</span> <span class='ocrx_word' id='word_1_243' title='bbox 1506 1988 1772 2056; x_wconf 89' lang='lat' dir='ltr'>postmo-</span> 
     </span>
    </p>
   </div>
   <div class='ocr_carea' id='block_1_36' title="bbox 109 2071 1773 2147">
    <p class='ocr_par' dir='ltr' id='par_1_36' title="bbox 109 2071 1773 2147">
     <span class='ocr_line' id='line_1_36' title="bbox 109 2071 1773 2147; baseline -0.002 -17"><span class='ocrx_word' id='word_1_244' title='bbox 109 2075 264 2131; x_wconf 92' lang='lat' dir='ltr'>dum</span> <span class='ocrx_word' id='word_1_245' title='bbox 294 2075 665 2147; x_wconf 89' lang='lat' dir='ltr'>quibusdam</span> <span class='ocrx_word' id='word_1_246' title='bbox 709 2074 1227 2130; x_wconf 89' lang='lat' dir='ltr'>contrarietatibus</span> <span class='ocrx_word' id='word_1_247' title='bbox 1282 2072 1521 2138; x_wconf 84' lang='lat' dir='ltr'>exortis,</span> <span class='ocrx_word' id='word_1_248' title='bbox 1574 2071 1773 2127; x_wconf 91' lang='lat' dir='ltr'>relicto</span> 
     </span>
    </p>
   </div>
   <div class='ocr_carea' id='block_1_37' title="bbox 104 2160 1775 2237">
    <p class='ocr_par' dir='ltr' id='par_1_37' title="bbox 104 2160 1775 2237">
     <span class='ocr_line' id='line_1_37' title="bbox 104 2160 1775 2237; baseline -0.004 -16"><span class='ocrx_word' id='word_1_249' title='bbox 104 2166 247 2237; x_wconf 92' lang='lat' dir='ltr'>ipso</span> <span class='ocrx_word' id='word_1_250' title='bbox 285 2164 437 2233; x_wconf 93' lang='lat' dir='ltr'>loco,</span> <span class='ocrx_word' id='word_1_251' title='bbox 472 2164 991 2220; x_wconf 88' lang='lat' dir='ltr'>Fructuariensem</span> <span class='ocrx_word' id='word_1_252' title='bbox 1022 2168 1135 2231; x_wconf 85' lang='lat'>(13)</span> <span class='ocrx_word' id='word_1_253' title='bbox 1164 2162 1469 2218; x_wconf 90' lang='lat' dir='ltr'>abbatiam</span> <span class='ocrx_word' id='word_1_254' title='bbox 1502 2160 1775 2233; x_wconf 90' lang='lat' dir='ltr'>pluribus</span> 
     </span>
    </p>
   </div>
   <div class='ocr_carea' id='block_1_38' title="bbox 104 2250 1776 2311">
    <p class='ocr_par' dir='ltr' id='par_1_38' title="bbox 104 2250 1776 2311">
     <span class='ocr_line' id='line_1_38' title="bbox 104 2250 1776 2311; baseline -0.004 -1"><span class='ocrx_word' id='word_1_255' title='bbox 104 2254 287 2311; x_wconf 85' lang='lat' dir='ltr'>annis</span> <span class='ocrx_word' id='word_1_256' title='bbox 318 2254 486 2309; x_wconf 79' lang='lat' dir='ltr'>rexit.</span> <span class='ocrx_word' id='word_1_257' title='bbox 518 2254 830 2309; x_wconf 83' lang='lat' dir='ltr'>Botbertus</span> <span class='ocrx_word' id='word_1_258' title='bbox 863 2255 1042 2308; x_wconf 91' lang='lat' dir='ltr'>etiam</span> <span class='ocrx_word' id='word_1_259' title='bbox 1086 2269 1189 2307; x_wconf 81' lang='lat' dir='ltr'>rex</span> <span class='ocrx_word' id='word_1_260' title='bbox 1228 2251 1539 2306; x_wconf 87' lang='lat' dir='ltr'>abbatiam</span> <span class='ocrx_word' id='word_1_261' title='bbox 1581 2250 1776 2305; x_wconf 91' lang='lat' dir='ltr'>Sancti</span> 
     </span>
    </p>
   </div>
   <div class='ocr_carea' id='block_1_39' title="bbox 105 2339 1776 2415">
    <p class='ocr_par' dir='ltr' id='par_1_39' title="bbox 105 2339 1776 2415">
     <span class='ocr_line' id='line_1_39' title="bbox 105 2339 1776 2415; baseline -0.004 -17"><span class='ocrx_word' id='word_1_262' title='bbox 105 2343 391 2399; x_wconf 89' lang='lat' dir='ltr'>Germani</span> <span class='ocrx_word' id='word_1_263' title='bbox 434 2342 599 2415; x_wconf 86' lang='lat' dir='ltr'>apud</span> <span class='ocrx_word' id='word_1_264' title='bbox 654 2342 908 2397; x_wconf 88' lang='lat' dir='ltr'>Parisius</span> <span class='ocrx_word' id='word_1_265' title='bbox 961 2345 1237 2413; x_wconf 89' lang='lat' dir='ltr'>precatus</span> <span class='ocrx_word' id='word_1_266' title='bbox 1290 2345 1377 2395; x_wconf 90' lang='lat' dir='ltr'>est</span> <span class='ocrx_word' id='word_1_267' title='bbox 1423 2339 1776 2412; x_wconf 74' lang='lat' dir='ltr'>praedictum</span> 
     </span>
    </p>
   </div>
   <div class='ocr_carea' id='block_1_40' title="bbox 109 2428 1774 2503">
    <p class='ocr_par' dir='ltr' id='par_1_40' title="bbox 109 2428 1774 2503">
     <span class='ocr_line' id='line_1_40' title="bbox 109 2428 1774 2503; baseline -0.005 -14"><span class='ocrx_word' id='word_1_268' title='bbox 109 2437 346 2489; x_wconf 85' lang='lat' dir='ltr'>Patrem</span> <span class='ocrx_word' id='word_1_269' title='bbox 378 2436 442 2487; x_wconf 92' lang='lat' dir='ltr'>ut</span> <span class='ocrx_word' id='word_1_270' title='bbox 481 2432 824 2503; x_wconf 89' lang='lat' dir='ltr'>susciperet,</span> <span class='ocrx_word' id='word_1_271' title='bbox 851 2436 906 2487; x_wconf 90' lang='lat' dir='ltr'>et</span> <span class='ocrx_word' id='word_1_272' title='bbox 932 2430 1264 2486; x_wconf 91' lang='lat' dir='ltr'>secundum</span> <span class='ocrx_word' id='word_1_273' title='bbox 1292 2428 1627 2499; x_wconf 88' lang='lat' dir='ltr'>regularem</span> <span class='ocrx_word' id='word_1_274' title='bbox 1685 2428 1774 2482; x_wconf 91' lang='lat' dir='ltr'>in-</span> 
     </span>
    </p>
   </div>
   <div class='ocr_carea' id='block_1_41' title="bbox 110 2518 1779 2585">
    <p class='ocr_par' dir='ltr' id='par_1_41' title="bbox 110 2518 1779 2585">
     <span class='ocr_line' id='line_1_41' title="bbox 110 2518 1779 2585; baseline -0.004 -9"><span class='ocrx_word' id='word_1_275' title='bbox 110 2522 483 2578; x_wconf 85' lang='lat' dir='ltr'>stitutionem</span> <span class='ocrx_word' id='word_1_276' title='bbox 512 2521 832 2577; x_wconf 89' lang='lat' dir='ltr'>ordinaret.</span> <span class='ocrx_word' id='word_1_277' title='bbox 886 2520 1059 2585; x_wconf 89' lang='lat' dir='ltr'>Quod</span> <span class='ocrx_word' id='word_1_278' title='bbox 1104 2524 1161 2574; x_wconf 87' lang='lat' dir='ltr'>ct</span> <span class='ocrx_word' id='word_1_279' title='bbox 1213 2518 1365 2573; x_wconf 91' lang='lat' dir='ltr'>fecit.</span> <span class='ocrx_word' id='word_1_280' title='bbox 1424 2521 1663 2573; x_wconf 90' lang='lat' dir='ltr'>Necnon</span> <span class='ocrx_word' id='word_1_281' title='bbox 1721 2520 1779 2571; x_wconf 90' lang='lat' dir='ltr'>et</span> 
     </span>
    </p>
   </div>
   <div class='ocr_carea' id='block_1_42' title="bbox 112 2605 1774 2683">
    <p class='ocr_par' dir='ltr' id='par_1_42' title="bbox 112 2605 1774 2683">
     <span class='ocr_line' id='line_1_42' title="bbox 112 2605 1774 2683; baseline -0.005 -16"><span class='ocrx_word' id='word_1_282' title='bbox 112 2610 288 2669; x_wconf 91' lang='lat' dir='ltr'>Oddo</span> <span class='ocrx_word' id='word_1_283' title='bbox 319 2627 521 2667; x_wconf 91' lang='lat' dir='ltr'>comes</span> <span class='ocrx_word' id='word_1_284' title='bbox 549 2612 682 2683; x_wconf 90' lang='lat' dir='ltr'>pari</span> <span class='ocrx_word' id='word_1_285' title='bbox 708 2610 1025 2666; x_wconf 86' lang='lat' dir='ltr'>devotione</span> <span class='ocrx_word' id='word_1_286' title='bbox 1056 2610 1257 2664; x_wconf 92' lang='lat' dir='ltr'>locum</span> <span class='ocrx_word' id='word_1_287' title='bbox 1290 2607 1480 2663; x_wconf 91' lang='lat' dir='ltr'>sancti</span> <span class='ocrx_word' id='word_1_288' title='bbox 1527 2605 1774 2662; x_wconf 88' lang='lat' dir='ltr'>Faronis</span> 
     </span>
    </p>
   </div>
   <div class='ocr_carea' id='block_1_43' title="bbox 110 2696 1778 2758">
    <p class='ocr_par' dir='ltr' id='par_1_43' title="bbox 110 2696 1778 2758">
     <span class='ocr_line' id='line_1_43' title="bbox 110 2696 1778 2758; baseline -0.004 0"><span class='ocrx_word' id='word_1_289' title='bbox 110 2703 178 2758; x_wconf 91' lang='lat' dir='ltr'>in</span> <span class='ocrx_word' id='word_1_290' title='bbox 206 2702 352 2757; x_wconf 89' lang='lat' dir='ltr'>urbe</span> <span class='ocrx_word' id='word_1_291' title='bbox 375 2701 699 2758; x_wconf 88' lang='lat' dir='ltr'>Meldorum</span> <span class='ocrx_word' id='word_1_292' title='bbox 731 2700 927 2756; x_wconf 92' lang='lat' dir='ltr'>eidem</span> <span class='ocrx_word' id='word_1_293' title='bbox 957 2698 1254 2755; x_wconf 89' lang='lat' dir='ltr'>commisit</span> <span class='ocrx_word' id='word_1_294' title='bbox 1300 2696 1625 2754; x_wconf 88' lang='lat' dir='ltr'>venerabili</span> <span class='ocrx_word' id='word_1_295' title='bbox 1672 2697 1778 2751; x_wconf 91' lang='lat' dir='ltr'>Pa-</span> 
     </span>
    </p>
   </div>
   <div class='ocr_carea' id='block_1_44' title="bbox 113 2783 1775 2861">
    <p class='ocr_par' dir='ltr' id='par_1_44' title="bbox 113 2783 1775 2861">
     <span class='ocr_line' id='line_1_44' title="bbox 113 2783 1775 2861; baseline -0.005 -15"><span class='ocrx_word' id='word_1_296' title='bbox 113 2790 212 2846; x_wconf 90' lang='lat' dir='ltr'>tri.</span> <span class='ocrx_word' id='word_1_297' title='bbox 246 2790 358 2845; x_wconf 92' lang='lat' dir='ltr'>Sed</span> <span class='ocrx_word' id='word_1_298' title='bbox 390 2794 446 2845; x_wconf 89' lang='lat' dir='ltr'>et</span> <span class='ocrx_word' id='word_1_299' title='bbox 473 2788 841 2845; x_wconf 90' lang='lat' dir='ltr'>honorabilis</span> <span class='ocrx_word' id='word_1_300' title='bbox 902 2787 1121 2861; x_wconf 69' lang='lat' dir='ltr'>prtesul</span> <span class='ocrx_word' id='word_1_301' title='bbox 1170 2786 1459 2842; x_wconf 86' lang='lat' dir='ltr'>Mettensis</span> <span class='ocrx_word' id='word_1_302' title='bbox 1505 2783 1775 2839; x_wconf 65' lang='lat' dir='ltr'>Ecclesiae</span> 
     </span>
    </p>
   </div>
   <div class='ocr_carea' id='block_1_45' title="bbox 113 2871 1778 2936">
    <p class='ocr_par' dir='ltr' id='par_1_45' title="bbox 113 2871 1778 2936">
     <span class='ocr_line' id='line_1_45' title="bbox 113 2871 1778 2936; baseline -0.006 0"><span class='ocrx_word' id='word_1_303' title='bbox 113 2878 515 2936; x_wconf 88' lang='lat' dir='ltr'>Theodericus</span> <span class='ocrx_word' id='word_1_304' title='bbox 573 2878 950 2933; x_wconf 90' lang='lat' dir='ltr'>Gorziensem</span> <span class='ocrx_word' id='word_1_305' title='bbox 1004 2876 1312 2931; x_wconf 89' lang='lat' dir='ltr'>abbatiam</span> <span class='ocrx_word' id='word_1_306' title='bbox 1392 2874 1605 2929; x_wconf 88' lang='lat' dir='ltr'>eodem</span> <span class='ocrx_word' id='word_1_307' title='bbox 1654 2871 1778 2927; x_wconf 93' lang='lat' dir='ltr'>zelo</span> 
     </span>
    </p>
   </div>
   <div class='ocr_carea' id='block_1_46' title="bbox 115 2961 1770 3033">
    <p class='ocr_par' dir='ltr' id='par_1_46' title="bbox 115 2961 1770 3033">
     <span class='ocr_line' id='line_1_46' title="bbox 115 2961 1770 3033; baseline -0.005 -9"><span class='ocrx_word' id='word_1_308' title='bbox 115 2968 223 3025; x_wconf 91' lang='lat' dir='ltr'>Dei</span> <span class='ocrx_word' id='word_1_309' title='bbox 254 2966 699 3023; x_wconf 82' lang='lat' dir='ltr'>commendavit</span> <span class='ocrx_word' id='word_1_310' title='bbox 728 2966 829 3033; x_wconf 91' lang='lat' dir='ltr'>illi,</span> <span class='ocrx_word' id='word_1_311' title='bbox 862 2966 1142 3021; x_wconf 90' lang='lat' dir='ltr'>defuncto</span> <span class='ocrx_word' id='word_1_312' title='bbox 1168 2964 1323 3019; x_wconf 88' lang='lat' dir='ltr'>illius</span> <span class='ocrx_word' id='word_1_313' title='bbox 1368 2962 1482 3018; x_wconf 93' lang='lat' dir='ltr'>loci</span> <span class='ocrx_word' id='word_1_314' title='bbox 1512 2961 1730 3017; x_wconf 90' lang='lat' dir='ltr'>abbate</span> <span class='ocrx_word' id='word_1_315' title='bbox 1758 2979 1770 3027; x_wconf 93' lang='lat'><strong>;</strong></span> 
     </span>
    </p>
   </div>
   <div class='ocr_carea' id='block_1_47' title="bbox 115 3048 1780 3130">
    <p class='ocr_par' dir='ltr' id='par_1_47' title="bbox 115 3048 1780 3130">
     <span class='ocr_line' id='line_1_47' title="bbox 115 3048 1780 3130; baseline -0.005 -18"><span class='ocrx_word' id='word_1_316' title='bbox 115 3056 225 3130; x_wconf 91' lang='lat' dir='ltr'>qui</span> <span class='ocrx_word' id='word_1_317' title='bbox 256 3056 402 3112; x_wconf 90' lang='lat' dir='ltr'>dum</span> <span class='ocrx_word' id='word_1_318' title='bbox 434 3056 748 3128; x_wconf 80' lang='lat' dir='ltr'>praefatum</span> <span class='ocrx_word' id='word_1_319' title='bbox 776 3060 1004 3123; x_wconf 89' lang='lat' dir='ltr'>regeret</span> <span class='ocrx_word' id='word_1_320' title='bbox 1028 3054 1247 3117; x_wconf 83' lang='lat' dir='ltr'>locum,</span> <span class='ocrx_word' id='word_1_321' title='bbox 1277 3068 1349 3107; x_wconf 79' lang='lat' dir='ltr'>ex</span> <span class='ocrx_word' id='word_1_322' title='bbox 1365 3051 1521 3107; x_wconf 92' lang='lat' dir='ltr'>clero</span> <span class='ocrx_word' id='word_1_323' title='bbox 1544 3048 1780 3107; x_wconf 85' lang='lat' dir='ltr'>Metensi</span> 
     </span>
    </p>
   </div>
   <div class='ocr_carea' id='block_1_48' title="bbox 116 3139 1780 3217">
    <p class='ocr_par' dir='ltr' id='par_1_48' title="bbox 116 3139 1780 3217">
     <span class='ocr_line' id='line_1_48' title="bbox 116 3139 1780 3217; baseline -0.004 -18"><span class='ocrx_word' id='word_1_324' title='bbox 116 3144 451 3217; x_wconf 89' lang='lat' dir='ltr'>quemdam</span> <span class='ocrx_word' id='word_1_325' title='bbox 483 3144 785 3211; x_wconf 87' lang='lat' dir='ltr'>clericum,</span> <span class='ocrx_word' id='word_1_326' title='bbox 828 3142 1185 3211; x_wconf 87' lang='lat' dir='ltr'>Sigifredum</span> <span class='ocrx_word' id='word_1_327' title='bbox 1216 3146 1519 3207; x_wconf 89' lang='lat' dir='ltr'>vocatum,</span> <span class='ocrx_word' id='word_1_328' title='bbox 1578 3139 1780 3195; x_wconf 90' lang='lat' dir='ltr'>litteris</span> 
     </span>
    </p>
   </div>
   <div class='ocr_carea' id='block_1_49' title="bbox 116 3228 1778 3299">
    <p class='ocr_par' dir='ltr' id='par_1_49' title="bbox 116 3228 1778 3299">
     <span class='ocr_line' id='line_1_49' title="bbox 116 3228 1778 3299; baseline -0.003 -11"><span class='ocrx_word' id='word_1_329' title='bbox 116 3234 275 3289; x_wconf 89' lang='lat' dir='ltr'>bene</span> <span class='ocrx_word' id='word_1_330' title='bbox 306 3232 573 3299; x_wconf 89' lang='lat' dir='ltr'>doctum,</span> <span class='ocrx_word' id='word_1_331' title='bbox 606 3232 684 3287; x_wconf 89' lang='lat' dir='ltr'>ad</span> <span class='ocrx_word' id='word_1_332' title='bbox 734 3231 1137 3287; x_wconf 87' lang='lat' dir='ltr'>monasticum</span> <span class='ocrx_word' id='word_1_333' title='bbox 1191 3230 1431 3286; x_wconf 82' lang='lat' dir='ltr'>attraxit</span> <span class='ocrx_word' id='word_1_334' title='bbox 1485 3228 1778 3285; x_wconf 88' lang='lat' dir='ltr'>ordinem.</span> 
     </span>
    </p>
   </div>
   <div class='ocr_carea' id='block_1_50' title="bbox 118 3320 1782 3394">
    <p class='ocr_par' dir='ltr' id='par_1_50' title="bbox 118 3320 1782 3394">
     <span class='ocr_line' id='line_1_50' title="bbox 118 3320 1782 3394; baseline -0.002 -17"><span class='ocrx_word' id='word_1_335' title='bbox 118 3322 235 3389; x_wconf 90' lang='lat' dir='ltr'>Qui</span> <span class='ocrx_word' id='word_1_336' title='bbox 264 3328 399 3394; x_wconf 85' lang='lat' dir='ltr'>post</span> <span class='ocrx_word' id='word_1_337' title='bbox 424 3323 554 3393; x_wconf 90' lang='lat' dir='ltr'>ejus</span> <span class='ocrx_word' id='word_1_338' title='bbox 581 3322 899 3377; x_wconf 88' lang='lat' dir='ltr'>decessum</span> <span class='ocrx_word' id='word_1_339' title='bbox 950 3321 1229 3377; x_wconf 91' lang='lat' dir='ltr'>eamdem</span> <span class='ocrx_word' id='word_1_340' title='bbox 1260 3320 1407 3376; x_wconf 79' lang='lat' dir='ltr'>rexit</span> <span class='ocrx_word' id='word_1_341' title='bbox 1459 3334 1782 3389; x_wconf 91' lang='lat' dir='ltr'>congrega-</span> 
     </span>
    </p>
   </div>
   <div class='ocr_carea' id='block_1_51' title="bbox 116 3412 365 3467">
    <p class='ocr_par' dir='ltr' id='par_1_51' title="bbox 116 3412 365 3467">
     <span class='ocr_line' id='line_1_51' title="bbox 116 3412 365 3467; baseline -0.008 0"><span class='ocrx_word' id='word_1_342' title='bbox 116 3412 365 3467; x_wconf 88' lang='lat' dir='ltr'>tionem.</span> 
     </span>
    </p>
   </div>
   <div class='ocr_carea' id='block_1_52' title="bbox 193 3550 1781 3623">
    <p class='ocr_par' dir='ltr' id='par_1_52' title="bbox 193 3550 1781 3623">
     <span class='ocr_line' id='line_1_52' title="bbox 193 3550 1781 3623; baseline -0.003 -13"><span class='ocrx_word' id='word_1_343' title='bbox 193 3559 280 3610; x_wconf 75' lang='grc'><strong>24.</strong></span> <span class='ocrx_word' id='word_1_344' title='bbox 313 3556 580 3610; x_wconf 90' lang='lat' dir='ltr'>Domnus</span> <span class='ocrx_word' id='word_1_345' title='bbox 608 3570 750 3610; x_wconf 90' lang='lat' dir='ltr'>vero</span> <span class='ocrx_word' id='word_1_346' title='bbox 781 3553 1065 3609; x_wconf 87' lang='lat' dir='ltr'>Arnulfus</span> <span class='ocrx_word' id='word_1_347' title='bbox 1107 3553 1276 3608; x_wconf 90' lang='lat' dir='ltr'>istius</span> <span class='ocrx_word' id='word_1_348' title='bbox 1321 3552 1434 3607; x_wconf 93' lang='lat' dir='ltr'>loci</span> <span class='ocrx_word' id='word_1_349' title='bbox 1474 3550 1656 3623; x_wconf 85' lang='lat' dir='ltr'>prior,</span> <span class='ocrx_word' id='word_1_350' title='bbox 1716 3554 1781 3605; x_wconf 90' lang='lat' dir='ltr'>ut</span> 
     </span>
    </p>
   </div>
   <div class='ocr_carea' id='block_1_53' title="bbox 112 3640 1777 3717">
    <p class='ocr_par' dir='ltr' id='par_1_53' title="bbox 112 3640 1777 3717">
     <span class='ocr_line' id='line_1_53' title="bbox 112 3640 1777 3717; baseline -0.004 -17"><span class='ocrx_word' id='word_1_351' title='bbox 112 3647 250 3717; x_wconf 92' lang='lat' dir='ltr'>jam</span> <span class='ocrx_word' id='word_1_352' title='bbox 279 3644 561 3709; x_wconf 80' lang='lat' dir='ltr'>diximus,</span> <span class='ocrx_word' id='word_1_353' title='bbox 593 3660 731 3699; x_wconf 86' lang='lat' dir='ltr'>cum</span> <span class='ocrx_word' id='word_1_354' title='bbox 763 3643 949 3715; x_wconf 89' lang='lat' dir='ltr'>patris</span> <span class='ocrx_word' id='word_1_355' title='bbox 982 3641 1263 3697; x_wconf 90' lang='lat' dir='ltr'>Willelmi</span> <span class='ocrx_word' id='word_1_356' title='bbox 1292 3645 1347 3695; x_wconf 88' lang='lat' dir='ltr'>et</span> <span class='ocrx_word' id='word_1_357' title='bbox 1372 3640 1597 3711; x_wconf 61' lang='lat' dir='ltr'>praefati</span> <span class='ocrx_word' id='word_1_358' title='bbox 1630 3655 1777 3710; x_wconf 71' lang='lat' dir='ltr'>prte-</span> 
     </span>
    </p>
   </div>
   <div class='ocr_carea' id='block_1_54' title="bbox 124 3729 1780 3805">
    <p class='ocr_par' dir='ltr' id='par_1_54' title="bbox 124 3729 1780 3805">
     <span class='ocr_line' id='line_1_54' title="bbox 124 3729 1780 3805; baseline -0.005 -15"><span class='ocrx_word' id='word_1_359' title='bbox 124 3733 273 3790; x_wconf 90' lang='lat' dir='ltr'>sulis</span> <span class='ocrx_word' id='word_1_360' title='bbox 303 3733 725 3789; x_wconf 87' lang='lat' dir='ltr'>admoneretur</span> <span class='ocrx_word' id='word_1_361' title='bbox 744 3733 1023 3805; x_wconf 87' lang='lat' dir='ltr'>precibus</span> <span class='ocrx_word' id='word_1_362' title='bbox 1056 3737 1119 3786; x_wconf 91' lang='lat' dir='ltr'>ut</span> <span class='ocrx_word' id='word_1_363' title='bbox 1146 3732 1272 3800; x_wconf 87' lang='lat' dir='ltr'>jam</span> <span class='ocrx_word' id='word_1_364' title='bbox 1320 3730 1457 3784; x_wconf 89' lang='lat' dir='ltr'>dicti</span> <span class='ocrx_word' id='word_1_365' title='bbox 1502 3729 1617 3783; x_wconf 93' lang='lat' dir='ltr'>loci</span> <span class='ocrx_word' id='word_1_366' title='bbox 1649 3746 1780 3783; x_wconf 89' lang='lat' dir='ltr'>sus-</span> 
     </span>
    </p>
   </div>
   <div class='ocr_carea' id='block_1_55' title="bbox 119 3818 1783 3897">
    <p class='ocr_par' dir='ltr' id='par_1_55' title="bbox 119 3818 1783 3897">
     <span class='ocr_line' id='line_1_55' title="bbox 119 3818 1783 3897; baseline -0.005 -17"><span class='ocrx_word' id='word_1_367' title='bbox 119 3825 343 3897; x_wconf 90' lang='lat' dir='ltr'>ciperet</span> <span class='ocrx_word' id='word_1_368' title='bbox 375 3840 602 3892; x_wconf 91' lang='lat' dir='ltr'>curam,</span> <span class='ocrx_word' id='word_1_369' title='bbox 627 3826 804 3895; x_wconf 90' lang='lat' dir='ltr'>atque</span> <span class='ocrx_word' id='word_1_370' title='bbox 837 3822 1072 3877; x_wconf 89' lang='lat' dir='ltr'>abbatis</span> <span class='ocrx_word' id='word_1_371' title='bbox 1104 3820 1387 3885; x_wconf 82' lang='lat' dir='ltr'>ofﬁcium,</span> <span class='ocrx_word' id='word_1_372' title='bbox 1437 3819 1561 3891; x_wconf 92' lang='lat' dir='ltr'>ipse</span> <span class='ocrx_word' id='word_1_373' title='bbox 1591 3818 1783 3873; x_wconf 89' lang='lat' dir='ltr'>humi-</span> 
     </span>
    </p>
   </div>
   <div class='ocr_carea' id='block_1_56' title="bbox 116 3908 1781 3979">
    <p class='ocr_par' dir='ltr' id='par_1_56' title="bbox 116 3908 1781 3979">
     <span class='ocr_line' id='line_1_56' title="bbox 116 3908 1781 3979; baseline -0.005 -9"><span class='ocrx_word' id='word_1_374' title='bbox 116 3913 300 3971; x_wconf 89' lang='lat' dir='ltr'>litatis</span> <span class='ocrx_word' id='word_1_375' title='bbox 332 3918 564 3969; x_wconf 91' lang='lat' dir='ltr'>amator</span> <span class='ocrx_word' id='word_1_376' title='bbox 589 3911 753 3967; x_wconf 92' lang='lat' dir='ltr'>nullo</span> <span class='ocrx_word' id='word_1_377' title='bbox 786 3912 968 3967; x_wconf 89' lang='lat' dir='ltr'>modo</span> <span class='ocrx_word' id='word_1_378' title='bbox 1014 3909 1282 3979; x_wconf 86' lang='lat' dir='ltr'>assensit,</span> <span class='ocrx_word' id='word_1_379' title='bbox 1321 3908 1633 3979; x_wconf 88' lang='lat' dir='ltr'>magisque</span> <span class='ocrx_word' id='word_1_380' title='bbox 1666 3908 1781 3963; x_wconf 88' lang='lat' dir='ltr'>ele-</span> 
     </span>
    </p>
   </div>
   <div class='ocr_carea' id='block_1_57' title="bbox 120 3997 1782 4074">
    <p class='ocr_par' dir='ltr' id='par_1_57' title="bbox 120 3997 1782 4074">
     <span class='ocr_line' id='line_1_57' title="bbox 120 3997 1782 4074; baseline -0.003 -17"><span class='ocrx_word' id='word_1_381' title='bbox 120 4003 211 4074; x_wconf 85' lang='lat' dir='ltr'>git</span> <span class='ocrx_word' id='word_1_382' title='bbox 240 4002 483 4058; x_wconf 83' lang='lat' dir='ltr'>subesse</span> <span class='ocrx_word' id='word_1_383' title='bbox 510 4018 697 4074; x_wconf 92' lang='lat' dir='ltr'>quam</span> <span class='ocrx_word' id='word_1_384' title='bbox 728 4016 1007 4073; x_wconf 73' lang='lat' dir='ltr'>praeesse,</span> <span class='ocrx_word' id='word_1_385' title='bbox 1042 3997 1424 4053; x_wconf 90' lang='lat' dir='ltr'>solummodo</span> <span class='ocrx_word' id='word_1_386' title='bbox 1466 3997 1782 4067; x_wconf 89' lang='lat' dir='ltr'>cujusdam</span> 
     </span>
    </p>
   </div>
   <div class='ocr_carea' id='block_1_58' title="bbox 117 4086 1785 4166">
    <p class='ocr_par' dir='ltr' id='par_1_58' title="bbox 117 4086 1785 4166">
     <span class='ocr_line' id='line_1_58' title="bbox 117 4086 1785 4166; baseline -0.004 -18"><span class='ocrx_word' id='word_1_387' title='bbox 117 4092 294 4166; x_wconf 88' lang='lat' dir='ltr'>parvi</span> <span class='ocrx_word' id='word_1_388' title='bbox 314 4092 427 4147; x_wconf 91' lang='lat' dir='ltr'>loci</span> <span class='ocrx_word' id='word_1_389' title='bbox 460 4108 496 4147; x_wconf 88' lang='lat' dir='ltr'>a</span> <span class='ocrx_word' id='word_1_390' title='bbox 520 4095 850 4163; x_wconf 66' lang='lat' dir='ltr'>prtetaxato</span> <span class='ocrx_word' id='word_1_391' title='bbox 880 4094 1046 4162; x_wconf 90' lang='lat' dir='ltr'>patre</span> <span class='ocrx_word' id='word_1_392' title='bbox 1079 4087 1365 4143; x_wconf 85' lang='lat' dir='ltr'>Willelmo</span> <span class='ocrx_word' id='word_1_393' title='bbox 1396 4086 1507 4141; x_wconf 90' lang='lat' dir='ltr'>sibi</span> <span class='ocrx_word' id='word_1_394' title='bbox 1533 4087 1785 4158; x_wconf 85' lang='lat' dir='ltr'>expecti-</span> 
     </span>
    </p>
   </div>
   <div class='ocr_carea' id='block_1_59' title="bbox 117 4176 1784 4239">
    <p class='ocr_par' dir='ltr' id='par_1_59' title="bbox 117 4176 1784 4239">
     <span class='ocr_line' id='line_1_59' title="bbox 117 4176 1784 4239; baseline -0.004 -1"><span class='ocrx_word' id='word_1_395' title='bbox 117 4183 212 4239; x_wconf 78' lang='lat' dir='ltr'>vit</span> <span class='ocrx_word' id='word_1_396' title='bbox 239 4198 444 4237; x_wconf 91' lang='lat' dir='ltr'>curam</span> <span class='ocrx_word' id='word_1_397' title='bbox 471 4186 526 4237; x_wconf 88' lang='lat' dir='ltr'>et</span> <span class='ocrx_word' id='word_1_398' title='bbox 557 4180 912 4236; x_wconf 89' lang='lat' dir='ltr'>dominium.</span> <span class='ocrx_word' id='word_1_399' title='bbox 949 4183 1046 4234; x_wconf 91' lang='lat' dir='ltr'>Est</span> <span class='ocrx_word' id='word_1_400' title='bbox 1073 4182 1272 4234; x_wconf 90' lang='lat' dir='ltr'>autem</span> <span class='ocrx_word' id='word_1_401' title='bbox 1302 4178 1469 4232; x_wconf 90' lang='lat' dir='ltr'>locus</span> <span class='ocrx_word' id='word_1_402' title='bbox 1507 4176 1600 4231; x_wconf 92' lang='lat' dir='ltr'>ille</span> <span class='ocrx_word' id='word_1_403' title='bbox 1638 4176 1784 4232; x_wconf 88' lang='lat' dir='ltr'>situs</span> 
     </span>
    </p>
   </div>
   <div class='ocr_carea' id='block_1_60' title="bbox 117 4266 1783 4340">
    <p class='ocr_par' dir='ltr' id='par_1_60' title="bbox 117 4266 1783 4340">
     <span class='ocr_line' id='line_1_60' title="bbox 117 4266 1783 4340; baseline -0.005 -12"><span class='ocrx_word' id='word_1_404' title='bbox 117 4274 187 4329; x_wconf 91' lang='lat' dir='ltr'>in</span> <span class='ocrx_word' id='word_1_405' title='bbox 215 4272 476 4327; x_wconf 82' lang='lat' dir='ltr'>confinio</span> <span class='ocrx_word' id='word_1_406' title='bbox 506 4270 792 4326; x_wconf 86' lang='lat' dir='ltr'>Tullensis</span> <span class='ocrx_word' id='word_1_407' title='bbox 823 4274 879 4325; x_wconf 90' lang='lat' dir='ltr'>et</span> <span class='ocrx_word' id='word_1_408' title='bbox 902 4268 1288 4337; x_wconf 86' lang='lat' dir='ltr'>Lingonensis</span> <span class='ocrx_word' id='word_1_409' title='bbox 1339 4266 1783 4340; x_wconf 90' lang='lat' dir='ltr'>parochiarum,</span> 
     </span>
    </p>
   </div>
   <div class='ocr_carea' id='block_1_61' title="bbox 114 4356 1785 4433">
    <p class='ocr_par' dir='ltr' id='par_1_61' title="bbox 114 4356 1785 4433">
     <span class='ocr_line' id='line_1_61' title="bbox 114 4356 1785 4433; baseline -0.005 -15"><span class='ocrx_word' id='word_1_410' title='bbox 114 4363 189 4419; x_wconf 88' lang='lat' dir='ltr'>in</span> <span class='ocrx_word' id='word_1_411' title='bbox 217 4360 350 4416; x_wconf 91' lang='lat' dir='ltr'>loco</span> <span class='ocrx_word' id='word_1_412' title='bbox 377 4361 476 4433; x_wconf 90' lang='lat' dir='ltr'>qui</span> <span class='ocrx_word' id='word_1_413' title='bbox 508 4365 757 4415; x_wconf 89' lang='lat' dir='ltr'>vocatur</span> <span class='ocrx_word' id='word_1_414' title='bbox 789 4358 1139 4415; x_wconf 87' lang='lat' dir='ltr'>Brittaniaca</span> <span class='ocrx_word' id='word_1_415' title='bbox 1170 4356 1350 4412; x_wconf 88' lang='lat' dir='ltr'>curtis</span> <span class='ocrx_word' id='word_1_416' title='bbox 1383 4359 1785 4426; x_wconf 65' lang='lat' dir='ltr'>(1-l»).Quomo-</span> 
     </span>
    </p>
   </div>
   <div class='ocr_carea' id='block_1_62' title="bbox 1882 1842 3531 1916">
    <p class='ocr_par' dir='ltr' id='par_1_62' title="bbox 1882 1842 3531 1916">
     <span class='ocr_line' id='line_1_62' title="bbox 1882 1842 3531 1916; baseline 0.005 -22"><span class='ocrx_word' id='word_1_417' title='bbox 1882 1842 2213 1908; x_wconf 80' lang='lat' dir='ltr'>complures</span> <span class='ocrx_word' id='word_1_418' title='bbox 2234 1849 2489 1897; x_wconf 84' lang='lat' dir='ltr'>recenset</span> <span class='ocrx_word' id='word_1_419' title='bbox 2504 1846 2592 1898; x_wconf 87' lang='lat' dir='ltr'>cel</span> <span class='ocrx_word' id='word_1_420' title='bbox 2599 1845 2904 1909; x_wconf 86' lang='lat' dir='ltr'>las,seu,ut</span> <span class='ocrx_word' id='word_1_421' title='bbox 2924 1848 3099 1915; x_wconf 82' lang='lat' dir='ltr'>vulgo</span> <span class='ocrx_word' id='word_1_422' title='bbox 3118 1849 3531 1916; x_wconf 76' lang='lat' dir='ltr'>appellantur,</span> 
     </span>
    </p>
   </div>
   <div class='ocr_carea' id='block_1_63' title="bbox 1874 1929 3537 2001">
    <p class='ocr_par' dir='ltr' id='par_1_63' title="bbox 1874 1929 3537 2001">
     <span class='ocr_line' id='line_1_63' title="bbox 1874 1929 3537 2001; baseline 0.005 -20"><span class='ocrx_word' id='word_1_423' title='bbox 1874 1929 2206 1996; x_wconf 86' lang='lat' dir='ltr'>prioratus,</span> <span class='ocrx_word' id='word_1_424' title='bbox 2240 1946 2370 2000; x_wconf 67' lang='lat' dir='ltr'>quae</span> <span class='ocrx_word' id='word_1_425' title='bbox 2400 1932 2595 1987; x_wconf 89' lang='lat' dir='ltr'>eodem</span> <span class='ocrx_word' id='word_1_426' title='bbox 2631 1938 2889 2001; x_wconf 80' lang='lat' dir='ltr'>tempore</span> <span class='ocrx_word' id='word_1_427' title='bbox 2929 1934 3000 1988; x_wconf 88' lang='lat' dir='ltr'>de</span> <span class='ocrx_word' id='word_1_428' title='bbox 3048 1950 3197 1989; x_wconf 85' lang='lat' dir='ltr'>novo</span> <span class='ocrx_word' id='word_1_429' title='bbox 3248 1941 3537 1990; x_wconf 67' lang='lat' dir='ltr'>extructa?</span> 
     </span>
    </p>
   </div>
   <div class='ocr_carea' id='block_1_64' title="bbox 1882 2022 3533 2092">
    <p class='ocr_par' dir='ltr' id='par_1_64' title="bbox 1882 2022 3533 2092">
     <span class='ocr_line' id='line_1_64' title="bbox 1882 2022 3533 2092; baseline 0.005 -21"><span class='ocrx_word' id='word_1_430' title='bbox 1882 2023 1988 2072; x_wconf 88' lang='lat' dir='ltr'>aut</span> <span class='ocrx_word' id='word_1_431' title='bbox 2038 2024 2193 2074; x_wconf 89' lang='lat' dir='ltr'>certe</span> <span class='ocrx_word' id='word_1_432' title='bbox 2246 2022 2605 2075; x_wconf 84' lang='lat' dir='ltr'>monasterio</span> <span class='ocrx_word' id='word_1_433' title='bbox 2656 2023 2868 2077; x_wconf 77' lang='lat' dir='ltr'>Sancti</span> <span class='ocrx_word' id='word_1_434' title='bbox 2914 2023 3170 2092; x_wconf 87' lang='lat' dir='ltr'>Benigni</span> <span class='ocrx_word' id='word_1_435' title='bbox 3226 2025 3533 2079; x_wconf 71' lang='lat' dir='ltr'>attributa:</span> 
     </span>
    </p>
   </div>
   <div class='ocr_carea' id='block_1_65' title="bbox 1880 2106 3538 2181">
    <p class='ocr_par' dir='ltr' id='par_1_65' title="bbox 1880 2106 3538 2181">
     <span class='ocr_line' id='line_1_65' title="bbox 1880 2106 3538 2181; baseline 0.004 -22"><span class='ocrx_word' id='word_1_436' title='bbox 1880 2106 2151 2174; x_wconf 82' lang='lat' dir='ltr'>fuerunt.</span> <span class='ocrx_word' id='word_1_437' title='bbox 2188 2108 2355 2161; x_wconf 88' lang='lat' dir='ltr'>Tales</span> <span class='ocrx_word' id='word_1_438' title='bbox 2386 2114 2523 2161; x_wconf 90' lang='lat' dir='ltr'>sunt</span> <span class='ocrx_word' id='word_1_439' title='bbox 2553 2108 3001 2163; x_wconf 88' lang='lat' dir='ltr'>Wulnonisvilla</span> <span class='ocrx_word' id='word_1_440' title='bbox 3032 2110 3091 2164; x_wconf 92' lang='lat' dir='ltr'>in</span> <span class='ocrx_word' id='word_1_441' title='bbox 3132 2126 3290 2181; x_wconf 89' lang='lat' dir='ltr'>pago</span> <span class='ocrx_word' id='word_1_442' title='bbox 3315 2111 3538 2166; x_wconf 88' lang='lat' dir='ltr'>Tricas-</span> 
     </span>
    </p>
   </div>
   <div class='ocr_carea' id='block_1_66' title="bbox 1884 2193 3537 2267">
    <p class='ocr_par' dir='ltr' id='par_1_66' title="bbox 1884 2193 3537 2267">
     <span class='ocr_line' id='line_1_66' title="bbox 1884 2193 3537 2267; baseline 0.004 -19"><span class='ocrx_word' id='word_1_443' title='bbox 1884 2193 2034 2259; x_wconf 89' lang='lat' dir='ltr'>sino,</span> <span class='ocrx_word' id='word_1_444' title='bbox 2064 2194 2123 2249; x_wconf 92' lang='lat' dir='ltr'>in</span> <span class='ocrx_word' id='word_1_445' title='bbox 2155 2211 2312 2267; x_wconf 91' lang='lat' dir='ltr'>pago</span> <span class='ocrx_word' id='word_1_446' title='bbox 2342 2196 2645 2251; x_wconf 91' lang='lat' dir='ltr'>Pertuensi</span> <span class='ocrx_word' id='word_1_447' title='bbox 2684 2196 3078 2265; x_wconf 82' lang='lat' dir='ltr'>Albiniacum,</span> <span class='ocrx_word' id='word_1_448' title='bbox 3142 2202 3313 2267; x_wconf 85' lang='lat' dir='ltr'>cujus</span> <span class='ocrx_word' id='word_1_449' title='bbox 3355 2202 3537 2255; x_wconf 89' lang='lat' dir='ltr'>eccle-</span> 
     </span>
    </p>
   </div>
   <div class='ocr_carea' id='block_1_67' title="bbox 1884 2284 3537 2352">
    <p class='ocr_par' dir='ltr' id='par_1_67' title="bbox 1884 2284 3537 2352">
     <span class='ocr_line' id='line_1_67' title="bbox 1884 2284 3537 2352; baseline 0.002 -15"><span class='ocrx_word' id='word_1_450' title='bbox 1884 2284 2031 2338; x_wconf 83' lang='lat' dir='ltr'>siam</span> <span class='ocrx_word' id='word_1_451' title='bbox 2063 2284 2367 2352; x_wconf 78' lang='lat' dir='ltr'>Arnul/us</span> <span class='ocrx_word' id='word_1_452' title='bbox 2389 2300 2529 2339; x_wconf 70' lang='lat' dir='ltr'>mox</span> <span class='ocrx_word' id='word_1_453' title='bbox 2559 2286 2841 2340; x_wconf 78' lang='lat' dir='ltr'>laudatus</span> <span class='ocrx_word' id='word_1_454' title='bbox 2864 2285 3152 2341; x_wconf 88' lang='lat' dir='ltr'>librorum</span> <span class='ocrx_word' id='word_1_455' title='bbox 3184 2291 3537 2342; x_wconf 89' lang='lat' dir='ltr'>ornamento</span> 
     </span>
    </p>
   </div>
   <div class='ocr_carea' id='block_1_68' title="bbox 1886 2370 3541 2443">
    <p class='ocr_par' dir='ltr' id='par_1_68' title="bbox 1886 2370 3541 2443">
     <span class='ocr_line' id='line_1_68' title="bbox 1886 2370 3541 2443; baseline 0.003 -18"><span class='ocrx_word' id='word_1_456' title='bbox 1886 2370 2208 2438; x_wconf 87' lang='lat' dir='ltr'>decoravit,</span> <span class='ocrx_word' id='word_1_457' title='bbox 2242 2372 2546 2443; x_wconf 90' lang='lat' dir='ltr'>impensas</span> <span class='ocrx_word' id='word_1_458' title='bbox 2574 2373 2913 2442; x_wconf 88' lang='lat' dir='ltr'>tribuendo,</span> <span class='ocrx_word' id='word_1_459' title='bbox 2940 2379 2995 2429; x_wconf 91' lang='lat' dir='ltr'>et</span> <span class='ocrx_word' id='word_1_460' title='bbox 3028 2374 3248 2429; x_wconf 91' lang='lat' dir='ltr'>domus</span> <span class='ocrx_word' id='word_1_461' title='bbox 3307 2375 3541 2430; x_wconf 88' lang='lat' dir='ltr'>Girber-</span> 
     </span>
    </p>
   </div>
   <div class='ocr_carea' id='block_1_69' title="bbox 1885 2460 3543 2531">
    <p class='ocr_par' dir='ltr' id='par_1_69' title="bbox 1885 2460 3543 2531">
     <span class='ocr_line' id='line_1_69' title="bbox 1885 2460 3543 2531; baseline 0.004 -17"><span class='ocrx_word' id='word_1_462' title='bbox 1885 2463 1978 2514; x_wconf 91' lang='lat' dir='ltr'>tus</span> <span class='ocrx_word' id='word_1_463' title='bbox 2036 2460 2370 2515; x_wconf 91' lang='lat' dir='ltr'>scribendo.</span> <span class='ocrx_word' id='word_1_464' title='bbox 2416 2464 2475 2515; x_wconf 88' lang='lat' dir='ltr'>Is</span> <span class='ocrx_word' id='word_1_465' title='bbox 2505 2478 2687 2531; x_wconf 77' lang='lat' dir='ltr'>porro</span> <span class='ocrx_word' id='word_1_466' title='bbox 2728 2462 3028 2518; x_wconf 91' lang='lat' dir='ltr'>Girbertus</span> <span class='ocrx_word' id='word_1_467' title='bbox 3054 2464 3267 2519; x_wconf 81' lang='lat' dir='ltr'>ibidem</span> <span class='ocrx_word' id='word_1_468' title='bbox 3319 2466 3543 2520; x_wconf 84' lang='lat' dir='ltr'>dicitur</span> 
     </span>
    </p>
   </div>
   <div class='ocr_carea' id='block_1_70' title="bbox 1885 2549 3535 2621">
    <p class='ocr_par' dir='ltr' id='par_1_70' title="bbox 1885 2549 3535 2621">
     <span class='ocr_line' id='line_1_70' title="bbox 1885 2549 3535 2621; baseline 0.002 -18"><span class='ocrx_word' id='word_1_469' title='bbox 1885 2564 1957 2603; x_wconf 84' lang='lat' dir='ltr'>ex</span> <span class='ocrx_word' id='word_1_470' title='bbox 1988 2549 2196 2619; x_wconf 89' lang='lat' dir='ltr'>primis</span> <span class='ocrx_word' id='word_1_471' title='bbox 2224 2567 2376 2621; x_wconf 86' lang='lat' dir='ltr'>quos</span> <span class='ocrx_word' id='word_1_472' title='bbox 2397 2551 2643 2605; x_wconf 91' lang='lat' dir='ltr'>nutrivit</span> <span class='ocrx_word' id='word_1_473' title='bbox 2665 2553 2929 2606; x_wconf 90' lang='lat' dir='ltr'>domnus</span> <span class='ocrx_word' id='word_1_474' title='bbox 2955 2552 3148 2607; x_wconf 90' lang='lat' dir='ltr'>abbas</span> <span class='ocrx_word' id='word_1_475' title='bbox 3179 2552 3535 2619; x_wconf 90' lang='lat' dir='ltr'>Willelmus,</span> 
     </span>
    </p>
   </div>
   <div class='ocr_carea' id='block_1_71' title="bbox 1885 2638 3537 2711">
    <p class='ocr_par' dir='ltr' id='par_1_71' title="bbox 1885 2638 3537 2711">
     <span class='ocr_line' id='line_1_71' title="bbox 1885 2638 3537 2711; baseline 0.002 -18"><span class='ocrx_word' id='word_1_476' title='bbox 1885 2642 1940 2693; x_wconf 90' lang='lat' dir='ltr'>et</span> <span class='ocrx_word' id='word_1_477' title='bbox 1970 2638 2047 2693; x_wconf 91' lang='lat' dir='ltr'>ab</span> <span class='ocrx_word' id='word_1_478' title='bbox 2078 2638 2273 2692; x_wconf 73' lang='lat' dir='ltr'>ofﬁcio</span> <span class='ocrx_word' id='word_1_479' title='bbox 2308 2640 2567 2709; x_wconf 91' lang='lat' dir='ltr'>Scriptor</span> <span class='ocrx_word' id='word_1_480' title='bbox 2596 2643 2683 2694; x_wconf 92' lang='lat' dir='ltr'>est</span> <span class='ocrx_word' id='word_1_481' title='bbox 2711 2639 3065 2711; x_wconf 91' lang='lat' dir='ltr'>appellatus.</span> <span class='ocrx_word' id='word_1_482' title='bbox 3109 2642 3284 2695; x_wconf 83' lang='lat' dir='ltr'>Anno</span> <span class='ocrx_word' id='word_1_483' title='bbox 3338 2646 3537 2697; x_wconf 89' lang='lat' dir='ltr'>autem</span> 
     </span>
    </p>
   </div>
   <div class='ocr_carea' id='block_1_72' title="bbox 1889 2727 3541 2795">
    <p class='ocr_par' dir='ltr' id='par_1_72' title="bbox 1889 2727 3541 2795">
     <span class='ocr_line' id='line_1_72' title="bbox 1889 2727 3541 2795; baseline 0.002 -14"><span class='ocrx_word' id='word_1_484' title='bbox 1889 2729 2021 2781; x_wconf 77' lang='lat'>1005</span> <span class='ocrx_word' id='word_1_485' title='bbox 2047 2730 2389 2781; x_wconf 86' lang='lat' dir='ltr'>restaurata</span> <span class='ocrx_word' id='word_1_486' title='bbox 2416 2732 2499 2780; x_wconf 90' lang='lat' dir='ltr'>est</span> <span class='ocrx_word' id='word_1_487' title='bbox 2528 2732 2584 2781; x_wconf 91' lang='lat' dir='ltr'>et</span> <span class='ocrx_word' id='word_1_488' title='bbox 2641 2728 2807 2781; x_wconf 86' lang='lat' dir='ltr'>novis</span> <span class='ocrx_word' id='word_1_489' title='bbox 2853 2727 3101 2795; x_wconf 56' lang='lat' dir='ltr'>pradiis</span> <span class='ocrx_word' id='word_1_490' title='bbox 3128 2727 3334 2783; x_wconf 89' lang='lat' dir='ltr'>dotata</span> <span class='ocrx_word' id='word_1_491' title='bbox 3390 2728 3541 2784; x_wconf 90' lang='lat' dir='ltr'>cella</span> 
     </span>
    </p>
   </div>
   <div class='ocr_carea' id='block_1_73' title="bbox 1887 2814 3539 2889">
    <p class='ocr_par' dir='ltr' id='par_1_73' title="bbox 1887 2814 3539 2889">
     <span class='ocr_line' id='line_1_73' title="bbox 1887 2814 3539 2889; baseline 0.002 -19"><span class='ocrx_word' id='word_1_492' title='bbox 1887 2814 2081 2871; x_wconf 91' lang='lat' dir='ltr'>Sancti</span> <span class='ocrx_word' id='word_1_493' title='bbox 2118 2814 2400 2885; x_wconf 83' lang='lat' dir='ltr'>Stephani</span> <span class='ocrx_word' id='word_1_494' title='bbox 2429 2830 2615 2886; x_wconf 92' lang='lat' dir='ltr'>prope</span> <span class='ocrx_word' id='word_1_495' title='bbox 2642 2814 2906 2879; x_wconf 89' lang='lat' dir='ltr'>Belnam,</span> <span class='ocrx_word' id='word_1_496' title='bbox 2957 2832 3025 2870; x_wconf 90' lang='lat' dir='ltr'>ac</span> <span class='ocrx_word' id='word_1_497' title='bbox 3077 2815 3341 2871; x_wconf 89' lang='lat' dir='ltr'>Willelmi</span> <span class='ocrx_word' id='word_1_498' title='bbox 3398 2833 3539 2889; x_wconf 90' lang='lat' dir='ltr'>pro-</span> 
     </span>
    </p>
   </div>
   <div class='ocr_carea' id='block_1_74' title="bbox 1883 2903 3541 2975">
    <p class='ocr_par' dir='ltr' id='par_1_74' title="bbox 1883 2903 3541 2975">
     <span class='ocr_line' id='line_1_74' title="bbox 1883 2903 3541 2975; baseline 0.002 -17"><span class='ocrx_word' id='word_1_499' title='bbox 1883 2903 2157 2959; x_wconf 66' lang='lat' dir='ltr'>videntis:</span> <span class='ocrx_word' id='word_1_500' title='bbox 2199 2906 2524 2959; x_wconf 87' lang='lat' dir='ltr'>commissa.</span> <span class='ocrx_word' id='word_1_501' title='bbox 2558 2904 2735 2959; x_wconf 89' lang='lat' dir='ltr'>Anno</span> <span class='ocrx_word' id='word_1_502' title='bbox 2766 2908 2920 2971; x_wconf 88' lang='lat'>1023,</span> <span class='ocrx_word' id='word_1_503' title='bbox 2954 2906 3139 2961; x_wconf 88' lang='lat' dir='ltr'>eidem</span> <span class='ocrx_word' id='word_1_504' title='bbox 3166 2906 3389 2962; x_wconf 88' lang='lat' dir='ltr'>donata</span> <span class='ocrx_word' id='word_1_505' title='bbox 3418 2908 3541 2975; x_wconf 81' lang='lat' dir='ltr'>fuit</span> 
     </span>
    </p>
   </div>
   <div class='ocr_carea' id='block_1_75' title="bbox 1887 2992 3540 3063">
    <p class='ocr_par' dir='ltr' id='par_1_75' title="bbox 1887 2992 3540 3063">
     <span class='ocr_line' id='line_1_75' title="bbox 1887 2992 3540 3063; baseline 0.002 -15"><span class='ocrx_word' id='word_1_506' title='bbox 1887 2995 2041 3049; x_wconf 87' lang='lat' dir='ltr'>cella</span> <span class='ocrx_word' id='word_1_507' title='bbox 2073 2996 2261 3047; x_wconf 67' lang='lat' dir='ltr'>Beata:</span> <span class='ocrx_word' id='word_1_508' title='bbox 2288 2992 2477 3047; x_wconf 59' lang='lat' dir='ltr'>Mariae</span> <span class='ocrx_word' id='word_1_509' title='bbox 2518 2993 2591 3047; x_wconf 92' lang='lat' dir='ltr'>de</span> <span class='ocrx_word' id='word_1_510' title='bbox 2647 2992 2961 3063; x_wconf 90' lang='lat' dir='ltr'>Salmacia,</span> <span class='ocrx_word' id='word_1_511' title='bbox 3004 2999 3068 3049; x_wconf 90' lang='lat' dir='ltr'>ut</span> <span class='ocrx_word' id='word_1_512' title='bbox 3124 2996 3406 3050; x_wconf 91' lang='lat' dir='ltr'>monachi</span> <span class='ocrx_word' id='word_1_513' title='bbox 3458 2996 3540 3051; x_wconf 91' lang='lat' dir='ltr'>ibi</span> 
     </span>
    </p>
   </div>
   <div class='ocr_carea' id='block_1_76' title="bbox 1810 3082 3542 3153">
    <p class='ocr_par' dir='ltr' id='par_1_76' title="bbox 1810 3082 3542 3153">
     <span class='ocr_line' id='line_1_76' title="bbox 1810 3082 3542 3153; baseline 0.002 -16"><span class='ocrx_word' id='word_1_514' title='bbox 1810 3098 1849 3153; x_wconf 66' lang='grc' dir='ltr'>(ς,</span> <span class='ocrx_word' id='word_1_515' title='bbox 1889 3083 2256 3137; x_wconf 89' lang='lat' dir='ltr'>mitterentur</span> <span class='ocrx_word' id='word_1_516' title='bbox 2281 3087 2390 3137; x_wconf 91' lang='lat' dir='ltr'>etc.</span> <span class='ocrx_word' id='word_1_517' title='bbox 2413 3084 2498 3136; x_wconf 90' lang='lat' dir='ltr'>De</span> <span class='ocrx_word' id='word_1_518' title='bbox 2520 3082 2588 3137; x_wconf 87' lang='lat' dir='ltr'>iis</span> <span class='ocrx_word' id='word_1_519' title='bbox 2615 3083 2787 3137; x_wconf 86' lang='lat' dir='ltr'>rebus</span> <span class='ocrx_word' id='word_1_520' title='bbox 2820 3084 3149 3151; x_wconf 80' lang='lat' dir='ltr'>complures</span> <span class='ocrx_word' id='word_1_521' title='bbox 3185 3084 3411 3140; x_wconf 70' lang='lat' dir='ltr'>chartae</span> <span class='ocrx_word' id='word_1_522' title='bbox 3438 3084 3542 3141; x_wconf 90' lang='lat' dir='ltr'>ha-</span> 
     </span>
    </p>
   </div>
   <div class='ocr_carea' id='block_1_77' title="bbox 1892 3170 3541 3240">
    <p class='ocr_par' dir='ltr' id='par_1_77' title="bbox 1892 3170 3541 3240">
     <span class='ocr_line' id='line_1_77' title="bbox 1892 3170 3541 3240; baseline 0.002 -14"><span class='ocrx_word' id='word_1_523' title='bbox 1892 3172 2106 3227; x_wconf 88' lang='lat' dir='ltr'>bentur</span> <span class='ocrx_word' id='word_1_524' title='bbox 2127 3171 2293 3240; x_wconf 86' lang='lat' dir='ltr'>apud</span> <span class='ocrx_word' id='word_1_525' title='bbox 2338 3170 2672 3226; x_wconf 83' lang='lat' dir='ltr'>Perardum</span> <span class='ocrx_word' id='word_1_526' title='bbox 2706 3184 2726 3239; x_wconf 86' lang='lat'>,&#39;</span> <span class='ocrx_word' id='word_1_527' title='bbox 2756 3172 2859 3225; x_wconf 88' lang='lat' dir='ltr'>ubi</span> <span class='ocrx_word' id='word_1_528' title='bbox 2886 3172 3059 3226; x_wconf 89' lang='lat' dir='ltr'>etiam</span> <span class='ocrx_word' id='word_1_529' title='bbox 3081 3173 3410 3228; x_wconf 87' lang='lat' dir='ltr'>Lethaldus</span> <span class='ocrx_word' id='word_1_530' title='bbox 3429 3176 3541 3229; x_wconf 89' lang='lat' dir='ltr'>mi-</span> 
     </span>
    </p>
   </div>
   <div class='ocr_carea' id='block_1_78' title="bbox 1893 3261 3543 3317">
    <p class='ocr_par' dir='ltr' id='par_1_78' title="bbox 1893 3261 3543 3317">
     <span class='ocr_line' id='line_1_78' title="bbox 1893 3261 3543 3317; baseline 0 0"><span class='ocrx_word' id='word_1_531' title='bbox 1893 3262 1973 3317; x_wconf 88' lang='lat' dir='ltr'>les</span> <span class='ocrx_word' id='word_1_532' title='bbox 1991 3261 2095 3317; x_wconf 91' lang='lat' dir='ltr'>dat</span> <span class='ocrx_word' id='word_1_533' title='bbox 2116 3276 2275 3315; x_wconf 86' lang='lat' dir='ltr'>anno</span> <span class='ocrx_word' id='word_1_534' title='bbox 2304 3264 2438 3315; x_wconf 88' lang='lat'>1006</span> <span class='ocrx_word' id='word_1_535' title='bbox 2462 3262 2765 3316; x_wconf 83' lang='lat' dir='ltr'>ecclesiam</span> <span class='ocrx_word' id='word_1_536' title='bbox 2782 3262 2988 3316; x_wconf 88' lang='lat' dir='ltr'>Sancti</span> <span class='ocrx_word' id='word_1_537' title='bbox 3004 3262 3174 3316; x_wconf 87' lang='lat' dir='ltr'>Petri</span> <span class='ocrx_word' id='word_1_538' title='bbox 3190 3263 3249 3316; x_wconf 85' lang='lat' dir='ltr'>in</span> <span class='ocrx_word' id='word_1_539' title='bbox 3275 3263 3399 3317; x_wconf 90' lang='lat' dir='ltr'>loco</span> <span class='ocrx_word' id='word_1_540' title='bbox 3422 3265 3543 3317; x_wconf 88' lang='lat' dir='ltr'>Pu-</span> 
     </span>
    </p>
   </div>
   <div class='ocr_carea' id='block_1_79' title="bbox 1892 3350 3544 3421">
    <p class='ocr_par' dir='ltr' id='par_1_79' title="bbox 1892 3350 3544 3421">
     <span class='ocr_line' id='line_1_79' title="bbox 1892 3350 3544 3421; baseline 0.002 -16"><span class='ocrx_word' id='word_1_541' title='bbox 1892 3352 2079 3421; x_wconf 86' lang='lat' dir='ltr'>teolis,</span> <span class='ocrx_word' id='word_1_542' title='bbox 2108 3356 2170 3405; x_wconf 91' lang='lat' dir='ltr'>ut</span> <span class='ocrx_word' id='word_1_543' title='bbox 2200 3350 2284 3405; x_wconf 87' lang='lat' dir='ltr'>ibi</span> <span class='ocrx_word' id='word_1_544' title='bbox 2311 3350 2592 3405; x_wconf 84' lang='lat' dir='ltr'>monachi</span> <span class='ocrx_word' id='word_1_545' title='bbox 2618 3352 3035 3417; x_wconf 81' lang='lat' dir='ltr'>instituantur,</span> <span class='ocrx_word' id='word_1_546' title='bbox 3061 3356 3113 3406; x_wconf 90' lang='lat' dir='ltr'>et</span> <span class='ocrx_word' id='word_1_547' title='bbox 3140 3353 3355 3407; x_wconf 87' lang='lat' dir='ltr'>Haimo</span> <span class='ocrx_word' id='word_1_548' title='bbox 3410 3368 3544 3408; x_wconf 89' lang='lat' dir='ltr'>con-</span> 
     </span>
    </p>
   </div>
   <div class='ocr_carea' id='block_1_80' title="bbox 1889 3440 3537 3509">
    <p class='ocr_par' dir='ltr' id='par_1_80' title="bbox 1889 3440 3537 3509">
     <span class='ocr_line' id='line_1_80' title="bbox 1889 3440 3537 3509; baseline 0.001 -14"><span class='ocrx_word' id='word_1_549' title='bbox 1889 3442 2022 3495; x_wconf 87' lang='lat' dir='ltr'>silio</span> <span class='ocrx_word' id='word_1_550' title='bbox 2059 3440 2367 3495; x_wconf 85' lang='lat' dir='ltr'>Lamberti</span> <span class='ocrx_word' id='word_1_551' title='bbox 2411 3441 2671 3509; x_wconf 76' lang='lat' dir='ltr'>episcopi</span> <span class='ocrx_word' id='word_1_552' title='bbox 2718 3441 2931 3496; x_wconf 87' lang='lat' dir='ltr'>Sancti</span> <span class='ocrx_word' id='word_1_553' title='bbox 2980 3442 3265 3496; x_wconf 87' lang='lat' dir='ltr'>Flaviani</span> <span class='ocrx_word' id='word_1_554' title='bbox 3324 3442 3537 3508; x_wconf 87' lang='lat' dir='ltr'>locum,</span> 
     </span>
    </p>
   </div>
   <div class='ocr_carea' id='block_1_81' title="bbox 1890 3529 3541 3597">
    <p class='ocr_par' dir='ltr' id='par_1_81' title="bbox 1890 3529 3541 3597">
     <span class='ocr_line' id='line_1_81' title="bbox 1890 3529 3541 3597; baseline 0.001 -12"><span class='ocrx_word' id='word_1_555' title='bbox 1890 3545 2049 3585; x_wconf 86' lang='lat' dir='ltr'>anno</span> <span class='ocrx_word' id='word_1_556' title='bbox 2084 3532 2220 3583; x_wconf 90' lang='lat'>1030</span> <span class='ocrx_word' id='word_1_557' title='bbox 2266 3529 2563 3583; x_wconf 87' lang='lat' dir='ltr'>Willelmo</span> <span class='ocrx_word' id='word_1_558' title='bbox 2602 3529 2872 3597; x_wconf 85' lang='lat' dir='ltr'>subjecit,</span> <span class='ocrx_word' id='word_1_559' title='bbox 2918 3535 2981 3583; x_wconf 88' lang='lat' dir='ltr'>ut</span> <span class='ocrx_word' id='word_1_560' title='bbox 3022 3530 3104 3583; x_wconf 91' lang='lat' dir='ltr'>ibi</span> <span class='ocrx_word' id='word_1_561' title='bbox 3150 3533 3541 3587; x_wconf 89' lang='lat' dir='ltr'>monasticum</span> 
     </span>
    </p>
   </div>
   <div class='ocr_carea' id='block_1_82' title="bbox 1890 3617 3541 3688">
    <p class='ocr_par' dir='ltr' id='par_1_82' title="bbox 1890 3617 3541 3688">
     <span class='ocr_line' id='line_1_82' title="bbox 1890 3617 3541 3688; baseline 0.002 -15"><span class='ocrx_word' id='word_1_562' title='bbox 1890 3619 2155 3673; x_wconf 84' lang='lat' dir='ltr'>ordinem</span> <span class='ocrx_word' id='word_1_563' title='bbox 2176 3624 2507 3686; x_wconf 78' lang='lat' dir='ltr'>repararet.</span> <span class='ocrx_word' id='word_1_564' title='bbox 2537 3617 2827 3672; x_wconf 87' lang='lat' dir='ltr'>lmbertus</span> <span class='ocrx_word' id='word_1_565' title='bbox 2869 3624 3013 3673; x_wconf 87' lang='lat' dir='ltr'>tunc</span> <span class='ocrx_word' id='word_1_566' title='bbox 3058 3620 3393 3688; x_wconf 86' lang='lat' dir='ltr'>Lingonum</span> <span class='ocrx_word' id='word_1_567' title='bbox 3438 3637 3541 3677; x_wconf 82' lang='lat' dir='ltr'>ar-</span> 
     </span>
    </p>
   </div>
   <div class='ocr_carea' id='block_1_83' title="bbox 1890 3706 3545 3777">
    <p class='ocr_par' dir='ltr' id='par_1_83' title="bbox 1890 3706 3545 3777">
     <span class='ocr_line' id='line_1_83' title="bbox 1890 3706 3545 3777; baseline 0.001 -15"><span class='ocrx_word' id='word_1_568' title='bbox 1890 3706 2294 3771; x_wconf 84' lang='lat' dir='ltr'>chidiaconus,</span> <span class='ocrx_word' id='word_1_569' title='bbox 2328 3707 2431 3775; x_wconf 88' lang='lat' dir='ltr'>qui</span> <span class='ocrx_word' id='word_1_570' title='bbox 2456 3711 2659 3773; x_wconf 89' lang='lat' dir='ltr'>postea</span> <span class='ocrx_word' id='word_1_571' title='bbox 2690 3707 3064 3761; x_wconf 74' lang='lat' dir='ltr'>Parisiorum</span> <span class='ocrx_word' id='word_1_572' title='bbox 3098 3709 3401 3776; x_wconf 86' lang='lat' dir='ltr'>episcopus</span> <span class='ocrx_word' id='word_1_573' title='bbox 3415 3710 3545 3777; x_wconf 83' lang='lat' dir='ltr'>fac-</span> 
     </span>
    </p>
   </div>
   <div class='ocr_carea' id='block_1_84' title="bbox 1891 3794 3546 3866">
    <p class='ocr_par' dir='ltr' id='par_1_84' title="bbox 1891 3794 3546 3866">
     <span class='ocr_line' id='line_1_84' title="bbox 1891 3794 3546 3866; baseline 0.002 -15"><span class='ocrx_word' id='word_1_574' title='bbox 1891 3802 1983 3851; x_wconf 91' lang='lat' dir='ltr'>tus</span> <span class='ocrx_word' id='word_1_575' title='bbox 2012 3797 2153 3865; x_wconf 85' lang='lat' dir='ltr'>fuit,</span> <span class='ocrx_word' id='word_1_576' title='bbox 2184 3794 2396 3850; x_wconf 90' lang='lat' dir='ltr'>obtulit</span> <span class='ocrx_word' id='word_1_577' title='bbox 2424 3811 2530 3866; x_wconf 89' lang='lat' dir='ltr'>per</span> <span class='ocrx_word' id='word_1_578' title='bbox 2585 3794 2812 3849; x_wconf 89' lang='lat' dir='ltr'>donum</span> <span class='ocrx_word' id='word_1_579' title='bbox 2864 3800 2921 3849; x_wconf 91' lang='lat' dir='ltr'>et</span> <span class='ocrx_word' id='word_1_580' title='bbox 2961 3795 3203 3851; x_wconf 89' lang='lat' dir='ltr'>laudem</span> <span class='ocrx_word' id='word_1_581' title='bbox 3250 3798 3546 3854; x_wconf 88' lang='lat' dir='ltr'>Lamberti</span> 
     </span>
    </p>
   </div>
   <div class='ocr_carea' id='block_1_85' title="bbox 1890 3883 3548 3955">
    <p class='ocr_par' dir='ltr' id='par_1_85' title="bbox 1890 3883 3548 3955">
     <span class='ocr_line' id='line_1_85' title="bbox 1890 3883 3548 3955; baseline 0.002 -16"><span class='ocrx_word' id='word_1_582' title='bbox 1890 3884 2173 3955; x_wconf 92' lang='lat' dir='ltr'>episcopi,</span> <span class='ocrx_word' id='word_1_583' title='bbox 2218 3888 2422 3939; x_wconf 90' lang='lat' dir='ltr'>sancto</span> <span class='ocrx_word' id='word_1_584' title='bbox 2456 3883 2716 3953; x_wconf 88' lang='lat' dir='ltr'>Benigno</span> <span class='ocrx_word' id='word_1_585' title='bbox 2773 3883 3081 3940; x_wconf 88' lang='lat' dir='ltr'>abbatiam</span> <span class='ocrx_word' id='word_1_586' title='bbox 3138 3886 3333 3941; x_wconf 90' lang='lat' dir='ltr'>Sancti</span> <span class='ocrx_word' id='word_1_587' title='bbox 3376 3892 3548 3943; x_wconf 78' lang='lat' dir='ltr'>Ama-</span> 
     </span>
    </p>
   </div>
   <div class='ocr_carea' id='block_1_86' title="bbox 1890 3974 3542 4046">
    <p class='ocr_par' dir='ltr' id='par_1_86' title="bbox 1890 3974 3542 4046">
     <span class='ocr_line' id='line_1_86' title="bbox 1890 3974 3542 4046; baseline 0.001 -16"><span class='ocrx_word' id='word_1_588' title='bbox 1890 3975 2034 4030; x_wconf 88' lang='lat' dir='ltr'>toris</span> <span class='ocrx_word' id='word_1_589' title='bbox 2067 3990 2255 4046; x_wconf 91' lang='lat' dir='ltr'>prope</span> <span class='ocrx_word' id='word_1_590' title='bbox 2288 3974 2605 4043; x_wconf 83' lang='lat' dir='ltr'>Lingonas,</span> <span class='ocrx_word' id='word_1_591' title='bbox 2638 3978 2701 4028; x_wconf 90' lang='lat' dir='ltr'>ut</span> <span class='ocrx_word' id='word_1_592' title='bbox 2730 3974 2812 4028; x_wconf 91' lang='lat' dir='ltr'>ibi</span> <span class='ocrx_word' id='word_1_593' title='bbox 2844 3976 3124 4030; x_wconf 90' lang='lat' dir='ltr'>monachi</span> <span class='ocrx_word' id='word_1_594' title='bbox 3181 3976 3542 4045; x_wconf 89' lang='lat' dir='ltr'>sisterentur,</span> 
     </span>
    </p>
   </div>
   <div class='ocr_carea' id='block_1_87' title="bbox 1890 4063 3547 4139">
    <p class='ocr_par' dir='ltr' id='par_1_87' title="bbox 1890 4063 3547 4139">
     <span class='ocr_line' id='line_1_87' title="bbox 1890 4063 3547 4139; baseline 0.002 -19"><span class='ocrx_word' id='word_1_595' title='bbox 1890 4065 1994 4139; x_wconf 92' lang='lat' dir='ltr'>qui</span> <span class='ocrx_word' id='word_1_596' title='bbox 2021 4068 2139 4120; x_wconf 91' lang='lat' dir='ltr'>Deo</span> <span class='ocrx_word' id='word_1_597' title='bbox 2163 4064 2407 4136; x_wconf 88' lang='lat' dir='ltr'>hymnis</span> <span class='ocrx_word' id='word_1_598' title='bbox 2438 4068 2493 4119; x_wconf 88' lang='lat' dir='ltr'>et</span> <span class='ocrx_word' id='word_1_599' title='bbox 2516 4063 2797 4119; x_wconf 88' lang='lat' dir='ltr'>laudibus</span> <span class='ocrx_word' id='word_1_600' title='bbox 2846 4064 2941 4119; x_wconf 90' lang='lat' dir='ltr'>die</span> <span class='ocrx_word' id='word_1_601' title='bbox 2994 4071 3293 4138; x_wconf 91' lang='lat' dir='ltr'>noctuque</span> <span class='ocrx_word' id='word_1_602' title='bbox 3348 4068 3547 4123; x_wconf 91' lang='lat' dir='ltr'>deser-</span> 
     </span>
    </p>
   </div>
   <div class='ocr_carea' id='block_1_88' title="bbox 1891 4153 3547 4227">
    <p class='ocr_par' dir='ltr' id='par_1_88' title="bbox 1891 4153 3547 4227">
     <span class='ocr_line' id='line_1_88' title="bbox 1891 4153 3547 4227; baseline 0.002 -18"><span class='ocrx_word' id='word_1_603' title='bbox 1891 4155 2100 4210; x_wconf 88' lang='lat' dir='ltr'>virent.</span> <span class='ocrx_word' id='word_1_604' title='bbox 2160 4155 2382 4210; x_wconf 89' lang='lat' dir='ltr'>Eodem</span> <span class='ocrx_word' id='word_1_605' title='bbox 2415 4154 2729 4209; x_wconf 85' lang='lat' dir='ltr'>Lamberto</span> <span class='ocrx_word' id='word_1_606' title='bbox 2770 4153 3055 4210; x_wconf 81' lang='lat' dir='ltr'>laudante</span> <span class='ocrx_word' id='word_1_607' title='bbox 3102 4160 3294 4227; x_wconf 81' lang='lat' dir='ltr'>Aymo</span> <span class='ocrx_word' id='word_1_608' title='bbox 3346 4173 3547 4212; x_wconf 91' lang='lat' dir='ltr'>comes</span> 
     </span>
    </p>
   </div>
   <div class='ocr_carea' id='block_1_89' title="bbox 1891 4243 3547 4300">
    <p class='ocr_par' dir='ltr' id='par_1_89' title="bbox 1891 4243 3547 4300">
     <span class='ocr_line' id='line_1_89' title="bbox 1891 4243 3547 4300; baseline 0.001 -1"><span class='ocrx_word' id='word_1_609' title='bbox 1891 4245 2053 4299; x_wconf 88' lang='lat' dir='ltr'>dedit</span> <span class='ocrx_word' id='word_1_610' title='bbox 2082 4244 2369 4299; x_wconf 89' lang='lat' dir='ltr'>Willelmo</span> <span class='ocrx_word' id='word_1_611' title='bbox 2401 4243 2707 4299; x_wconf 86' lang='lat' dir='ltr'>abbatiam</span> <span class='ocrx_word' id='word_1_612' title='bbox 2735 4243 2796 4297; x_wconf 92' lang='lat' dir='ltr'>in</span> <span class='ocrx_word' id='word_1_613' title='bbox 2825 4244 3118 4298; x_wconf 89' lang='lat' dir='ltr'>honorem</span> <span class='ocrx_word' id='word_1_614' title='bbox 3168 4249 3385 4299; x_wconf 63' lang='lat' dir='ltr'>sanctas</span> <span class='ocrx_word' id='word_1_615' title='bbox 3448 4246 3547 4300; x_wconf 91' lang='lat' dir='ltr'>Dei</span> 
     </span>
    </p>
   </div>
   <div class='ocr_carea' id='block_1_90' title="bbox 1894 4333 3544 4405">
    <p class='ocr_par' dir='ltr' id='par_1_90' title="bbox 1894 4333 3544 4405">
     <span class='ocr_line' id='line_1_90' title="bbox 1894 4333 3544 4405; baseline -0.001 -16"><span class='ocrx_word' id='word_1_616' title='bbox 1894 4334 2189 4403; x_wconf 89' lang='lat' dir='ltr'>genitricis</span> <span class='ocrx_word' id='word_1_617' title='bbox 2220 4333 2410 4388; x_wconf 74' lang='lat' dir='ltr'>Mariae</span> <span class='ocrx_word' id='word_1_618' title='bbox 2442 4338 2759 4397; x_wconf 87' lang='lat' dir='ltr'>sacratam,</span> <span class='ocrx_word' id='word_1_619' title='bbox 2793 4337 2850 4386; x_wconf 88' lang='lat' dir='ltr'>et</span> <span class='ocrx_word' id='word_1_620' title='bbox 2897 4338 3032 4388; x_wconf 90' lang='lat' dir='ltr'>ante</span> <span class='ocrx_word' id='word_1_621' title='bbox 3056 4350 3230 4387; x_wconf 91' lang='lat' dir='ltr'>suum</span> <span class='ocrx_word' id='word_1_622' title='bbox 3263 4338 3544 4405; x_wconf 90' lang='lat' dir='ltr'>castrum,</span> 
     </span>
    </p>
   </div>
   <div class='ocr_carea' id='block_1_91' title="bbox 116 4420 3546 4517">
    <p class='ocr_par' dir='ltr' id='par_1_91' title="bbox 116 4420 3546 4517">
     <span class='ocr_line' id='line_1_91' title="bbox 116 4420 3546 4517; baseline -0.004 -11"><span class='ocrx_word' id='word_1_623' title='bbox 116 4451 207 4507; x_wconf 91' lang='lat' dir='ltr'>do</span> <span class='ocrx_word' id='word_1_624' title='bbox 232 4466 373 4506; x_wconf 86' lang='lat' dir='ltr'>vero</span> <span class='ocrx_word' id='word_1_625' title='bbox 396 4420 605 4506; x_wconf 73' lang='lat' dir='ltr'>sancto</span> <span class='ocrx_word' id='word_1_626' title='bbox 635 4450 902 4517; x_wconf 87' lang='lat' dir='ltr'>Benigno</span> <span class='ocrx_word' id='word_1_627' title='bbox 929 4449 1095 4504; x_wconf 90' lang='lat' dir='ltr'>istius</span> <span class='ocrx_word' id='word_1_628' title='bbox 1138 4446 1253 4501; x_wconf 92' lang='lat' dir='ltr'>loci</span> <span class='ocrx_word' id='word_1_629' title='bbox 1309 4450 1562 4517; x_wconf 87' lang='lat' dir='ltr'>patrono</span> <span class='ocrx_word' id='word_1_630' title='bbox 1616 4443 1789 4499; x_wconf 89' lang='lat' dir='ltr'>fuerit</span> <span class='ocrx_word' id='word_1_631' title='bbox 1818 4454 1861 4507; x_wconf 81' lang='grc' dir='ltr'>ι)</span> <span class='ocrx_word' id='word_1_632' title='bbox 1892 4423 2081 4517; x_wconf 59' lang='grc' dir='ltr'>(Ιυξδά,</span> <span class='ocrx_word' id='word_1_633' title='bbox 2113 4422 2363 4517; x_wconf 48' lang='lat' dir='ltr'>Sil-X0919</span> <span class='ocrx_word' id='word_1_634' title='bbox 2420 4420 2852 4517; x_wconf 44' lang='grc' dir='ltr'>[θοηεξίξδίίιιῐὸ</span> <span class='ocrx_word' id='word_1_635' title='bbox 2909 4422 3188 4517; x_wconf 60' lang='grc' dir='ltr'>ᾨοείῑεξΠΙ,</span> <span class='ocrx_word' id='word_1_636' title='bbox 3249 4428 3546 4517; x_wconf 51' lang='lat'>9113199118</span> 
     </span>
    </p>
   </div>
   <div class='ocr_carea' id='block_1_92' title="bbox 115 4533 1788 4605">
    <p class='ocr_par' dir='ltr' id='par_1_92' title="bbox 115 4533 1788 4605">
     <span class='ocr_line' id='line_1_92' title="bbox 115 4533 1788 4605; baseline -0.005 -11"><span class='ocrx_word' id='word_1_637' title='bbox 115 4540 327 4605; x_wconf 88' lang='lat' dir='ltr'>datus,</span> <span class='ocrx_word' id='word_1_638' title='bbox 351 4554 512 4593; x_wconf 91' lang='lat' dir='ltr'>nunc</span> <span class='ocrx_word' id='word_1_639' title='bbox 542 4539 886 4593; x_wconf 90' lang='lat' dir='ltr'>referemus.</span> <span class='ocrx_word' id='word_1_640' title='bbox 916 4536 1099 4593; x_wconf 76' lang='lat' dir='ltr'>Iacob</span> <span class='ocrx_word' id='word_1_641' title='bbox 1129 4534 1415 4591; x_wconf 89' lang='lat' dir='ltr'>Tullensis</span> <span class='ocrx_word' id='word_1_642' title='bbox 1438 4533 1602 4588; x_wconf 89' lang='lat' dir='ltr'>urbis</span> <span class='ocrx_word' id='word_1_643' title='bbox 1635 4533 1788 4604; x_wconf 91' lang='lat' dir='ltr'>epis-</span> 
     </span>
    </p>
   </div>
   <div class='ocr_carea' id='block_1_93' title="bbox 115 4620 1787 4699">
    <p class='ocr_par' dir='ltr' id='par_1_93' title="bbox 115 4620 1787 4699">
     <span class='ocr_line' id='line_1_93' title="bbox 115 4620 1787 4699; baseline -0.005 -14"><span class='ocrx_word' id='word_1_644' title='bbox 115 4644 318 4699; x_wconf 91' lang='lat' dir='ltr'>copus</span> <span class='ocrx_word' id='word_1_645' title='bbox 349 4627 496 4681; x_wconf 94' lang='lat' dir='ltr'>dum</span> <span class='ocrx_word' id='word_1_646' title='bbox 518 4626 735 4681; x_wconf 90' lang='lat' dir='ltr'>rediret</span> <span class='ocrx_word' id='word_1_647' title='bbox 755 4630 961 4692; x_wconf 84' lang='lat' dir='ltr'>Roma,</span> <span class='ocrx_word' id='word_1_648' title='bbox 991 4626 1266 4681; x_wconf 80' lang='lat' dir='ltr'>incitatus</span> <span class='ocrx_word' id='word_1_649' title='bbox 1288 4622 1450 4677; x_wconf 87' lang='lat' dir='ltr'>fama</span> <span class='ocrx_word' id='word_1_650' title='bbox 1471 4620 1787 4677; x_wconf 87' lang='lat' dir='ltr'>miraculo—</span> 
     </span>
    </p>
   </div>
   <div class='ocr_carea' id='block_1_94' title="bbox 110 4709 1789 4786">
    <p class='ocr_par' dir='ltr' id='par_1_94' title="bbox 110 4709 1789 4786">
     <span class='ocr_line' id='line_1_94' title="bbox 110 4709 1789 4786; baseline -0.005 -15"><span class='ocrx_word' id='word_1_651' title='bbox 110 4731 263 4777; x_wconf 84' lang='lat' dir='ltr'>rum</span> <span class='ocrx_word' id='word_1_652' title='bbox 319 4729 454 4785; x_wconf 77' lang='lat' dir='ltr'>quae</span> <span class='ocrx_word' id='word_1_653' title='bbox 504 4714 564 4767; x_wconf 91' lang='lat' dir='ltr'>in</span> <span class='ocrx_word' id='word_1_654' title='bbox 615 4714 727 4768; x_wconf 91' lang='lat' dir='ltr'>hoc</span> <span class='ocrx_word' id='word_1_655' title='bbox 781 4714 914 4769; x_wconf 92' lang='lat' dir='ltr'>loco</span> <span class='ocrx_word' id='word_1_656' title='bbox 943 4715 1039 4770; x_wconf 93' lang='lat' dir='ltr'>Dei</span> <span class='ocrx_word' id='word_1_657' title='bbox 1063 4712 1426 4786; x_wconf 89' lang='lat' dir='ltr'>operabatur</span> <span class='ocrx_word' id='word_1_658' title='bbox 1474 4709 1789 4765; x_wconf 89' lang='lat' dir='ltr'>clementia</span> 
     </span>
    </p>
   </div>
   <div class='ocr_carea' id='block_1_95' title="bbox 114 4798 1789 4883">
    <p class='ocr_par' dir='ltr' id='par_1_95' title="bbox 114 4798 1789 4883">
     <span class='ocr_line' id='line_1_95' title="bbox 114 4798 1789 4883; baseline -0.006 -21"><span class='ocrx_word' id='word_1_659' title='bbox 114 4822 237 4883; x_wconf 87' lang='lat' dir='ltr'>per</span> <span class='ocrx_word' id='word_1_660' title='bbox 258 4804 425 4859; x_wconf 91' lang='lat' dir='ltr'>istius</span> <span class='ocrx_word' id='word_1_661' title='bbox 458 4803 649 4857; x_wconf 90' lang='lat' dir='ltr'>sancti</span> <span class='ocrx_word' id='word_1_662' title='bbox 680 4804 913 4869; x_wconf 91' lang='lat' dir='ltr'>merita,</span> <span class='ocrx_word' id='word_1_663' title='bbox 950 4804 1026 4859; x_wconf 89' lang='lat' dir='ltr'>ad</span> <span class='ocrx_word' id='word_1_664' title='bbox 1057 4803 1246 4875; x_wconf 90' lang='lat' dir='ltr'>ipsius</span> <span class='ocrx_word' id='word_1_665' title='bbox 1268 4799 1547 4871; x_wconf 79' lang='lat' dir='ltr'>martyris</span> <span class='ocrx_word' id='word_1_666' title='bbox 1580 4798 1789 4855; x_wconf 87' lang='lat' dir='ltr'>Christi</span> 
     </span>
    </p>
   </div>
   <div class='ocr_carea' id='block_1_96' title="bbox 118 4886 1789 4962">
    <p class='ocr_par' dir='ltr' id='par_1_96' title="bbox 118 4886 1789 4962">
     <span class='ocr_line' id='line_1_96' title="bbox 118 4886 1789 4962; baseline -0.007 -10"><span class='ocrx_word' id='word_1_667' title='bbox 118 4893 375 4953; x_wconf 86' lang='lat' dir='ltr'>advenit</span> <span class='ocrx_word' id='word_1_668' title='bbox 403 4890 721 4959; x_wconf 89' lang='lat' dir='ltr'>tumulum,</span> <span class='ocrx_word' id='word_1_669' title='bbox 751 4891 1000 4962; x_wconf 89' lang='lat' dir='ltr'>cupiens</span> <span class='ocrx_word' id='word_1_670' title='bbox 1031 4906 1066 4945; x_wconf 93' lang='lat' dir='ltr'>a</span> <span class='ocrx_word' id='word_1_671' title='bbox 1098 4892 1215 4945; x_wconf 90' lang='lat' dir='ltr'>Deo</span> <span class='ocrx_word' id='word_1_672' title='bbox 1249 4890 1486 4944; x_wconf 89' lang='lat' dir='ltr'>veniam</span> <span class='ocrx_word' id='word_1_673' title='bbox 1540 4886 1789 4959; x_wconf 90' lang='lat' dir='ltr'>adipisci</span> 
     </span>
    </p>
   </div>
   <div class='ocr_carea' id='block_1_97' title="bbox 119 4976 1788 5052">
    <p class='ocr_par' dir='ltr' id='par_1_97' title="bbox 119 4976 1788 5052">
     <span class='ocr_line' id='line_1_97' title="bbox 119 4976 1788 5052; baseline -0.007 -12"><span class='ocrx_word' id='word_1_674' title='bbox 119 4981 484 5040; x_wconf 86' lang='lat' dir='ltr'>delictorum</span> <span class='ocrx_word' id='word_1_675' title='bbox 514 4995 619 5052; x_wconf 91' lang='lat' dir='ltr'>per</span> <span class='ocrx_word' id='word_1_676' title='bbox 674 4978 855 5049; x_wconf 90' lang='lat' dir='ltr'>hujus</span> <span class='ocrx_word' id='word_1_677' title='bbox 910 4978 1151 5048; x_wconf 89' lang='lat' dir='ltr'>gloriosi</span> <span class='ocrx_word' id='word_1_678' title='bbox 1188 4976 1466 5047; x_wconf 86' lang='lat' dir='ltr'>martyris</span> <span class='ocrx_word' id='word_1_679' title='bbox 1496 4976 1788 5030; x_wconf 92' lang='lat' dir='ltr'>interven-</span> 
     </span>
    </p>
   </div>
   <div class='ocr_carea' id='block_1_98' title="bbox 122 5063 1788 5141">
    <p class='ocr_par' dir='ltr' id='par_1_98' title="bbox 122 5063 1788 5141">
     <span class='ocr_line' id='line_1_98' title="bbox 122 5063 1788 5141; baseline -0.006 -14"><span class='ocrx_word' id='word_1_680' title='bbox 122 5078 280 5130; x_wconf 86' lang='lat' dir='ltr'>tum.</span> <span class='ocrx_word' id='word_1_681' title='bbox 318 5073 588 5141; x_wconf 87' lang='lat' dir='ltr'>Dumque</span> <span class='ocrx_word' id='word_1_682' title='bbox 615 5084 720 5141; x_wconf 90' lang='lat' dir='ltr'>per</span> <span class='ocrx_word' id='word_1_683' title='bbox 752 5068 979 5140; x_wconf 91' lang='lat' dir='ltr'>aliquot</span> <span class='ocrx_word' id='word_1_684' title='bbox 994 5066 1120 5122; x_wconf 90' lang='lat' dir='ltr'>dies</span> <span class='ocrx_word' id='word_1_685' title='bbox 1149 5064 1510 5121; x_wconf 90' lang='lat' dir='ltr'>remorando</span> <span class='ocrx_word' id='word_1_686' title='bbox 1532 5063 1609 5118; x_wconf 90' lang='lat' dir='ltr'>ad</span> <span class='ocrx_word' id='word_1_687' title='bbox 1634 5067 1788 5117; x_wconf 91' lang='lat' dir='ltr'>tum-</span> 
     </span>
    </p>
   </div>
   <div class='ocr_carea' id='block_1_99' title="bbox 119 5156 1791 5232">
    <p class='ocr_par' dir='ltr' id='par_1_99' title="bbox 119 5156 1791 5232">
     <span class='ocr_line' id='line_1_99' title="bbox 119 5156 1791 5232; baseline -0.007 -14"><span class='ocrx_word' id='word_1_688' title='bbox 119 5164 277 5221; x_wconf 87' lang='lat' dir='ltr'>bam</span> <span class='ocrx_word' id='word_1_689' title='bbox 303 5162 431 5232; x_wconf 91' lang='lat' dir='ltr'>ejus</span> <span class='ocrx_word' id='word_1_690' title='bbox 464 5159 750 5215; x_wconf 73' lang='lat' dir='ltr'>coelorum</span> <span class='ocrx_word' id='word_1_691' title='bbox 788 5162 1124 5232; x_wconf 91' lang='lat' dir='ltr'>penetraret</span> <span class='ocrx_word' id='word_1_692' title='bbox 1180 5156 1408 5220; x_wconf 90' lang='lat' dir='ltr'>intima,</span> <span class='ocrx_word' id='word_1_693' title='bbox 1440 5157 1688 5209; x_wconf 90' lang='lat' dir='ltr'>vocatus</span> <span class='ocrx_word' id='word_1_694' title='bbox 1754 5168 1791 5208; x_wconf 95' lang='lat' dir='ltr'>a</span> 
     </span>
    </p>
   </div>
   <div class='ocr_carea' id='block_1_100' title="bbox 202 5313 1787 5400">
    <p class='ocr_par' dir='ltr' id='par_1_100' title="bbox 202 5313 1787 5400">
     <span class='ocr_line' id='line_1_100' title="bbox 202 5313 1787 5400; baseline -0.006 -23"><span class='ocrx_word' id='word_1_695' title='bbox 202 5321 581 5400; x_wconf 74' lang='lat' dir='ltr'>(13)_Aliqu_ot</span> <span class='ocrx_word' id='word_1_696' title='bbox 599 5337 743 5376; x_wconf 89' lang='lat' dir='ltr'>vasa</span> <span class='ocrx_word' id='word_1_697' title='bbox 792 5336 966 5400; x_wconf 86' lang='lat' dir='ltr'>sacra</span> <span class='ocrx_word' id='word_1_698' title='bbox 1015 5335 1051 5400; x_wconf 87' lang='lat' dir='ltr'>_a</span> <span class='ocrx_word' id='word_1_699' title='bbox 1109 5321 1390 5400; x_wconf 68' lang='lat' dir='ltr'>Suppone</span> <span class='ocrx_word' id='word_1_700' title='bbox 1429 5313 1787 5400; x_wconf 79' lang='lat' dir='ltr'>Michaelinae</span> 
     </span>
    </p>
   </div>
   <div class='ocr_carea' id='block_1_101' title="bbox 121 5392 1785 5457">
    <p class='ocr_par' dir='ltr' id='par_1_101' title="bbox 121 5392 1785 5457">
     <span class='ocr_line' id='line_1_101' title="bbox 121 5392 1785 5457; baseline -0.006 -6"><span class='ocrx_word' id='word_1_701' title='bbox 121 5392 393 5451; x_wconf 67' lang='lat' dir='ltr'>ecClesize</span> <span class='ocrx_word' id='word_1_702' title='bbox 421 5392 561 5448; x_wconf 77' lang='lat' dir='ltr'>data</span> <span class='ocrx_word' id='word_1_703' title='bbox 590 5396 886 5448; x_wconf 89' lang='lat' dir='ltr'>memorat</span> <span class='ocrx_word' id='word_1_704' title='bbox 929 5395 1180 5446; x_wconf 81' lang='lat' dir='ltr'>Arturus</span> <span class='ocrx_word' id='word_1_705' title='bbox 1230 5392 1290 5444; x_wconf 91' lang='lat' dir='ltr'>in</span> <span class='ocrx_word' id='word_1_706' title='bbox 1349 5392 1619 5444; x_wconf 89' lang='lat' dir='ltr'>Neustria</span> <span class='ocrx_word' id='word_1_707' title='bbox 1664 5392 1785 5457; x_wconf 88' lang='lat' dir='ltr'>pia,</span> 
     </span>
    </p>
   </div>
   <div class='ocr_carea' id='block_1_102' title="bbox 176 5460 1783 5526">
    <p class='ocr_par' dir='ltr' id='par_1_102' title="bbox 176 5460 1783 5526">
     <span class='ocr_line' id='line_1_102' title="bbox 176 5460 1783 5526; baseline -0.005 -7"><span class='ocrx_word' id='word_1_708' title='bbox 176 5465 237 5519; x_wconf 91' lang='lat' dir='ltr'>ui</span> <span class='ocrx_word' id='word_1_709' title='bbox 268 5464 549 5519; x_wconf 90' lang='lat' dir='ltr'>eumdem</span> <span class='ocrx_word' id='word_1_710' title='bbox 608 5463 1017 5519; x_wconf 88' lang='lat' dir='ltr'>Fructuarium</span> <span class='ocrx_word' id='word_1_711' title='bbox 1076 5461 1356 5517; x_wconf 90' lang='lat' dir='ltr'>recessise</span> <span class='ocrx_word' id='word_1_712' title='bbox 1413 5474 1574 5515; x_wconf 93' lang='lat' dir='ltr'>anno</span> <span class='ocrx_word' id='word_1_713' title='bbox 1626 5460 1783 5526; x_wconf 72' lang='grc'>1048,</span> 
     </span>
    </p>
   </div>
   <div class='ocr_carea' id='block_1_103' title="bbox 122 5483 1764 5609">
    <p class='ocr_par' dir='ltr' id='par_1_103' title="bbox 122 5483 1764 5609">
     <span class='ocr_line' id='line_1_103' title="bbox 176 5483 1762 5519; baseline -0.005 0"><span class='ocrx_word' id='word_1_714' title='bbox 176 5483 549 5519; x_wconf 67' lang='lat'>11181111108111</span> <span class='ocrx_word' id='word_1_715' title='bbox 610 5483 1017 5519; x_wconf 74' lang='lat' dir='ltr'>l‘l‘llClllaI&#39;llllIl</span> <span class='ocrx_word' id='word_1_716' title='bbox 1076 5483 1356 5517; x_wconf 70' lang='lat' dir='ltr'>I‘BCBSSISC</span> <span class='ocrx_word' id='word_1_717' title='bbox 1413 5483 1574 5515; x_wconf 60' lang='lat'>(111110</span> <span class='ocrx_word' id='word_1_718' title='bbox 1626 5483 1762 5512; x_wconf 67' lang='lat' dir='ltr'>Iuro</span> 
     </span>
     <span class='ocr_line' id='line_1_104' title="bbox 122 5483 1764 5609; baseline -0.003 -16"><span class='ocrx_word' id='word_1_719' title='bbox 122 5483 555 5609; x_wconf 53' lang='lat' dir='ltr'>i1):que_obiis_e</span> <span class='ocrx_word' id='word_1_720' title='bbox 585 5551 747 5609; x_wconf 79' lang='lat' dir='ltr'>anno</span> <span class='ocrx_word' id='word_1_721' title='bbox 780 5540 908 5609; x_wconf 69' lang='lat'>1061</span> <span class='ocrx_word' id='word_1_722' title='bbox 949 5534 1226 5609; x_wconf 36' lang='lat' dir='ltr'>scribit.&quot;</span> <span class='ocrx_word' id='word_1_723' title='bbox 1270 5606 1301 5609; x_wconf 80' lang='lat'><strong><em>_</em></strong></span> <span class='ocrx_word' id='word_1_724' title='bbox 1386 5602 1415 5609; x_wconf 89' lang='lat'>__</span> <span class='ocrx_word' id='word_1_725' title='bbox 1483 5601 1498 5609; x_wconf 89' lang='lat'>_</span> <span class='ocrx_word' id='word_1_726' title='bbox 1523 5601 1539 5609; x_wconf 90' lang='lat'><em>_</em></span> <span class='ocrx_word' id='word_1_727' title='bbox 1753 5598 1764 5609; x_wconf 36' lang='grc' dir='ltr'>ε</span> 
     </span>
    </p>
   </div>
   <div class='ocr_carea' id='block_1_104' title="bbox 207 5601 1787 5677">
    <p class='ocr_par' dir='ltr' id='par_1_104' title="bbox 207 5601 1787 5677">
     <span class='ocr_line' id='line_1_105' title="bbox 207 5601 1787 5677; baseline -0.005 -16"><span class='ocrx_word' id='word_1_728' title='bbox 207 5601 315 5677; x_wconf 66' lang='grc'>(14)</span> <span class='ocrx_word' id='word_1_729' title='bbox 348 5606 493 5661; x_wconf 88' lang='lat' dir='ltr'>Huic</span> <span class='ocrx_word' id='word_1_730' title='bbox 518 5605 651 5661; x_wconf 93' lang='lat' dir='ltr'>loco</span> <span class='ocrx_word' id='word_1_731' title='bbox 681 5605 803 5661; x_wconf 92' lang='lat' dir='ltr'>duo</span> <span class='ocrx_word' id='word_1_732' title='bbox 836 5605 1045 5661; x_wconf 88' lang='lat' dir='ltr'>altaria</span> <span class='ocrx_word' id='word_1_733' title='bbox 1071 5604 1233 5660; x_wconf 91' lang='lat' dir='ltr'>dedit</span> <span class='ocrx_word' id='word_1_734' title='bbox 1270 5601 1617 5677; x_wconf 81' lang='lat' dir='ltr'>Bertholdus</span> <span class='ocrx_word' id='word_1_735' title='bbox 1672 5601 1787 5677; x_wconf 85' lang='lat' dir='ltr'>cpi-</span> 
     </span>
    </p>
   </div>
   <div class='ocr_carea' id='block_1_105' title="bbox 127 5674 1791 5745">
    <p class='ocr_par' dir='ltr' id='par_1_105' title="bbox 127 5674 1791 5745">
     <span class='ocr_line' id='line_1_106' title="bbox 127 5674 1791 5745; baseline -0.007 -9"><span class='ocrx_word' id='word_1_736' title='bbox 127 5674 356 5745; x_wconf 78' lang='lat' dir='ltr'>scepus</span> <span class='ocrx_word' id='word_1_737' title='bbox 378 5677 667 5733; x_wconf 88' lang='lat' dir='ltr'>Tullensis</span> <span class='ocrx_word' id='word_1_738' title='bbox 698 5692 860 5732; x_wconf 91' lang='lat' dir='ltr'>anno</span> <span class='ocrx_word' id='word_1_739' title='bbox 894 5682 1122 5745; x_wconf 71' lang='lat' dir='ltr'>10035,ut</span> <span class='ocrx_word' id='word_1_740' title='bbox 1152 5677 1483 5733; x_wconf 87' lang='lat' dir='ltr'>monastica</span> <span class='ocrx_word' id='word_1_741' title='bbox 1502 5674 1791 5745; x_wconf 79' lang='lat' dir='ltr'>religione</span> 
     </span>
    </p>
   </div>
   <div class='ocr_carea' id='block_1_106' title="bbox 127 5696 1794 5819">
    <p class='ocr_par' dir='ltr' id='par_1_106' title="bbox 127 5696 1794 5819">
     <span class='ocr_line' id='line_1_107' title="bbox 127 5696 1791 5745; baseline -0.006 -9"><span class='ocrx_word' id='word_1_742' title='bbox 127 5696 235 5736; x_wconf 86' lang='lat' dir='ltr'>SCO</span> <span class='ocrx_word' id='word_1_743' title='bbox 283 5696 356 5733; x_wconf 78' lang='lat' dir='ltr'>IIS</span> <span class='ocrx_word' id='word_1_744' title='bbox 389 5696 667 5733; x_wconf 75' lang='lat'>11111811518</span> <span class='ocrx_word' id='word_1_745' title='bbox 698 5696 860 5732; x_wconf 65' lang='grc' dir='ltr'>ΕΠΙΙο</span> <span class='ocrx_word' id='word_1_746' title='bbox 894 5696 1121 5745; x_wconf 73' lang='grc' dir='ltr'>ιυυ;›,ιιι</span> <span class='ocrx_word' id='word_1_747' title='bbox 1152 5696 1483 5733; x_wconf 76' lang='lat' dir='ltr'>monasncu</span> <span class='ocrx_word' id='word_1_748' title='bbox 1502 5696 1611 5729; x_wconf 72' lang='grc' dir='ltr'>νϐιι</span> <span class='ocrx_word' id='word_1_749' title='bbox 1658 5696 1791 5726; x_wconf 70' lang='lat' dir='ltr'>tum:</span> 
     </span>
     <span class='ocr_line' id='line_1_108' title="bbox 127 5696 1794 5819; baseline -0.007 -10"><span class='ocrx_word' id='word_1_750' title='bbox 127 5769 169 5809; x_wconf 90' lang='lat' dir='ltr'>a</span> <span class='ocrx_word' id='word_1_751' title='bbox 199 5696 499 5806; x_wconf 56' lang='lat' dir='ltr'>vgillelmo</span> <span class='ocrx_word' id='word_1_752' title='bbox 528 5748 928 5819; x_wconf 84' lang='lat' dir='ltr'>insigniretur.</span> <span class='ocrx_word' id='word_1_753' title='bbox 951 5748 1298 5806; x_wconf 86' lang='lat' dir='ltr'>Donationis</span> <span class='ocrx_word' id='word_1_754' title='bbox 1319 5748 1587 5803; x_wconf 87' lang='lat' dir='ltr'>chartam</span> <span class='ocrx_word' id='word_1_755' title='bbox 1610 5696 1794 5800; x_wconf 51' lang='lat' dir='ltr'>habet</span> 
     </span>
    </p>
   </div>
   <div class='ocr_carea' id='block_1_107' title="bbox 1894 4509 3548 4579">
    <p class='ocr_par' dir='ltr' id='par_1_107' title="bbox 1894 4509 3548 4579">
     <span class='ocr_line' id='line_1_109' title="bbox 1894 4509 3548 4579; baseline -0.001 -12"><span class='ocrx_word' id='word_1_756' title='bbox 1894 4512 2043 4567; x_wconf 90' lang='lat' dir='ltr'>ordo</span> <span class='ocrx_word' id='word_1_757' title='bbox 2072 4510 2462 4573; x_wconf 89' lang='lat' dir='ltr'>monasticus,</span> <span class='ocrx_word' id='word_1_758' title='bbox 2497 4509 2599 4579; x_wconf 88' lang='lat' dir='ltr'>qui</span> <span class='ocrx_word' id='word_1_759' title='bbox 2626 4509 2707 4563; x_wconf 90' lang='lat' dir='ltr'>ibi</span> <span class='ocrx_word' id='word_1_760' title='bbox 2737 4510 3047 4579; x_wconf 91' lang='lat' dir='ltr'>quondam</span> <span class='ocrx_word' id='word_1_761' title='bbox 3078 4510 3268 4565; x_wconf 89' lang='lat' dir='ltr'>fuerat</span> <span class='ocrx_word' id='word_1_762' title='bbox 3324 4511 3548 4566; x_wconf 90' lang='lat' dir='ltr'>institu-</span> 
     </span>
    </p>
   </div>
   <div class='ocr_carea' id='block_1_108' title="bbox 1894 4597 3547 4671">
    <p class='ocr_par' dir='ltr' id='par_1_108' title="bbox 1894 4597 3547 4671">
     <span class='ocr_line' id='line_1_110' title="bbox 1894 4597 3547 4671; baseline 0 -14"><span class='ocrx_word' id='word_1_763' title='bbox 1894 4606 2011 4663; x_wconf 91' lang='lat' dir='ltr'>tus,</span> <span class='ocrx_word' id='word_1_764' title='bbox 2035 4599 2223 4671; x_wconf 90' lang='lat' dir='ltr'>ipsius</span> <span class='ocrx_word' id='word_1_765' title='bbox 2262 4602 2636 4668; x_wconf 90' lang='lat' dir='ltr'>repararetur</span> <span class='ocrx_word' id='word_1_766' title='bbox 2663 4597 2878 4652; x_wconf 87' lang='lat' dir='ltr'>studio.</span> <span class='ocrx_word' id='word_1_767' title='bbox 2916 4598 3170 4654; x_wconf 67' lang='lat' dir='ltr'>Caeteros</span> <span class='ocrx_word' id='word_1_768' title='bbox 3199 4601 3547 4658; x_wconf 82' lang='lat' dir='ltr'>donationes</span> 
     </span>
    </p>
   </div>
   <div class='ocr_carea' id='block_1_109' title="bbox 1896 4686 3550 4759">
    <p class='ocr_par' dir='ltr' id='par_1_109' title="bbox 1896 4686 3550 4759">
     <span class='ocr_line' id='line_1_111' title="bbox 1896 4686 3550 4759; baseline 0.001 -15"><span class='ocrx_word' id='word_1_769' title='bbox 1896 4690 2236 4744; x_wconf 88' lang='lat' dir='ltr'>omittimus.</span> <span class='ocrx_word' id='word_1_770' title='bbox 2283 4687 2402 4742; x_wconf 89' lang='lat' dir='ltr'>Sed</span> <span class='ocrx_word' id='word_1_771' title='bbox 2454 4686 2912 4754; x_wconf 65' lang='lat' dir='ltr'>prietermittere</span> <span class='ocrx_word' id='word_1_772' title='bbox 2967 4702 3086 4740; x_wconf 87' lang='lat' dir='ltr'>non</span> <span class='ocrx_word' id='word_1_773' title='bbox 3144 4688 3276 4741; x_wconf 85' lang='lat' dir='ltr'>licet</span> <span class='ocrx_word' id='word_1_774' title='bbox 3328 4692 3550 4759; x_wconf 85' lang='lat' dir='ltr'>egregii</span> 
     </span>
    </p>
   </div>
   <div class='ocr_carea' id='block_1_110' title="bbox 1892 4774 3545 4847">
    <p class='ocr_par' dir='ltr' id='par_1_110' title="bbox 1892 4774 3545 4847">
     <span class='ocr_line' id='line_1_112' title="bbox 1892 4774 3545 4847; baseline -0.001 -16"><span class='ocrx_word' id='word_1_775' title='bbox 1892 4776 2191 4847; x_wconf 83' lang='lat' dir='ltr'>pontiﬁcis</span> <span class='ocrx_word' id='word_1_776' title='bbox 2244 4776 2549 4830; x_wconf 86' lang='lat' dir='ltr'>Brunonis</span> <span class='ocrx_word' id='word_1_777' title='bbox 2600 4774 2947 4839; x_wconf 85' lang='lat' dir='ltr'>encomium,</span> <span class='ocrx_word' id='word_1_778' title='bbox 2999 4775 3159 4843; x_wconf 89' lang='lat' dir='ltr'>quod</span> <span class='ocrx_word' id='word_1_779' title='bbox 3203 4776 3293 4829; x_wconf 89' lang='lat' dir='ltr'>his</span> <span class='ocrx_word' id='word_1_780' title='bbox 3354 4774 3545 4830; x_wconf 85' lang='lat' dir='ltr'>verbis</span> 
     </span>
    </p>
   </div>
   <div class='ocr_carea' id='block_1_111' title="bbox 1890 4863 2837 4936">
    <p class='ocr_par' dir='ltr' id='par_1_111' title="bbox 1890 4863 2837 4936">
     <span class='ocr_line' id='line_1_113' title="bbox 1890 4863 2837 4936; baseline -0.005 -15"><span class='ocrx_word' id='word_1_781' title='bbox 1890 4866 2276 4936; x_wconf 82' lang='lat' dir='ltr'>prosequitur</span> <span class='ocrx_word' id='word_1_782' title='bbox 2301 4863 2795 4934; x_wconf 86' lang='lat' dir='ltr'>chronographus</span> <span class='ocrx_word' id='word_1_783' title='bbox 2817 4878 2837 4916; x_wconf 83' lang='lat'><em>:</em></span> 
     </span>
    </p>
   </div>
   <div class='ocr_carea' id='block_1_112' title="bbox 1967 4971 3547 5043">
    <p class='ocr_par' dir='ltr' id='par_1_112' title="bbox 1967 4971 3547 5043">
     <span class='ocr_line' id='line_1_114' title="bbox 1967 4971 3547 5043; baseline -0.001 -14"><span class='ocrx_word' id='word_1_784' title='bbox 1967 4978 2054 5029; x_wconf 76' lang='lat'>25.</span> <span class='ocrx_word' id='word_1_785' title='bbox 2092 4972 2242 5038; x_wconf 85' lang='lat' dir='ltr'>Quia</span> <span class='ocrx_word' id='word_1_786' title='bbox 2270 4972 2518 5041; x_wconf 87' lang='lat' dir='ltr'>longum</span> <span class='ocrx_word' id='word_1_787' title='bbox 2545 4976 2632 5027; x_wconf 91' lang='lat' dir='ltr'>est</span> <span class='ocrx_word' id='word_1_788' title='bbox 2657 4986 2932 5027; x_wconf 90' lang='lat' dir='ltr'>enarrare</span> <span class='ocrx_word' id='word_1_789' title='bbox 2964 4974 3176 5026; x_wconf 90' lang='lat' dir='ltr'>cuncta</span> <span class='ocrx_word' id='word_1_790' title='bbox 3215 4987 3350 5043; x_wconf 67' lang='lat' dir='ltr'>quae</span> <span class='ocrx_word' id='word_1_791' title='bbox 3408 4971 3547 5027; x_wconf 90' lang='lat' dir='ltr'>huic</span> 
     </span>
    </p>
   </div>
   <div class='ocr_carea' id='block_1_113' title="bbox 1898 5058 3547 5129">
    <p class='ocr_par' dir='ltr' id='par_1_113' title="bbox 1898 5058 3547 5129">
     <span class='ocr_line' id='line_1_115' title="bbox 1898 5058 3547 5129; baseline -0.001 -12"><span class='ocrx_word' id='word_1_792' title='bbox 1898 5061 2259 5117; x_wconf 88' lang='lat' dir='ltr'>monasterio</span> <span class='ocrx_word' id='word_1_793' title='bbox 2292 5059 2505 5115; x_wconf 89' lang='lat' dir='ltr'>collata</span> <span class='ocrx_word' id='word_1_794' title='bbox 2535 5064 2671 5114; x_wconf 89' lang='lat' dir='ltr'>sunt</span> <span class='ocrx_word' id='word_1_795' title='bbox 2698 5060 2826 5129; x_wconf 72' lang='lat'>(15),</span> <span class='ocrx_word' id='word_1_796' title='bbox 2860 5062 3125 5129; x_wconf 87' lang='lat' dir='ltr'>tempore</span> <span class='ocrx_word' id='word_1_797' title='bbox 3173 5058 3380 5113; x_wconf 88' lang='lat' dir='ltr'>domui</span> <span class='ocrx_word' id='word_1_798' title='bbox 3411 5061 3547 5115; x_wconf 91' lang='lat' dir='ltr'>Bru-</span> 
     </span>
    </p>
   </div>
   <div class='ocr_carea' id='block_1_114' title="bbox 1896 5147 3550 5222">
    <p class='ocr_par' dir='ltr' id='par_1_114' title="bbox 1896 5147 3550 5222">
     <span class='ocr_line' id='line_1_116' title="bbox 1896 5147 3550 5222; baseline -0.002 -16"><span class='ocrx_word' id='word_1_799' title='bbox 1896 5151 2071 5207; x_wconf 92' lang='lat' dir='ltr'>nonis</span> <span class='ocrx_word' id='word_1_800' title='bbox 2092 5149 2374 5222; x_wconf 92' lang='lat' dir='ltr'>episcopi,</span> <span class='ocrx_word' id='word_1_801' title='bbox 2405 5154 2461 5204; x_wconf 89' lang='lat' dir='ltr'>et</span> <span class='ocrx_word' id='word_1_802' title='bbox 2488 5149 2708 5221; x_wconf 90' lang='lat' dir='ltr'>quibus</span> <span class='ocrx_word' id='word_1_803' title='bbox 2729 5163 2835 5219; x_wconf 90' lang='lat' dir='ltr'>per</span> <span class='ocrx_word' id='word_1_804' title='bbox 2859 5147 3057 5218; x_wconf 87' lang='lat' dir='ltr'>ipsum</span> <span class='ocrx_word' id='word_1_805' title='bbox 3085 5148 3175 5204; x_wconf 89' lang='lat' dir='ltr'>vel</span> <span class='ocrx_word' id='word_1_806' title='bbox 3196 5151 3437 5220; x_wconf 88' lang='lat' dir='ltr'>propter</span> <span class='ocrx_word' id='word_1_807' title='bbox 3464 5148 3550 5221; x_wconf 79' lang='lat' dir='ltr'>ip—</span> 
     </span>
    </p>
   </div>
   <div class='ocr_carea' id='block_1_115' title="bbox 1898 5304 3546 5377">
    <p class='ocr_par' dir='ltr' id='par_1_115' title="bbox 1898 5304 3546 5377">
     <span class='ocr_line' id='line_1_117' title="bbox 1898 5304 3546 5377; baseline -0.001 -12"><span class='ocrx_word' id='word_1_808' title='bbox 1898 5308 2206 5365; x_wconf 89' lang='lat' dir='ltr'>Perardus.</span> <span class='ocrx_word' id='word_1_809' title='bbox 2242 5306 2521 5377; x_wconf 90' lang='lat' dir='ltr'>Ejusdem</span> <span class='ocrx_word' id='word_1_810' title='bbox 2552 5306 2664 5361; x_wconf 91' lang='lat' dir='ltr'>loci</span> <span class='ocrx_word' id='word_1_811' title='bbox 2694 5304 3005 5377; x_wconf 88' lang='lat' dir='ltr'>ecclesiam</span> <span class='ocrx_word' id='word_1_812' title='bbox 3032 5305 3328 5362; x_wconf 89' lang='lat' dir='ltr'>dedicavit</span> <span class='ocrx_word' id='word_1_813' title='bbox 3357 5312 3414 5363; x_wconf 91' lang='lat' dir='ltr'>et</span> <span class='ocrx_word' id='word_1_814' title='bbox 3438 5308 3546 5364; x_wconf 92' lang='lat' dir='ltr'>do-</span> 
     </span>
    </p>
   </div>
   <div class='ocr_carea' id='block_1_116' title="bbox 1899 5376 3186 5450">
    <p class='ocr_par' dir='ltr' id='par_1_116' title="bbox 1899 5376 3186 5450">
     <span class='ocr_line' id='line_1_118' title="bbox 1899 5376 3186 5450; baseline -0.003 -13"><span class='ocrx_word' id='word_1_815' title='bbox 1899 5381 2040 5437; x_wconf 89' lang='lat' dir='ltr'>tavit</span> <span class='ocrx_word' id='word_1_816' title='bbox 2066 5384 2280 5450; x_wconf 89' lang='lat' dir='ltr'>Bruno,</span> <span class='ocrx_word' id='word_1_817' title='bbox 2304 5382 2515 5450; x_wconf 86' lang='lat' dir='ltr'>postea</span> <span class='ocrx_word' id='word_1_818' title='bbox 2556 5381 2667 5432; x_wconf 88' lang='lat' dir='ltr'>Leo</span> <span class='ocrx_word' id='word_1_819' title='bbox 2698 5381 2758 5432; x_wconf 90' lang='lat' dir='ltr'>IX</span> <span class='ocrx_word' id='word_1_820' title='bbox 2786 5393 2945 5450; x_wconf 83' lang='lat' dir='ltr'>papa</span> <span class='ocrx_word' id='word_1_821' title='bbox 2975 5376 3186 5450; x_wconf 89' lang='lat' dir='ltr'>factus.</span> 
     </span>
    </p>
   </div>
   <div class='ocr_carea' id='block_1_117' title="bbox 1972 5423 3550 5522">
    <p class='ocr_par' dir='ltr' id='par_1_117' title="bbox 1972 5423 3550 5522">
     <span class='ocr_line' id='line_1_119' title="bbox 1972 5423 3550 5522; baseline 0.001 -17"><span class='ocrx_word' id='word_1_822' title='bbox 1972 5452 2077 5522; x_wconf 75' lang='lat'>(15)</span> <span class='ocrx_word' id='word_1_823' title='bbox 2110 5423 2435 5519; x_wconf 48' lang='lat' dir='ltr'>Privilelgia,</span> <span class='ocrx_word' id='word_1_824' title='bbox 2465 5453 2573 5522; x_wconf 79' lang='lat' dir='ltr'>etc,</span> <span class='ocrx_word' id='word_1_825' title='bbox 2601 5423 3373 5522; x_wconf 48' lang='lat' dir='ltr'>monasteriiBenigniania</span> <span class='ocrx_word' id='word_1_826' title='bbox 3404 5467 3550 5522; x_wconf 83' lang='lat' dir='ltr'>pon-</span> 
     </span>
    </p>
   </div>
   <div class='ocr_carea' id='block_1_118' title="bbox 1899 5520 3548 5585">
    <p class='ocr_par' dir='ltr' id='par_1_118' title="bbox 1899 5520 3548 5585">
     <span class='ocr_line' id='line_1_120' title="bbox 1899 5520 3548 5585; baseline -0.001 -7"><span class='ocrx_word' id='word_1_827' title='bbox 1899 5520 2051 5579; x_wconf 86' lang='lat' dir='ltr'>titice</span> <span class='ocrx_word' id='word_1_828' title='bbox 2074 5526 2344 5577; x_wconf 81' lang='lat' dir='ltr'>Romano</span> <span class='ocrx_word' id='word_1_829' title='bbox 2374 5520 2715 5575; x_wconf 88' lang='lat' dir='ltr'>conﬁrmari</span> <span class='ocrx_word' id='word_1_830' title='bbox 2749 5520 2980 5575; x_wconf 90' lang='lat' dir='ltr'>curavit</span> <span class='ocrx_word' id='word_1_831' title='bbox 3008 5523 3224 5585; x_wconf 91' lang='lat' dir='ltr'>Bruno,</span> <span class='ocrx_word' id='word_1_832' title='bbox 3257 5520 3336 5576; x_wconf 87' lang='lat' dir='ltr'>ad</span> <span class='ocrx_word' id='word_1_833' title='bbox 3366 5520 3548 5585; x_wconf 79' lang='lat' dir='ltr'>quem</span> 
     </span>
    </p>
   </div>
   <div class='ocr_carea' id='block_1_119' title="bbox 1900 5590 3544 5664">
    <p class='ocr_par' dir='ltr' id='par_1_119' title="bbox 1900 5590 3544 5664">
     <span class='ocr_line' id='line_1_121' title="bbox 1900 5590 3544 5664; baseline -0.002 -15"><span class='ocrx_word' id='word_1_834' title='bbox 1900 5594 2247 5649; x_wconf 85' lang='lat' dir='ltr'>Benedictus</span> <span class='ocrx_word' id='word_1_835' title='bbox 2277 5591 2632 5664; x_wconf 8' lang='lat' dir='ltr'>papaqeade</span> <span class='ocrx_word' id='word_1_836' title='bbox 2671 5607 2756 5664; x_wconf 23' lang='lat' dir='ltr'>Are</span> <span class='ocrx_word' id='word_1_837' title='bbox 2796 5590 2969 5646; x_wconf 90' lang='lat' dir='ltr'>binas</span> <span class='ocrx_word' id='word_1_838' title='bbox 3028 5592 3305 5664; x_wconf 88' lang='lat' dir='ltr'>epistolas</span> <span class='ocrx_word' id='word_1_839' title='bbox 3363 5590 3544 5659; x_wconf 88' lang='lat' dir='ltr'>dedit,</span> 
     </span>
    </p>
   </div>
   <div class='ocr_carea' id='block_1_120' title="bbox 1899 5608 3547 5745">
    <p class='ocr_par' dir='ltr' id='par_1_120' title="bbox 1899 5608 3547 5745">
     <span class='ocr_line' id='line_1_122' title="bbox 1902 5608 3544 5718; baseline -0.002 -69"><span class='ocrx_word' id='word_1_840' title='bbox 1902 5608 2247 5649; x_wconf 72' lang='lat' dir='ltr'>Benedictus</span> <span class='ocrx_word' id='word_1_841' title='bbox 2272 5608 2436 5718; x_wconf 57' lang='lat' dir='ltr'>Eapa</span> <span class='ocrx_word' id='word_1_842' title='bbox 2464 5608 2534 5646; x_wconf 82' lang='lat' dir='ltr'>ea</span> <span class='ocrx_word' id='word_1_843' title='bbox 2559 5608 2632 5646; x_wconf 86' lang='lat' dir='ltr'>ae</span> <span class='ocrx_word' id='word_1_844' title='bbox 2682 5608 2743 5646; x_wconf 92' lang='lat' dir='ltr'>re</span> <span class='ocrx_word' id='word_1_845' title='bbox 2798 5608 2969 5646; x_wconf 81' lang='lat' dir='ltr'>binas</span> <span class='ocrx_word' id='word_1_846' title='bbox 3028 5608 3305 5664; x_wconf 75' lang='lat' dir='ltr'>cpistoms</span> <span class='ocrx_word' id='word_1_847' title='bbox 3363 5608 3544 5659; x_wconf 74' lang='lat' dir='ltr'>dedit,</span> 
     </span>
     <span class='ocr_line' id='line_1_123' title="bbox 1899 5662 3547 5745; baseline -0.004 -24"><span class='ocrx_word' id='word_1_848' title='bbox 1899 5683 2053 5745; x_wconf 78' lang='lat' dir='ltr'>quas</span> <span class='ocrx_word' id='word_1_849' title='bbox 2083 5669 2139 5721; x_wconf 90' lang='lat' dir='ltr'>et</span> <span class='ocrx_word' id='word_1_850' title='bbox 2170 5665 2267 5719; x_wconf 90' lang='lat' dir='ltr'>toti</span> <span class='ocrx_word' id='word_1_851' title='bbox 2315 5680 2409 5745; x_wconf 69' lang='lat' dir='ltr'>em</span> <span class='ocrx_word' id='word_1_852' title='bbox 2439 5662 2551 5745; x_wconf 75' lang='lat' dir='ltr'>ipsi</span> <span class='ocrx_word' id='word_1_853' title='bbox 2582 5662 2869 5745; x_wconf 73' lang='lat' dir='ltr'>Willelmo</span> <span class='ocrx_word' id='word_1_854' title='bbox 2903 5664 3425 5745; x_wconf 48' lang='lat' dir='ltr'>scriptaseshibet</span> <span class='ocrx_word' id='word_1_855' title='bbox 3450 5665 3547 5715; x_wconf 89' lang='lat' dir='ltr'>Pe-</span> 
     </span>
    </p>
   </div>
   <div class='ocr_carea' id='block_1_121' title="bbox 1898 5734 3545 5807">
    <p class='ocr_par' dir='ltr' id='par_1_121' title="bbox 1898 5734 3545 5807">
     <span class='ocr_line' id='line_1_124' title="bbox 1898 5734 3545 5807; baseline -0.006 -12"><span class='ocrx_word' id='word_1_856' title='bbox 1898 5734 2133 5807; x_wconf 70' lang='lat' dir='ltr'>fardus,</span> <span class='ocrx_word' id='word_1_857' title='bbox 2152 5752 2291 5793; x_wconf 91' lang='lat' dir='ltr'>cum</span> <span class='ocrx_word' id='word_1_858' title='bbox 2315 5734 2443 5793; x_wconf 85' lang='lat' dir='ltr'>aliis</span> <span class='ocrx_word' id='word_1_859' title='bbox 2462 5734 2855 5794; x_wconf 86' lang='lat' dir='ltr'>donationum</span> <span class='ocrx_word' id='word_1_860' title='bbox 2881 5734 3118 5795; x_wconf 75' lang='lat' dir='ltr'>chartis.</span> <span class='ocrx_word' id='word_1_861' title='bbox 3142 5735 3429 5791; x_wconf 83' lang='lat' dir='ltr'>Robertus</span> <span class='ocrx_word' id='word_1_862' title='bbox 3443 5747 3545 5787; x_wconf 83' lang='lat' dir='ltr'>rex</span> 
     </span>
    </p>
   </div>
  </div>
