3892 6388
373 275 474 330 867

1313 267 1370 322 S.
1425 261 1788 321 GUILLELMI
1825 249 2126 312 ABBATIS
2167 257 2222 311 S.
2263 257 2544 314 BENIGNI
2587 259 2844 314 DlVlON.

3761 250 3851 316 sit

377 411 514 452 sum
540 394 619 450 ab
642 392 771 448 aliis
796 393 1248 460 augmentatum
1302 392 1388 444 est
1442 386 1636 452 bonis,
1699 383 1775 439 ad
1831 381 2018 454 ipsius
2056 383 2102 434 Α
2130 380 2330 436 multis
2357 385 2762 454 pragravatus
2793 384 2999 454 optare
3029 381 3275 438 dissolvi
3303 385 3365 438 et
3387 397 3556 438 cum
3609 383 3847 439 Christo

377 483 508 539 vita
536 482 742 550 ﬁnem,
767 478 1199 534 habitatoribus
1249 477 1428 546 hujus
1455 475 1674 530 domus
1727 471 1825 528 Dei
1855 469 2021 525 omni

378 576 646 642 tempore
675 568 999 624 dolendum
1027 571 1081 622 et
1110 565 1474 631 deﬂendam,
1527 563 1856 618 veniamus.
1911 557 2023 614 Sed

380 665 514 716 ante
543 657 750 731 paucis
764 655 1098 712 describere
1125 654 1468 710 curabimus
1481 653 1585 726 qui
1603 650 1775 706 fuerit
1803 648 2020 704 modus

375 748 509 804 vita
540 747 687 818 ejus.
713 745 842 801 Fuit
877 745 1078 817 itaque
1135 744 1196 798 in
1243 741 1638 814 eleemosynis
1694 739 1915 806 largus,
1962 736 2022 792 in

374 836 586 906 vigiliis
615 834 877 901 sedulus,
905 834 968 890 in
1025 833 1291 888 oratione
1348 831 1619 899 devotus,
1653 828 1711 882 in
1739 827 2021 882 charitate

375 924 692 997 perfectus,
720 923 780 977 in
808 921 1178 976 humanitate
1204 919 1486 992 profusus
1510 919 1571 974 in
1602 931 1876 971 sermone
1920 931 2024 987 pa-

373 1017 558 1083 ratus,
590 1012 651 1067 in
681 1010 1124 1066 conversatione
1155 1010 1564 1064 sanctissimus
1596 1025 1609 1061 :
1639 1011 1764 1061 erat
1808 1005 2021 1060 irreve-

376 1101 642 1158 rentibus
673 1099 942 1156 terribilis
973 1103 1235 1171 aspectu,
1269 1097 1626 1154 metuendus
1685 1095 2017 1163 severitate,

374 1188 738 1246 reverendus
805 1187 1064 1258 incessu,
1147 1185 1525 1242 venerandus
1621 1184 2008 1253 benignitate.

377 1281 701 1336 Censuram
755 1275 1117 1332 auctoritatis
1180 1273 1547 1347 temperabat
1618 1272 2017 1328 mansuetudo

376 1366 903 1433 bumilitatis;non
930 1381 1200 1438 persona
1251 1363 1599 1436 potentiam,
1633 1363 1735 1417 sed
1783 1377 2019 1417 morum

374 1455 728 1525 elegantiam
759 1453 1102 1509 attendebat
1122 1453 1180 1507 in
1199 1451 1446 1519 singulis
1467 1469 1478 1514 ;
1499 1457 1555 1506 et
1575 1456 1740 1506 tanto
1763 1451 2024 1505 eminen-

373 1545 494 1602 tius
537 1559 1034 1616 unumquemque
1086 1542 1424 1597 honorabat
1473 1545 1701 1613 quanto
1758 1539 2019 1595 sanctius

373 1633 568 1690 vivere
613 1632 932 1688 didicisset.
995 1630 1354 1687 Clericorum
1413 1645 1483 1684 ac
1558 1629 2015 1696 monachorum,

375 1719 914 1778 sanctimonialium
958 1735 1223 1791 quoque,
1269 1733 1501 1773 necnon
1553 1717 1872 1772 viduarum
1951 1732 2018 1770 ac
2049 1727 2087 1778 Β

373 1811 738 1884 pupillorum
765 1813 934 1882 pater
954 1813 1098 1876 erat,
1143 1812 1321 1878 atque
1366 1807 1516 1862 inter
1543 1805 1752 1860 divites
1793 1811 1848 1860 et
1873 1821 2018 1876 pau-

375 1914 547 1971 peres
577 1897 656 1953 ita
681 1897 934 1963 medius,
965 1899 1029 1950 ut
1065 1911 1360 1968 pauperes
1389 1895 1554 1949 illum
1585 1893 1758 1966 quasi
1789 1899 2016 1964 patrem

375 1983 724 2056 aspicerent,
756 1981 967 2039 divites
990 1997 1132 2036 vero
1157 1979 1333 2052 quasi
1372 1979 1738 2052 superiorem
1773 1978 1884 2032 sibi
1936 1977 2022 2032 di-

374 2071 557 2128 vitem
579 2071 872 2126 timerent.
933 2068 1210 2132 Quandiu
1260 2067 1424 2135 vixit,
1482 2068 1562 2122 ita
1617 2066 2019 2135 Burgundiam

377 2157 812 2232 patrocinando
830 2155 1086 2227 protexit
1114 2160 1293 2226 atque
1321 2154 1604 2220 defendit,
1656 2169 1779 2209 non
1809 2153 2019 2225 clypeo

380 2250 438 2303 et
464 2245 693 2310 lancea,
715 2243 820 2299 sed
836 2243 1064 2298 consilii
1078 2241 1414 2314 prudentia,
1447 2258 1568 2313 quo
1595 2242 1706 2296 sibi
1725 2243 2020 2314 principes

379 2333 586 2407 patria
615 2348 826 2388 omnes
856 2331 1219 2398 devinxerat,
1244 2336 1309 2386 ut
1338 2348 1474 2386 cum
1503 2348 1604 2386 rex
1665 2334 2022 2386 Francorum

379 2422 692 2479 Rotbertu
708 2437 845 2477 cum
865 2419 1120 2476 exercitu
1136 2420 1400 2474 maximo
1415 2421 1571 2474 hanc
1594 2420 1844 2492 patriam
1868 2437 2023 2492 sape

380 2511 611 2568 intrans
639 2509 930 2566 incendiis
951 2513 1008 2564 et
1031 2509 1255 2580 rapinis
1283 2508 1542 2580 plurima
1569 2509 1700 2564 loca
1755 2514 2022 2564 vastave-

377 2599 469 2668 rit,
501 2599 648 2658 nihil
675 2599 737 2656 in
767 2614 838 2654 ea
860 2597 1107 2654 retinere
1131 2597 1340 2668 potuit,
1365 2597 1635 2668 quandiu
1675 2600 1872 2653 Bruno
1898 2598 2022 2670 epi-

378 2705 595 2761 scopus
620 2687 796 2754 vixit;
825 2691 900 2753 et,
927 2685 1071 2758 quia
1099 2685 1152 2740 ei
1173 2701 1388 2741 nocere
1421 2701 1542 2740 non
1569 2690 1818 2757 poterat,
1843 2687 2022 2757 hujus

378 2776 520 2836 mali
544 2775 830 2834 violentiae
858 2791 1045 2831 causa
1073 2775 1304 2830 domno
1326 2773 1531 2830 abbati
1560 2773 1868 2830 Vuillelmo
1897 2774 2025 2828 tulit

381 2865 691 2922 abbatiam
723 2865 917 2921 Sancti
933 2863 1178 2918 Joannis
1191 2863 1540 2918 monasterii
1565 2866 1820 2918 Reomen
1829 2863 1928 2929 sis,
1953 2879 2022 2917 eo

378 2953 544 3025 quod
563 2951 833 3025 partibus
861 2951 1116 3017 favebat,
1148 2955 1211 3006 ut
1233 2951 1463 3021 justum
1492 2957 1636 3019 erat,
1665 2952 1756 3006 sui
1783 2953 2022 3022 pontiﬁ-

381 3040 485 3098 cis.
520 3041 782 3111 Denique
803 3039 1069 3111 quodam
1095 3043 1359 3109 tempore
1384 3044 1748 3095 memoratus
1768 3057 1869 3094 rex
1887 3057 2020 3095 cum
2051 3073 2090 3128 Ο

381 3129 643 3202 plurimo
673 3128 932 3184 exercitu
964 3128 1269 3182 Dinonem
1290 3133 1551 3182 castrum
1607 3129 1862 3196 advenit,
1913 3130 2022 3184 cir-

381 3217 784 3290 cumpositam
809 3215 1112 3285 regionem
1133 3215 1454 3270 devastans
1505 3231 1574 3270 ac
1614 3217 2020 3289 depopulans;

381 3307 554 3378 cujus
572 3305 723 3362 iram
753 3304 965 3361 timens
993 3305 1276 3378 prafatus
1297 3304 1488 3360 abbas
1505 3304 1870 3372 V'uillelmus,
1902 3323 2024 3360 om-

379 3411 488 3454 nes
511 3395 842 3452 monachos
871 3393 950 3450 ab
981 3393 1098 3449 hoc
1134 3409 1241 3465 per
1285 3393 1403 3449 alia
1449 3394 1810 3450 monasteria
1849 3395 2024 3465 jussit

380 3484 676 3552 secedere,
707 3483 1046 3556 aliquantos
1076 3498 1220 3538 vero
1245 3499 1383 3538 cum
1411 3482 1580 3538 libris
1606 3487 1663 3538 et
1708 3484 1872 3539 omni
1926 3500 2021 3539 or-

376 3579 522 3632 natu
549 3573 811 3630 ecclesia
838 3573 995 3629 intra
1019 3578 1285 3629 castrum
1311 3572 1681 3640 Divionense,
1713 3589 1782 3630 ac
1811 3573 1874 3630 in
1925 3590 2022 3630 ec-

377 3663 560 3720 clesia
590 3663 788 3720 Sancti
843 3661 1148 3728 Vincentii,
1205 3678 1390 3733 quam
1447 3666 1588 3718 tunc
1641 3662 1842 3735 quieto
1889 3664 2020 3733 jure

375 3754 658 3811 monachi
708 3753 882 3808 istius
936 3752 1052 3808 loci
1104 3751 1512 3824 possidebant,
1572 3753 1707 3809 fecit
1741 3755 2018 3820 residere,

376 3841 588 3914 paucis
616 3840 1000 3896 solummodo
1023 3839 1302 3896 fratribus
1331 3841 1410 3897 ob
1440 3842 1775 3899 custodiam
1824 3843 1936 3899 loci
1966 3848 2020 3900 et

379 3927 570 3985 sancti
599 3927 842 3997 Benigni
872 3927 1176 3984 servitium
1203 3945 1343 3984 cum
1371 3929 1598 3985 domno
1621 3929 1838 3988 abbate
1887 3932 2021 3988 0di-

377 4014 517 4072 lone
535 4013 882 4071 inhocloco
907 4014 1168 4071 dimissis
1201 4032 1216 4071 :
1247 4032 1428 4088 quem
1480 4016 1560 4072 ad
1604 4017 1718 4075 hoc
1768 4019 2020 4075 accersi-

379 4107 564 4172 verat,
606 4107 668 4160 ut
697 4103 750 4159 si
777 4103 926 4160 forte
953 4119 1056 4160 rex
1084 4103 1312 4176 aliquid
1337 4105 1482 4162 mali
1511 4110 1716 4164 eontra
1740 4108 1902 4164 hunc
1933 4109 2019 4166 lo-

379 4209 520 4252 cum
547 4191 874 4261 moliretur,
904 4193 1058 4250 illius
1087 4193 1368 4266 precibus
1383 4199 1661 4252 exoratus
1685 4196 2016 4256 dimitteret.

380 4285 502 4341 Rex
529 4299 694 4351 vero,
723 4287 790 4340 ut
808 4286 933 4340 erat
959 4287 1158 4340 mente
1187 4283 1504 4354 benignus,
1563 4301 1700 4342 cum
1741 4288 2022 4358 cognovit

376 4377 620 4446 propter
639 4389 701 4429 se
726 4373 1057 4430 monachos
1085 4372 1404 4446 dispersos,
1435 4374 1610 4430 valde
1638 4375 1844 4434 doluit.
1876 4380 2020 4433 Pau-

378 4461 462 4518 cis
492 4462 693 4535 itaque
739 4462 1048 4520 transactis
1100 4462 1314 4519 diebus
1363 4465 1669 4522 Franciam
1714 4467 2021 4539 repedavit

376 4550 542 4608 nullo
565 4551 804 4622 negotio
834 4556 1094 4624 peracto.
1130 4555 1262 4624 Ipso
1288 4553 1545 4626 denique
1575 4571 1756 4625 anno,
1779 4556 1884 4628 qui
1913 4556 2020 4612 fuit

375 4639 458 4698 ab
485 4640 896 4698 lncarnatione
924 4641 1158 4698 Domini
1186 4642 1536 4700 millesimus
1563 4644 1834 4700 decimus
1884 4662 2016 4702 sex-

373 4732 494 4799 tus,
522 4729 786 4786 domnus
815 4730 1138 4802 episcopus
1163 4731 1362 4786 Bruno
1389 4731 1538 4788 obiit
1587 4734 1851 4792 secundo
1901 4736 2018 4792 Ka-

373 4816 582 4874 lendas
614 4817 932 4886 Februarii,
955 4819 1212 4891 peractis
1239 4819 1302 4876 in
1329 4819 1678 4892 episcopatu
1703 4822 1876 4879 annis
1918 4824 2018 4880 tri-

373 4901 537 4972 ginta
564 4903 854 4976 quinque,
883 4905 994 4960 etc.

443 4994 534 5050 26.
565 4991 864 5059 Quoniam
891 4991 970 5050 ad
1000 4991 1184 5049 ﬁnem
1232 4991 1366 5051 libri
1411 4993 1729 5062 tendimus,
1785 4996 2017 5055 obitum

371 5079 558 5140 Patris
596 5079 842 5140 Villelmi
868 5080 1143 5140 intimare
1163 5078 1484 5138 curamus.
1541 5085 1864 5155 Postquam
1914 5101 2020 5158 per

373 5182 564 5224 annos
588 5169 988 5240 quadraginta
1015 5168 1194 5240 duos,
1219 5169 1404 5226 vinea
1425 5171 1744 5228 Dominica
1775 5173 2017 5230 sedulus

373 5253 586 5326 mittor,
615 5271 750 5312 eam
767 5257 1096 5314 excolendo
1120 5257 1340 5329 jugiter
1375 5273 1712 5332 propagare
1765 5262 2019 5336 ampliﬁ-

373 5356 628 5416 careque
649 5344 891 5413 curavit,
923 5361 1064 5402 cum
1087 5346 1216 5418 jam
1244 5347 1408 5406 senio
1450 5347 2016 5424 inﬂrmitatibusque

2050 4430 2094 4486 D

372 5485 858 5562 posteanrogante
882 5485 1198 5562 _Lar_nberto
1216 5490 1506 5562 Brunonis
1533 5509 1872 5549 successore
1888 5510 2015 5550 mo-

372 5553 616 5609 nasterii
655 5553 997 5637 Benigniani
1026 5561 1560 5637 possessi_ones,_et
1615 5564 2014 5637 pradecesso-

369 5638 782 5710 fugi-SIEPI‘HID
807 5626 1116 5710 privilegia
1145 5626 1518 5710 conﬁrmavit
1543 5626 1703 5710 animo
1737 5640 1890 5710 10w.

444 5693 558 5768 ne)
585 5693 906 5766 Balinafdi,
939 5693 1046 5770 qui
1068 5705 1276 5770 postea
1294 5701 1485 5760 factus
1497 5710 1587 5762 est
1597 5705 2012 5776 Lugdunensis

2129 484 2276 536 esse,
2323 470 2546 526 bonam
2577 471 3157 528 consummationem
3208 470 3520 528 laborum
3583 489 3844 529 suorum

2129 558 2455 632 adimplere
2481 559 2748 632 cupiens,
2773 576 2881 632 per
2905 561 3114 618 omnia
3132 562 3532 618 monasteria
3555 579 3720 635 qua
3740 563 3840 616 sub

2129 649 2258 718 ejus
2289 649 2521 705 fuerant
2549 649 2916 720 magisterio,
2960 650 3250 723 incipiens
3293 651 3378 706 ab
3444 651 3671 716 Italia,
3741 653 3839 706 cir-

2127 737 2382 792 cuiendo
2412 743 2465 794 et
2497 739 2704 794 fratres
2729 740 3123 807 exhortando,
3147 744 3212 796 ut
3231 756 3304 796 ea
3354 756 3515 814 qua
3555 741 3650 798 ab
3714 741 3836 814 ipso

2129 825 2461 882 didicerant
2491 832 2686 883 mente
2734 827 3054 884 retinerent
3110 832 3166 884 et
3217 845 3407 902 opere
3473 827 3834 902 adimplere

2130 919 2484 984 satagerent.
2522 917 2577 972 Si
2606 917 2849 990 quidem
2883 917 3010 987 ejus
3062 917 3339 974 doctrina
3370 917 3498 974 fuit
3529 925 3630 986 ut,
3665 921 3836 992 juxta

2128 1004 2293 1075 quod
2316 1005 2580 1077 praecipit
2602 1007 2787 1062 sancti
2819 1006 3115 1063 Benedicti
3146 1006 3378 1078 regula,
3409 1007 3484 1063 in
3519 1010 3763 1073 verbo,
3789 1012 3837 1064 in

2131 1093 2294 1147 omni
2322 1094 2574 1163 actione,
2607 1094 2666 1148 in
2706 1099 2906 1149 vestus
2957 1095 3332 1167 qualitatem,
3389 1096 3838 1154 humilitatem

2131 1180 2466 1235 videntibus
2499 1199 2558 1236 se
2590 1198 2826 1254 semper
2863 1182 3264 1250 ostenderent,
3320 1187 3382 1240 et
3441 1189 3540 1255 ut,
3597 1187 3838 1242 honore

2131 1285 2189 1322 se
2221 1268 2475 1325 invicem
2505 1270 2948 1342 pravenientes,
3001 1271 3386 1342 dilectionem
3442 1273 3593 1328 sine
3652 1274 3837 1330 simu-

2129 1356 2348 1412 latione
2371 1359 2735 1414 exhiberent.
2763 1360 2861 1414 His
2901 1364 2958 1415 et
3003 1359 3132 1415 aliis
3186 1360 3487 1417 virtutum
3525 1364 3836 1436 operibus

2133 1445 2405 1506 intentos,
2439 1447 2617 1502 etiam
2643 1447 2916 1503 distincte
2959 1447 3197 1516 legendi
3255 1452 3447 1522 atque
3507 1452 3835 1526 psallendi

2129 1533 2476 1599 magisterio
2515 1535 2786 1592 erudivit.
2816 1539 2946 1591 Hac
2969 1535 3245 1592 docendo
3305 1539 3556 1594 cateris
3615 1557 3835 1597 mona-

2132 1622 2320 1676 steriis
2352 1623 2703 1694 peragratis,
2737 1624 3004 1696 pervenit
3028 1625 3106 1680 ad
3137 1626 3527 1698 canobium,
3570 1631 3832 1686 nomine

2134 1709 2524 1776 Fiscannum;
2559 1711 2658 1767 ubi
2688 1712 2824 1784 plus
2853 1713 3022 1768 solito
3059 1712 3408 1772 infirmitate
3465 1734 3836 1791 pragrava-

2130 1803 2242 1865 tus,
2280 1800 2536 1855 sentiens
2593 1801 2704 1856 sibi
2751 1802 3063 1858 imminere
3116 1803 3402 1860 ultimum
3467 1811 3827 1865 vocationis

2131 1906 2254 1942 sua
2286 1889 2466 1956 diem,
2496 1893 2835 1948 convocatis
2863 1892 3142 1948 fratribus
3190 1911 3300 1968 per
3352 1901 3501 1952 octo
3562 1899 3706 1955 dics
3737 1917 3828 1955 ex-

2128 1978 2374 2033 hortans
2397 1995 2518 2049 eos,
2573 1984 2752 2053 atque
2805 1981 3180 2038 absolutione
3232 1987 3289 2039 et
3348 1987 3648 2043 oratione
3707 1992 3824 2044 Deo

2128 2066 2580 2133 commendans,
2614 2072 2821 2124 octavo
2843 2068 2936 2124 die
2981 2069 3201 2126 Natalis
3236 2072 3506 2142 Domini,
3565 2081 3825 2150 sumpto

2129 2155 2337 2209 Christi
2368 2157 2634 2228 corporis
2663 2162 2717 2212 et
2747 2157 3056 2228 sanguinis
3099 2167 3516 2232 sacramento,
3547 2166 3824 2221 reddidit

2131 2245 2247 2298 Deo
2279 2245 2568 2318 spiritum.
2595 2247 2773 2316 Cujus
2804 2263 3045 2319 corpus,
3073 2263 3110 2304 a
3137 2250 3391 2306 medicis
3417 2253 3536 2324 qui
3561 2254 3652 2310 ibi
3686 2257 3827 2312 ade-

2127 2337 2262 2387 rant
2305 2333 2612 2388 conditum
2671 2336 3062 2404 aromatibus,
3105 2337 3460 2394 honoriﬁca
3517 2344 3822 2402 traditum

2129 2425 2212 2475 est
2246 2421 2562 2494 sepultura
2591 2423 2652 2478 in
2678 2423 2807 2494 ipso
2837 2426 3201 2482 monasterio
3228 2432 3368 2482 ante
3386 2429 3590 2488 altare
3626 2435 3824 2489 sancti

2129 2509 2367 2565 Taurini
2397 2511 2768 2566 confessoris.
2829 2515 2966 2568 Post
3018 2515 3190 2588 cujus
3247 2515 3494 2574 obitum
3537 2521 3819 2578 domnus

2131 2596 2517 2668 Halinardus(
2532 2603 2548 2652 ί
2563 2604 2613 2656 6)
2649 2599 2904 2674 suscepit
2939 2617 3147 2658 curam
3198 2603 3520 2674 regiminis
3579 2610 3820 2665 anima-

2128 2700 2285 2754 rum,
2317 2702 2497 2758 quem
2529 2688 2810 2759 prafatus
2835 2691 3002 2744 Pater
3042 2707 3463 2749 successorem
3519 2697 3652 2753 sibi
3710 2699 3820 2753 ele—

2130 2779 2294 2842 gerat
2323 2790 2460 2828 cum
2486 2775 2731 2830 consrlio
2754 2780 2808 2831 et
2833 2775 3008 2832 laude
3040 2778 3315 2850 fratrum,
3375 2781 3816 2859 baculumque

2128 2862 2490 2934 pastoralem
2520 2863 2571 2918 ei
2603 2865 3030 2922 transmiserat.
3085 2868 3241 2924 Obiit
3268 2885 3415 2927 vero
3466 2876 3815 2946 praedictus

2129 2953 2294 3005 Pater
2316 2956 2516 3006 noster
2542 2952 2884 3008 Wuillemus
2905 2971 3066 3011 anno
3107 2956 3185 3012 ab
3216 2961 3663 3020 Incarnatione
3708 2967 3816 3020 Do-

2130 3039 2275 3094 mini
2300 3039 2612 3095 millesimo
2645 3041 2947 3110 trigesimo
2997 3061 3138 3100 uno.
3193 3047 3325 3102 Duo
3382 3048 3486 3103 hic
3533 3053 3814 3122 adjicere

2130 3130 2318 3182 visum
2351 3135 2432 3183 est
2458 3145 2587 3199 qua
2616 3131 2696 3184 ad
2725 3131 3076 3189 Divionense
3100 3137 3540 3193 monasterium
3586 3145 3815 3211 speria-

2133 3223 2236 3270 tim
2267 3219 2544 3272 attinent.
2576 3221 2846 3274 Primum
2878 3223 3106 3292 insigne
3139 3223 3458 3282 Guillelmi
3488 3243 3655 3300 erga
3665 3248 3810 3301 pau-

2121 3320 2293 3373 peres
2319 3306 2634 3361 charitatis
2666 3309 3002 3376 exemptum
3021 3311 3183 3380 quod
3210 3312 3272 3366 in
3300 3313 3430 3380 ipso
3458 3321 3688 3374 sancti
3709 3322 3811 3375 Be-

2127 3394 2300 3462 nigni
2323 3396 2676 3449 monasterio
2707 3397 2914 3464 edidit,
2945 3413 3022 3452 ex
3045 3398 3343 3456 Chronico
3407 3402 3808 3472 Virdunensi,

2129 3487 2281 3537 tomo
2308 3484 2338 3535 Ι
2376 3482 2760 3540 Bibliotheca
2786 3485 3112 3557 Labeana;
3162 3489 3428 3546 alterm
3483 3493 3815 3551 Benedicti

2138 3571 2281 3625 VIII
2301 3586 2475 3639 papa
2505 3573 2811 3640 epistolam
2837 3575 2918 3630 ad
2963 3577 3230 3634 eumdem
3280 3579 3672 3639 Guillemum
3705 3601 3812 3655 pro

2125 3661 2488 3716 monasterio
2539 3662 2938 3732 Benigniano,
2991 3665 3059 3719 in
3111 3681 3234 3738 qua
3277 3670 3508 3724 mentio
3543 3671 3814 3730 habetur

2126 3751 2386 3818 Beuigni
2421 3751 2696 3820 episcopi,
2729 3768 2912 3821 supra
2933 3768 3082 3824 pag.
3109 3758 3215 3810 340
3243 3762 3594 3829 memorati,
3627 3779 3810 3834 quam

2127 3854 2200 3895 ea:
2229 3839 2490 3908 ejusdem
2523 3840 2637 3895 loca
2668 3841 2916 3898 historia
2943 3858 3051 3898 ms.
3084 3845 3448 3914 descriptam
3480 3850 3809 3909 habemus.

2125 3929 2225 3986 Sic
2254 3929 2455 4000 itaque
2485 3929 2658 3987 habet
2687 3931 2863 4001 Hugo
2889 3933 2954 3988 in
2984 3932 3284 3992 Chronico
3303 3937 3416 3992 sub
3438 3938 3644 4006 ﬁnem
3663 3960 3812 4013 par-

2128 4018 2202 4074 tis
2232 4033 2272 4087 l,
2303 4033 2436 4086 cap.
2467 4021 2533 4074 27
2571 4034 2584 4072 :

2195 4109 2284 4162 2'7.
2317 4107 2435 4162 Nec
2461 4103 2640 4161 debet
2655 4105 2882 4164 reticeri
2904 4107 3196 4168 Vuillelmi
3220 4113 3666 4185 Supraregula
3688 4120 3812 4178 fac.

2123 4197 2255 4252 tum
2283 4193 2695 4250 memorabile.
2719 4197 2868 4252 Cum
2896 4210 2936 4254 a
2984 4199 3423 4258 Fruetuariensi
3479 4207 3810 4276 cambio,

2123 4281 2289 4356 quod
2302 4281 2454 4352 juris
2467 4286 2593 4340 erat
2621 4283 2994 4348 Divionensis
3013 4287 3296 4358 ecclesia,
3318 4289 3701 4366 rediisset,et
3719 4299 3812 4354 Di—

2123 4371 2307 4438 vioni,
2340 4375 2406 4428 ut
2432 4371 2703 4443 decebat,
2732 4379 3065 4446 susceptus,
3086 4376 3148 4434 in
3165 4377 3432 4450 capitulo
3445 4383 3734 4453 qualiter
3751 4404 3811 4443 se

2123 4459 2336 4518 fratres
2351 4460 2717 4532 haberent,si
2732 4463 3068 4520 necessaria
3082 4481 3208 4522 non
3219 4466 3816 4546 deessentdon

2122 4554 2238 4617 ret;
2263 4553 2328 4607 ut
2356 4550 2581 4606 audivit
2601 4551 2804 4608 omnia
2823 4567 2952 4608 esse
2970 4553 3172 4625 plena,
3189 4555 3554 4630 miliumque
3589 4561 3811 4621 locum

2123 4639 2485 4710 indigentia,
2504 4639 2609 4712 qui
2623 4656 2746 4696 non
2767 4646 2974 4713 posset
2998 4641 3114 4699 levi
3130 4643 3300 4701 obice
3335 4645 3602 4720 obstrui,
3625 4652 3815 4711 inter

2123 4728 2382 4798 rogatde
2392 4728 2804 4801 eleemosyna:
2827 4732 3225 4806 cognovitque
3239 4735 3524 4806 quia,etsi
3537 4755 3815 4802 consue-

2124 4816 2422 4874 tudinaria
2440 4817 2850 4887 dahatur,non
2866 4823 3070 4878 tamen
3078 4822 3684 4897 pauperibus,prout
3703 4848 3814 4904 po-

2122 4905 3810 4979 terantethabebant,sufl’ragabantur;zelosuccensuseo

2123 4996 2230 5068 qui
2245 5011 2451 5053 carnes
2473 5001 2816 5053 sanctorum
2837 4997 3050 5066 exedit,
3081 4999 3390 5075 increpata
3417 5017 3651 5064 eorum
3689 5010 3812 5068 du—

2123 5086 2276 5157 ritia,
2308 5103 2345 5144 a
2369 5086 2507 5144 sede
2523 5086 2788 5143 concitus
2804 5103 2943 5144 cum
2961 5087 3124 5144 bona
3144 5089 3442 5160 indignati
3464 5095 3674 5155 animi
3692 5107 3813 5158 sio.

2123 5175 2499 5232 machatione
2517 5173 2851 5242 surrexit,et
2869 5175 3151 5248 imposita
3171 5178 3514 5250 antiphona
3525 5183 3610 5240 de
3624 5202 3811 5245 man-

2121 5263 2296 5319 dato:
2324 5263 2436 5320 Ubi
2457 5270 2547 5320 est
2573 5263 2838 5320 Maritus
2855 5267 2884 5318 Ρ
2901 5277 3025 5318 non
3055 5263 3209 5321 ultra
3223 5267 3662 5342 progrediens,
3701 5277 3810 5333 sed

2119 5351 2234 5410 hoc
2255 5352 2384 5424 ejus
2411 5351 2644 5408 initium
2666 5367 2908 5424 semper
2925 5356 3217 5428 repetens,
3251 5354 3332 5412 ad
3351 5355 3692 5420 cellarium
3711 5383 3814 5424 ve.

2119 5493 2622 5573 archiepiscopus,
2653 5494 2842 5573 Vitam
2863 5509 2936 5548 ex
2964 5494 3078 5550 hoc
3111 5495 3388 5573 Chronici
3429 5502 3810 5573 Benigniani

2120 5570 2359 5695 auctqre
2397 5566 2676 5623 dabimus
2724 5567 2802 5624 ad
2826 5581 3054 5624 annum
3115 5571 3250 5625 t05’2
3279 5585 3407 5644 quo
3433 5589 3467 5628 e
3500 5566 3675 5636 vivis
3706 5597 3809 5639 ex-

2120 5652 2266 5694 cessr
2297 5679 2308 5692 .

2117 5652 2308 5694 οθεδη.
