3980 6418
253 414 348 467 187

497 529 766 583 VERSUS
807 527 1187 582 GODEFRIDI
1228 526 1695 582 VITERBIENSIS

643 652 708 688 DE
747 651 790 688 8.
834 650 1098 700 ΗΕΝΙΠΟΟ,
1141 650 1290 688 DICTO
1330 650 1554 688 CLAUDO.

1976 533 2019 580 Α

326 746 446 799 125.
484 740 710 797 Henrici
742 741 943 796 Claudi
969 741 1236 794 meritum
1270 739 1582 793 solenniter
1623 736 1775 801 audi,

253 833 357 888 Cui
383 833 544 886 decet
573 829 868 900 applaudi,
903 831 1064 898 cujus
1094 833 1278 882 metra
1307 827 1537 899 porrigo
1565 826 1720 880 laudi
1751 842 1764 878 :

323 922 600 989 Sumptus
630 919 700 972 ab
727 934 855 972 arce
885 918 1010 978 soli,
1046 923 1246 986 regnat
1277 917 1334 970 in
1362 931 1489 970 arce
1512 915 1630 984 poli

257 1009 515 1077 Conjuge
552 1007 819 1075 Virginea
859 1005 1028 1075 Virgo
1057 1004 1374 1076 permansit
1403 1010 1460 1057 et
1480 1003 1574 1056 ille

253 1096 575 1151 Catholicas
603 1095 760 1149 dedit
790 1094 1056 1147 ecclesias
1089 1109 1327 1146 numero
1350 1091 1514 1162 quasi
1548 1090 1732 1156 mille;

328 1183 706 1253 Pauperibus,
739 1182 944 1245 viduis,
990 1198 1138 1250 spes,
1172 1180 1280 1246 via,
1317 1180 1433 1233 vita
1463 1180 1590 1245 fuit,

263 1273 421 1326 Nunc
451 1276 506 1324 et
536 1271 591 1324 in
614 1271 814 1323 altaria
845 1286 945 1322 sua
975 1267 1265 1321 cernimus
1297 1286 1426 1322 ossa
1455 1267 1686 1332 sacrari,

259 1361 410 1414 More
441 1358 674 1411 salutari
701 1357 962 1410 soleuuia
990 1357 1163 1428 digna
1194 1357 1418 1427 parari;

327 1447 583 1516 Corpora
613 1445 890 1498 debilium
924 1445 1174 1515 plurima
1204 1462 1342 1498 sana
1371 1446 1513 1499 dari.

334 1538 451 1588 I26.
493 1535 572 1587 De
601 1535 696 1587 hoc
735 1535 1084 1588 Viterbiensis
1115 1536 1339 1587 metrica
1363 1535 1615 1598 encomio,
1646 1535 1951 1601 praecipuus

258 1625 312 1677 S.
371 1621 598 1676 Henrici
659 1624 888 1675 virtutes
946 1623 1240 1690 complexa,
1288 1624 1628 1674 meminimus
1675 1636 1845 1689 supra
1895 1624 1952 1672 in

260 1713 650 1767 Commentario
677 1711 882 1778 praevio
912 1725 1059 1762 num.
1097 1714 1188 1774 76,
1232 1709 1327 1762 ubi
1374 1709 1438 1762 de
1488 1711 1542 1764 S.
1580 1711 1822 1762 lleinrici
1851 1711 1955 1760 vir-

257 1800 438 1870 ginali
478 1800 732 1852 castitate
774 1799 831 1850 in
889 1799 1238 1851 matrimonio
1291 1802 1506 1850 servata
1567 1799 1791 1862 egimus,
1851 1797 1952 1849 huc
1987 1805 2024 1858 Β

260 1889 504 1941 lectorem
557 1889 888 1941 remittentes
923 1886 998 1940 ad
1053 1889 1178 1954 ipsa
1220 1888 1458 1940 auctoris
1519 1885 1703 1948 verba,
1758 1885 1956 1953 quibus

261 1979 422 2030 etiam
480 1977 762 2044 singulare
807 1975 960 2029 istud
997 1977 1332 2028 sanctissimi
1389 1975 1744 2043 Imperatoris
1799 1973 1956 2026 decus

260 2064 680 2118 vindicavimus.
711 2064 978 2130 Suggesta
1017 2062 1233 2130 quidem
1257 2064 1410 2127 fuere
1438 2062 1695 2114 nonnulla
1715 2063 1959 2129 spectan-

263 2155 342 2206 tia
375 2153 450 2205 ad
497 2153 847 2205 ostensionem
884 2152 1243 2218 reliquiarum
1289 2148 1780 2216 Bambergensium,
1832 2154 1960 2218 quot

262 2241 556 2309 septenniis
586 2239 850 2293 celebrari
885 2239 1132 2304 solitam;
1166 2254 1349 2292 verum
1388 2253 1506 2290 cum
1537 2238 1643 2292 hac
1666 2238 1803 2290 alibi
1823 2240 1959 2291 satis

263 2328 568 2382 communia
595 2329 725 2392 sint,
767 2343 860 2380 nec
903 2328 1077 2392 magis
1133 2326 1207 2379 ad
1231 2331 1441 2379 sanctos
1481 2326 1773 2395 Conjuges,
1798 2342 1961 2394 quam

267 2415 342 2468 ad
369 2415 506 2467 alios
537 2415 761 2469 Sanctus
790 2416 1063 2482 pertinere
1118 2414 1427 2473 videantur,
1482 2429 1586 2466 non
1641 2415 1753 2479 fuit
1793 2429 1964 2482 operae

266 2503 503 2571 pretium
523 2501 588 2554 de
629 2517 691 2554 ea
710 2517 768 2554 re
794 2501 1046 2570 pluribus
1078 2501 1341 2554 disserere
1373 2517 1384 2554 :
1418 2502 1591 2554 malui
1613 2503 1712 2554 toti
1753 2506 1962 2554 tracta-

268 2591 404 2643 tioni
458 2589 762 2642 coronidem
808 2591 1100 2657 imponere,
1164 2591 1356 2658 paucis
1427 2589 1786 2642 enumerando
1845 2593 1967 2641 tem-

265 2679 365 2747 pla
411 2681 462 2730 et
513 2677 739 2742 sacella,
787 2678 846 2729 in
904 2679 1370 2730 sanctissimorum
1427 2678 1739 2745 Conjugum
1801 2678 1964 2730 hono-

269 2780 383 2818 rem
436 2767 630 2828 erecta,
691 2778 810 2832 qua;
868 2765 1146 2817 Pottuvius
1197 2765 1256 2816 in
1307 2765 1446 2816 hunc
1516 2763 1730 2816 modum
1785 2779 1964 2816 recen-

270 2853 400 2906 suit.

278 2940 406 3008 εν.
467 2939 687 3007 Templa
761 2943 811 2993 et
865 2939 1064 2992 sacella
1118 2941 1175 2992 in
1219 2940 1468 2992 honorem
1529 2940 1591 2994 S.
1649 2941 1866 2993 Henrici
1920 2945 1968 2992 et

344 3010 400 3064 S.
427 3009 772 3074 Cunegundis
803 3016 995 3068 erecta.
1029 3015 1225 3078 preter
1279 3010 1419 3063 illud
1467 3009 1532 3062 de
1577 3025 1680 3078 quo
1719 3013 1969 3077 superius

347 3095 494 3132 num.
533 3082 597 3133 18
626 3085 766 3133 inter
804 3081 1088 3134 miracula.

349 3170 466 3220 I27.
507 3190 528 3215 «
589 3169 785 3238 Ρτδςω
823 3167 1027 3221 visitur
1073 3167 1316 3236 insignis
1347 3166 1583 3221 ecclesia
1633 3167 1684 3221 S.
1719 3167 1961 3220 Henrici.

275 3271 449 3326 quam
482 3255 542 3308 in
573 3254 852 3308 honorem
884 3256 1056 3324 hujus
1085 3255 1273 3310 Sancti
1295 3255 1532 3309 Carolus
1552 3256 1616 3308 IV
1657 3257 1971 3325 Imperator

275 3348 332 3397 et
363 3343 743 3397 Bohemorum
768 3343 884 3397 Rex
903 3359 1054 3396 anno
1081 3359 1404 3408 Icccxxxiu,
1437 3359 1566 3396 cum
1600 3342 1783 3396 adhuc
1828 3349 1971 3396 esset

279 3431 533 3484 marchio
568 3430 848 3497 Moravim,
878 3435 934 3484 et
973 3431 1258 3484 Bohemiaa
1280 3431 1650 3500 gubernator,
1721 3432 1967 3486 aediﬁca-

277 3517 378 3582 vit,
411 3523 468 3572 et
514 3518 572 3571 in
603 3518 989 3588 parochialem
1036 3519 1238 3584 erexit,
1270 3535 1398 3590 qua:
1429 3519 1735 3574 hodiedum
1786 3525 1869 3573 est
1909 3537 1970 3572 ex

280 3604 573 3676 primariis
602 3607 948 3678 Neo-Pragaa
1002 3607 1247 3662 basilicis
1301 3608 1531 3674 curatis,
1580 3608 1973 3678 compluribus

282 3696 556 3748 instructa
584 3695 1034 3763 fundationibus,
1066 3697 1382 3766 praesertim
1421 3713 1522 3768 pro
1547 3696 1766 3750 alendis
1798 3696 1975 3749 musi-

281 3782 359 3835 cis
389 3783 619 3839 servitio
646 3783 847 3854 templi
879 3785 1195 3856 deputatis.

357 3873 477 3926 I28.
515 3889 542 3922 α
572 3872 818 3927 Ecclesia
843 3872 1188 3942 parochialis
1218 3871 1684 3936 Burckunstadii,
1714 3889 1845 3942 quae
1896 3879 1981 3926 est

284 3958 419 4012 urbs
449 3958 706 4012 dimcesis
767 3960 1224 4028 Bambergeusis,
1269 3959 1390 4028 jam
1443 3965 1576 4014 ante
1619 3961 1840 4030 aliquot
1870 3977 1978 4014 sa:—

286 4045 410 4099 cula
461 4051 549 4100 est
601 4046 865 4100 dedicata
910 4047 963 4101 S.
1021 4047 1260 4100 Henrico
1305 4047 1661 4117 Imperatori,
1691 4048 1854 4118 cujus
1882 4065 1979 4119 pa-

287 4132 592 4188 trocinium
627 4135 934 4204 quotannis
962 4135 1275 4188 solenniter
1305 4135 1645 4189 celebratur.

1997 3081 2036 3134 C

799 4404 1056 4526 AD.
1139 4404 1612 4529 ACTA
1717 4405 2372 4530 SANCTI
2483 4403 3271 4528 HENRICI

1561 409 1616 463 S.
1660 405 1943 462 HENRICI
1983 404 2458 461 IMPERATORIS

3671 402 3778 456 188

2133 530 2250 580 129.
2315 547 2341 574 ‹‹
2399 524 2731 594 Bambergaa
2783 540 2936 578 anno
2970 540 3172 579 uacuv
3201 524 3442 579 ecclesia
3490 524 3781 580 Reveren-

2055 613 2261 666 dorum
2299 615 2530 666 Patrum
2553 610 3026 683 Cappucinorum
3077 612 3358 668 mditicata
3390 618 3474 668 est
3495 612 3557 666 in
3588 613 3776 667 hono-

2058 717 2178 755 rem
2206 702 2300 756 SS.
2334 701 2559 755 Henrici
2599 706 2649 754 et
2701 701 3050 768 Cungundis.
3118 718 3294 772 quam
3350 701 3557 756 eodem
3615 717 3778 754 anno

2059 789 2586 844 Reverendissimus
2615 790 2894 843 Dominus
2923 790 3172 843 Joannes
3223 790 3494 846 Melchior
3544 789 3776 860 episco-

2058 894 2166 948 pus
2198 876 2706 947 Domitioplitanus
2736 881 2793 931 et
2857 877 3256 945 suifragaueus
3314 878 3777 949 Herbipoleusis,

2058 982 2223 1019 xxvui
2251 964 2428 1032 Junii,
2457 965 2682 1018 solenni
2713 965 2848 1028 ritu,
2871 965 2978 1019 sub
3035 965 3373 1019 eorumdem
3426 966 3777 1020 Sanctorum

2060 1053 2375 1124 patrocinio
2398 1052 2699 1107 dedicavit.

2135 1144 2234 1196 130
2289 1161 2316 1192 α
2352 1141 2844 1206 Bottensteinium,
2879 1157 3006 1212 qua:
3039 1147 3124 1196 est
3149 1141 3285 1196 urbs
3316 1141 3575 1196 dicecesis
3608 1143 3781 1195 Bam-

2061 1228 2376 1298 bergeusis,
2409 1228 2519 1282 sita
2569 1229 2630 1283 in
2669 1230 2954 1282 montanis
2984 1245 3178 1282 versus
3225 1229 3624 1290 Voitlandiam,
3659 1229 3776 1283 ha-

2061 1317 2158 1371 bet
2211 1323 2364 1371 extra
2432 1333 2630 1370 muros
2683 1318 2957 1370 sacellum
2995 1319 3051 1371 S.
3139 1317 3477 1387 Cunegundi
3532 1316 3776 1387 virgini,

2062 1405 2303 1476 ejusque
2338 1411 2532 1459 sancto
2559 1405 2800 1476 Coujugi
2833 1405 3114 1470 dicatum;
3156 1405 3214 1458 in
3240 1422 3380 1476 quo,
3415 1410 3474 1458 ut
3503 1410 3782 1458 constans

2063 1509 2254 1547 sermo
2306 1511 2338 1547 a
2395 1493 2708 1563 majoribus
2755 1499 3025 1563 acceptus
3064 1498 3326 1558 testatur,
3381 1492 3624 1562 contigit
3683 1509 3786 1545 res

2065 1582 2478 1647 memorabilis,
2509 1581 2602 1635 hic
2629 1598 2747 1635 non
2803 1582 3110 1636 reticenda.
3148 1583 3290 1636 Cum
3322 1580 3476 1634 enim
3527 1579 3784 1635 Hussitin

2064 1686 2217 1724 anno
2260 1687 2498 1737 lcuxxx,
2562 1675 2778 1724 vastata
2831 1670 3174 1734 Voitlandia,
3216 1669 3397 1740 captis
3452 1685 3684 1740 quoque
3720 1689 3789 1734 et

2065 1758 2313 1813 incensis
2347 1758 2742 1824 Culmbachio,
2776 1765 2834 1812 et
2858 1759 3129 1824 Barutho,
3158 1758 3214 1810 in
3244 1764 3579 1811 montanam
3623 1757 3783 1811 dice-

2069 1846 2212 1900 cesis
2255 1846 2696 1917 Bambergensis
2727 1846 3049 1916 regionem,
3077 1846 3299 1916 partitis
3328 1845 3680 1914 agminibus,
3716 1863 3782 1897 se

2069 1935 2458 2002 infunderent,
2529 1940 2586 1989 et
2637 1935 2986 1989 inobservati
3046 1933 3461 1988 Bottensteinio
3531 1933 3783 1986 immine

2068 2028 2218 2088 rent,
2266 2023 2454 2076 subito
2510 2023 2567 2077 in
2622 2023 2826 2077 sacello
2879 2023 2973 2078 SS.
3021 2021 3392 2092 Cunegundis
3434 2025 3487 2075 et
3542 2020 3780 2074 Henrici

2070 2112 2258 2166 editur
2287 2112 2547 2166 insuetus
2568 2127 2978 2182 campanarum
3008 2110 3252 2178 sonitus,
3308 2125 3424 2182 quo
3456 2109 3626 2163 exciti
3674 2109 3781 2161 in-

2070 2200 2211 2254 cola:
2243 2201 2310 2254 ad
2346 2200 2616 2254 sacellum
2650 2199 2982 2266 convolant;
3017 2200 3168 2253 fores
3223 2199 3460 2261 clausas,
3513 2197 3780 2251 nullum-

2073 2304 2184 2358 que
2237 2287 2542 2356 vestigium
2595 2286 2846 2340 hominis
2875 2286 3070 2352 ullius,
3113 2285 3215 2356 qui
3257 2301 3564 2355 campanas
3616 2300 3785 2337 com-

2074 2378 2300 2448 pulsare
2331 2375 2633 2446 potuisset,
2681 2375 2994 2445 reperiunt.
3045 2378 3117 2428 At
3147 2373 3315 2427 simul
3349 2373 3615 2427 hostilem
3645 2377 3785 2424 tur-

2075 2480 2228 2517 mam
2270 2479 2447 2534 prope
2470 2464 2874 2517 adventantem
2932 2462 3294 2532 conspiciunt
3323 2478 3335 2515 :
3390 2477 3611 2515 moram
3641 2476 3789 2531 per-

2074 2552 2311 2606 brevem
2345 2551 2594 2621 quidem,
2633 2551 2730 2605 sed
2764 2551 3075 2605 admodum
3108 2555 3495 2620 opportunam
3552 2548 3790 2618 prospi-

2075 2639 2261 2692 ciendi
2287 2639 2458 2692 rebus
2485 2639 2604 2692 suis
2630 2638 2802 2703 nacti,
2833 2653 3081 2709 prOpere
3101 2654 3160 2691 se
3192 2644 3308 2689 tam
3334 2637 3391 2689 in
3423 2636 3792 2705 urbe,qunm

2075 2728 2134 2781 in
2167 2727 2350 2780 adsito
2396 2727 2666 2780 fortalitio
2733 2727 2802 2780 ad
2853 2726 2968 2780 vim
3025 2725 3292 2779 hostilem
3328 2721 3796 2795 propulsandam

2079 2821 2420 2887 comparant
2451 2820 2665 2886 :atque
2691 2814 2770 2868 ita
2810 2815 3103 2868 funestum
3132 2813 3436 2878 excidium,
3493 2828 3606 2881 quo
3635 2828 3799 2864 com-

2081 2905 2272 2975 plures
2298 2903 2558 2957 ﬁnitimie
2590 2903 2782 2965 urbes,
2844 2902 3054 2973 oppida
3103 2906 3160 2956 et
3205 2902 3337 2973 pagi
3385 2901 3592 2954 misere
3646 2904 3799 2951 tunc

2083 2991 2393 3064 perierunt,
2427 3007 2536 3060 ope
2567 3007 2802 3045 suorum
2836 2991 3213 3046 Patronorum
3245 2987 3576 3044 tutelarium
3607 2985 3798 3040 felici-

2079 3087 2164 3134 ter
2222 3085 2543 3134 evaserunt.
2578 3080 2640 3132 In
2674 3080 2837 3148 cujus
2884 3078 3145 3132 beneﬁcii
3178 3093 3491 3148 perennem
3521 3081 3791 3145 gratam-

2079 3185 2192 3240 que
2233 3167 2595 3234 memoriam,
2637 3166 2970 3238 quotannis,
3022 3181 3053 3220 e
3109 3165 3327 3234 templo
3361 3161 3678 3234 parochiali
3711 3162 3793 3216 ad

2082 3254 2299 3309 dictum
2331 3256 2603 3310 sacellum
2627 3254 2972 3325 supplicatio
3007 3254 3347 3308 instituitur.

2159 3347 2274 3397 l3l.
2312 3367 2336 3391 ‹‹
2371 3345 2434 3398 In
2459 3344 2627 3398 Stiria
2657 3343 2727 3397 ad
2774 3343 2990 3397 radices
3024 3343 3136 3396 Piri
3184 3340 3395 3396 montis
3451 3339 3654 3394 visitur
3693 3355 3794 3391 sa-

2082 3433 2288 3486 cellum
2313 3431 2370 3485 iu
2405 3433 2684 3486 honorem
2721 3431 2776 3486 S.
2809 3430 3034 3485 Henrici
3064 3429 3448 3501 Imperatoris,
3508 3445 3542 3481 a
3591 3426 3797 3481 Fride-

2089 3523 2202 3576 rico
2247 3522 2318 3575 ab
2357 3521 2581 3574 Huﬁ'ses
2610 3521 2877 3591 episcopo
2939 3519 3343 3588 Bambcrgeusi
3397 3520 3800 3572 constructum

2086 3612 2235 3664 circa
2263 3625 2481 3664 annum
2515 3625 2863 3664 ICCCCXXXVI.
2903 3632 2930 3657 ››

2168 3700 2284 3751 I32.
2345 3697 2534 3751 Reddo
2578 3697 2810 3765 fideliter
2876 3700 3116 3766 accepta,
3174 3695 3369 3764 quibus
3413 3693 3557 3762 quod
3632 3691 3804 3745 modo

2091 3785 2315 3852 addam,
2342 3787 2424 3838 nil
2444 3790 2685 3854 superest
2716 3785 3012 3852 :conﬁdere
3051 3785 3250 3848 ausim,
3278 3799 3346 3836 ea:
3393 3783 3553 3835 dictis
3582 3784 3805 3848 perspi-

2092 3891 2193 3928 cua
2222 3889 2333 3928 esse
2387 3875 2570 3928 omnia
2617 3889 2736 3943 qua:
2777 3875 2993 3938 faciunt
3011 3872 3084 3926 ad
3111 3871 3448 3925 sanctissimi
3484 3871 3802 3937 Imperato-

2093 3965 2174 4016 ris
2215 3963 2439 4031 ejusque
2480 3963 2944 4028 pientissimorum
2973 3961 3226 4012 clientum
3255 3957 3800 4012 commendationem.

2103 4052 2367 4104 Videntur
2404 4051 2532 4103 Vita
2558 4049 2859 4117 Dilingana
2881 4033 3000 4116 cap.
3046 4063 3230 4109 xxxrv,
3260 4061 3388 4115 pag.
3423 4048 3536 4098 l6l.

3503 4291 3751 4302 —-——_.

1620 4619 2466 4684 ADDITAMENTUM

295 4793 1010 4866 ingnummta_Germaiii8
1051 4796 1328 4862 historica,
1372 4796 1574 4866 Script.
1608 4801 1746 4850 tom.
1792 4797 1882 4861 IV,
1936 4811 2070 4866 pag.
2111 4797 2237 4850 816.
2277 4826 2336 4835 -
2387 4814 2439 4866 γε
2486 4794 2672 4848 Aliam
2730 4795 2799 4866 de
2845 4794 2901 4848 S.
2940 4792 3181 4866 Henrico
3240 4793 3490 4866 ejusque
3553 4791 3815 4866 conjuge

365 4863 716 4938 Cuneguude
742 4864 1042 4938 historiam
1064 4866 1202 4938 Vita:
1223 4867 1400 4922 sancti
1431 4862 1793 4938 imperatoris
1821 4862 2158 4938 subjectam,
2181 4882 2214 4919 a
2243 4865 2435 4938 nescio
2463 4865 2802 4938 quosasculi
2835 4881 2931 4918 xm
2955 4862 3292 4938 incipientis
3311 4863 3448 4938 satis
3477 4862 3816 4938 luculenter

366 4934 658 5008 scriptam,
693 4935 790 4988 sed
829 4936 1320 5008 fabulisiplenam,
1362 4933 1637 5008 tauquam
1665 4938 1878 4991 librum
1908 4933 1966 4990 iii
1999 4936 2231 5008 exhibet
2273 4936 2450 4991 codex
2479 4933 2842 5008 bibliotheca;
2871 4933 3104 5008 senatus
3132 4933 3437 5004 Lipsiensis
3465 4948 3650 5008 num,
3676 4934 3811 4996 194,

369 5004 606 5076 memb.,
631 5020 759 5076 saec.
788 5020 910 5076 xui,
945 5023 978 5059 a
1007 5002 1130 5060 viro
1161 5009 1230 5062 cl.
1265 5002 1587 5068 Naumann.
1607 5007 1970 5062 bibliotheca:
2001 5006 2295 5076 praefecto,
2321 5023 2546 5061 summa
2576 5005 2872 5076 diligentia
2904 5006 2965 5058 in
2991 5021 3128 5059 usus
3159 5002 3385 5059 nostros
3414 5002 3757 5072 exscriptus,
3778 5027 3813 5052 ν

365 5074 556 5146 inquit
584 5076 647 5129 G.
682 5075 880 5142 Waitz,
912 5076 970 5130 in
1001 5077 1336 5146 praefatione
1365 5079 1438 5132 ad
1459 5079 1512 5133 S.
1546 5079 1899 5142 Heuricum.)

374 5285 423 5335 1.
449 5281 741 5336 Secretum
772 5279 924 5348 regis
952 5279 1135 5333 celare
1192 5280 1407 5333 bonum
1462 5293 1604 5342 esse,
1654 5291 1830 5345 opera
1865 5290 1994 5329 vero

303 5368 404 5421 Dei
431 5383 700 5420 enarrare
755 5355 1139 5420 honoriﬁcum
1199 5383 1342 5430 esse,
1405 5365 1704 5419 Psalmista
1741 5379 1842 5416 nos
1871 5379 1994 5418 am-

306 5461 525 5521 monet,
577 5456 774 5510 dicens
823 5472 836 5508 :
889 5456 1130 5511 Laudate
1161 5457 1446 5508 Dominum
1496 5456 1555 5507 in
1625 5456 1826 5508 sanctis
1878 5453 1994 5524 ejus

306 5542 474 5609 (Psal.
499 5558 581 5607 CL,
627 5542 728 5608 I.).
783 5541 966 5612 Igitur
1006 5559 1074 5596 ea
1105 5557 1217 5612 que
1250 5541 1320 5596 de
1349 5541 1596 5611 glorioso
1647 5541 1993 5611 imperatore

307 5629 632 5683 confessore
658 5630 867 5683 Christi
915 5629 1202 5697 Heinrico,
1247 5631 1330 5684 vel
1359 5629 1630 5684 laudabili
1660 5635 1716 5682 et
1747 5629 1995 5700 gloriosa

2105 5278 2228 5346 ejus
2259 5278 2504 5347 conjuge
2531 5277 2624 5330 sed
2660 5275 2882 5344 virgine
2917 5275 3039 5328 luce
3064 5273 3274 5328 clarius
3301 5272 3700 5343 cognovimus,
3735 5276 3822 5329 ad

2105 5365 2346 5436 gloriam
2389 5366 2487 5419 Dei
2539 5365 2639 5435 qui
2691 5367 2964 5434 operatur
2992 5363 3051 5416 in
3092 5361 3300 5416 sanctis
3351 5360 3491 5428 suis,
3552 5360 3686 5413 licet
3718 5360 3821 5416 in-

2103 5455 2278 5516 culto,
2329 5471 2462 5508 vero
2494 5460 2687 5507 tamen
2717 5468 2984 5506 sermone
3048 5451 3352 5522 propalare
3386 5449 3823 5520 proponimus;

2103 5543 2258 5613 quod
2292 5542 2350 5594 in
2382 5557 2583 5595 eorum
2638 5540 2877 5610 legenda
2907 5539 3104 5593 deesse
3143 5539 3389 5604 videtur,
3439 5535 3533 5590 hic
3577 5535 3827 5604 plenius

2103 5629 2449 5684 inveniatur.
2504 5630 2563 5683 Si
2643 5628 2773 5700 quis
2841 5628 2984 5682 scire
3041 5622 3344 5690 desiderat,
3402 5641 3533 5678 cum
3605 5624 3829 5680 beatus
