3892 6364
46 220 147 274 869

1236 216 1579 273 EPISTOLA
1618 214 1715 268 AD
1754 213 2131 276 ODILONEM.

3361 229 3465 283 8'70

46 341 149 408 nit,
183 344 240 395 et
265 339 506 394 missilia
537 339 851 411 quodlibet
880 340 1045 412 quod
1075 341 1356 396 manibus
1381 342 1580 396 i‘inees
1603 356 1698 394 oc-
1736 326 2131 397 A'WILLELMo
2157 344 2477 399 venerabili
2504 344 2709 400 abbati
2740 348 2796 400 et
2825 345 2885 400 in
2919 345 3148 403 Christo
3201 348 3326 405 ﬁlio
3379 349 3466 405 di-

0 427 2 434 ’
45 428 224 484 currit
253 428 566 501 arripiens,
595 445 734 484 cum
760 429 820 485 in
859 446 960 485 ore
992 434 1047 486 et
1077 430 1279 485 animo
1309 431 1437 500 ejus
1469 446 1703 501 semper

0 515 4 532 ί
42 523 380 574 versaretur
412 536 424 572 :
461 520 570 575 Ubi
591 525 673 574 est
704 519 991 587 Charitas,
1040 537 1184 575 vasa
1215 520 1274 574 in
1322 519 1542 591 quibus
1583 519 1700 573 fru-

0 591 4 622 ⁷
43 612 336 672 mentum,
368 607 684 674 hordeum,
719 612 775 663 et
799 609 1009 664 vinum
1039 608 1698 679 servabatur,disrupit,

0 703 101 752 ‘et
157 696 362 752 accitis
418 698 786 769 pauperibus
839 698 1083 754 vascula
1148 715 1356 753 eorum
1415 697 1698 770 implevit,

42 784 192 840 illud
247 801 484 857 semper
541 787 719 842 corde
771 790 829 843 et
879 803 978 843 ore
1031 787 1392 859 depromens
1426 803 1437 840 :
1475 786 1583 841 Ubi
1618 789 1701 839 est

0 863 1 870 “
43 875 313 931 Charitas
337 879 365 930 ?
390 881 446 932 et
474 877 670 948 operis
700 877 1060 933 exhibitione
1107 881 1464 933 contestans.
1522 875 1701 944 Cujus

43 964 231 1018 animi
262 963 676 1034 indignitatem
704 967 799 1021 vix
833 967 1161 1039 aliquando
1219 971 1281 1022 ut
1327 965 1492 1038 quod
1537 979 1701 1032 agre;

44 1059 253 1122 gatum
283 1060 408 1110 erat
435 1057 886 1127 expenderetur,
919 1057 1187 1126 mitigare
1217 1059 1700 1129 potuerunt,cum

49 1143 159 1198 Ubi
189 1148 272 1198 est
303 1143 591 1213 Charitas,
626 1161 864 1218 semper
900 1150 1283 1218 repeteretur,
1342 1148 1398 1199 et
1447 1143 1558 1216 ipsi
1616 1143 1701 1197 in-

43 1232 315 1298 crassati,
347 1232 722 1304 impinguati,
753 1235 980 1290 dilatati
1007 1234 1528 1306 exprobrarentur.
1586 1235 1699 1287 Nec

43 1325 223 1377 antea
253 1327 556 1378 cessatum
609 1328 696 1379 est
751 1324 943 1379 donec
992 1341 1170 1379 omne
1198 1323 1344 1378 illud
1373 1323 1699 1394 repositum

40 1411 417 1482 pauperibus
445 1413 737 1470 donatum
765 1418 855 1469 est
887 1431 898 1468 :
933 1418 987 1470 et
1040 1415 1169 1486 ipse
1217 1413 1294 1468 ad
1341 1413 1565 1468 Italiam
1608 1428 1699 1466 rc-

41 1517 278 1568 means,
311 1518 448 1558 cum
473 1501 714 1559 biennio
747 1521 923 1559 suum
973 1520 1009 1559 a
1055 1504 1275 1559 saeculo
1332 1505 1703 1576 expectasset

41 1606 376 1658 excessum,
408 1592 653 1648 tandem
679 1593 869 1648 redire
899 1594 1265 1666 compulsus,
1318 1599 1452 1649 ante
1509 1592 1698 1647 Divio-

1812 428 1982 497 lecto,
2040 433 2290 488 salutem
2363 433 2789 504 sempiternam
2855 452 2995 491 cum
3053 436 3465 495 benedictione

1811 522 2166 591 Apostolica.
2196 523 2408 578 Audita
2443 523 2744 592 vigilantia
2775 525 2950 580 studii
2982 526 3066 582 tui
3093 543 3215 599 qua
3252 527 3464 598 invigi-

1811 609 1898 665 las
1925 628 2103 682 super
2133 612 2285 668 filios
2330 614 2684 669 commissos
2725 614 2850 685 tibi,
2902 614 3212 672 referimus
3243 619 3464 687 gratias

1815 702 1932 754 Deo
1961 701 2370 773 omnipotenti.
2403 703 2664 775 Denique
2693 704 3096 776 comperimus
3133 710 3189 762 te
3228 707 3467 777 jamdiu

1810 787 2085 843 laborare
2116 790 2486 846 creberrimis
2515 796 2751 847 tuorum
2795 793 3057 848 hostium
3104 794 3461 864 incursibus,

1811 881 1864 932 et
1891 893 2042 950 pene
2067 879 2192 948 jam
2226 879 2567 936 destitutam
2597 881 2918 936 Ecclesiam
2937 886 3100 938 tuam
3124 899 3160 940 a
3189 884 3466 957 diripien-

1813 967 1968 1022 tibus
2017 974 2073 1023 et
2105 968 2440 1024 infortuniis
2486 971 2626 1042 tuis,
2675 987 2812 1042 quae
2862 971 3193 1028 forinsecus
3246 975 3466 1046 pateris

1813 1057 2241 1124 condolemus;
2277 1075 2541 1134 namque
2575 1076 2683 1132 pro
2729 1060 3182 1130 longanimitate
3239 1063 3466 1127 patien-

1812 1145 1900 1199 tiae
1932 1162 2116 1217 quam
2143 1147 2259 1202 huc
2293 1164 2480 1220 usque
2510 1147 2787 1204 exibuisti
2818 1150 3176 1205 adversariis
3199 1150 3463 1207 ecclesiae

1811 1238 1922 1290 tuz‘e
1953 1235 2119 1290 decet
2145 1252 2255 1291 nos
2279 1237 2560 1307 gaudere,
2577 1242 2632 1293 et
2653 1238 2983 1294 bonitatem
3009 1244 3170 1296 tuam
3194 1239 3462 1296 laudare.

1811 1327 2098 1380 Caeterum
2147 1326 2400 1382 sufﬁciat
2439 1327 2727 1382 hactenus
2773 1328 2930 1384 hanc
2985 1328 3333 1400 patientiam
3384 1329 3466 1384 ita

1810 1412 2149 1467 exhibuisse
2182 1418 2245 1468 ut
2272 1415 2521 1486 impune
2551 1414 2629 1471 ad
2667 1414 2921 1470 nihilum
2971 1416 3317 1488 redigantur
3369 1432 3464 1472 res

1809 1501 2065 1556 ecclesiae
2096 1502 2352 1573 penitus,
2386 1507 2443 1558 et
2470 1519 2592 1575 prae
2637 1503 2888 1576 penuria
2939 1503 3156 1577 inopiae
3202 1504 3464 1560 labefac-

1811 1595 1960 1646 tetur
2012 1592 2160 1646 ordo
2215 1592 2514 1663 religionis
2572 1593 2939 1660 monasticae,
2994 1611 3129 1666 quas
3172 1593 3319 1649 inibi
3351 1593 3462 1648 sub

43 1697 185 1735 nem
217 1681 511 1737 transiens
540 1683 672 1738 loca
703 1683 814 1738 sibi
859 1684 1184 1739 commissa
1231 1683 1555 1749 circuibat;
1596 1683 1698 1737 de-
1739 1688 1784 1742 Β
1813 1685 1864 1736 te
1922 1681 2292 1749 dignoscitur
2341 1683 2708 1754 praeponere.
2779 1683 2974 1738 Habes
3022 1687 3218 1739 tecum
3272 1683 3463 1739 ﬁlium

40 1769 184 1824 hinc
215 1769 576 1826 Fiseannum
607 1787 667 1826 se
694 1771 959 1835 contulit,
989 1773 1091 1827 ubi
1140 1772 1486 1827 imminente
1540 1787 1699 1826 anno

45 1859 371 1915 Dominicee
406 1865 529 1915 l02l
566 1862 702 1932 [leg.
742 1863 897 1932 l03l]
928 1863 1379 1919 lncarnationis.
1433 1862 1700 1916 Indictio—

42 1965 118 2003 ne
149 1965 250 2004 x1v
275 1949 421 2004 obiit
446 1950 746 2006 Kalendas
783 1953 1045 2008 Januarii
1080 1971 1092 2019 ;
1153 1952 1231 2007 ad
1280 1952 1450 2021 cujus
1508 1951 1700 2022 sepul-

42 2053 216 2092 crum
243 2038 529 2109 puerulus
557 2039 839 2096 decennis
871 2056 906 2095 a
936 2040 1201 2096 maxima
1238 2040 1587 2107 aegritudine
1612 2056 1702 2094 sa-

41 2131 223 2181 natus
252 2130 357 2182 est.
384 2127 749 2196 Scrupulum
782 2130 880 2186 hic
915 2130 976 2184 V.
1012 2130 1076 2185 ε.
1109 2131 1374 2185 Danielis
1407 2129 1703 2198 Papebro—

43 2217 170 2272 chii
201 2217 399 2272 levare
430 2218 625 2287 liceat,
658 2219 762 2289 qui
788 2220 851 2273 in
882 2220 1036 2275 notis
1064 2219 1145 2275 ad
1174 2221 1333 2276 hunc
1376 2221 1588 2289 locum,
1640 2219 1701 2273 in

58 2307 193 2361 Vita
218 2307 415 2361 sancti
448 2307 762 2376 llic/tardi,
818 2309 914 2364 die
967 2312 1030 2363 14
1084 2310 1256 2363 Junii
1305 2308 1706 2364 Bollandiani

37 2410 186 2464 pag.
217 2398 342 2460 997,
364 2411 423 2451 se
448 2396 812 2464 perlibenter
831 2398 1185 2453 disciturum
1207 2399 1451 2470 ait,quo
1482 2398 1542 2452 in
1571 2397 1703 2451 loco

49 2483 307 2540 Ritualia
334 2484 598 2542 habeant
622 2487 780 2541 hanc
809 2487 1224 2559 antiphonam.
1286 2489 1401 2542 Cui
1449 2487 1705 2542 breviter

47 2573 470 2642 respondemus
497 2575 653 2629 hanc
684 2574 972 2645 hodieque
1000 2577 1063 2630 in
1092 2577 1466 2631 monasteriis
1495 2580 1701 2630 canta-

48 2665 105 2717 ri
130 2665 293 2733 feria
325 2666 450 2718 vin
483 2665 668 2720 Carna
726 2667 964 2720 Domini
1019 2666 1100 2720 ad
1155 2665 1529 2731 Mandatum,
1590 2680 1703 2735 quo

47 2753 305 2816 nomine,
348 2753 439 2806 uti
467 2754 644 2808 etiam
678 2754 987 2808 Guillelmi
1016 2759 1294 2822 tempore,
1340 2754 1705 2822 intelligitur

51 2841 195 2896 lotio
213 2840 454 2909 pedum,
487 2857 615 2911 qua?
646 2842 759 2897 hac
788 2844 919 2910 ipsa
949 2843 1043 2897 die
1064 2858 1181 2900 non
1238 2843 1428 2896 solum
1482 2859 1540 2895 in
1589 2857 1707 2895 mo~

50 2931 348 2996 nasteriis,
379 2931 481 2986 sed
510 2933 686 2986 etiam
714 2933 776 2987 in
805 2933 1107 3002 plerisque
1136 2933 1557 2987 canonicorum
1591 2931 1714 2987 col-

1809 1774 2076 1825 nostrum
2141 1772 2469 1840 Benignum
2528 1773 2877 1844 episcopum
2939 1773 3157 1842 gratias
3205 1776 3324 1828 Deo
3378 1771 3461 1828 ef-

1810 1859 2028 1915 fectum
2072 1863 2457 1927 monachum,
2489 1877 2670 1934 quem
2701 1861 3103 1918 admonemus
3133 1862 3378 1918 honeste
3407 1865 3464 1917 et

1809 1949 2079 2018 religiose
2106 1951 2464 2018 conversari,
2495 1951 2928 2023 professionem
2956 1950 3309 2007 obedientiaa
3332 1967 3462 2006 mo-

1809 2039 1974 2094 ribus
1997 2044 2050 2093 et
2081 2056 2259 2111 opere
2291 2039 2591 2094 attendere
2616 2058 2628 2106 ;
2661 2040 2722 2094 in
2743 2056 2865 2111 qua
2886 2039 3195 2095 vocatione
3220 2043 3464 2095 vocatus

1811 2131 1920 2194 est,
1948 2127 2008 2182 in
2037 2128 2168 2199 ipsa
2196 2144 2584 2199 permanere;
2619 2128 2834 2184 deinde
2890 2127 2973 2183 illi
3012 2128 3296 2200 jubemus
3327 2145 3465 2183 cum

1811 2216 1978 2272 omni
2002 2217 2273 2289 imperio,
2309 2222 2371 2272 ut
2401 2216 2672 2272 inimicos
2705 2217 2894 2272 sancti
2922 2217 3199 2289 martyris
3228 2217 3467 2286 Benigni

1810 2307 2162 2378 insequatur
2186 2306 2350 2361 omni
2376 2305 2616 2377 justitiaa
2643 2307 2764 2361 zelo
2790 2322 2860 2362 ac
2882 2323 3021 2362 cum
3047 2305 3251 2361 divina
3272 2310 3470 2362 aucto-

1811 2396 1980 2450 ritate
2011 2395 2179 2451 feriat
2209 2412 2310 2450 eos
2349 2397 2746 2461 anathemate,
2811 2395 2914 2450 tibi
2968 2396 3146 2451 etiam
3203 2394 3468 2468 praecipi-

1813 2501 1950 2538 mus
1979 2501 2052 2539 ne
2084 2485 2338 2539 absistas
2365 2484 2417 2539 ei
2447 2484 2504 2538 in
2528 2485 2664 2549 hoc,
2700 2484 2805 2539 sed
2836 2484 2986 2540 sicut
3032 2484 3114 2538 illi
3153 2483 3467 2539 auctorita-

1815 2577 1932 2626 tem
1971 2588 2317 2643 pervasores
2374 2576 2506 2626 tuos
2553 2571 2799 2626 feriendi
2843 2571 3250 2641 concedimus,
3295 2571 3467 2641 jube-

1814 2678 1949 2716 mus
1978 2666 2032 2716 et-
2062 2661 2432 2732 imperamus
2460 2679 2471 2725 ;
2505 2659 2585 2714 ita
2617 2660 2718 2714 tibi
2767 2676 2872 2732 per
2927 2676 3130 2714 veram
3181 2659 3464 2714 obedien-

1812 2751 1954 2806 tiam
1988 2750 2352 2805 mandamus
2391 2765 2466 2804 ne
2503 2748 2796 2822 impedias
2820 2748 2986 2803 illum
3011 2765 3118 2804 nec
3141 2747 3465 2821 prohibeas

1812 2839 1959 2911 quin
1987 2838 2148 2910 ipsos
2180 2837 2592 2892 malefactores
2623 2836 2857 2891 Domini
2880 2836 3045 2891 verbi
3076 2835 3274 2905 gladio
3306 2851 3466 2890 coer-

1813 2931 1962 2993 ceat,
1992 2944 2062 2982 ac
2095 2927 2178 2981 sie
2202 2926 2354 2983 bene
2386 2925 2697 2981 roboretur
2739 2929 2943 2980 nostra
2992 2924 3312 2981 auctoritas
3339 2943 3352 2991 ;
3411 2928 3468 2979 et

52 3021 221 3089 legiis
248 3020 384 3086 ﬁeri
409 3021 573 3076 solet.
599 3022 872 3077 Habetur
900 3027 1098 3078 autem
1129 3022 1330 3078 eadem
1369 3020 1705 3088 antiphona
1745 3043 1784 3096 ο
1814 3034 1969 3089 quos
2012 3031 2276 3088 namque
2300 3015 2396 3070 ille
2440 3014 2729 3084 ligaverit,
2780 3013 3110 3086 apostolica
3161 3018 3216 3069 et
3263 3017 3467 3070 nostra

51 3125 112 3163 in
161 3109 607 3165 Processionali
632 3112 976 3178 monastico,
1029 3117 1080 3166 et
1135 3112 1197 3165 in
1257 3111 1471 3165 libellis
1521 3111 1708 3179 ofﬁcii

51 3197 902 3270 hebdomadaasanctwguibus
923 3202 1102 3270 vulgo
1136 3216 1252 3255 non
1286 3202 1490 3255 clerici
1514 3199 1702 3262 modo,

49 3289 152 3343 sed
182 3292 237 3342 et
266 3289 482 3359 quique
504 3289 706 3356 ﬁdeles
739 3291 852 3346 hac
879 3290 1250 3346 hebdomade
1272 3295 1548 3346 utuntur.
1571 3291 1708 3345 Jam

46 3377 412 3446 proferenda
434 3383 520 3432 est
548 3379 860 3433 Benedicti
881 3394 1058 3447 papte
1088 3380 1356 3448 epistola.

121 3469 212 3520 28.
257 3465 594 3522 Bessmcrus
625 3467 942 3539 episcopus
975 3483 1184 3523 servus
1223 3483 1533 3523 servorum
1584 3465 1704 3533 Dei,

53 3639 2180 3672 Ἠ

1813 3106 2158 3163 auctoritate
2187 3106 2302 3159 sint
2325 3104 2508 3173 ligati,
2541 3108 2597 3159 et
2633 3120 2787 3176 quos
2844 3102 3164 3158 absolverit
3209 3102 3326 3157 sint
3364 3119 3469 3158 no-

1817 3202 1939 3250 stra
1969 3195 2187 3270 pariter
2217 3193 2589 3249 absolutionc
2621 3192 2896 3247 absoluti.
2934 3195 3151 3246 Damus
3179 3189 3357 3246 etiam
3385 3190 3468 3246 illi

1814 3289 2166 3357 potestatem
2215 3281 2618 3346 inordinandi,
2660 3297 2919 3354 cumque
2944 3280 3100 3350 juste
3132 3279 3466 3351 postulatus

1817 3375 1988 3429 fuerit
2016 3374 2077 3428 in
2104 3376 2310 3428 sancta
2343 3371 2596 3427 Ecclesia
2627 3371 2924 3436 ordinare,
2956 3373 3367 3425 verumtamen
3414 3373 3467 3425 te

1812 3464 2080 3535 jubente.

2189 3638 2552 3651 *-

2191 3653 2560 3668 *ψη

2559 3635 3459 3668 m

912 3775 1541 3894 SANCTI
1641 3771 2618 3893 GUILLELMI

1406 3971 1700 4029 ABBATIS
1741 3972 1797 4030 S.
1843 3973 2125 4030 BENIGNI

783 4115 1251 4186 EPISTOLAE
1303 4115 1516 4188 DU/E
1558 4115 1682 4184 AD
1729 4113 2151 4184 JOANNEM
2203 4112 2506 4182 l’APAM
2554 4111 2742 4180 XIX.

1333 4260 1504 4331 (Vide
1533 4259 1702 4330 infra
1729 4259 1791 4316 in
1820 4259 2034 4318 Jonas
2062 4258 2212 4331 XIX).

60 4436 3463 4468 ___________________________________________________

920 4572 1546 4693 SANCTI
1649 4567 2623 4691 GUILLELMI

1428 4769 1718 4824 ABBATIS
1758 4769 1813 4824 S.
1855 4768 2132 4823 BENIGNI

582 4907 1024 4978 EPISTOLA
1074 4910 1196 4977 AD
1243 4909 1708 4979 ODILONEM
1757 4909 2453 4980 CLUNIACENSEM
2482 4889 2954 4976 'ABBATEM.

59 5067 164 5130 De
201 5058 394 5127 obitu
421 5052 760 5128 Willelmi
782 5052 1189 5142 Burgundia:
1223 5052 1532 5142 comitis;
1587 5051 1667 5142 de
1718 5065 1938 5124 morte
1992 5051 2314 5122 Richardi
2354 5056 2911 5142 Normannorum
2938 5044 3224 5127 amitis,
3271 5057 3339 5116 et.
3391 5045 3476 5116 de

748 5139 948 5210 rebus
976 5142 1273 5214 maxime
1298 5140 1393 5210 ad
1429 5140 1861 5210 Vizeliacense
1893 5142 2264 5210 coenobium
2286 5139 2792 5231 pertinentibus.

1065 5286 1313 5358 (Manu
1345 5284 1572 5343 Annal.
1593 5285 1839 5353 Bened.,
1873 5287 2016 5341 tom.
2049 5287 2137 5356 ιν,
2167 5300 2308 5358 pag.
2340 5283 2484 5355 333).

137 5514 304 5577 Melle
328 5513 586 5587 favoque
616 5510 867 5568 dulciori
885 5510 1112 5566 domno
1146 5509 1297 5568 Patri
1336 5512 1400 5567 0.
1424 5509 1600 5566 frater
1627 5512 1712 5564 W.
1755 5511 1797 5564 D
1829 5508 1969 5564 certi
1997 5523 2125 5563 esse
2155 5505 2478 5578 cupientes,
2508 5503 2794 5560 litterulas
2823 5502 2998 5561 vobis
3032 5502 3329 5572 misimus,
3377 5503 3481 5563 ho-

65 5626 210 5667 cum
242 5604 467 5663 caeteris
495 5601 800 5669 fratribus,
841 5617 1096 5658 summae
1145 5599 1434 5657 felicitatis
1478 5616 1718 5658 munus.

1829 5614 1966 5658 rum
1994 5613 2129 5671 quae
2159 5595 2323 5668 apud
2352 5611 2467 5654 nos
2484 5598 2770 5665 geruntur
2798 5593 3044 5654 indices.
3077 5593 3322 5652 Interius
3347 5591 3478 5664 qui-

140 5702 366 5758 Omnes
417 5708 554 5766 quae
581 5691 738 5748 circa
761 5707 872 5747 vos
931 5695 1072 5747 sunt
1113 5690 1388 5761 ﬂagranti
1429 5689 1722 5747 desiderio
1830 5687 1991 5757 dem,
2023 5686 2226 5744 divina
2255 5685 2464 5757 gratia,
2493 5684 2830 5759 vestrisque
2854 5683 3078 5744 meritis
3105 5679 3480 5754 suffraganti-
