3892 6386
403 226 501 281 871

1293 222 1347 276 S.
1390 221 1754 276 GUILLELMI
1789 216 2092 274 ABBATlS
2131 218 2188 274 S.
2231 219 2505 275 BENlGNI
2543 218 2800 273 DIVION.
3789 225 3872 276 ετξ

400 346 536 416 bus,
567 345 722 399 bene
775 340 1046 396 valemus
1072 359 1084 404 ;
1113 340 1363 396 exterius
1395 357 1532 396 vero
1563 340 1953 412 T’quibusdam
1999 339 2056 392 in
2087 342 2132 393 A
2159 339 2381 410 spectui
2411 338 2720 406 habentes,
2751 337 2812 392 in
2843 339 3062 392 terram
3091 337 3356 409 pedibus
3380 339 3871 396 conculcandas

405 431 679 489 fortuniis
713 430 968 501 graviter
992 429 1327 498 fatigamur.
1358 429 1613 483 Audistis
1637 430 1785 499 jam,
1837 433 1901 483 ut
1929 444 2048 482 cre-

407 521 628 588 dimus,
660 519 838 575 rebus
866 518 1147 572 humanis
1173 518 1490 572 excessisse
1519 517 1794 572 comitem
1844 517 2050 571 Willel-

408 626 597 675 mum,
625 613 681 662 et
709 606 869 679 apud
900 605 1204 660 Divionem
1230 606 1546 677 sepultum.
1575 608 1651 661 De
1675 605 1840 660 obitu
1865 605 2048 660 comi-

407 697 478 752 tis
507 695 780 751 Richardi
809 693 1062 749 missum
1099 709 1221 748 non
1265 693 1606 760 habuimus,
1658 710 1767 748 nec
1825 693 2049 764 aliquid

406 784 742 852 didicimus,
783 783 895 837 nisi
919 786 1215 853 quantum
1245 797 1280 836 a
1307 781 1639 836 dicentibus
1689 781 2045 836 audivimus.

405 876 616 928 Praeter
670 887 741 926 ea
791 870 1216 925 innotescimus
1269 870 1603 941 paternitati
1647 875 1854 924 vestrae
1885 869 2050 941 quod

406 959 835 1015 monasterium
862 959 1256 1023 Viziliacense,
1288 963 1496 1026 agente
1530 958 1816 1013 Landrico
1865 957 2049 1012 comi-

407 1053 485 1114 te,
517 1047 827 1104 monachis
858 1047 1123 1117 ejusdem
1181 1046 1292 1100 loci
1347 1062 1484 1100 cum
1541 1046 1756 1101 abbate
1809 1045 2052 1117 turpiter

409 1135 628 1206 ejectis,
662 1134 918 1190 domnus
949 1133 1118 1189 Oddo
1148 1136 1404 1205 suscepit
1454 1133 1577 1187 sine
1626 1132 1899 1188 consultu
1927 1129 2050 1202 epi-

411 1221 1167 1295 scOpiAugustodunensis.
1203 1224 1318 1275 Hac
1350 1220 1422 1274 de
1450 1237 1632 1276 causa
1669 1220 1729 1275 in
1760 1223 1923 1275 tanta
1964 1219 2051 1273 ira

412 1317 616 1366 contra
642 1328 747 1366 vos
777 1315 833 1365 et
869 1327 977 1365 nos
1023 1309 1342 1381 locumque
1397 1314 1669 1364 nostrum
1727 1309 2052 1364 concitatus

411 1405 515 1470 est,
569 1404 632 1454 ut
662 1415 783 1454 non
814 1399 1007 1454 solum
1038 1398 1198 1453 mala
1229 1414 1361 1469 quae
1393 1415 1498 1470 per
1536 1414 1595 1452 se
1644 1414 1903 1469 suosque
1952 1415 2054 1469 po-

409 1488 538 1542 terit
564 1487 823 1542 minatur
851 1487 1024 1542 nobis
1054 1487 1333 1555 irrogare,
1383 1487 1810 1541 monasterium
1853 1486 2054 1541 videli-

411 1581 500 1634 cet
527 1576 903 1646 Magabrense
934 1575 1278 1644 auferendo,
1320 1579 1375 1630 et
1420 1576 1623 1631 omnia
1667 1576 1872 1631 altaria
1919 1592 2052 1647 quae

409 1667 470 1721 in
520 1682 629 1720 suo
684 1666 1028 1737 episcopatu
1078 1664 1392 1733 habemus,
1441 1665 2052 1726 excommunicando;

412 1755 515 1809 sed
545 1758 599 1809 et
627 1770 856 1822 omnes,
887 1757 1181 1825 quotquot
1219 1758 1427 1824 potest,
1488 1753 1826 1825 episcopos,
1887 1754 2052 1809 cleri-

413 1859 532 1909 cos,
557 1842 759 1911 laicos,
793 1843 1203 1913 cujuscunque
1235 1842 1458 1896 ordinis
1488 1847 1589 1897 aut
1617 1843 1938 1911 dignitatis,
1995 1843 2054 1897 in

410 1935 644 1986 nostras
669 1930 1005 1986 inimicitias
1031 1930 1489 1985 commovendo.
1512 1931 2058 1985 Excommunicavit

412 2020 591 2074 etiam
647 2023 864 2074 nostra;
922 2017 1399 2086 congregationis
1451 2018 1682 2085 fratres,
1736 2023 1798 2073 ut
1861 2019 2057 2073 nullus

410 2108 538 2177 jam
566 2107 722 2161 dicto
751 2107 883 2160 loco
913 2105 1654 2177 inhabitet,ecclesiamque
1671 2106 2054 2175 ingrediatur,

415 2193 510 2248 vel
539 2194 781 2264 aliquod
811 2193 1078 2247 divinum
1129 2193 1484 2264 obsequium
1538 2193 1599 2247 in
1655 2209 1725 2248 ea
1764 2195 2058 2250 celebrare

417 2285 760 2353 praesumat.
796 2279 1344 2352 lpsivero,ﬁdentes
1376 2281 1710 2354 apostolicis
1739 2283 2056 2354 privilegiis

418 2370 637 2441 quibus
692 2369 930 2425 libertas
981 2369 1249 2440 ejusdem
1305 2371 1416 2425 loci
1469 2371 1546 2425 ab
1586 2374 2057 2428 antecessoribus

417 2458 656 2531 provisa
687 2464 790 2525 est,
823 2475 932 2531 pro
963 2459 1146 2514 nihilo
1177 2461 1304 2529 ejus
1350 2460 1699 2515 sententiam
1759 2466 2061 2533 computa-

417 2551 644 2616 verunt,
697 2551 753 2602 et
781 2547 928 2602 nihil
975 2548 1048 2602 de
1101 2547 1422 2602 interdictis
1475 2548 1764 2604 dimittere
1823 2566 2062 2604 curave-

415 2638 584 2702 runt;
619 2635 725 2690 sed
753 2635 974 2692 litteras
1003 2637 1116 2692 hac
1143 2637 1217 2692 de
1248 2653 1431 2693 causa
1461 2638 1540 2692 ab
1569 2654 1638 2693 eo
1669 2638 1922 2695 directas
1955 2639 2058 2694 de—

2157 427 2549 498 projecerunt.
2589 424 2750 481 Unde
2778 440 2899 480 non
2927 425 3122 480 solum
3152 426 3283 498 ipse
3317 428 3576 497 majori
3630 429 3735 484 ira
3791 447 3871 484 ac-

2157 531 2373 570 census
2402 520 2507 577 est,
2543 516 2646 570 sed
2677 519 2732 569 et
2761 513 2926 584 apud
2954 529 3165 570 omnes
3195 515 3383 586 longe
3415 516 3705 590 lateque
3764 521 3870 574 haec

2157 605 2463 660 audientes
2523 604 2766 672 grandis
2815 603 3119 660 calumnia
3183 610 3404 662 contra
3466 622 3606 662 nos
3669 617 3867 664 exorta

2158 696 2260 748 est.
2299 692 2560 747 Universi
2587 692 2746 747 enim
2801 691 2905 762 qui
2957 692 3086 747 haec
3130 693 3415 763 audiunt,
3480 711 3635 751 non
3679 698 3864 752 solun;

2158 781 2398 847 inimici,
2435 785 2522 836 set
2550 787 2605 835 et
2633 781 2736 852 qui
2767 785 2901 835 ante
2926 781 3288 837 videbantur
3317 783 3549 850 amici,
3592 785 3775 842 illius
3802 787 3864 841 in-

2154 868 2442 939 justitiam
2470 873 2675 923 contra
2699 883 2810 922 nos
2842 869 3228 939 auctorizant,
3262 887 3523 943 nosque
3571 872 3861 929 inaudita

2157 955 2640 1028 praesumptionis
2666 960 2719 1010 et
2746 956 2923 1011 etiam
2954 957 3120 1029 apud
3151 958 3491 1014 saeculares
3535 961 3865 1017 horrenda

2159 1045 2496 1117 cupiditatis
2526 1045 2852 1117 inculpant,
2888 1045 3151 1102 dicentes
3178 1063 3303 1103 non
3343 1048 3548 1106 licere
3581 1053 3866 1124 qualem-

2159 1150 2395 1205 cunque
2425 1134 2704 1189 abbatem
2759 1151 2794 1190 a
2848 1135 3091 1206 proprio
3147 1137 3381 1193 honore
3447 1141 3766 1212 qualibet
3812 1159 3865 1196 63

2160 1239 2343 1278 causa
2369 1239 2644 1277 amovere
2675 1222 2799 1278 sine
2831 1224 3122 1280 canonica
3148 1228 3647 1285 examinatione
3703 1237 3767 1285 et
3791 1232 3867 1300 ju-

2160 1311 2314 1365 dicio
2337 1311 2599 1382 episcopi
2630 1311 2707 1366 ad
2747 1312 2918 1381 cujus
2978 1312 3286 1368 dioecesim
3326 1317 3638 1373 noscitur
3696 1321 3864 1392 perti-

2161 1415 2319 1454 nere.
2357 1400 2490 1454 Haec
2521 1404 2576 1454 et
2605 1400 2898 1470 ejusmodi
2926 1402 3294 1474 quamplura
3335 1419 3476 1459 non
3532 1407 3753 1463 modo
3804 1409 3863 1461 ai

2162 1488 2410 1555 aemulis,
2441 1505 2645 1543 verum
2671 1493 2727 1544 et
2756 1506 2792 1544 a
2817 1492 3231 1546 consentaneis
3263 1493 3642 1565 audientes,
3711 1503 3774 1553 et
3803 1498 3864 1551 ab

2162 1576 2445 1648 episcopo
2479 1577 2716 1632 vinculo
2745 1579 3142 1634 anathematis
3189 1596 3313 1651 quo
3357 1581 3602 1639 fratres
3649 1586 3864 1656 ligave-

2094 1685 2137 1736 Β
2167 1669 2276 1731 rat,
2306 1670 2369 1719 ut
2397 1665 2748 1735 absolveret,
2809 1667 2973 1722 nullo
3018 1669 3203 1724 modo
3251 1674 3622 1743 antequam
3667 1677 3863 1732 relicta:-

2161 1753 2292 1807 loco
2322 1770 2458 1807 cum
2491 1754 2611 1807 suis
2641 1754 2922 1809 omnibus
2953 1755 3030 1810 ad
3071 1773 3177 1812 vos
3216 1765 3719 1830 reverterentur,
3770 1764 3864 1819 im-

2160 1846 2388 1912 petrare
2410 1842 2864 1910 valentes,aliud
2889 1845 3202 1900 consilium
3222 1846 3551 1905 salubrius
3583 1852 3856 1909 invenire

2164 1931 2557 2002 nequivimus,
2589 1937 2799 2003 praeter
2827 1934 2990 2005 quod
3021 1950 3092 1989 ex
3123 1941 3320 1992 vestra
3344 1944 3533 2009 parte
3569 1943 3668 1997 eis
3697 1960 3855 1999 man-

2165 2020 2439 2075 davimus
2471 2026 2529 2076 ut
2559 2021 2634 2076 ad
2659 2039 2763 2076 vos
2795 2029 3165 2079 revertantur
3194 2030 3612 2099 quantocius,
3647 2049 3728 2089 ne
3770 2034 3858 2088 ali-

2164 2109 2297 2180 quis
2324 2109 2586 2180 periculo
2617 2112 3253 2169 excommunicationis
3286 2116 3637 2188 subjaceat
3670 2124 3858 2178 subita

2165 2203 2352 2253 morte
2378 2205 2730 2271 praeventus.
2766 2205 2897 2256 Hth
2925 2219 3065 2258 vero
3115 2219 3195 2259 an
3243 2221 3462 2262 comes
3522 2213 3858 2268 Landricus

2166 2288 2481 2359 permittat,
2517 2289 2607 2343 vel
2635 2290 2748 2362 ipsi
2780 2291 2959 2346 velint
2991 2292 3204 2362 facere,
3257 2295 3448 2351 nobis
3506 2308 3736 2358 manet
3777 2303 3858 2357 in-

2167 2383 2411 2430 certum.
2472 2380 2612 2442 Quae
2667 2385 2879 2435 cuncta
2931 2381 3100 2436 vobis
3144 2382 3432 2440 intimare
3476 2391 3855 2456 curavimus,

2167 2465 2470 2535 cupientes
2527 2473 2785 2523 vestram
2837 2470 3208 2528 voluntatem
3264 2479 3323 2529 et
3377 2470 3748 2546 jussionem
3793 2482 3852 2535 de

2167 2553 2258 2607 his
2289 2554 2569 2610 omnibus
2598 2556 2789 2613 littera
2818 2564 3008 2615 vestra
3038 2576 3410 2632 cognoscere
3457 2573 3848 2640 quantocius.

2170 2642 2382 2698 Valete.

1356 2815 3843 2845 ___———————_.—____________,

1793 2826 1922 2827 an,
1937 2826 3840 2845 iam

1275 2946 1898 3059 SANCTI
2003 2919 3014 3070 GUILLELMI-

1776 3143 2060 3196 ABBATIS
2103 3146 2156 3200 S.
2199 3146 2472 3202 BENIGNI

1011 3278 1599 3349 PRIVlLEGIUM
1649 3281 1819 3348 PRO
1868 3282 2439 3354 MONASTERIO
2489 3289 3240 3371 FRUCTUARIENSI.

1375 3438 1627 3507 (MARILL.
1658 3440 1812 3496 Acta
1840 3441 1948 3497 SS.
1981 3443 2202 3498 Bened.
2237 3446 2378 3501 Saec.
2412 3450 2498 3516 Vl,
2544 3465 2683 3520 pag.
2714 3456 2860 3521 347).

493 3641 555 3739 In
586 3641 845 3743 nominas
875 3645 1091 3743 sanctae
1122 3645 1177 3695 et
1206 3640 1463 3740 invidum
1495 3642 1803 3699 Trinitatis.
1845 3647 2060 3743 Notum
2101 3648 2139 3703 C
2172 3650 2262 3702 tus
2315 3653 2401 3704 est
2455 3650 2694 3709 fratrem
2755 3673 2932 3715 suum
2984 3662 3044 3718 in
3095 3670 3470 3737 praetitulato
3505 3682 3846 3743 omanem—1

422 3729 548 3784 ﬁeri
578 3730 851 3784 volumus
883 3729 1162 3784 fratribus
1209 3731 1446 3799 nostris,
1498 3736 1613 3786 tam
1674 3733 2064 3804 praesentibus

422 3834 609 3889 quam
637 3818 862 3885 futuris,
918 3824 972 3873 et
1003 3818 1281 3873 omnibus
1327 3826 1542 3876 sanctae
1592 3821 1861 3877 Ecclesiae
1905 3822 2062 3889 ﬁliis,

425 3907 834 3978 cujuscunque
861 3906 1104 3972 ordinis,
1137 3907 1378 3963 honoris
1417 3914 1472 3964 et
1520 3910 1842 3980 dignitatis,
1901 3912 2066 3982 quod

424 3995 852 4050 monasterium
906 3996 1133 4051 noviter
1181 4003 1583 4053 constructum
1654 3999 1713 4053 in
1765 3999 1897 4054 loco
1963 4000 2067 4072 qui

427 4084 763 4140 Fructuaria
793 4084 1033 4157 antiquo
1058 4093 1438 4159 nuncupatur
1484 4088 1796 4153 vocabulo,
1851 4088 2072 4144 liberri-

422 4189 591 4228 mum
648 4178 821 4245 atque
877 4174 1385 4230 absolutissimum
1439 4177 1723 4231 consistat
1777 4177 1854 4232 ab
1903 4179 2066 4232 omni

423 4263 785 4333 subjectione
809 4263 1008 4319 debita
1039 4264 1253 4335 cuique
1279 4264 1520 4319 dioecesi
1549 4264 1643 4318 vel
1683 4267 2062 4336 monasterio,

423 4351 593 4421 cujus
639 4352 721 4406 rei
765 4368 975 4408 causas
1025 4368 1322 4424 exponere
1378 4357 1434 4407 et
1472 4353 1848 4410 manifestare
1903 4373 2066 4412 cura-

420 4456 575 4506 mus,
608 4456 681 4495 ne
712 4440 991 4513 cuiquam
1024 4439 1311 4510 subrepat
1335 4439 1507 4495 malae
1534 4445 1590 4496 et
1617 4441 2064 4500 inconsideratae

421 4528 748 4584 occasionis
776 4527 1087 4583 tumultus.
1119 4527 1373 4592 Quidam
1405 4528 1582 4584 frater
1610 4536 1809 4585 noster
1838 4534 2065 4588 carnali

421 4617 826 4686 germanitate,
861 4617 1232 4673 Gottofredus
1271 4617 1533 4686 nomine,
1589 4635 1725 4674 cum
1768 4627 1924 4676 esset
1951 4622 2064 4677 sub

419 4705 626 4761 habitu
656 4705 946 4771 saeculari,
979 4711 1034 4760 et
1059 4705 1241 4760 libere
1270 4705 1507 4774 degeret
1554 4707 1616 4762 in
1663 4713 1909 4780 paterna
1947 4710 2065 4764 hae-

419 4793 682 4859 reditate,
735 4793 896 4863 eligit
943 4793 1207 4847 funditus
1261 4795 1545 4850 saeculum
1600 4797 1951 4870 relinquere,
2012 4799 2067 4852 et

419 4887 554 4954 post
579 4885 765 4937 Deum
794 4881 895 4936 ire.
931 4881 1191 4953 Denique
1223 4889 1500 4956 expetens
1547 4891 1820 4942 sanctum
1879 4886 2067 4940 Divio-

2173 3739 2551 3830 monasterio.
2579 3744 2840 3816 Denique
2874 3750 3182 3824 Robertus,
3215 3761 3323 3830 qui
3358 3765 3539 3824 solus
3565 3739 3848 3830 eli—fram-

2171 3824 2286 3924 bus
2313 3827 2435 3926 suis
2468 3834 2752 3888 remansit
2778 3834 2985 3903 laicus,
3016 3841 3169 3900 inter
3199 3824 3417 3910 caetera
3449 3824 3597 3913 sua;

2176 3914 2357 4018 sionis
2386 3917 2565 3985 dona,
2595 3921 2743 3992 ipse,
2773 3929 2828 3980 et
2851 3930 3171 3998 praedictus
3227 3937 3414 3998 frater
3475 3914 3665 4018 ejusr

2173 4003 2306 4073 dus,
2339 4009 2754 4097 quaeDomino
2793 4017 3168 4078 contulerunt
3221 4027 3300 4082 ad
3358 4003 3848 4097 construendum

2173 4095 2600 4187 monasterium
2627 4100 2955 4170 specialiter
2977 4107 3571 4182 locum,Fructuaria

2173 4180 2253 4236 ita
2281 4185 2751 4276 utpossidebant
2787 4193 3055 4263 quietum
3104 4180 3486 4266 et'soiidum
3543 4180 3848 4276 Camilli-dii

2173 4272 2494 4328 venerabili
2543 4275 2664 4331 viro
2711 4281 3052 4341 Taurinensi
3102 4292 3544 4358 archidiacono

2172 4363 2874 4472 runt,"u‘tinde‘fac‘eretr
2919 4373 3108 4472 legale
3157 4384 3636 4466 testamentum,
3700 4363 3850 4472 quod

2174 4447 2507 4542 appellatur
2528 4452 2830 4542 Judicatus
2857 4458 2960 4528 [aL
2982 4441 3351 4542 'Indicatus].

2175 4539 2300 4589 tum
2328 4541 2415 4642 est
2442 4553 2512 4593 eo
2543 4540 2784 4598 rationis
2817 4549 3016 4605 tenore
3046 4557 3128 4620 ut,
3180 4539 3522 4632 postquam
3579 4539 3853 4642 praefato

2173 4639 2308 4722 rum
2339 4624 2583 4684 fratrum
2608 4634 2909 4700 possessio
2941 4624 3216 4700 transiret
3245 4646 3306 4702 in
3332 4624 3855 4733 flominix

2176 4713 2425 4820 sionem,
2460 4716 2624 4820 nullo
2639 4721 2830 4817 modo
2851 4725 3110 4796 primam
3137 4737 3194 4788 et
3213 4736 3539 4810 antiquam

2173 4799 2458 4898 libertatis
2487 4805 2855 4876 dignitatem.
2889 4817 3040 4885 Ergo
3071 4799 3474 4891 quoniam.de

2173 4895 2513 4986 nostrorum
2557 4898 2885 4956 carnalium
2934 4911 3387 4971 antecessorum
3437 4919 3650 4983 ﬁebat

418 4987 600 5026 nense
631 4969 990 5036 caanobium,
1024 4970 1180 5038 illuc,
1207 4973 1435 5029 volente
1463 4978 1600 5043 Deo,
1653 4975 1912 5046 suscepit
1955 4975 2062 5031 ha-
2092 4997 2138 5051 ι)
2178 4978 2438 5034 Christus
2492 4998 2597 5054 per
2642 4989 3064 5058 praedictorum
3144 4969 3410 5061 ἀυοιουῇ]
3438 4969 3851 5076 -ξδξὶτιξξιέξ

419 5058 608 5114 bitum
633 5061 1050 5115 monasticum.
1079 5063 1293 5116 Verum
1325 5078 1532 5119 omnes
1556 5064 1763 5119 fratres
1794 5063 2063 5133 ejusdem

418 5146 551 5215 loci,
581 5148 684 5219 qui
712 5153 1031 5220 praesentes
1060 5149 1386 5220 fuerunt,et
1411 5152 1598 5207 oculis
1626 5153 1740 5206 hoc
1769 5152 2059 5220 viderunt,

419 5233 532 5289 hoc
564 5235 775 5304 sciunt,
817 5241 874 5290 et
899 5237 1045 5290 scire
1074 5243 1342 5308 possunt,
1370 5239 1678 5312 quomodo
1711 5240 1868 5296 idem
1897 5241 2065 5297 dom-

420 5338 535 5377 nus
568 5322 940 5377 Gottofredus
970 5323 1028 5378 in
1057 5327 1340 5395 praedicto
1387 5325 1519 5383 loco
1548 5328 1776 5384 nullam
1823 5330 1958 5385 fecit
1987 5331 2062 5386 le-

421 5410 616 5480 galem
648 5409 1030 5467 donationem
1065 5429 1136 5469 ex
1181 5417 1446 5488 proprio,
1505 5418 1670 5489 quod
1725 5419 2060 5490 reliquerat,

421 5496 798 5568 patrimonio,
830 5498 969 5570 quia
999 5500 1058 5555 in
1084 5517 1154 5558 eo
1184 5510 1548 5561 successerat
1594 5505 1771 5562 frater
1814 5507 1944 5577 ejus
1975 5507 2064 5563 Ni-

421 5585 627 5640 tardus
646 5584 777 5653 jure
808 5587 1176 5646 haereditario
1201 5610 1213 5657 ;
1246 5592 1349 5664 qui
1377 5609 1498 5649 non
1529 5594 1717 5650 multo
1744 5599 1879 5667 post
1899 5611 2065 5651 secu-

2173 5081 2598 5173 germanorum
2624 5089 2842 5132 manus
2868 5097 2880 5145 ;
2932 5084 3174 5142 tandem
3207 5089 3360 5148 sicut
3384 5095 3751 5173 incoeptum
3781 5123 3851 5163 est

2166 5161 2516 5264 jnusto'voto.
2571 5161 2651 5217 ita
2698 5165 2975 5264 decenter
3023 5175 3327 5246 expletum
3373 5190 3467 5240 est
3519 5161 3852 5264 adjuv‘anu

2175 5245 2311 5343 Deo.
2345 5249 2570 5304 Interea
2594 5252 3015 5314 conﬁrmatum
3037 5245 3198 5318 estet
3226 5245 3852 5343 stabilitumvi'rfs'oulidr

2172 5337 2228 5386 et
2255 5332 2610 5435 inconcusse
2635 5355 2709 5395 ne
2741 5344 3051 5414 subjaceat
3082 5351 3185 5406 ulli
3216 5356 3567 5435 episcopio,

2172 5423 2587 5518 naster-iotseu
2618 5430 2886 5486 saeculari
2916 5433 3205 5508 dominio,
3256 5423 3325 5499 et
3376 5423 3847 5518 cérrdbe'er-Qﬁ,

2171 5507 2576 5580 imperialibus
2602 5521 2658 5570 et
2685 5519 3005 5594 regalibus,
3036 5525 3159 5582 sive
3200 5507 3687 5610 episcopalibus

2177 5598 2354 5624 ηιινιιζι.
2385 5605 2552 5624 ηιμ---
2590 5606 2675 5624 μην
2725 5608 2756 5624 αι
2842 5608 2871 5620 ιο
2961 5612 2980 5624 ν

2175 5603 2356 5670 ceptis
2382 5605 2558 5674 atque
2587 5606 2925 5678 privilegiis.
2961 5612 3208 5687 Insuper
3255 5603 3467 5683 autem
3519 5603 3844 5700 subnirxuni
