3892 6430
0 373 2 406 ί
42 326 150 378 873

1247 327 1566 381 ANNALES
1605 326 1659 379 S.
1704 323 1984 378 BENIGNI
2026 322 2280 377 DlVION.

3378 327 3487 378 874

0 491 2 496 ,
44 447 276 518 scripto
297 449 621 520 apostolico
641 466 673 503 a
697 449 947 504 summis
965 449 1347 522 pontificibus
1371 448 1718 505 universalis
1759 451 1804 501 A
1838 445 2055 501 scilicet
2097 451 2318 500 textum
2353 461 2542 499 unum
2573 460 2742 511 auro,
2791 444 3044 513 gemmis
3088 449 3146 500 et
3186 445 3490 517 lapidibus

0 567 2 586 ;
45 536 351 594 Ecclesiae.
388 538 554 609 prius
585 556 619 593 a
650 540 897 592 domino
929 555 1090 610 papa
1120 542 1368 606 Joanne,
1402 539 1616 594 deinde
1641 537 1718 592 ab

39 627 182 694 ejus
240 644 581 683 successore
635 628 880 682 domino
933 646 1092 702 papa
1143 630 1478 694 Benedicto,
1528 628 1630 683 ubi
1660 627 1721 681 in

45 717 437 770 Lateranensi
466 717 708 772 basilica
741 718 988 772 sedebat
1021 719 1284 790 undique
1309 717 1720 774 circumfultus

38 806 232 876 plena
262 807 516 877 synodo,
546 808 603 861 in
637 825 777 879 qua,
813 809 1075 880 exceptis
1105 809 1446 879 abbatibus,
1493 809 1584 862 vel
1626 823 1720 861 re-

39 894 230 965 liquis
263 895 479 950 diversi
508 896 754 960 ordinis,
789 914 894 951 seu
924 897 1230 964 dignitatis
1260 898 1720 969 tidelibus,qua-

40 983 331 1051 draginta
363 986 604 1040 adfuere
650 987 912 1058 episcopi
946 1003 1082 1041 cum
1117 987 1304 1042 sancti
1338 988 1484 1042 Petri
1517 986 1720 1042 Cardi~

39 1073 293 1127 nalibus
332 1074 434 1145 qui
466 1091 676 1129 omnes
721 1080 1162 1141 testamentum,
1216 1076 1382 1148 quod
1438 1076 1721 1131 dominus

40 1178 216 1232 papa
252 1163 602 1218 Benedictus
653 1164 763 1235 ipsi
793 1164 924 1218 loco
976 1164 1128 1234 fecit,
1174 1170 1311 1236 post
1341 1181 1478 1219 eum
1511 1164 1720 1219 conﬁr-

38 1258 390 1315 maverunt,
424 1258 480 1307 et
511 1253 816 1319 signantes
857 1253 1267 1321 signaverunt,
1313 1259 1489 1326 atque
1517 1254 1719 1324 jaculo

37 1341 690 1396 excommunicationis
735 1348 786 1395 et
828 1342 1261 1398 maledictionis
1280 1343 1718 1413 pariteromnes

37 1428 199 1482 illud
248 1429 708 1484 damnaverunt.
764 1431 1135 1501 Quicumque
1187 1430 1350 1484 illam
1403 1431 1718 1485 molestare

37 1517 360 1572 tentaverit
385 1519 754 1573 sanctionem
788 1523 958 1573 tanta:
989 1519 1373 1585 auctoritatis,
1391 1536 1568 1574 nemo
1585 1537 1715 1574 mo-

40 1623 186 1661 vere
227 1606 405 1661 debet
448 1607 527 1662 ad
570 1609 950 1663 occasu-mem
1002 1609 1354 1680 quempiam
1401 1625 1472 1663 ex
1501 1609 1717 1664 nostris

37 1695 358 1762 fratribus,
409 1697 530 1750 sive
589 1697 852 1767 aliquem
905 1697 1036 1751 loco
1093 1697 1372 1751 insidiare
1421 1698 1716 1753 volentem

1828 536 1974 591 mire
2019 540 2316 600 ornatum,
2366 535 2635 590 casulam
2671 551 2818 589 auro
2851 535 3216 602 decoratam,
3247 540 3303 590 et
3357 535 3492 591 duae

1830 625 1994 680 stolae
2041 625 2342 679 deaurata:
2385 640 2524 678 cum
2557 639 2766 678 earum
2811 623 3156 695 manipulis,
3210 629 3266 679 et
3307 640 3496 680 unum

1828 715 2156 783 cingulum,
2215 720 2392 785 atque
2441 720 2700 786 quatuor
2742 713 2940 768 amicti
2972 713 3259 770 deaurati.
3295 717 3498 786 Itaque

1828 802 2022 857 causis
2048 802 2290 857 redditis
2311 802 2485 872 hujus
2520 801 3231 874 descriptionis,superest
3259 806 3322 856 ut
3350 817 3494 857 con-

1827 894 2093 946 firmetur
2109 892 2611 962 subsequentibus
2635 891 2865 946 idoneis
2881 890 3127 946 testibus
3150 908 3289 945 cum
3313 891 3493 946 certis

1831 981 2203 1035 testimoniis.
2258 981 2342 1034 Ad
2399 997 2581 1051 quam
2638 979 3178 1044 conﬁrmationem,
3213 984 3346 1048 etc.,
3381 996 3493 1049 ego

1827 1071 2004 1125 frater
2042 1070 2380 1134 Willelmus,
2414 1069 2606 1124 dictus
2635 1069 2824 1124 abbas
2859 1069 3116 1125 veridica
3156 1069 3491 1137 affectione,

1828 1159 1997 1214 sicuti
2027 1176 2230 1214 coram
2249 1159 2396 1229 «ipso
2427 1157 2681 1229 loquens
2715 1163 2892 1212 testor
2925 1157 3021 1213 Dei
3053 1174 3163 1229 pro
3195 1174 3398 1214 amore
3430 1158 3490 1212 in

1828 1248 2183 1321 supradictis
2209 1247 2461 1302 fideliter
2479 1247 2876 1315 insudasse,ct
2894 1263 3052 1302 nunc
3080 1248 3325 1319 propria
3348 1248 3488 1302 sub-

1828 1339 2145 1410 scriptione
2159 1339 2274 1392 hoc
2290 1343 2708 1393 testamentum
2724 1337 3331 1403 contirmans,omnes
3355 1338 3493 1392 sub-

1826 1428 2152 1483 scribentes
2185 1428 2264 1483 ad
2291 1427 2584 1498 aequalem
2622 1427 2802 1496 hujus
2833 1426 3236 1481 retributionis
3264 1442 3488 1481 merce-

1824 1519 1961 1572 dem
1996 1519 2142 1572 votis
2165 1517 2446 1573 omnibus
2478 1533 2586 1589 pro
2616 1533 2791 1588 posse
2838 1516 3107 1582 admitto,
3142 1520 3196 1570 et
3223 1516 3305 1569 sic
3337 1532 3487 1588 prae-

1825 1612 2021 1662 sentes
2051 1612 2106 1661 et
2151 1607 2426 1661 absentes
2475 1605 2866 1677 quamplures
2901 1604 3277 1660 subscribere
3307 1621 3489 1660 exoro

1826 1699 2018 1750 testes.
2039 1694 2336 1750 Leoterius
2362 1693 2744 1750 miseratione
2776 1693 2874 1748 Dei
2897 1692 3284 1764 archipraesul
3313 1695 3489 1748 Seno-

34 1784 127 1854 inj
141 1784 283 1838 ustis
314 1784 881 1855 conspirationibus,
908 1789 970 1839 ut
997 1785 1308 1839 materiam
1336 1785 1515 1855 hujus
1545 1785 1715 1840 liber-
1753 1806 1794 1857 Β
1826 1800 1974 1839 num
1993 1784 2377 1838 subscribens
2405 1784 2815 1851 sufl'raganeos
2838 1787 3073 1837 nostros
3115 1782 3488 1838 subscribere

39 1873 186 1929 tatis
228 1871 670 1927 calumniandae
700 1873 839 1927 inde
875 1889 1107 1928 sumere
1130 1877 1441 1942 conentur,
1470 1874 1635 1945 quod
1657 1875 1717 1928 in

38 1962 351 2024 coenobio,
405 1962 509 2016 ubi
565 1963 837 2034 superius
892 1963 1184 2017 nominati
1233 1964 1441 2018 fratres
1497 1969 1715 2019 sanctae

36 2051 523 2108 conversationis
561 2052 830 2107 habitum
877 2057 1290 2124 susceperunt,
1339 2051 1528 2106 abbas
1582 2070 1716 2107 sum

36 2141 382 2209 ordinatus,
417 2147 473 2195 et
515 2141 574 2196 in
619 2141 974 2196 aediﬁcando
1018 2141 1382 2196 monasterio
1433 2143 1714 2196 Fructua-

36 2230 225 2286 rieusi
261 2230 648 2302 apposuerim
669 2247 916 2286 manus:
939 2229 1226 2301 quoniam
1246 2235 1301 2284 et
1319 2247 1415 2285 me
1429 2230 1712 2298 defendit,

38 2320 202 2375 sicut
229 2335 412 2390 supra
433 2325 834 2375 monstratum
860 2325 965 2386 est,
983 2320 1146 2389 justa
1172 2319 1494 2386 occasio,et
1516 2319 1714 2373 locum

40 2415 246 2466 tuetur
270 2409 405 2482 ipsa
435 2409 741 2477 restitutio,
783 2409 926 2481 quia
956 2409 1032 2464 ab
1078 2409 1352 2478 ingenuis
1383 2409 1712 2481 possessio-

38 2502 227 2556 nibus
259 2498 786 2571 antiqualibertate
801 2499 948 2555 liber
972 2504 1058 2553 est
1081 2501 1198 2553 Deo
1218 2499 1558 2567 donatus,et
1574 2497 1715 2570 quia

38 2588 484 2664 paupertacula
504 2588 856 2643 eorumdem
884 2588 1133 2643 fratrum
1162 2603 1586 2657 germanorum
1610 2603 1714 2640 no-

42 2686 312 2735 strorum
335 2694 456 2733 non
488 2677 822 2734 sufﬁciebat
847 2685 909 2732 ut
933 2677 1310 2743 stabiliretur,
1335 2677 1414 2732 ab
1446 2676 1710 2730 virorum

39 2769 396 2837 multorum,
430 2768 728 2840 praecipue
755 2768 1000 2823 Arduini
1031 2768 1186 2837 regis
1216 2772 1271 2822 et
1303 2769 1484 2821 Bertte
1507 2765 1710 2820 uxoris

39 2861 178 2931 ejus
226 2857 552 2913 ministerio
611 2863 698 2913 est
744 2857 1049 2912 fundatus.
1103 2859 1388 2911 Praeterea
1436 2855 1709 2910 Nitardus

37 2949 187 3004 inde
224 2963 330 3019 per
373 2946 559 3015 legale
597 2950 1020 3003 testamentum
1079 2961 1386 3000 successor
1442 2945 1705 3014 effectus,

37 3035 475 3110 patrimonium
506 3034 673 3107 quod
709 3035 1029 3106 reliquerat
1072 3033 1441 3102 Gotofredus,
1498 3038 1709 3104 postea

1827 1875 2048 1943 rogavi.
2075 1873 2347 1928 Goslinus
2379 1872 2767 1944 archiprtesul
2799 1871 3173 1927 Bituricensis
3207 1877 3263 1926 et
3293 1872 3484 1926 abbas

1831 1964 2026 2019 Sancti
2049 1963 2340 2018 Benedicti
2359 1963 2613 2029 firmavi,
2652 1962 2823 2016 Fulco
2841 1960 3264 2016 Ambianensis
3282 1961 3486 2016 firma-

1827 2053 1904 2121 vi,
1963 2053 2270 2107 Fulbertus
2319 2051 2636 2123 episcopus
2685 2049 2952 2106 Carnotis
2992 2049 3248 2114 firmavi,
3306 2049 3487 2104 Odilis

1828 2142 1930 2213 [αι.
1982 2143 2127 2210 Odo]
2161 2141 2348 2195 abbas
2388 2140 2796 2196 Cluniacensis
2846 2137 3100 2204 firmavi,
3150 2138 3486 2192 Everardus

1826 2232 2016 2286 abbas
2040 2231 2236 2286 Sancti
2263 2229 2491 2285 Martini
2518 2228 2778 2295 ﬁrmavi,
2803 2227 3128 2281 Gosbertus
3158 2226 3351 2282 abbas
3382 2229 3488 2281 Tu-

1825 2321 1987 2375 ronis
2032 2318 2229 2374 Sancti
2271 2317 2488 2373 Juliani
2529 2316 2780 2371 firmavi.
2826 2318 2947 2383 Ego
2995 2313 3173 2369 frater
3203 2311 3484 2368 Arnulfus

1823 2411 2004 2482 prior,
2052 2415 2160 2464 etc.
2213 2407 2584 2462 'l‘heodertus
2635 2408 2702 2475 [Γ.
2753 2404 3216 2477 Theodebertus]
3268 2403 3480 2459 abbas.

1824 2500 2168 2556 Osmundus
2197 2499 2535 2570 episcopus,
2575 2500 2890 2562 Ecmonus,
2924 2499 3032 2550 etc.
3087 2497 3207 2561 Ego
3240 2493 3482 2548 Rotber-

1825 2595 1914 2645 tus
1946 2589 2136 2658 gratia
2172 2587 2272 2641 Dei
2299 2603 2399 2640 rex
2433 2586 2687 2640 Francize
2717 2601 2922 2639 meum
2951 2588 3007 2638 et
3035 2582 3139 2637 lilii
3168 2583 3286 2637 mei
3324 2583 3480 2650 regis

1824 2677 2040 2747 Ugonis
2070 2692 2290 2732 nomen
2333 2674 2588 2729 scribere
2620 2673 2847 2742 rogavi.
2883 2675 3003 2740 Ego
3033 2671 3345 2726 Rotbertus
3376 2688 3476 2727 rex

1819 2766 2052 2823 ﬁrmavi
2082 2781 2268 2821 manu
2301 2763 2558 2835 propria.
2592 2765 2712 2830 Ego
2743 2764 2863 2830 Ugo
2911 2776 3014 2815 rex
3066 2759 3318 2814 ﬁrmavi.
3355 2763 3476 2826 Ego

1821 2860 2040 2912 Erveus
2084 2852 2433 2908 archiclavis
2483 2851 2680 2907 Sancti
2718 2849 2947 2906 Martini
2979 2848 3336 2904 Turonensis
3375 2849 3476 2903 fir-

1817 2945 1994 3002 mavi.
2029 2947 2148 3012 Ego
2182 2946 2303 3012 Ugo
2335 2939 2722 3013 archipraasul
2751 2938 3184 2995 Turonensium
3215 2937 3470 2993 ﬁrmavi.

1819 3039 1940 3105 Ego
1970 3033 2281 3089 Rotbertus
2313 3029 2765 3099 Rotomagensis
2789 3027 3279 3100 archiepiscopus
3313 3025 3479 3081 omni

35 3123 406 3182 Fructuarite
451 3123 714 3192 legitima
765 3123 1078 3179 traditione
1127 3122 1374 3178 donavit
1416 3122 1703 3177 funditus.
1747 3161 1784 3215 Ο
1818 3123 2162 3181 auctoritate
2193 3122 2389 3176 ﬁrmo.
2444 3123 2565 3188 Ego
2599 3123 2722 3188 Ugo
2767 3117 3178 3215 Bajocacensis
3214 3115 3476 3215 ecclesia:

39 3218 156 3274 Sed
181 3231 255 3270 ne
279 3213 544 3286 qualibet
569 3213 731 3283 justa
779 3214 1093 3269 occasione
1142 3212 1318 3268 malae
1346 3212 1707 3285 susceptioni

35 3303 428 3363 detrahendis
482 3303 870 3358 seminarium
922 3308 1286 3370 nasceretur,
1330 3319 1468 3358 cum
1519 3301 1702 3357 bene-

35 3392 261 3466 placito
314 3391 543 3446 domini
591 3392 887 3448 Brunonis
939 3392 1226 3464 episcopi,
1277 3392 1351 3447 de
1407 3391 1700 3464 praedictis

38 3482 326 3540 omnibus
357 3498 392 3537 a
411 3486 552 3537 voto
569 3485 775 3537 nostro
806 3499 930 3537 non
952 3482 1431 3554 discrepantis,et
1452 3481 1702 3536 fratrum

39 3573 499 3643 amicorumque
529 3571 841 3644 utriusque
870 3573 1056 3645 partis
1106 3576 1347 3643 sumpta
1375 3570 1703 3638 insigniora

39 3665 400 3719 ornamenta
429 3661 507 3716 ab
538 3661 751 3716 eodem
782 3661 1237 3728 monasterio,et
1255 3660 1318 3714 in
1346 3658 1700 3713 memoriam

37 3751 230 3824 ipsius
257 3749 334 3805 ad
365 3765 501 3805 eum
534 3749 973 3805 consolandum
994 3748 1302 3805 Divionem
1323 3746 1698 3812 transmissa,

1235 3870 1486 3886 ...μν-Ὕσνίγηνι
1523 3871 1567 3886 --κ
1581 3871 1593 3879 .-
1605 3871 1624 3876 --
1635 3871 1646 3880 ς

1236 3871 1398 3900 ςκα-
1319 3871 1349 3878 ⁷“
1389 3871 1416 3896 ἰἶ
1422 3871 1516 3898 .12..
1523 3871 1567 3897 72-.“-
1581 3871 1594 3896 Ξὲ
1605 3871 1623 3896 ’Ζ

39 3873 1216 3903 ====

1815 3216 2133 3288 epiSCOpus
2178 3210 2431 3266 firmavi.
2479 3214 2596 3280 ligo
2650 3212 2774 3278 Ugo
2815 3205 3321 3265 Constantinensis
3353 3205 3478 3278 epi—

1813 3319 2029 3374 scopus
2051 3301 2435 3370 ﬁrmavi.Ego
2452 3302 2575 3368 Ugo
2591 3298 3008 3370 Ebrojacensis
3030 3296 3348 3369 episcopus
3380 3294 3474 3349 ﬁr-

1811 3391 1988 3447 mavi.
2022 3393 2144 3458 Ego
2176 3387 2530 3458 Norgaudus
2567 3387 3018 3446 Avrincacensis
3042 3382 3472 3455 [Abrincensis]

1811 3480 2127 3551 episcopus
2157 3477 2414 3531 ﬁrmavi.
2448 3479 2569 3543 Ego
2602 3475 2908 3543 Rotgerius
2939 3472 3320 3529 Lisuncensis
3351 3474 3474 3541 [Le-

1809 3566 2133 3634 xoviensis]
2183 3565 2499 3636 episcopus
2526 3562 2780 3629 ﬁrmavi,
2816 3560 3112 3616 Siefredus
3151 3559 3472 3631 episcopus

1813 3653 2143 3711 Saxicensis
2175 3649 2514 3721 [Sagiensis]
2546 3649 2800 3706 ﬁrmavi.

300 4007 1051 4128 APPENDIX
1135 4008 1338 4126 AD
1450 4004 2124 4128 SANCTUM
2214 3998 3202 4123 GUlLLELiilUM.

787 4387 1276 4478 ANNALES
1333 4391 1423 4476 S.
1491 4388 1947 4476 BENIGNI
2010 4383 2718 4471 DIVIONENSIS

1139 4561 1494 4629 EDENTE
1544 4561 1624 4628 G.
1678 4558 1972 4627 WAITZ
2024 4558 2168 4624 PH.
2222 4556 2368 4623 DR.

569 4734 766 4807 (Apud
797 4739 998 4793 Psnrz.
1031 4739 1419 4795 Monumenta
1452 4738 1785 4794 Germania:
1807 4735 2114 4803 historica,
2145 4733 2352 4806 Script.
2388 4737 2529 4789 tom.
2569 4733 2630 4799 V,
2663 4745 2802 4802 pag.
2836 4729 2946 4798 37).

115 5013 380 5071 Annales
409 5012 623 5068 breves
654 5029 778 5070 una
815 5014 1150 5087 eademque
1192 5030 1382 5070 manu
1410 5030 1601 5087 usque
1629 5013 1707 5070 ad
1747 5016 1790 5068 D
1823 5013 1995 5068 theca
2046 5008 2443 5065 universitatis
2483 5005 2850 5063 Divionensis
2901 5003 3242 5059 asservatus
3291 5003 3348 5053 et
3378 5001 3471 5053 Nr.

44 5119 279 5162 annum
321 5103 424 5158 957
459 5101 685 5174 scripti,
714 5119 787 5158 ex
813 5103 1016 5159 codice
1049 5102 1405 5171 Coloniensi,
1440 5103 1543 5158 ubi
1573 5118 1707 5175 pos-

43 5197 138 5248 tea
169 5209 207 5250 a
236 5191 485 5254 diversis
530 5191 782 5248 adddita
830 5196 920 5248 est
967 5191 1354 5263 continuatio,
1400 5191 1539 5247 editi
1571 5195 1708 5246 sunt

42 5283 196 5337 Mon.
231 5283 326 5336 SS.
364 5284 406 5346 Ι,
446 5297 505 5352 p.
542 5286 630 5337 97.
665 5282 924 5337 Eosdem
964 5282 1314 5354 descriptos,
1349 5281 1453 5338 sed
1506 5281 1707 5337 multis

39 5369 200 5426 notis
245 5373 471 5435 auctos,
497 5385 760 5442 quarum
787 5387 1012 5442 magna
1037 5387 1178 5444 pars
1202 5372 1334 5442 (1-8)
1362 5371 1439 5427 ad
1465 5388 1559 5427 res
1583 5387 1711 5444 spe-

44 5461 164 5511 ctat
189 5456 510 5523 Tullenses,
540 5457 600 5512 in
632 5459 961 5516 Annalibus
1000 5459 1328 5532 reperimus
1363 5461 1417 5515 S.
1465 5459 1713 5529 Benigni

45 5545 435 5603 Divionensis.
457 5547 725 5614 Quorum
754 5549 988 5606 lcodex
1014 5550 1345 5606 etiamnum
1393 5549 1450 5605 in
1492 5549 1708 5606 biblio-

1814 5106 1917 5158 269
1945 5104 2205 5167 notatus,
2229 5115 2389 5156 anno
2424 5099 2554 5154 1837
2584 5113 2619 5152 a
2649 5112 2744 5151 me
2771 5092 3100 5160 exscriptus
3131 5087 3473 5146 est.Saeculo

1815 5208 1894 5246 xn
1925 5190 2040 5246 inc.
2062 5193 2341 5245 exaratus
2373 5204 2500 5243 esse
2527 5186 2788 5242 videtur:
2818 5181 3079 5238 continet
3103 5196 3240 5235 vero
3267 5182 3478 5252 praeter

1817 5280 1934 5337 alia
1986 5282 2097 5350 (19)
2146 5279 2244 5334 fol.
2280 5283 2462 5344 44-57,
2515 5275 2819 5348 cyclorum
2858 5271 3128 5328 tabulam
3161 5286 3351 5341 usque
3402 5267 3476 5323 ad

1820 5386 2049 5427 annum
2095 5370 2227 5424 1064
2258 5367 2597 5434 deduciam,
2632 5363 3032 5435 eamdemque
3068 5359 3292 5417 ultimis
3324 5358 3477 5414 foliis

1819 5475 2010 5532 usque
2034 5459 2111 5515 ad
2134 5475 2362 5514 annum
2398 5457 2531 5512 1215
2562 5455 2992 5512 continuatam.
3029 5453 3297 5516 Quorum
3328 5464 3482 5504 mar-

1823 5550 1943 5619 gini
1973 5548 2225 5621 quidam
2252 5564 2481 5603 saec.xn
2504 5562 2695 5620 usque
2728 5545 2805 5600 ad
2833 5559 3063 5600 annum
3096 5539 3479 5596 millesimum

1644 5652 1873 5702 NOTAE.

1644 5652 1684 5700 ,η
1814 5663 1816 5666 ,

117 5733 530 5860 Ἀέῂξθδ,
550 5737 688 5816 .906,
717 5738 841 5802 921,
872 5739 1002 5828 934,
1026 5739 1151 5807 962,
1179 5741 1304 5806 963,
1333 5741 1459 5809 994,
1493 5741 1617 5807 996,
1644 5648 1852 5792 l1(3)}:E

340 5842 352 5858 .
439 5803 626 5860 rclnv.
662 5805 774 5860 νη.
807 5819 868 5860 ῐ).
902 5807 1024 5860 44ο.

149 5797 245 5872 l9)
269 5799 352 5860 cr.
387 5797 626 5860 Archiv.
662 5797 774 5873 Vn,
807 5797 868 5878 ρ.
902 5797 1024 5862 443.

335 5890 576 5947 Plu-n01.
613 5889 783 5949 CXLI.

131 5863 136 5870 κ

3113 5893 3178 5942 28
