3980 6384
381 221 487 276 883
1569 206 1871 271 APPEND.
1914 206 2010 267 AD
2052 202 2109 267 S.
2151 202 2630 269 GUILLELMUM.
3720 218 3830 279 ss;

454 347 613 401 1061.
647 342 803 399 Obiit
833 343 879 376 θ’
911 357 1017 397 rex
1055 338 1361 396 Henricus.
1396 338 1704 413 Philippus
1750 336 1911 393 ﬁlius
1960 351 2052 392 re-

380 432 608 504 gnavit,
650 430 1045 503 coadjuvante
1094 429 1273 485 fratre
1320 428 1452 500 ejus
1503 426 1754 498 Hugone
1816 429 2049 497 Magno,

379 522 488 596 qui
515 522 577 579 in
602 521 863 578 exercitu
893 517 1409 576 Iherosolimitano
1439 521 1654 592 potens
1683 516 1913 573 claruit.

458 615 615 670 1063.
648 609 984 668 Alexander
1010 610 1059 645 ⁸³
1079 624 1244 683 papa
1272 607 1575 665 secundus
1604 606 1768 665 obiit.

458 705 614 758 1064.
649 701 753 773 (51)
789 698 964 758 Stella
991 699 1039 734 ⁸⁸
1067 701 1330 755 cometes
1357 695 1670 772 apparuit;
1714 700 1771 753 et
1799 694 2047 753 Haroal-

381 793 498 849 dus
525 809 631 849 rex
659 791 993 862 Anglorum
1023 782 1333 859 occiditur,
1366 784 1671 845 Willelmo
1702 790 2047 844 Normanno

356 882 444 938 ,in
473 897 660 951 regno
688 879 1064 937 succedente.

460 975 615 1028 1065.
643 968 800 1028 Obiit
824 966 1169 1025 Harduinus
1195 965 1587 1037 Lingoneusis
1614 985 1627 1036 ;
1678 964 1774 1022 cui
1816 981 2048 1021 succes-

380 1060 455 1117 sit
483 1059 839 1133 Raynardus
866 1060 1267 1129 cognomento
1289 1060 1477 1127 Hugo.

460 1151 613 1205 1074.
647 1151 961 1217 Gregorius
991 1148 1037 1182 ⁵⁵
1068 1162 1231 1220 papa
1262 1145 1573 1218 septimus.

455 1243 612 1295 1075.
646 1238 800 1295 Obiit
829 1237 1121 1294 Robertus
1150 1237 1274 1293 dux
1320 1234 1660 1306 Burgundie
1687 1253 1701 1304 ;
1758 1233 2046 1292 successit

379 1328 574 1399 Hugo,
606 1326 834 1383 Henrici
858 1325 963 1383 ﬁlii
992 1327 1121 1398 ejus
1149 1324 1327 1381 ﬁlius.

454 1415 1096 1474 1077.0biitAdalbero
1118 1414 1312 1471 abbas
1336 1413 1730 1481 Divionensis,
1751 1418 1808 1469 et
1827 1412 2042 1469 eodem
2226 1408 2380 1463 1077.
2418 1409 2536 1464 Hoc
2562 1423 2729 1466 anno
2765 1409 3066 1469 Adalbero
3097 1413 3417 1472 defunctus
3448 1420 3557 1473 est.
3588 1418 3844 1476 Succes.

379 1523 542 1565 anno
572 1507 633 1563 in
663 1507 913 1563 concilio
944 1505 1460 1576 Augustidunensi
1503 1504 1766 1560 domnus
1804 1507 2042 1560 Jarento
2153 1493 2225 1549 Sit
2249 1495 2300 1549 ei
2331 1496 2584 1553 Gerento
2610 1499 2775 1572 PI‘iOI‘
2818 1501 3121 1570 CaSe-DBi.
3169 1508 3227 1560 et
3265 1503 3421 1562 bene
3471 1504 3846 1565 IIliniStl‘a'Vit

378 1597 544 1671 prior
591 1594 885 1654 Cassa-Dei
932 1594 1243 1652 ordinatus
1292 1598 1381 1650 est
1424 1599 1486 1650 15
1532 1594 1663 1649 Kal.
1717 1592 1919 1650 Octob.

2287 1585 2443 1642 Obiit
2479 1588 2830 1659 Regnardus
2880 1591 3274 1662 Lingonensis
3320 1596 3685 1669 episcopus;
3738 1596 3840 1654 cui

382 1686 538 1745 Obiit
586 1688 633 1722 ⁶⁶
689 1686 1023 1743 Rainardus
1062 1683 1460 1756 Lingonensis
1506 1683 1847 1757 episcopus.
1906 1686 2046 1741 Suc-
2074 1697 2117 1750 Β
2157 1678 2446 1732 SUCCBSSit
2478 1678 2772 1735 Robertus
2800 1681 3139 1755 episcopus.

381 1776 563 1833 cessit
592 1775 906 1832 Robertus.

460 1870 618 1924 1078.
655 1869 775 1923 Hoc
807 1880 969 1923 anno
1001 1863 1265 1921 tonitrua
1295 1865 1353 1920 et
1378 1861 1618 1935 fulgura
1647 1878 1873 1933 magna
1905 1861 2064 1919 facta

386 1961 526 2013 sunt
553 1957 616 2013 in
644 1958 888 2014 Januar.
918 1959 975 2012 et
1005 1954 1204 2023 Febr.,
1232 1957 1289 2011 et
1331 1952 1476 2010 luna
1507 1953 1681 2025 nigra
1721 1958 1778 2009 et
1816 1953 2060 2024 sangui-

382 2062 500 2103 nea
528 2046 663 2102 visa
692 2050 781 2101 est
807 2050 837 2102 3
868 2044 1000 2100 Kal.
1029 2043 1197 2100 Febr.
1230 2076 1299 2085 —
1350 2042 1579 2099 Bellum
1613 2044 1659 2079 ⁸⁷
1685 2042 1746 2099 in
1778 2040 2057 2110 Saxonia,

382 2135 446 2191 in
472 2151 596 2207 quo
622 2133 912 2190 Rodulfus
957 2149 1063 2189 rex
1108 2131 1417 2188 occiditur.
1470 2132 1799 2188 Wicbertus
1841 2131 2062 2188 invasit

385 2223 593 2280 sedem
619 2221 1035 2296 apostolicam.

463 2316 619 2369 1085.
663 2310 955 2368 Rodulfus
1002 2313 1050 2347 ⁶⁸
1082 2310 1274 2368 abbas
1314 2311 1388 2367 de
1442 2311 1806 2368 monasterio
1860 2313 2035 2369 Sanct

2277 2301 2411 2357 085.
2432 2299 2556 2357 Hoc
2588 2302 2635 2336 7‘
2664 2317 2825 2360 anno
2854 2309 3149 2362 venerunt
3174 2308 3457 2365 monachi
3486 2308 3733 2367 Virduui
3772 2310 3843 2368 in

386 2400 614 2459 Witoni
644 2417 944 2473 egressus,
996 2401 1488 2475 persequtionem
1528 2417 1745 2475 passus
1792 2417 1904 2475 pro
1945 2405 2059 2459 Ro-
2169 2387 2421 2447 60018818
2449 2395 2674 2448 nostra.

386 2508 573 2550 mana
603 2491 880 2562 ecclesia,
914 2491 1225 2548 Divionem
1253 2491 1435 2548 venit.

461 2587 618 2640 1087.
659 2586 822 2656 Papa
870 2581 917 2617 “
976 2581 1165 2637 Victor
1214 2581 1362 2637 111v.
1398 2612 1466 2621 —
1498 2583 1745 2639 Cometa
1784 2583 1832 2617 7°
1870 2597 2063 2656 appa-

386 2670 522 2741 ruit,
547 2675 605 2729 et
629 2670 953 2728 Willelmus
979 2687 1083 2728 rex
1110 2670 1317 2743 Anglic
1350 2670 1515 2727 obiit.

462 2764 619 2820 1089.
652 2762 934 2820 Urbanus
965 2763 1014 2798 θ’
1044 2777 1227 2836 papa.

463 2856 618 2910 1095.
636 2851 965 2910 Concilium
988 2852 1511 2923 Augustidunense
1531 2856 1596 2909 36
1618 2852 2061 2927 episcoporum,

388 2941 494 2998 ubi
517 2941 715 3014 primo
738 2942 940 3013 jurata
966 2946 1053 2997 est
1072 2942 1171 2998 via
1197 2941 1743 2998 Jherosolimitana.

466 3034 621 3087 1096.
656 3031 986 3087 Concilium
1018 3030 1184 3103 apud
1216 3031 1456 3088 Clarum
1499 3035 1768 3087 montem
1820 3048 1857 3088 a
1900 3048 2065 3106 papa
2094 3054 2136 3109 ο
2247 3034 2403 3089 1096.
2436 3035 2555 3090 Hoc
2588 3034 2634 3069 ⁷⁵
2660 3046 2823 3091 anno
2844 3040 3021 3109 capta
3040 3036 3150 3093 fuit
3168 3038 3481 3095 Antiochia
3510 3055 3546 3096 a
3573 3043 3838 3099 Francis.

393 3119 634 3177 Urbano
657 3118 951 3175 habitum.
978 3122 1097 3175 Hoc
1119 3135 1281 3175 anno
1303 3120 1479 3176 turris
1506 3120 1717 3176 cecidit
1742 3125 1798 3176 et
1823 3136 2067 3194 oppres-

392 3209 467 3266 sit
494 3213 755 3282 quatuor
778 3209 1111 3265 monachos
1137 3213 1193 3265 et
1212 3213 1472 3282 quatuor
1493 3210 1535 3245 ⁷¹
1570 3208 1831 3265 famulos
1860 3228 1873 3277 ;
1908 3210 2065 3266 etin-

392 3297 600 3355 ﬁnitus
633 3297 925 3354 exercitus
974 3298 1348 3356 Jherusalem
1378 3298 1504 3367 ivit,
1553 3302 1611 3355 et
1661 3300 1703 3334 ⁷¹
1751 3299 2067 3355 Antiochia

395 3393 574 3463 capta
601 3393 710 3445 est.
746 3388 903 3446 Obiit
933 3389 1209 3446 Urbanus
1238 3406 1441 3463 papa;
1482 3389 1767 3446 successit
1808 3391 2065 3447 Pascha-

394 3479 467 3535 lis
498 3478 800 3536 secundus
829 3480 895 3535 τί.

473 3572 628 3626 1098,
664 3568 1066 3625 Cisterciensis
1096 3571 1143 3605 τι
1168 3568 1319 3625 ordo
1358 3569 1597 3643 incepit.
1626 3569 1998 3627 jhemsalem
2028 3584 2066 3627 α
2246 3555 2406 3643 1098.
2441 3554 2561 3608 Hoc
2586 3567 2748 3609 anno
2781 3554 3181 3610 Cisterciensis
3211 3555 3361 3611 ordo
3382 3555 3623 3631 incepit.
3637 3558 3848 3616 Jheru-

399 3658 637 3717 Francis
664 3658 920 3717 Obsessa
940 3664 997 3716 et
1027 3664 1203 3732 capta
1233 3663 1341 3715 est.
1494 3641 1513 3643 “
2176 3641 2362 3698 salem
2391 3659 2425 3698 a
2459 3644 2695 3699 Francis
2726 3644 2993 3711 obsessa,
3028 3651 3204 3718 capta
3229 3651 3335 3702 est.

473 3753 631 3806 1100.
683 3748 971 3805 Hodulfus
1021 3730 1408 3807 Virdunensis
1468 3750 1679 3808 abbas.
1732 3753 1851 3807 Hoc
1903 3765 2045 3806 annc

2286 3735 2404 3786 100.
2441 3732 2558 3787 Hoc
2588 3748 2751 3788 anno
2780 3732 2955 3788 turris
2978 3733 3053 3789 de
3083 3730 3266 3789 choro
3287 3734 3498 3791 cecidit
3518 3740 3573 3793 et
3597 3735 3847 3810 obpres-

398 3838 770 3896 Jherusalem
800 3844 978 3913 capta
1006 3844 1113 3897 est,
2176 3819 2250 3878 sit
2277 3825 2538 3896 quatuor
2561 3823 2896 3879 monachos
2922 3827 2979 3879 et
3001 3828 3263 3896 quatuor
3290 3822 3570 3882 famulos.

476 3932 633 3986 1104.
667 3931 807 3986 Post
837 3930 883 3965 ⁷²
906 3934 1143 4004 patrem
1165 3947 1344 3987 suum
1365 3931 1711 4005 Philippum
1729 3931 2065 3987 Ludovicus

399 4032 507 4075 rex
531 4020 873 4076 coronatur.

478 4111 633 4164 1106.
668 4107 938 4165 Cometes
970 4110 1017 4143 ⁷³
1047 4108 1345 4183 apparuit.
1380 4108 1535 4167 Obiit
1554 4109 1733 4167 etiam
1765 4109 2067 4167 Heinricus

402 4200 716 4269 angustus.
745 4198 1041 4255 Successit
1068 4197 1395 4267 Heinricus,
1423 4199 1581 4256 filius
1611 4200 1759 4271 ejus.

481 4291 637 4344 1107.
667 4290 786 4343 Hoc
818 4301 980 4345 anno
1007 4287 1169 4345 venit
1196 4304 1358 4363 papa
1382 4290 1682 4346 Paschalis
1709 4290 1768 4345 in
1792 4289 2065 4356 Galliam,
2252 4294 2407 4346 1107.
2440 4290 2562 4346 Hoc
2597 4292 2643 4326 7°
2669 4307 2830 4347 anno
2861 4292 3021 4348 venit
3040 4307 3202 4365 papa
3229 4292 3527 4349 Paschalis
3551 4294 3613 4350 in
3633 4294 3847 4365 Gallia,

404 4381 464 4471 et
492 4375 570 4471 ab
595 4376 919 4471 ipso-papa
963 4378 1240 4471 dedicata
1270 4379 1522 4471 ecclesia
1544 4378 1765 4471 _Sancti
1793 4378 2068 4471 Mauricii
2094 4417 2137 4471 Β
2176 4385 2234 4471 et
2254 4381 2332 4437 ab
2362 4379 2495 4471 ipso
2514 4396 2676 4471 papa
2703 4380 2979 4471 dedicata
2998 4381 3108 4437 fuit
3136 4382 3386 4438 ecclesia
3409 4383 3539 4452 ista,
3568 4388 3625 4439 et
3650 4386 3852 4442 conci-

405 4468 520 4539 (52)
558 4471 621 4523 14
646 4466 778 4523 Kal.
812 4468 1026 4537 Marcii,
1059 4473 1117 4524 et
1144 4469 1463 4525 concilium
1503 4469 1583 4527 ab
1614 4470 1746 4543 ipso
1792 4468 2067 4526 habitum
2094 4466 2129 4471 ⁷
2175 4467 2324 4528 lium
2354 4468 2432 4524 ab
2460 4468 2593 4541 ipso
2622 4468 2893 4526 habitum
2927 4474 3016 4527 est
3044 4470 3209 4543 apud
3239 4473 3449 4528 Trecas
3502 4471 3638 4528 ldus
3692 4474 3846 4533 Maii.

406 4561 496 4614 est
522 4558 688 4630 apud
716 4559 974 4616 Trochas
998 4559 1137 4615 Idus
1166 4558 1313 4616 Maii.
2177 4557 2281 4612 Hic
2306 4574 2468 4631 papa
2497 4563 2707 4631 captus
2736 4564 2825 4615 est
2853 4559 2931 4616 ab
2953 4559 3229 4616 Heinrico
3245 4559 3606 4633 imperatore
3635 4563 3848 4621 Teotu-

1788 4845 2023 4901 VARIE
2061 4842 2462 4901 LECTIONES.

481 5025 530 5060 ⁸³
561 5039 746 5081 manu
771 5027 853 5097 7?
905 5025 952 5059 ⁸³
982 5025 1109 5081 alia
1139 5039 1345 5080 manu.
1381 5023 1428 5057 °‘
1459 5024 1661 5097 Cyclas
1709 5026 1771 5079 in
1812 5022 2040 5080 ultimis
2088 5014 2307 5097 codicis
2343 5022 2929 5097 foliiscontinuatis,
2976 5032 3262 5094 magnam
3293 5028 3573 5080 notarum
3605 5030 3845 5093 partem

411 5111 596 5168 usque
621 5096 702 5153 ad
721 5095 787 5152 α.
812 5100 946 5153 1123
975 5112 1099 5153 una
1123 5112 1339 5152 manus
1368 5096 1628 5165 scripsit.
1659 5097 1705 5131 ⁸⁵
1734 5096 1859 5152 alia
1888 5110 2112 5168 manu.
2144 5095 2190 5129 ⁸⁸
2220 5111 2405 5168 manu
2436 5115 2477 5150 ε.
2513 5096 2560 5130 ⁶⁷
2590 5111 2775 5151 manu
2812 5097 3155 5163 posteriori.
3187 5096 3233 5131 ⁸⁸
3280 5112 3466 5152 manu
3500 5098 3844 5168 posteriori.

413 5168 459 5238 ξ’
486 5166 610 5223 alia
642 5184 846 5223 manu.
880 5169 927 5202 7°
955 5170 1081 5225 alia
1111 5184 1315 5224 manu.
1350 5169 1391 5201 ⁷¹
1426 5184 1544 5223 non
1571 5169 1760 5236 plane
1781 5171 2078 5223 constant.
2106 5167 2151 5201 ⁷²
2173 5166 2299 5222 alia
2327 5182 2531 5223 manu.
2564 5168 2610 5201 ⁷³
2632 5168 2895 5236 fortasse
2920 5168 3045 5223 alia
3070 5183 3255 5223 manu
3286 5182 3470 5238 usque
3498 5167 3579 5221 ad
3607 5171 3842 5224 α.1118.

417 5236 464 5270 ⁷⁸
495 5239 622 5292 alia
650 5255 855 5295 manu.
884 5240 1109 5297 Eadem
1130 5242 1259 5309 fere
1288 5239 1510 5296 verba:
1538 5240 1660 5295 Hoc
1683 5255 1844 5295 anno
1868 5242 2161 5295 venerunt
2180 5237 2837 5293 monachi.....Virdun.
2867 5238 2928 5293 in
2954 5239 3067 5293 hac
3085 5238 3335 5294 ecclesia
3357 5236 3413 5294 ἀ.
3434 5241 3587 5293 1135.
3617 5241 3847 5308 scripta

414 5313 608 5433 figasgt,
622 5311 757 5375 jam
786 5312 1000 5437 deleta.
1032 5314 1077 5347 ⁷⁸
1107 5315 1231 5369 alia
1261 5327 1465 5368 manu.
1498 5312 1545 5346 ⁷⁶
1566 5312 1787 5369 Manus
1808 5313 1995 5368 varia!
2022 5315 2075 5367 et
2103 5324 2315 5366 coaevus
2344 5309 2461 5365 sibi
2486 5309 2852 5379 succedunt;
2896 5325 3031 5380 qua!
3075 5316 3274 5366 tamen
3296 5311 3484 5379 plura
3506 5324 3582 5366 ea:
3625 5311 3759 5366 cod.
3796 5316 3841 5367 1.

552 5392 827 5445 npserun
861 5424 873 5437 .

788 5397 873 5437 ηε.

2019 5577 2242 5633 ΝΟΤιΕ.

488 5727 600 5798 (51)
632 5727 863 5784 Rectius
896 5734 1050 5789 1066.
2257 5735 2371 5806 (52)
2401 5732 2792 5792 Divionensis.
