3980 6418
127 429 207 477 ltiti
1418 423 1616 477 ACTA.
1659 450 1727 461 -—-
1766 420 2343 479 ADDITAMENTUM.
3549 422 3645 473 mo

118 544 307 599 Christi
370 544 666 600 confessor
712 548 769 599 et
834 544 1001 599 beata
1047 544 1438 615 Cuneguudis,
1507 548 1817 614 antequam
1848 548 1890 600 Α
1928 575 1997 585 -
2038 560 2171 599 nam
2205 551 2451 616 utroque
2492 545 2614 614 jam
2656 544 2841 599 fuerat
2901 544 3100 598 orbata
3158 550 3395 614 parente
3451 575 3540 608 -—,
3573 543 3643 597 de

116 633 493 699 cunienireut,
552 640 748 687 votum
817 632 1169 687 continentia
1228 631 1525 703 virginalis
1585 634 1700 686 Deo
1759 633 1817 686 iu
1931 635 2147 705 nuptiis
2178 650 2372 688 secum
2426 639 2704 704 ceperunt
2730 637 2997 688 tractare.
3064 634 3365 688 Enimvero
3398 633 3644 705 pudicis-

115 722 334 775 odorem
400 722 697 775 suavitatis
757 721 1121 792 optulisseut,
1208 737 1386 792 quare
1448 721 1818 791 postmodum
1931 724 2095 789 sima,
2130 723 2223 777 cui
2254 725 2425 792 longe
2483 738 2644 776 meus
2674 728 2796 775 erat
2854 723 2988 788 alia,
3039 722 3274 777 audiens
3309 724 3377 777 de
3426 720 3643 792 nuptiis

114 811 399 879 conjugale
454 811 892 864 matrimonium
952 810 1363 875 contraxerint,
1424 810 1572 863 hanc
1642 809 1820 862 sciant
1932 829 2123 867 secum
2158 812 2407 877 tractari,
2467 816 2619 881 cepit
2666 810 3127 865 inestimabiliter
3181 811 3521 864 contristare
3587 814 3644 863 et

116 914 223 952 esse
251 914 505 951 causam.
540 899 683 952 Cum
714 898 865 951 fama
922 897 1104 951 incliti
1156 896 1431 968 principis
1486 896 1701 967 ubique
1733 896 1820 949 di-
1934 905 2048 954 toto
2081 900 2203 954 nisu
2240 900 2527 965 reluctari,
2551 905 2722 969 atque
2756 916 2855 969 pre
2888 898 3121 953 tristitia
3147 898 3331 953 exitus
3360 914 3642 969 aquarum

120 987 459 1055 vulgaretur,
521 992 576 1039 et
634 987 826 1040 hostes
884 986 1015 1039 fidei
1068 1001 1170 1056 per
1225 1001 1357 1039 eum
1409 986 1551 1056 jugo
1611 983 1820 1038 Christi
1933 990 2288 1043 deduxerunt
2311 988 2459 1042 oculi
2489 989 2633 1057 ejus,
2679 991 2835 1058 quia,
2895 1003 3005 1058 que
3056 1003 3252 1058 regem
3294 987 3643 1055 angelorum

118 1075 508 1139 subderentur,
570 1075 803 1127 ecclesia
862 1090 1006 1127 nove
1061 1078 1536 1127 construerentur
1589 1082 1645 1126 et
1695 1072 1821 1140 pri-
1928 1079 2048 1148 jam
2079 1078 2187 1131 sibi
2238 1093 2509 1147 sponsum
2562 1078 2835 1145 elegerat,
2893 1076 3013 1146 regi
3072 1076 3464 1130 Romanorum
3514 1074 3649 1128 licet

121 1162 279 1214 mitns
323 1162 614 1216 destructa
658 1162 1147 1225 reedificarentnr,
1214 1166 1387 1232 atque
1441 1163 1590 1215 sicut
1637 1160 1824 1213 imber
1934 1166 2129 1220 inclito
2180 1166 2393 1219 nubere
2439 1164 2754 1218 recusabat,
2787 1164 3104 1234 propinqui
3156 1180 3287 1217 νοιιο
3328 1163 3451 1232 ejus
3498 1163 3647 1215 ubi-

121 1258 519 1319 temporaneus
550 1256 765 1303 terram
784 1252 927 1303 solet
958 1250 1221 1320 irrigare,
1255 1250 1333 1303 sic
1373 1249 1477 1304 iste
1506 1250 1824 1319 imperator
1934 1258 2168 1319 trames,
2204 1253 2271 1305 ad
2304 1252 2547 1322 gloriam
2578 1256 2633 1304 et
2681 1267 2953 1322 magnum
2988 1252 3254 1304 decorem
3304 1267 3407 1303 suo
3436 1264 3647 1319 prove-

121 1340 389 1403 gloriosus
424 1339 757 1392 victoriosus
789 1354 910 1391 rem
938 1339 1229 1407 publicam
1288 1344 1525 1408 angeret
1563 1344 1618 1392 et
1666 1339 1824 1391 exal-
1936 1343 2058 1396 nire
2076 1341 2295 1411 generi,
2326 1341 2371 1393 si
2404 1357 2506 1392 sua
2526 1340 2951 1409 consanguinea
2983 1340 3238 1393 Romano
3267 1340 3648 1406 conregnaret

122 1434 279 1491 taret,
314 1427 654 1479 universitas
678 1427 1001 1497 principum
1034 1427 1157 1495 ejus
1203 1426 1383 1496 gloria
1404 1426 1823 1497 Ocngaudebat,
1935 1431 2292 1502 imperatori,
2320 1430 2716 1483 conturbatam
2747 1445 2874 1482 eam
2931 1427 3225 1481 blandiciis
3272 1425 3647 1490 deliniebant,

124 1516 504 1569 habundantia
537 1515 710 1583 pacis,
744 1532 857 1585 qua
897 1530 1001 1585 per
1024 1530 1159 1568 eum
1188 1515 1548 1581 fruebantur,
1583 1516 1825 1585 applau-
1937 1526 1992 1573 et
2024 1524 2084 1572 ut
2113 1517 2446 1589 imperatori
2480 1523 2594 1571 tam
2628 1516 2880 1585 glorioso
2942 1517 3155 1570 nubere
3186 1531 3304 1568 non
3336 1516 3647 1578 recusaret,

125 1606 339 1659 debant.
394 1603 659 1667 Proinde,
694 1602 740 1655 si
790 1603 1038 1673 possible
1106 1604 1272 1671 foret,
1330 1603 1550 1673 jugiter
1580 1619 1713 1657 eum
1744 1618 1827 1657 re-
1937 1608 2117 1661 immo
2149 1612 2442 1676 gratanter
2496 1606 2552 1658 id
2582 1606 2811 1669 faceret,
2868 1605 3155 1657 interdum
3189 1600 3564 1655 consulebant
3593 1604 3651 1654 et

124 1710 286 1763 guare
312 1693 599 1746 volebant.
649 1692 757 1746 Sed
808 1692 943 1762 quia
992 1691 1051 1745 id
1106 1692 1359 1746 humana
1408 1691 1662 1745 conditio
1714 1705 1827 1743 non
1937 1696 2300 1750 consulentes
2340 1693 2610 1747 attentius
2650 1693 3045 1746 obsecrabant.
3083 1692 3238 1744 Inter
3269 1691 3375 1743 hec
3406 1687 3649 1759 virginis

126 1781 343 1851 patitur,
381 1780 639 1834 sollertia
672 1780 996 1851 principum
1062 1781 1143 1834 rei
1178 1780 1403 1850 publice
1432 1780 1493 1834 in
1530 1786 1828 1850 posterum
1870 1828 1907 1851 η
1939 1785 2167 1837 animus
2216 1782 2384 1836 variis
2444 1780 2859 1851 cogitationum
2909 1780 3222 1833 fluctuabat
3270 1777 3521 1831 motibus
3578 1775 3649 1829 ad

125 1869 469 1939 prospiciens
518 1868 714 1921 inclito
774 1868 1107 1938 imperatori
1162 1883 1469 1939 suggerere
1540 1868 1827 1927 studebat.
1870 1862 1908 1880 "
1938 1862 2118 1926 instar
2149 1871 2323 1933 navis,
2358 1886 2470 1941 que
2502 1870 2559 1923 iu
2591 1872 2708 1923 salo
2756 1868 2944 1940 posita
3001 1866 3200 1921 validis
3248 1864 3651 1919 circumfertur

126 1965 180 2009 ut
207 1958 271 2010 ad
333 1957 771 2027 propagandam
824 1957 1085 2011 sobolem
1138 1973 1373 2011 uxorem
1428 1957 1681 2022 duceret,
1747 1961 1829 2021 ut,
1940 1961 2170 2015 ﬂatibus
2203 1965 2544 2023 ventorum;
2575 1958 2673 2011 sed
2703 1957 2936 2011 tandem
2968 1956 3277 2010 anchoram
3308 1953 3429 2025 spei
3459 1968 3559 2006 sue
3590 1951 3649 2004 in

125 2045 366 2098 virtuoso
399 2045 748 2114 imperatore
802 2046 949 2099 viam
984 2045 1248 2099 universe
1302 2045 1490 2099 carnis
1546 2045 1829 2115 ingresso,
1940 2049 2135 2104 divino
2165 2049 2343 2118 ﬁgens
2365 2046 2600 2113 auxilio,
2631 2046 2873 2099 salutem
2906 2060 3071 2098 suam
3128 2043 3339 2097 sedulis
3388 2040 3650 2113 precibus

127 2134 365 2187 virtuosa
398 2134 809 2187 nichilominus
849 2134 1036 2204 proles
1083 2134 1434 2188 hereditario
1458 2134 1589 2203 jure
1620 2134 1832 2204 guber-
1941 2137 2381 2193 commendabat
2414 2135 2677 2199 Domino,
2733 2150 2970 2204 sperans
3021 2132 3437 2198 indubitanter,
3496 2127 3649 2199 quod

128 2224 317 2274 uacula
360 2221 525 2291 regni
558 2221 872 2292 susciperet
902 2226 961 2276 et
999 2227 1299 2293 paternam
1339 2224 1601 2276 emulans
1655 2223 1832 2275 virtu-
1940 2228 2083 2297 ipse,
2117 2227 2209 2279 cui
2240 2225 2432 2279 subest
2461 2240 2591 2277 cum
2628 2222 2874 2276 voluerit
2902 2238 3093 2292 posse,
3114 2216 3649 2288 etiamiuconjugio

129 2316 234 2363 tem
285 2311 539 2363 virtnose
598 2310 966 2380 gubernaret.
1033 2311 1142 2365 Sed
1186 2316 1242 2365 et
1271 2311 1480 2366 Christi
1522 2312 1833 2379 confessor,
1941 2314 2047 2368 sibi
2101 2312 2281 2383 posite
2334 2312 2535 2365 florem
2590 2309 2871 2380 pudicicie
2923 2325 3045 2375 sue,
3121 2325 3193 2362 ne
3257 2310 3649 2369 marcesceret,

131 2398 235 2450 voti
266 2398 355 2451 sui
389 2414 508 2451 non
540 2398 848 2451 immemor
864 2406 920 2451 et
948 2398 1226 2452 castitatis
1265 2404 1509 2464 amator,
1564 2399 1836 2469 principi-
1942 2406 2133 2472 posset
2162 2416 2515 2455 conservare.
2571 2400 2682 2453 Hac
2739 2414 2838 2467 spe
2894 2397 3163 2451 ﬁduciata
3210 2398 3369 2465 virgo
3402 2392 3650 2464 pruden-

130 2486 227 2539 bus
256 2503 500 2542 uxorem
533 2487 739 2541 ducere
772 2488 883 2541 sibi
931 2488 1303 2541 suadentibus
1361 2504 1479 2540 non
1537 2486 1700 2539 facile
1732 2502 1833 2555 po-
1942 2488 2183 2555 tissima,
2217 2485 2680 2557 propinquorum
2722 2500 2958 2537 suorum
3017 2483 3317 2549 voluntati,
3380 2480 3509 2534 licet
3537 2495 3654 2533 non

130 2579 266 2628 terat
314 2576 703 2645 acquiescere.
760 2576 874 2629 lllis
925 2581 1120 2629 autem
1170 2580 1455 2645 oportune
1507 2574 1836 2644 importune
1941 2577 2135 2630 animo
2166 2573 2401 2639 volenti,
2456 2591 2514 2626 se
2569 2573 2821 2627 tradidit.
2880 2571 3059 2641 Igitur
3106 2569 3433 2641 principum
3482 2564 3657 2636 legati

131 2664 566 2733 suggerentibus
596 2668 653 2717 et
682 2664 1044 2734 suggerendo
1103 2662 1489 2727 mouentibus,
1539 2668 1614 2728 et,
1645 2661 1691 2714 si
1721 2676 1837 2714 non
1944 2680 2117 2735 super
2148 2664 2234 2717 his
2260 2664 2419 2716 letati
2451 2678 2658 2715 novam
2696 2677 2967 2732 sponsam
2984 2676 3113 2714 cum
3130 2658 3377 2713 maximo
3400 2654 3655 2726 tripudio

131 2752 493 2816 consentiret,
558 2768 689 2805 eum
751 2768 928 2823 regno
998 2752 1221 2823 privare
1283 2751 1627 2816 volentibus,
1706 2751 1838 2804 licet
1946 2770 2049 2806 suo
2091 2751 2423 2806 deferebant
2460 2749 2929 2819 domino,quam
2985 2746 3325 2818 propinquis
3371 2748 3428 2798 et
3460 2741 3657 2798 amicis

132 2857 276 2910 egre,
318 2846 553 2894 coactus
605 2846 691 2895 est
728 2840 1073 2905 consentire,
1105 2841 1203 2895 sed
1235 2842 1437 2906 Deum,
1478 2841 1630 2909 apud
1664 2856 1836 2910 quem
1948 2838 2450 2913 prosequentibus,
2484 2838 2541 2890 in
2569 2836 2844 2890 comitatu
2900 2836 3024 2906 ejus
3054 2836 3200 2889 facta
3261 2838 3346 2886 est
3393 2847 3510 2885 non
3539 2845 3658 2883 mo-

132 2928 294 2982 nichil
325 2934 411 2982 est
433 2928 813 2999 impossibile.
846 2928 1159 2998 gemitibus
1192 2928 1677 2981 ineuarrabilibus
1702 2944 1837 2981 exo-
1948 2931 2075 2984 dica
2128 2928 2315 2981 turba.
2377 2925 2659 2979 Uuiversis
2713 2926 2906 2993 itaque
2968 2922 3325 2994 principibus
3380 2921 3527 2974 facta
3577 2922 3662 2971 est

134 3018 285 3082 ravit,
320 3023 382 3069 ut
414 3016 498 3070 sic
523 3017 1164 3087 ordinaredignaretur,
1200 3022 1338 3071 utet
1370 3017 1649 3070 voluntati
1680 3016 1837 3087 prin-
1948 3015 2349 3072 inestimabilis
2379 3014 2651 3068 exultatio
2691 3014 2760 3067 de
2793 3013 2943 3084 regis
2984 3017 3043 3067 et
3090 3012 3287 3081 regine
3336 3006 3611 3078 conjugio
3646 3022 3659 3069 ;

132 3106 313 3175 cipum
345 3106 702 3160 satisfaceret
756 3110 813 3160 et
868 3112 1063 3159 tamen
1122 3106 1473 3160 continentia
1525 3115 1721 3159 votum
1754 3105 1848 3158 in-
1879 3107 1918 3159 (3
1957 3106 2054 3161 sed
2088 3106 2314 3159 frustra.
2346 3104 2469 3157 Non
2501 3102 2676 3167 enim,
2714 3100 2862 3155 sicut
2898 3103 3292 3170 speraverunt,
3356 3111 3514 3149 more
3545 3109 3662 3148 car-

133 3193 390 3249 violabile
450 3199 835 3249 conservaret.
912 3196 1109 3265 Itaque
1171 3194 1463 3264 propicius
1522 3195 1691 3257 Deus,
1742 3193 1842 3264 qui
1952 3195 2173 3250 nalium
2197 3195 2538 3262 nupserunt,
2581 3191 2677 3244 sed
2710 3189 2958 3260 virgines
3007 3190 3468 3259 permanserunt.
3519 3184 3659 3238 Cum

134 3282 236 3350 piis
255 3282 775 3353 supplicationibus
823 3297 1051 3353 semper
1084 3286 1273 3351 presto
1330 3286 1432 3345 est,
1493 3281 1840 3335 desiderium
1954 3290 2146 3339 autem
2202 3280 2605 3352 episcoporum
2664 3276 3156 3333 benedictionibus
3204 3274 3416 3329 firmati
3447 3274 3666 3326 secreta

135 3370 317 3423 anime
356 3372 485 3440 ejus
508 3370 559 3423 ei
587 3375 674 3424 est
702 3370 971 3440 dignatus
1002 3370 1273 3423 tribuere.
1301 3370 1412 3423 Rex
1447 3386 1577 3422 vero
1609 3386 1844 3438 sperans
1954 3369 2191 3424 thalami
2220 3370 2585 3437 recepissent,
2612 3381 2857 3435 sponsus
2886 3364 3290 3435 pudicissimus
3304 3376 3434 3415 cum
3457 3374 3667 3430 sponsa

138 3458 189 3509 in
221 3458 464 3511 Domino
497 3458 609 3511 tale
650 3473 989 3528 responsum
1016 3457 1176 3511 dedit
1219 3457 1573 3527 principibus
1608 3473 1621 3509 :
1665 3460 1846 3511 Vestre
1959 3456 2367 3513 nichilominus
2414 3456 2783 3525 pudicissima
2849 3470 2966 3508 non
3016 3453 3138 3506 sine
3192 3448 3532 3504 verecundia
3571 3462 3665 3498 ex-

136 3544 341 3611 quidem
367 3546 646 3599 voluntati
698 3548 932 3613 paratus
975 3559 1095 3598 sum
1142 3544 1532 3612 obtemperare,
1589 3543 1685 3597 sed
1722 3545 1845 3597 παι·
1957 3563 2121 3603 orsus
2140 3552 2227 3601 est
2246 3551 2490 3598 tractare
2530 3544 2598 3597 de
2629 3544 2927 3614 pudicicia.
2962 3543 3060 3596 Ea:
3090 3540 3471 3595 habundantia
3525 3538 3669 3589 enim

137 3633 236 3685 tam
308 3648 416 3687 non
466 3635 611 3699 regie
666 3632 947 3701 majestati
996 3632 1324 3698 condignam
1380 3634 1438 3684 in
1501 3634 1847 3686 matrimonio
1957 3636 2135 3691 cordis
2165 3650 2220 3689 os
2266 3634 2525 3701 loquitur.
2598 3632 2795 3701 Itaque
2850 3628 3116 3699 prorupit
3181 3627 3240 3680 in
3297 3626 3403 3680 hec
3448 3624 3663 3678 verba:

140 3723 265 3774 mihi
291 3723 410 3775 volo
444 3722 751 3775 consociare
784 3737 797 3787 ;
830 3720 930 3775 sed
960 3725 1016 3775 et
1045 3721 1153 3773 hoc
1198 3720 1389 3790 ipsum
1421 3720 1652 3773 illorum
1693 3736 1847 3773 com-
1960 3726 2172 3792 Sponsa
2198 3737 2322 3777 mea
2352 3722 2656 3783 carissima,
2710 3724 2893 3772 notum
2922 3717 3066 3771 tibus
3112 3718 3205 3779 sit,
3238 3714 3381 3782 quod
3411 3728 3663 3773 amorem,

140 3810 285 3863 misit
310 3809 699 3880 providentia.
734 3810 850 3865 Hoc
893 3810 1172 3879 promisso
1234 3809 1316 3879 pii
1362 3808 1515 3878 regis
1559 3802 1851 3879 gratanter
1961 3828 2065 3881 quo
2110 3811 2356 3864 carnales
2404 3810 2655 3875 conjuges
2703 3809 2941 3859 maxime
2993 3805 3329 3858 selectantur
3370 3806 3419 3855 et
3482 3805 3668 3854 mutuo

140 3904 379 3969 accepto,
418 3899 791 3951 vehementer
817 3896 994 3967 gavisi
1026 3902 1162 3950 sunt
1218 3896 1507 3967 principes
1549 3897 1849 3962 universi;
1958 3901 2067 3955 sibi
2131 3900 2527 3963 consociautur,
2576 3911 2855 3964 nunquam
2898 3897 3152 3962 expertus
3217 3906 3358 3956 sum,
3420 3889 3515 3943 sed
3573 3905 3663 3941 nec

140 3987 311 4039 multa
340 3986 687 4055 satagebant
717 3986 1035 4039 deliberare
1067 3985 1390 4054 diligentia,
1439 4000 1613 4056 quam
1644 3985 1697 4039 ei
1736 4001 1852 4039 ma-
1962 3987 2205 4054 experiri
2232 3986 2368 4049 volo,
2401 3982 2535 4052 quia
2558 3982 2775 4035 celibem
2804 3984 2974 4034 vitam
3022 3980 3156 4044 elegi
3184 3982 3235 4031 et
3294 3978 3387 4029 hoc
3419 3980 3540 4029 voto
3566 3976 3664 4027 Dav

140 4075 406 4128 trimonio
437 4074 804 4143 copularent,
836 4090 940 4127 nec
992 4078 1183 4126 tamen
1217 4073 1387 4126 aliam
1421 4073 1671 4143 reperire
1693 4078 1851 4143 pote-
1963 4076 2109 4129 mino
2137 4074 2243 4126 Deo
2266 4088 2345 4126 me
2365 4072 2487 4140 jam
2512 4070 2736 4139 ,dudum
2779 4070 3045 4137 obligavi.
3098 4067 3194 4121 llis
3220 4064 3448 4128 auditis,
3478 4078 3676 4131 regina

143 4170 277 4226 rant,
314 4163 428 4216 nisi
460 4178 640 4233 quam
672 4167 801 4215 ante
834 4168 1093 4231 tempora
1126 4162 1405 4215 secularia
1434 4161 1627 4215 divina
1656 4178 1852 4232 preor-
1965 4161 2217 4232 gloriosa
2251 4160 2407 4229 virgo
2459 4160 2625 4212 beata
2655 4155 3114 4211 inestimabiliter
3142 4159 3228 4206 est
3256 4152 3588 4212 exhilarata,
3621 4154 3677 4201 et

141 4250 425 4304 dinaverat
471 4250 834 4321 prescientia.
888 4251 1017 4303 Erat
1044 4254 1240 4303 autem
1298 4249 1447 4319 apud
1502 4250 1723 4303 Renum
1754 4268 1852 4321 pa-
1966 4252 2234 4304 ardenter
2263 4247 2414 4318 cepit
2441 4262 2635 4299 amare
2667 4260 2967 4315 sponsum,
3028 4242 3119 4297 cui
3174 4242 3345 4295 etiam
3381 4240 3491 4293 tale
3520 4237 3679 4292 dedit

146 4340 346 4392 latinus
388 4338 638 4394 Sifridus
693 4338 950 4407 nomine,
999 4338 1215 4391 habens
1246 4338 1554 4407 conjugem
1589 4339 1851 4392 liedewili
1886 4389 1927 4442 Β
1967 4352 2309 4408 responsum
2342 4353 2353 4389 :
2394 4336 2623 4389 Verbum
2668 4339 2838 4400 tuum,
2888 4333 3115 4394 domine,
3178 4333 3253 4383 mi
3288 4345 3407 4387 rex.
3436 4330 3494 4381 in
3522 4326 3678 4380 corde

153 4441 171 4442 η
280 4433 290 4442 ι
578 4427 590 4442 ι
787 4426 796 4436 ⁸
822 4426 836 4442 ι
1007 4426 1040 4442 ,I
1122 4425 1130 4435 ³
1200 4426 1207 4433 '
1431 4441 1434 4442 ,
1713 4441 1718 4442 ,
1769 4433 1778 4442 ι
2131 4426 2146 4442 ι
2192 4428 2204 4442 ι
2328 4430 2366 4442 ξι
2485 4440 2491 4442 _
2515 4440 2557 4442 _,_
2592 4424 2691 4442 _---l
2757 4427 2799 4442 ,Α
2848 4424 3027 4442 Δ,.-.-....
3107 4423 3152 4442 ..Δ
3194 4419 3525 4442 ..-ί-..Λιιέδιιω
3561 4431 3647 4442 ιιι-ι-

148 4433 418 4493 vocatam,
474 4427 649 4480 ambo
701 4426 935 4497 quidem
995 4425 1314 4479 clarissimo
1375 4441 1586 4496 genere
1631 4433 1855 4496 specta-
1886 4419 1926 4442 υ
1969 4443 2079 4481 meo
2109 4426 2261 4480 dulce
2289 4430 2367 4477 est
2396 4440 2560 4488 super
2588 4424 2691 4476 mel
2748 4427 2799 4475 et
2840 4424 3052 4487 favum,
3101 4423 3152 4472 et
3189 4419 3529 4487 propositum
3559 4431 3677 4469 cas-

148 4515 299 4581 biles,
345 4521 548 4588 utpote
583 4516 655 4569 de
706 4515 1067 4569 nobilissima
1114 4514 1527 4567 descendentes
1582 4519 1857 4584 augusto-
1970 4519 2148 4570 titatis
2180 4516 2578 4582 beneplacitum
2619 4516 2696 4565 est
2723 4512 2949 4578 spiritui
2987 4523 3120 4569 meo,
3181 4508 3304 4559 etsi
3330 4505 3499 4557 michi
3518 4503 3677 4557 detur

150 4618 270 4657 rum
300 4604 601 4673 prosapia,
632 4603 826 4656 multis
853 4603 1027 4657 etiam
1055 4602 1270 4655 divitiis
1304 4602 1577 4672 insignes,
1620 4608 1677 4655 et
1708 4603 1855 4673 quod
1969 4608 2135 4674 optio,
2168 4605 2355 4657 multis
2412 4606 2626 4667 pre/cro
2672 4601 2872 4664 regnis.
2913 4598 3050 4651 Nam
3080 4600 3130 4648 et
3159 4610 3251 4660 ego
3298 4598 3479 4647 votum
3506 4594 3677 4657 virgi-

151 4692 492 4746 Iaudabilius
550 4698 657 4756 est,
710 4692 1017 4746 virtutibus
1076 4707 1309 4761 operam
1373 4690 1592 4745 dantes.
1652 4692 1747 4745 His
1800 4691 1860 4744 in
1970 4695 2161 4746 nitatis
2236 4706 2345 4743 mee
2390 4691 2608 4742 Domino
2665 4689 2826 4756 quasi
2906 4699 3099 4737 munus
3156 4682 3531 4749 gratissimum
3602 4696 3683 4733 mc

151 4780 395 4849 primeva
426 4786 584 4834 etate
618 4785 752 4833 nata
780 4779 881 4833 fuit
928 4780 1066 4845 filia,
1116 4796 1228 4849 que
1259 4778 1418 4833 fulsit
1447 4780 1601 4834 velut
1631 4795 1859 4850 gemma
1969 4784 2147 4848 fateor
2171 4781 2452 4848 optulisse.
2501 4791 2666 4843 quam
2700 4778 2750 4828 si
2797 4777 2920 4843 quis
2962 4772 3129 4825 michi
3166 4772 3445 4839 subripere
3489 4784 3679 4839 presu-

150 4885 280 4922 auro
312 4868 711 4940 superaddita,
756 4868 894 4921 dum
936 4867 1247 4938 preclarior
1304 4868 1576 4937 preclaris
1634 4870 1735 4921 liec
1767 4884 1858 4921 ac-
1970 4873 2156 4932 meret,
2189 4867 2333 4936 quod
2389 4866 2551 4929 absit,
2611 4866 2753 4917 iram
2808 4864 3033 4931 superni
3057 4861 3267 4928 judicis
3298 4862 3598 4913 incurreret
3634 4863 3683 4912 et

148 4959 304 5011 cessit
349 4958 580 5011 attavis.
645 4958 773 5010 Erat
822 4957 976 5011 enim
1038 4961 1276 5010 venusta
1332 4956 1475 5009 facie
1534 4961 1590 5009 et
1628 4956 1863 5027 optimis
1970 4964 2209 5011 eternam
2238 4956 2677 5024 dampnationem
2724 4953 3003 5005 incideret.
3056 4950 3171 5005 Rex
3224 4965 3355 5002 vero
3385 4949 3593 5002 letatus
3623 4947 3682 5001 in

150 5054 339 5099 ornata
372 5047 659 5111 moribus,
695 5046 965 5116 precipue
989 5061 1121 5099 vero
1156 5046 1217 5099 in
1246 5061 1314 5099 ea
1343 5045 1654 5114 primatum
1680 5044 1865 5098 tenuit
1974 5047 2061 5100 his
2090 5060 2201 5116 que
2233 5044 2381 5098 dicta
2421 5041 2529 5095 sibi
2550 5046 2699 5105 sunt,
2736 5047 2793 5094 et
2823 5040 2957 5111 quia
2988 5039 3342 5093 consimilem
3374 5054 3462 5091 res
3497 5034 3686 5090 omnis

150 5137 436 5203 pudicitia.
478 5137 646 5197 Nam,
678 5139 740 5186 ut
766 5136 1031 5204 superius
1091 5133 1310 5187 dictum
1362 5139 1465 5197 est,
1524 5131 1863 5201 virginalem
1974 5140 2149 5202 amat,
2208 5134 2370 5204 virgo
2454 5132 2761 5201 virginem,
2848 5135 3036 5183 castus
3095 5126 3471 5182 castissimum
3529 5128 3684 5179 casto

150 5226 559 5278 continentiam
616 5224 730 5276 Deo
785 5222 991 5276 devota
1044 5222 1368 5276 devoverat.
1429 5220 1676 5275 Proinde
1732 5237 1862 5275 cum
1973 5222 2125 5292 cepit
2155 5237 2351 5275 amore
2379 5219 2679 5291 complecti
2698 5224 2754 5273 et
2786 5233 3021 5271 manum
3053 5216 3230 5287 ipsius
3260 5213 3563 5268 candidam
3587 5227 3686 5265 suo

148 5319 281 5364 esset
336 5318 455 5365 tam
508 5326 725 5381 genere
778 5327 952 5381 quam
1008 5310 1265 5365 moribus
1324 5309 1553 5373 nobilis,
1592 5324 1696 5363 nec
1752 5310 1865 5363 alia
1974 5310 2279 5382 imponens
2323 5310 2543 5373 manui,
2580 5308 2667 5361 his
2714 5306 2900 5359 verbis
2954 5311 3039 5359 est
3092 5320 3219 5358 eam
3272 5303 3592 5355 allocutus:
3643 5302 3686 5355 Ο

152 5399 497 5455 inveniretur
531 5400 583 5453 ei
615 5399 843 5466 similis,
870 5400 1080 5453 inclitis
1130 5398 1348 5470 placuit
1390 5397 1770 5469 principibus,
1802 5402 1867 5451 ut
1975 5403 2153 5453 amica
2192 5415 2327 5463 mea,
2359 5413 2559 5467 sponsa
2599 5413 2735 5459 mea,
2782 5395 3135 5449 immaculata
3162 5406 3301 5450 mea.
3346 5403 3533 5442 revera
3592 5390 3690 5442 Do-

153 5487 286 5542 hauc
315 5490 687 5559 potissimum
737 5488 1074 5557 imperatori
1105 5488 1358 5559 glorioso
1415 5487 1674 5559 legitimo
1730 5502 1869 5539 con-
1976 5491 2156 5541 minus
2187 5490 2349 5541 estin
2377 5486 2552 5540 medio
2580 5486 2774 5549 nostri,
2828 5485 2925 5551 qui
2952 5496 3047 5535 nos
3104 5482 3267 5533 unius
3320 5480 3668 5532 voluntatisc

150 5576 448 5647 jungereut
492 5578 765 5631 conubio.
829 5578 1006 5643 Igitur
1066 5578 1252 5631 missis
1297 5576 1729 5631 honorabilibus
1787 5577 1866 5629 le-
1976 5578 2242 5644 propositi
2272 5578 2330 5628 in
2358 5590 2453 5629 suo
2503 5576 2713 5628 nomine
2753 5574 2885 5639 fecit
2922 5570 3220 5636 convenire,
3271 5569 3367 5637 qui
3414 5572 3493 5621 est
3524 5569 3676 5632 refu-
3756 5590 3761 5593 ·

155 5667 287 5733 gatis
317 5668 385 5722 ad
420 5668 611 5739 ipsam
644 5667 733 5720 vel
757 5667 823 5719 ad
878 5667 1234 5738 propinquos
1288 5668 1376 5721 vel
1404 5666 1475 5721 ad
1498 5666 1711 5719 amicos
1746 5665 1869 5734 ejus
1977 5668 2128 5731 gium
2156 5669 2400 5717 nostrum
2456 5667 2507 5715 et
2548 5664 2743 5714 virtus.
2802 5660 3059 5713 Unanimi
3117 5671 3373 5711 consensu
3426 5658 3548 5725 jam
3574 5659 3657 5724 ips
