  <div class='ocr_page' id='page_1' title='image "/cluster/home/n/w/nwhite01/storage/ocr_20150623/140-141/uc1.31175018559917/1020.png"; bbox 0 0 3892 6378; ppageno 0'>
   <div class='ocr_carea' id='block_1_1' title="bbox 91 202 204 254">
    <p class='ocr_par' dir='ltr' id='par_1_1' title="bbox 91 202 204 254">
     <span class='ocr_line' id='line_1_1' title="bbox 91 202 204 254; baseline 0 -1"><span class='ocrx_word' id='word_1_1' title='bbox 91 202 204 254; x_wconf 84' lang='grc'>889</span> 
     </span>
    </p>
   </div>
   <div class='ocr_carea' id='block_1_2' title="bbox 1299 215 2340 272">
    <p class='ocr_par' dir='ltr' id='par_1_2' title="bbox 1299 215 2340 272">
     <span class='ocr_line' id='line_1_2' title="bbox 1299 215 2340 272; baseline 0.005 -5"><span class='ocrx_word' id='word_1_2' title='bbox 1299 215 1623 269; x_wconf 75' lang='lat' dir='ltr'>ANNALES</span> <span class='ocrx_word' id='word_1_3' title='bbox 1666 215 1720 270; x_wconf 92' lang='lat' dir='ltr'>S.</span> <span class='ocrx_word' id='word_1_4' title='bbox 1766 215 2040 270; x_wconf 81' lang='lat' dir='ltr'>BENlGNl</span> <span class='ocrx_word' id='word_1_5' title='bbox 2083 217 2340 272; x_wconf 85' lang='lat' dir='ltr'>DlVlON.</span> 
     </span>
    </p>
   </div>
   <div class='ocr_carea' id='block_1_3' title="bbox 3417 223 3521 275">
    <p class='ocr_par' dir='ltr' id='par_1_3' title="bbox 3417 223 3521 275">
     <span class='ocr_line' id='line_1_3' title="bbox 3417 223 3521 275; baseline 0.019 -2"><span class='ocrx_word' id='word_1_6' title='bbox 3417 223 3521 275; x_wconf 85' lang='lat'>890</span> 
     </span>
    </p>
   </div>
   <div class='ocr_carea' id='block_1_4' title="bbox 89 323 3527 412">
    <p class='ocr_par' dir='ltr' id='par_1_4' title="bbox 89 323 3527 412">
     <span class='ocr_line' id='line_1_4' title="bbox 89 323 3527 412; baseline 0.007 -36"><span class='ocrx_word' id='word_1_7' title='bbox 89 323 365 380; x_wconf 89' lang='lat' dir='ltr'>lensibus</span> <span class='ocrx_word' id='word_1_8' title='bbox 397 329 706 383; x_wconf 85' lang='lat' dir='ltr'>monachis</span> <span class='ocrx_word' id='word_1_9' title='bbox 737 330 1027 389; x_wconf 76' lang='lat' dir='ltr'>dimittere</span> <span class='ocrx_word' id='word_1_10' title='bbox 1070 335 1399 403; x_wconf 84' lang='lat' dir='ltr'>noluimus,</span> <span class='ocrx_word' id='word_1_11' title='bbox 1432 344 1486 393; x_wconf 92' lang='lat' dir='ltr'>et</span> <span class='ocrx_word' id='word_1_12' title='bbox 1517 339 1753 394; x_wconf 89' lang='lat' dir='ltr'>duravit</span> <span class='ocrx_word' id='word_1_13' title='bbox 1791 344 1836 394; x_wconf 74' lang='grc' dir='ltr'>Α</span> <span class='ocrx_word' id='word_1_14' title='bbox 1864 339 2390 396; x_wconf 84' lang='lat' dir='ltr'>Clarevallensibus</span> <span class='ocrx_word' id='word_1_15' title='bbox 2425 341 2734 397; x_wconf 85' lang='lat' dir='ltr'>monachis</span> <span class='ocrx_word' id='word_1_16' title='bbox 2773 340 3064 397; x_wconf 86' lang='lat' dir='ltr'>dimittere</span> <span class='ocrx_word' id='word_1_17' title='bbox 3103 342 3430 412; x_wconf 88' lang='lat' dir='ltr'>noluimus,</span> <span class='ocrx_word' id='word_1_18' title='bbox 3471 349 3527 400; x_wconf 90' lang='lat' dir='ltr'>et</span> 
     </span>
    </p>
   </div>
   <div class='ocr_carea' id='block_1_5' title="bbox 92 415 1760 498">
    <p class='ocr_par' dir='ltr' id='par_1_5' title="bbox 92 415 1760 498">
     <span class='ocr_line' id='line_1_5' title="bbox 92 415 1760 498; baseline 0.01 -31"><span class='ocrx_word' id='word_1_19' title='bbox 92 415 478 471; x_wconf 89' lang='lat' dir='ltr'>interdictum</span> <span class='ocrx_word' id='word_1_20' title='bbox 507 434 541 473; x_wconf 91' lang='lat' dir='ltr'>a</span> <span class='ocrx_word' id='word_1_21' title='bbox 577 420 772 475; x_wconf 90' lang='lat' dir='ltr'>media</span> <span class='ocrx_word' id='word_1_22' title='bbox 802 424 1291 493; x_wconf 74' lang='lat' dir='ltr'>quadragesima,</span> <span class='ocrx_word' id='word_1_23' title='bbox 1320 445 1454 498; x_wconf 68' lang='lat' dir='ltr'>qua!</span> <span class='ocrx_word' id='word_1_24' title='bbox 1486 435 1621 483; x_wconf 87' lang='lat' dir='ltr'>tunc</span> <span class='ocrx_word' id='word_1_25' title='bbox 1654 428 1760 484; x_wconf 86' lang='lat' dir='ltr'>fuit</span> 
     </span>
    </p>
   </div>
   <div class='ocr_carea' id='block_1_6' title="bbox 97 504 1757 587">
    <p class='ocr_par' dir='ltr' id='par_1_6' title="bbox 97 504 1757 587">
     <span class='ocr_line' id='line_1_6' title="bbox 97 504 1757 587; baseline 0.011 -32"><span class='ocrx_word' id='word_1_26' title='bbox 97 506 184 558; x_wconf 57' lang='lat'>1&#39;1.</span> <span class='ocrx_word' id='word_1_27' title='bbox 221 504 353 558; x_wconf 86' lang='lat' dir='ltr'>Kal.</span> <span class='ocrx_word' id='word_1_28' title='bbox 389 507 620 576; x_wconf 84' lang='lat' dir='ltr'>Aprilis,</span> <span class='ocrx_word' id='word_1_29' title='bbox 655 525 842 580; x_wconf 90' lang='lat' dir='ltr'>usque</span> <span class='ocrx_word' id='word_1_30' title='bbox 876 512 952 566; x_wconf 87' lang='lat' dir='ltr'>ad</span> <span class='ocrx_word' id='word_1_31' title='bbox 999 515 1245 569; x_wconf 88' lang='lat' dir='ltr'>terciam</span> <span class='ocrx_word' id='word_1_32' title='bbox 1286 520 1587 587; x_wconf 83' lang='lat' dir='ltr'>sequentis</span> <span class='ocrx_word' id='word_1_33' title='bbox 1617 519 1757 572; x_wconf 86' lang='lat' dir='ltr'>anni</span> 
     </span>
    </p>
   </div>
   <div class='ocr_carea' id='block_1_7' title="bbox 92 592 1759 673">
    <p class='ocr_par' dir='ltr' id='par_1_7' title="bbox 92 592 1759 673">
     <span class='ocr_line' id='line_1_7' title="bbox 92 592 1759 673; baseline 0.01 -28"><span class='ocrx_word' id='word_1_34' title='bbox 92 592 470 648; x_wconf 83' lang='lat' dir='ltr'>dominicam</span> <span class='ocrx_word' id='word_1_35' title='bbox 515 602 647 668; x_wconf 88' lang='lat' dir='ltr'>post</span> <span class='ocrx_word' id='word_1_36' title='bbox 699 598 887 669; x_wconf 87' lang='lat' dir='ltr'>albas,</span> <span class='ocrx_word' id='word_1_37' title='bbox 921 618 1036 673; x_wconf 90' lang='lat' dir='ltr'>que</span> <span class='ocrx_word' id='word_1_38' title='bbox 1088 604 1193 658; x_wconf 84' lang='lat' dir='ltr'>fuit</span> <span class='ocrx_word' id='word_1_39' title='bbox 1242 610 1293 659; x_wconf 92' lang='lat'>11</span> <span class='ocrx_word' id='word_1_40' title='bbox 1357 606 1486 660; x_wconf 84' lang='lat' dir='ltr'>Kal.</span> <span class='ocrx_word' id='word_1_41' title='bbox 1522 608 1666 670; x_wconf 75' lang='lat' dir='ltr'>Maii,</span> <span class='ocrx_word' id='word_1_42' title='bbox 1703 612 1759 662; x_wconf 87' lang='lat' dir='ltr'>et</span> 
     </span>
    </p>
   </div>
   <div class='ocr_carea' id='block_1_8' title="bbox 5 683 1751 765">
    <p class='ocr_par' dir='ltr' id='par_1_8' title="bbox 5 683 1751 765">
     <span class='ocr_line' id='line_1_8' title="bbox 5 683 1751 765; baseline 0.008 -29"><span class='ocrx_word' id='word_1_43' title='bbox 5 703 10 736; x_wconf 78' lang='grc' dir='ltr'><strong><em>τ</em></strong></span> <span class='ocrx_word' id='word_1_44' title='bbox 91 685 240 736; x_wconf 89' lang='lat' dir='ltr'>tunc</span> <span class='ocrx_word' id='word_1_45' title='bbox 271 683 330 737; x_wconf 92' lang='lat' dir='ltr'>in</span> <span class='ocrx_word' id='word_1_46' title='bbox 363 685 611 740; x_wconf 91' lang='lat' dir='ltr'>concilio</span> <span class='ocrx_word' id='word_1_47' title='bbox 640 689 898 754; x_wconf 75' lang='lat' dir='ltr'>generali</span> <span class='ocrx_word' id='word_1_48' title='bbox 922 691 998 745; x_wconf 87' lang='lat' dir='ltr'>ab</span> <span class='ocrx_word' id='word_1_49' title='bbox 1017 693 1228 747; x_wconf 86' lang='lat' dir='ltr'>eodem</span> <span class='ocrx_word' id='word_1_50' title='bbox 1254 710 1412 765; x_wconf 88' lang='lat' dir='ltr'>papa</span> <span class='ocrx_word' id='word_1_51' title='bbox 1436 695 1627 750; x_wconf 88' lang='lat' dir='ltr'>soluta</span> <span class='ocrx_word' id='word_1_52' title='bbox 1648 701 1751 750; x_wconf 92' lang='lat' dir='ltr'>est.</span> 
     </span>
    </p>
   </div>
   <div class='ocr_carea' id='block_1_9' title="bbox 91 773 1757 856">
    <p class='ocr_par' dir='ltr' id='par_1_9' title="bbox 91 773 1757 856">
     <span class='ocr_line' id='line_1_9' title="bbox 91 773 1757 856; baseline 0.01 -32"><span class='ocrx_word' id='word_1_53' title='bbox 91 773 216 825; x_wconf 85' lang='lat' dir='ltr'>Hoc</span> <span class='ocrx_word' id='word_1_54' title='bbox 239 773 309 805; x_wconf 68' lang='lat'>“’3</span> <span class='ocrx_word' id='word_1_55' title='bbox 335 774 513 829; x_wconf 86' lang='lat' dir='ltr'>etiam</span> <span class='ocrx_word' id='word_1_56' title='bbox 537 791 697 830; x_wconf 88' lang='lat' dir='ltr'>anno</span> <span class='ocrx_word' id='word_1_57' title='bbox 721 777 1081 834; x_wconf 84' lang='lat' dir='ltr'>obscuratus</span> <span class='ocrx_word' id='word_1_58' title='bbox 1110 788 1194 836; x_wconf 88' lang='lat' dir='ltr'>est</span> <span class='ocrx_word' id='word_1_59' title='bbox 1221 784 1308 837; x_wconf 85' lang='lat' dir='ltr'>sol</span> <span class='ocrx_word' id='word_1_60' title='bbox 1340 784 1474 838; x_wconf 86' lang='lat' dir='ltr'>ldus</span> <span class='ocrx_word' id='word_1_61' title='bbox 1500 787 1757 856; x_wconf 81' lang='lat' dir='ltr'>Septem-</span> 
     </span>
    </p>
   </div>
   <div class='ocr_carea' id='block_1_10' title="bbox 90 859 1754 942">
    <p class='ocr_par' dir='ltr' id='par_1_10' title="bbox 90 859 1754 942">
     <span class='ocr_line' id='line_1_10' title="bbox 90 859 1754 942; baseline 0.01 -30"><span class='ocrx_word' id='word_1_62' title='bbox 90 859 218 914; x_wconf 91' lang='lat' dir='ltr'>bris</span> <span class='ocrx_word' id='word_1_63' title='bbox 251 860 407 917; x_wconf 88' lang='lat' dir='ltr'>circa</span> <span class='ocrx_word' id='word_1_64' title='bbox 426 863 637 920; x_wconf 86' lang='lat' dir='ltr'>horam</span> <span class='ocrx_word' id='word_1_65' title='bbox 661 882 905 924; x_wconf 90' lang='lat' dir='ltr'>nonam.</span> <span class='ocrx_word' id='word_1_66' title='bbox 932 871 1053 924; x_wconf 88' lang='lat' dir='ltr'>Hoc</span> <span class='ocrx_word' id='word_1_67' title='bbox 1075 871 1210 942; x_wconf 85' lang='lat' dir='ltr'>ipso</span> <span class='ocrx_word' id='word_1_68' title='bbox 1234 889 1393 927; x_wconf 88' lang='lat' dir='ltr'>anno</span> <span class='ocrx_word' id='word_1_69' title='bbox 1415 874 1473 928; x_wconf 91' lang='lat' dir='ltr'>in</span> <span class='ocrx_word' id='word_1_70' title='bbox 1499 874 1754 929; x_wconf 88' lang='lat' dir='ltr'>sabbato</span> 
     </span>
    </p>
   </div>
   <div class='ocr_carea' id='block_1_11' title="bbox 89 954 1754 1033">
    <p class='ocr_par' dir='ltr' id='par_1_11' title="bbox 89 954 1754 1033">
     <span class='ocr_line' id='line_1_11' title="bbox 89 954 1754 1033; baseline 0.01 -30"><span class='ocrx_word' id='word_1_71' title='bbox 89 964 322 1017; x_wconf 78' lang='lat' dir='ltr'>magno</span> <span class='ocrx_word' id='word_1_72' title='bbox 344 954 564 1022; x_wconf 89' lang='lat' dir='ltr'>pasche</span> <span class='ocrx_word' id='word_1_73' title='bbox 577 954 699 1009; x_wconf 85' lang='lat' dir='ltr'>vise</span> <span class='ocrx_word' id='word_1_74' title='bbox 721 962 858 1011; x_wconf 89' lang='lat' dir='ltr'>sunt</span> <span class='ocrx_word' id='word_1_75' title='bbox 875 958 952 1012; x_wconf 90' lang='lat' dir='ltr'>ab</span> <span class='ocrx_word' id='word_1_76' title='bbox 970 961 1132 1014; x_wconf 90' lang='lat' dir='ltr'>omni</span> <span class='ocrx_word' id='word_1_77' title='bbox 1152 962 1375 1033; x_wconf 90' lang='lat' dir='ltr'>populo</span> <span class='ocrx_word' id='word_1_78' title='bbox 1394 967 1508 1017; x_wconf 85' lang='lat' dir='ltr'>tres</span> <span class='ocrx_word' id='word_1_79' title='bbox 1532 964 1754 1019; x_wconf 87' lang='lat' dir='ltr'>colum-</span> 
     </span>
    </p>
   </div>
   <div class='ocr_carea' id='block_1_12' title="bbox 89 1037 1752 1120">
    <p class='ocr_par' dir='ltr' id='par_1_12' title="bbox 89 1037 1752 1120">
     <span class='ocr_line' id='line_1_12' title="bbox 89 1037 1752 1120; baseline 0.01 -28"><span class='ocrx_word' id='word_1_80' title='bbox 89 1037 167 1092; x_wconf 93' lang='lat' dir='ltr'>be</span> <span class='ocrx_word' id='word_1_81' title='bbox 196 1039 274 1094; x_wconf 88' lang='lat' dir='ltr'>ad</span> <span class='ocrx_word' id='word_1_82' title='bbox 302 1039 514 1097; x_wconf 85' lang='lat' dir='ltr'>horam</span> <span class='ocrx_word' id='word_1_83' title='bbox 546 1045 914 1116; x_wconf 89' lang='lat' dir='ltr'>completorii</span> <span class='ocrx_word' id='word_1_84' title='bbox 967 1065 1146 1120; x_wconf 83' lang='lat' dir='ltr'>super</span> <span class='ocrx_word' id='word_1_85' title='bbox 1175 1051 1381 1106; x_wconf 90' lang='lat' dir='ltr'>turrim</span> <span class='ocrx_word' id='word_1_86' title='bbox 1412 1052 1752 1108; x_wconf 67' lang='lat' dir='ltr'>beatissime</span> 
     </span>
    </p>
   </div>
   <div class='ocr_carea' id='block_1_13' title="bbox 91 1127 1752 1212">
    <p class='ocr_par' dir='ltr' id='par_1_13' title="bbox 91 1127 1752 1212">
     <span class='ocr_line' id='line_1_13' title="bbox 91 1127 1752 1212; baseline 0.01 -33"><span class='ocrx_word' id='word_1_87' title='bbox 91 1127 268 1181; x_wconf 85' lang='lat' dir='ltr'>Marie</span> <span class='ocrx_word' id='word_1_88' title='bbox 299 1128 372 1182; x_wconf 91' lang='lat' dir='ltr'>de</span> <span class='ocrx_word' id='word_1_89' title='bbox 420 1131 658 1186; x_wconf 86' lang='lat' dir='ltr'>sublimi</span> <span class='ocrx_word' id='word_1_90' title='bbox 691 1134 1070 1193; x_wconf 84' lang='lat' dir='ltr'>descendisse</span> <span class='ocrx_word' id='word_1_91' title='bbox 1116 1144 1172 1194; x_wconf 89' lang='lat' dir='ltr'>et</span> <span class='ocrx_word' id='word_1_92' title='bbox 1220 1145 1508 1212; x_wconf 76' lang='lat' dir='ltr'>tanquam</span> <span class='ocrx_word' id='word_1_93' title='bbox 1552 1158 1752 1196; x_wconf 85' lang='lat' dir='ltr'>cereos</span> 
     </span>
    </p>
   </div>
   <div class='ocr_carea' id='block_1_14' title="bbox 88 1214 943 1280">
    <p class='ocr_par' dir='ltr' id='par_1_14' title="bbox 88 1214 943 1280">
     <span class='ocr_line' id='line_1_14' title="bbox 88 1214 943 1280; baseline 0.015 -12"><span class='ocrx_word' id='word_1_94' title='bbox 88 1214 370 1271; x_wconf 83' lang='lat' dir='ltr'>ardentes</span> <span class='ocrx_word' id='word_1_95' title='bbox 405 1234 609 1274; x_wconf 89' lang='lat' dir='ltr'>secum</span> <span class='ocrx_word' id='word_1_96' title='bbox 641 1221 943 1280; x_wconf 88' lang='lat' dir='ltr'>detulisse.</span> 
     </span>
    </p>
   </div>
   <div class='ocr_carea' id='block_1_15' title="bbox 172 1306 1752 1392">
    <p class='ocr_par' dir='ltr' id='par_1_15' title="bbox 172 1306 1752 1392">
     <span class='ocr_line' id='line_1_15' title="bbox 172 1306 1752 1392; baseline 0.012 -35"><span class='ocrx_word' id='word_1_97' title='bbox 172 1306 322 1360; x_wconf 82' lang='lat'>1179.</span> <span class='ocrx_word' id='word_1_98' title='bbox 357 1309 477 1363; x_wconf 85' lang='lat' dir='ltr'>Hoc</span> <span class='ocrx_word' id='word_1_99' title='bbox 505 1324 665 1364; x_wconf 89' lang='lat' dir='ltr'>anno</span> <span class='ocrx_word' id='word_1_100' title='bbox 698 1313 1014 1369; x_wconf 91' lang='lat' dir='ltr'>concilium</span> <span class='ocrx_word' id='word_1_101' title='bbox 1039 1316 1225 1372; x_wconf 84' lang='lat' dir='ltr'>Rome</span> <span class='ocrx_word' id='word_1_102' title='bbox 1257 1323 1340 1372; x_wconf 86' lang='lat' dir='ltr'>est</span> <span class='ocrx_word' id='word_1_103' title='bbox 1365 1319 1636 1392; x_wconf 80' lang='lat' dir='ltr'>generale</span> <span class='ocrx_word' id='word_1_104' title='bbox 1665 1338 1752 1375; x_wconf 87' lang='lat' dir='ltr'>ce-</span> 
     </span>
    </p>
   </div>
   <div class='ocr_carea' id='block_1_16' title="bbox 85 1393 1750 1480">
    <p class='ocr_par' dir='ltr' id='par_1_16' title="bbox 85 1393 1750 1480">
     <span class='ocr_line' id='line_1_16' title="bbox 85 1393 1750 1480; baseline 0.012 -35"><span class='ocrx_word' id='word_1_105' title='bbox 85 1393 388 1450; x_wconf 88' lang='lat' dir='ltr'>lebratum</span> <span class='ocrx_word' id='word_1_106' title='bbox 417 1396 693 1452; x_wconf 88' lang='lat' dir='ltr'>adomno</span> <span class='ocrx_word' id='word_1_107' title='bbox 722 1401 1060 1459; x_wconf 84' lang='lat' dir='ltr'>Alexandro</span> <span class='ocrx_word' id='word_1_108' title='bbox 1084 1422 1244 1477; x_wconf 90' lang='lat' dir='ltr'>papa</span> <span class='ocrx_word' id='word_1_109' title='bbox 1273 1393 1465 1462; x_wconf 87' lang='lat' dir='ltr'>tercio.</span> <span class='ocrx_word' id='word_1_110' title='bbox 1495 1409 1628 1480; x_wconf 85' lang='lat' dir='ltr'>Ipso</span> <span class='ocrx_word' id='word_1_111' title='bbox 1648 1425 1750 1464; x_wconf 87' lang='lat' dir='ltr'>an-</span> 
     </span>
    </p>
   </div>
   <div class='ocr_carea' id='block_1_17' title="bbox 85 1483 1747 1556">
    <p class='ocr_par' dir='ltr' id='par_1_17' title="bbox 85 1483 1747 1556">
     <span class='ocr_line' id='line_1_17' title="bbox 85 1483 1747 1556; baseline 0.012 -22"><span class='ocrx_word' id='word_1_112' title='bbox 85 1498 170 1535; x_wconf 90' lang='lat' dir='ltr'>no</span> <span class='ocrx_word' id='word_1_113' title='bbox 203 1483 508 1556; x_wconf 87' lang='lat' dir='ltr'>Philippus</span> <span class='ocrx_word' id='word_1_114' title='bbox 536 1503 634 1541; x_wconf 90' lang='lat' dir='ltr'>rex</span> <span class='ocrx_word' id='word_1_115' title='bbox 672 1490 1036 1546; x_wconf 87' lang='lat' dir='ltr'>Francorum</span> <span class='ocrx_word' id='word_1_116' title='bbox 1085 1502 1404 1552; x_wconf 90' lang='lat' dir='ltr'>coronatus</span> <span class='ocrx_word' id='word_1_117' title='bbox 1437 1503 1523 1552; x_wconf 85' lang='lat' dir='ltr'>est</span> <span class='ocrx_word' id='word_1_118' title='bbox 1553 1499 1747 1553; x_wconf 83' lang='lat' dir='ltr'>Remis</span> 
     </span>
    </p>
   </div>
   <div class='ocr_carea' id='block_1_18' title="bbox 84 1571 1749 1642">
    <p class='ocr_par' dir='ltr' id='par_1_18' title="bbox 84 1571 1749 1642">
     <span class='ocr_line' id='line_1_18' title="bbox 84 1571 1749 1642; baseline 0.01 -17"><span class='ocrx_word' id='word_1_119' title='bbox 84 1571 151 1625; x_wconf 90' lang='lat' dir='ltr'>in</span> <span class='ocrx_word' id='word_1_120' title='bbox 187 1571 498 1629; x_wconf 81' lang='lat' dir='ltr'>festivitate</span> <span class='ocrx_word' id='word_1_121' title='bbox 530 1577 802 1632; x_wconf 87' lang='lat' dir='ltr'>omnium</span> <span class='ocrx_word' id='word_1_122' title='bbox 835 1576 1281 1638; x_wconf 86' lang='lat' dir='ltr'>sanctorum.-—</span> <span class='ocrx_word' id='word_1_123' title='bbox 1306 1586 1459 1641; x_wconf 88' lang='lat' dir='ltr'>Obiit</span> <span class='ocrx_word' id='word_1_124' title='bbox 1484 1588 1749 1642; x_wconf 87' lang='lat' dir='ltr'>Galterus</span> 
     </span>
    </p>
   </div>
   <div class='ocr_carea' id='block_1_19' title="bbox 83 1660 1749 1740">
    <p class='ocr_par' dir='ltr' id='par_1_19' title="bbox 83 1660 1749 1740">
     <span class='ocr_line' id='line_1_19' title="bbox 83 1660 1749 1740; baseline 0.012 -27"><span class='ocrx_word' id='word_1_125' title='bbox 83 1660 480 1730; x_wconf 85' lang='lat' dir='ltr'>Lingonensis</span> <span class='ocrx_word' id='word_1_126' title='bbox 521 1667 840 1740; x_wconf 87' lang='lat' dir='ltr'>episcopus</span> <span class='ocrx_word' id='word_1_127' title='bbox 880 1676 909 1724; x_wconf 85' lang='lat'><strong>6</strong></span> <span class='ocrx_word' id='word_1_128' title='bbox 966 1671 1100 1726; x_wconf 91' lang='lat' dir='ltr'>ldus</span> <span class='ocrx_word' id='word_1_129' title='bbox 1136 1675 1422 1730; x_wconf 84' lang='lat' dir='ltr'>Januarii.</span> <span class='ocrx_word' id='word_1_130' title='bbox 1479 1679 1749 1734; x_wconf 88' lang='lat' dir='ltr'>Succedit</span> 
     </span>
    </p>
   </div>
   <div class='ocr_carea' id='block_1_20' title="bbox 85 1751 410 1806">
    <p class='ocr_par' dir='ltr' id='par_1_20' title="bbox 85 1751 410 1806">
     <span class='ocr_line' id='line_1_20' title="bbox 85 1751 410 1806; baseline 0.009 -3"><span class='ocrx_word' id='word_1_131' title='bbox 85 1751 410 1806; x_wconf 84' lang='lat' dir='ltr'>Manasses.</span> 
     </span>
    </p>
   </div>
   <div class='ocr_carea' id='block_1_21' title="bbox 165 1842 1746 1920">
    <p class='ocr_par' dir='ltr' id='par_1_21' title="bbox 165 1842 1746 1920">
     <span class='ocr_line' id='line_1_21' title="bbox 165 1842 1746 1920; baseline 0.011 -26"><span class='ocrx_word' id='word_1_132' title='bbox 165 1844 318 1896; x_wconf 93' lang='lat'>1181.</span> <span class='ocrx_word' id='word_1_133' title='bbox 354 1842 686 1901; x_wconf 80' lang='lat' dir='ltr'>Alexander</span> <span class='ocrx_word' id='word_1_134' title='bbox 706 1863 866 1920; x_wconf 89' lang='lat' dir='ltr'>papa</span> <span class='ocrx_word' id='word_1_135' title='bbox 900 1850 1111 1905; x_wconf 84' lang='lat' dir='ltr'>tercius</span> <span class='ocrx_word' id='word_1_136' title='bbox 1131 1851 1294 1909; x_wconf 89' lang='lat' dir='ltr'>obiit.</span> <span class='ocrx_word' id='word_1_137' title='bbox 1327 1856 1616 1912; x_wconf 88' lang='lat' dir='ltr'>Successit</span> <span class='ocrx_word' id='word_1_138' title='bbox 1645 1860 1746 1912; x_wconf 81' lang='lat' dir='ltr'>Lu-</span> 
     </span>
    </p>
   </div>
   <div class='ocr_carea' id='block_1_22' title="bbox 81 1928 477 1988">
    <p class='ocr_par' dir='ltr' id='par_1_22' title="bbox 81 1928 477 1988">
     <span class='ocr_line' id='line_1_22' title="bbox 81 1928 477 1988; baseline 0.013 -6"><span class='ocrx_word' id='word_1_139' title='bbox 81 1928 214 1983; x_wconf 87' lang='lat' dir='ltr'>cius</span> <span class='ocrx_word' id='word_1_140' title='bbox 245 1932 477 1988; x_wconf 86' lang='lat' dir='ltr'>tercius.</span> 
     </span>
    </p>
   </div>
   <div class='ocr_carea' id='block_1_23' title="bbox 165 2018 1738 2093">
    <p class='ocr_par' dir='ltr' id='par_1_23' title="bbox 165 2018 1738 2093">
     <span class='ocr_line' id='line_1_23' title="bbox 165 2018 1738 2093; baseline 0.013 -21"><span class='ocrx_word' id='word_1_141' title='bbox 165 2018 318 2074; x_wconf 88' lang='lat'>1182.</span> <span class='ocrx_word' id='word_1_142' title='bbox 357 2023 659 2078; x_wconf 71' lang='lat' dir='ltr'>Iohannes</span> <span class='ocrx_word' id='word_1_143' title='bbox 705 2025 943 2083; x_wconf 90' lang='lat' dir='ltr'>dimittit</span> <span class='ocrx_word' id='word_1_144' title='bbox 994 2029 1302 2086; x_wconf 85' lang='lat' dir='ltr'>abbatiam</span> <span class='ocrx_word' id='word_1_145' title='bbox 1347 2037 1377 2086; x_wconf 88' lang='lat'>2</span> <span class='ocrx_word' id='word_1_146' title='bbox 1411 2034 1533 2090; x_wconf 85' lang='lat' dir='ltr'>Kal.</span> <span class='ocrx_word' id='word_1_147' title='bbox 1584 2035 1738 2093; x_wconf 87' lang='lat' dir='ltr'>Julii.</span> 
     </span>
    </p>
   </div>
   <div class='ocr_carea' id='block_1_24' title="bbox 83 2109 626 2183">
    <p class='ocr_par' dir='ltr' id='par_1_24' title="bbox 83 2109 626 2183">
     <span class='ocr_line' id='line_1_24' title="bbox 83 2109 626 2183; baseline 0.011 -21"><span class='ocrx_word' id='word_1_148' title='bbox 83 2109 383 2165; x_wconf 89' lang='lat' dir='ltr'>Successit</span> <span class='ocrx_word' id='word_1_149' title='bbox 413 2114 626 2183; x_wconf 81' lang='lat' dir='ltr'>Aymo.</span> 
     </span>
    </p>
   </div>
   <div class='ocr_carea' id='block_1_25' title="bbox 161 2378 1738 2461">
    <p class='ocr_par' dir='ltr' id='par_1_25' title="bbox 161 2378 1738 2461">
     <span class='ocr_line' id='line_1_25' title="bbox 161 2378 1738 2461; baseline 0.011 -30"><span class='ocrx_word' id='word_1_150' title='bbox 161 2378 314 2434; x_wconf 89' lang='lat'>1183.</span> <span class='ocrx_word' id='word_1_151' title='bbox 358 2379 531 2448; x_wconf 79' lang='lat' dir='ltr'>Hugo</span> <span class='ocrx_word' id='word_1_152' title='bbox 583 2382 704 2437; x_wconf 84' lang='lat' dir='ltr'>dux</span> <span class='ocrx_word' id='word_1_153' title='bbox 765 2387 1102 2454; x_wconf 79' lang='lat' dir='ltr'>Burgundie</span> <span class='ocrx_word' id='word_1_154' title='bbox 1162 2391 1504 2461; x_wconf 85' lang='lat' dir='ltr'>Beatricem,</span> <span class='ocrx_word' id='word_1_155' title='bbox 1556 2392 1738 2448; x_wconf 84' lang='lat' dir='ltr'>filiam</span> 
     </span>
    </p>
   </div>
   <div class='ocr_carea' id='block_1_26' title="bbox 75 2465 1740 2553">
    <p class='ocr_par' dir='ltr' id='par_1_26' title="bbox 75 2465 1740 2553">
     <span class='ocr_line' id='line_1_26' title="bbox 75 2465 1740 2553; baseline 0.011 -34"><span class='ocrx_word' id='word_1_156' title='bbox 75 2465 354 2537; x_wconf 89' lang='lat' dir='ltr'>Delphini</span> <span class='ocrx_word' id='word_1_157' title='bbox 410 2470 645 2525; x_wconf 89' lang='lat' dir='ltr'>comitis</span> <span class='ocrx_word' id='word_1_158' title='bbox 681 2472 917 2542; x_wconf 89' lang='lat' dir='ltr'>Alboni,</span> <span class='ocrx_word' id='word_1_159' title='bbox 949 2475 1118 2531; x_wconf 86' lang='lat' dir='ltr'>duxit</span> <span class='ocrx_word' id='word_1_160' title='bbox 1170 2478 1230 2532; x_wconf 91' lang='lat' dir='ltr'>in</span> <span class='ocrx_word' id='word_1_161' title='bbox 1279 2497 1527 2534; x_wconf 86' lang='lat' dir='ltr'>uxorem</span> <span class='ocrx_word' id='word_1_162' title='bbox 1577 2481 1740 2553; x_wconf 88' lang='lat' dir='ltr'>apud</span> 
     </span>
    </p>
   </div>
   <div class='ocr_carea' id='block_1_27' title="bbox 77 2559 706 2632">
    <p class='ocr_par' dir='ltr' id='par_1_27' title="bbox 77 2559 706 2632">
     <span class='ocr_line' id='line_1_27' title="bbox 77 2559 706 2632; baseline 0.006 -20"><span class='ocrx_word' id='word_1_163' title='bbox 77 2560 371 2613; x_wconf 88' lang='lat' dir='ltr'>Sanctum</span> <span class='ocrx_word' id='word_1_164' title='bbox 415 2559 706 2632; x_wconf 79' lang='lat' dir='ltr'>Egidium.</span> 
     </span>
    </p>
   </div>
   <div class='ocr_carea' id='block_1_28' title="bbox 161 2649 1737 2731">
    <p class='ocr_par' dir='ltr' id='par_1_28' title="bbox 161 2649 1737 2731">
     <span class='ocr_line' id='line_1_28' title="bbox 161 2649 1737 2731; baseline 0.011 -31"><span class='ocrx_word' id='word_1_165' title='bbox 161 2649 310 2701; x_wconf 74' lang='lat'>1185.</span> <span class='ocrx_word' id='word_1_166' title='bbox 359 2651 473 2703; x_wconf 87' lang='lat' dir='ltr'>Hoc</span> <span class='ocrx_word' id='word_1_167' title='bbox 519 2666 679 2706; x_wconf 87' lang='lat' dir='ltr'>anno</span> <span class='ocrx_word' id='word_1_168' title='bbox 730 2653 964 2709; x_wconf 87' lang='lat' dir='ltr'>obsedit</span> <span class='ocrx_word' id='word_1_169' title='bbox 1018 2659 1184 2726; x_wconf 73' lang='lat' dir='ltr'>Hugo</span> <span class='ocrx_word' id='word_1_170' title='bbox 1238 2659 1358 2714; x_wconf 86' lang='lat' dir='ltr'>dux</span> <span class='ocrx_word' id='word_1_171' title='bbox 1404 2663 1737 2731; x_wconf 82' lang='lat' dir='ltr'>Bnrgundie</span> 
     </span>
    </p>
   </div>
   <div class='ocr_carea' id='block_1_29' title="bbox 71 2734 1738 2815">
    <p class='ocr_par' dir='ltr' id='par_1_29' title="bbox 71 2734 1738 2815">
     <span class='ocr_line' id='line_1_29' title="bbox 71 2734 1738 2815; baseline 0.011 -28"><span class='ocrx_word' id='word_1_172' title='bbox 71 2734 282 2800; x_wconf 71' lang='lat' dir='ltr'>Vergei</span> <span class='ocrx_word' id='word_1_173' title='bbox 315 2741 370 2790; x_wconf 94' lang='lat' dir='ltr'>et</span> <span class='ocrx_word' id='word_1_174' title='bbox 419 2737 599 2793; x_wconf 90' lang='lat' dir='ltr'>nichil</span> <span class='ocrx_word' id='word_1_175' title='bbox 629 2741 866 2812; x_wconf 88' lang='lat' dir='ltr'>penitus</span> <span class='ocrx_word' id='word_1_176' title='bbox 919 2743 1000 2798; x_wconf 92' lang='lat' dir='ltr'>ibi</span> <span class='ocrx_word' id='word_1_177' title='bbox 1050 2745 1203 2815; x_wconf 91' lang='lat' dir='ltr'>fecit,</span> <span class='ocrx_word' id='word_1_178' title='bbox 1239 2747 1360 2802; x_wconf 90' lang='lat' dir='ltr'>imo</span> <span class='ocrx_word' id='word_1_179' title='bbox 1409 2766 1509 2804; x_wconf 85' lang='lat' dir='ltr'>rex</span> <span class='ocrx_word' id='word_1_180' title='bbox 1560 2751 1738 2806; x_wconf 83' lang='lat' dir='ltr'>Gallie</span> 
     </span>
    </p>
   </div>
   <div class='ocr_carea' id='block_1_30' title="bbox 68 2816 1740 2906">
    <p class='ocr_par' dir='ltr' id='par_1_30' title="bbox 68 2816 1740 2906">
     <span class='ocr_line' id='line_1_30' title="bbox 68 2816 1740 2906; baseline 0.01 -28"><span class='ocrx_word' id='word_1_181' title='bbox 68 2823 387 2895; x_wconf 86' lang='lat' dir='ltr'>Philippus</span> <span class='ocrx_word' id='word_1_182' title='bbox 435 2827 703 2884; x_wconf 90' lang='lat' dir='ltr'>dominio</span> <span class='ocrx_word' id='word_1_183' title='bbox 755 2848 862 2886; x_wconf 93' lang='lat' dir='ltr'>suo</span> <span class='ocrx_word' id='word_1_184' title='bbox 903 2849 1042 2887; x_wconf 90' lang='lat' dir='ltr'>eum</span> <span class='ocrx_word' id='word_1_185' title='bbox 1075 2816 1455 2906; x_wconf 58' lang='lat' dir='ltr'>°subjugavit.</span> <span class='ocrx_word' id='word_1_186' title='bbox 1490 2872 1554 2878; x_wconf 87' lang='lat'>—</span> <span class='ocrx_word' id='word_1_187' title='bbox 1588 2839 1740 2895; x_wconf 86' lang='lat' dir='ltr'>Obiit</span> 
     </span>
    </p>
   </div>
   <div class='ocr_carea' id='block_1_31' title="bbox 71 2913 1382 2988">
    <p class='ocr_par' dir='ltr' id='par_1_31' title="bbox 71 2913 1382 2988">
     <span class='ocr_line' id='line_1_31' title="bbox 71 2913 1382 2988; baseline 0.011 -22"><span class='ocrx_word' id='word_1_188' title='bbox 71 2913 294 2968; x_wconf 89' lang='lat' dir='ltr'>Lucius</span> <span class='ocrx_word' id='word_1_189' title='bbox 327 2932 510 2988; x_wconf 89' lang='lat' dir='ltr'>papa.</span> <span class='ocrx_word' id='word_1_190' title='bbox 541 2919 812 2976; x_wconf 89' lang='lat' dir='ltr'>Succedit</span> <span class='ocrx_word' id='word_1_191' title='bbox 844 2922 1117 2978; x_wconf 87' lang='lat' dir='ltr'>Urbanus</span> <span class='ocrx_word' id='word_1_192' title='bbox 1148 2926 1382 2982; x_wconf 87' lang='lat' dir='ltr'>tercius.</span> 
     </span>
    </p>
   </div>
   <div class='ocr_carea' id='block_1_32' title="bbox 151 3094 1735 3178">
    <p class='ocr_par' dir='ltr' id='par_1_32' title="bbox 151 3094 1735 3178">
     <span class='ocr_line' id='line_1_32' title="bbox 151 3094 1735 3178; baseline 0.011 -33"><span class='ocrx_word' id='word_1_193' title='bbox 151 3094 304 3148; x_wconf 90' lang='lat'>1186.</span> <span class='ocrx_word' id='word_1_194' title='bbox 349 3095 465 3149; x_wconf 90' lang='lat' dir='ltr'>Hoc</span> <span class='ocrx_word' id='word_1_195' title='bbox 497 3111 658 3151; x_wconf 86' lang='lat' dir='ltr'>anno</span> <span class='ocrx_word' id='word_1_196' title='bbox 707 3097 866 3154; x_wconf 90' lang='lat' dir='ltr'>idem</span> <span class='ocrx_word' id='word_1_197' title='bbox 915 3117 1016 3155; x_wconf 90' lang='lat' dir='ltr'>rex</span> <span class='ocrx_word' id='word_1_198' title='bbox 1051 3103 1463 3160; x_wconf 88' lang='lat' dir='ltr'>Castellionem</span> <span class='ocrx_word' id='word_1_199' title='bbox 1495 3106 1650 3178; x_wconf 90' lang='lat' dir='ltr'>cepit</span> <span class='ocrx_word' id='word_1_200' title='bbox 1679 3113 1735 3162; x_wconf 87' lang='lat' dir='ltr'>et</span> 
     </span>
    </p>
   </div>
   <div class='ocr_carea' id='block_1_33' title="bbox 63 3180 1732 3266">
    <p class='ocr_par' dir='ltr' id='par_1_33' title="bbox 63 3180 1732 3266">
     <span class='ocr_line' id='line_1_33' title="bbox 63 3180 1732 3266; baseline 0.009 -29"><span class='ocrx_word' id='word_1_201' title='bbox 63 3180 400 3238; x_wconf 89' lang='lat' dir='ltr'>conbussit.</span> <span class='ocrx_word' id='word_1_202' title='bbox 438 3187 558 3240; x_wconf 88' lang='lat' dir='ltr'>Hoc</span> <span class='ocrx_word' id='word_1_203' title='bbox 606 3202 766 3242; x_wconf 88' lang='lat' dir='ltr'>anno</span> <span class='ocrx_word' id='word_1_204' title='bbox 798 3188 947 3244; x_wconf 88' lang='lat' dir='ltr'>inter</span> <span class='ocrx_word' id='word_1_205' title='bbox 975 3207 1200 3263; x_wconf 88' lang='lat' dir='ltr'>papam</span> <span class='ocrx_word' id='word_1_206' title='bbox 1228 3199 1284 3248; x_wconf 91' lang='lat' dir='ltr'>et</span> <span class='ocrx_word' id='word_1_207' title='bbox 1313 3193 1732 3266; x_wconf 79' lang='lat' dir='ltr'>imperatorem</span> 
     </span>
    </p>
   </div>
   <div class='ocr_carea' id='block_1_34' title="bbox 63 3269 1732 3354">
    <p class='ocr_par' dir='ltr' id='par_1_34' title="bbox 63 3269 1732 3354">
     <span class='ocr_line' id='line_1_34' title="bbox 63 3269 1732 3354; baseline 0.008 -30"><span class='ocrx_word' id='word_1_208' title='bbox 63 3269 372 3326; x_wconf 86' lang='lat' dir='ltr'>discordia</span> <span class='ocrx_word' id='word_1_209' title='bbox 422 3277 550 3328; x_wconf 91' lang='lat' dir='ltr'>orta</span> <span class='ocrx_word' id='word_1_210' title='bbox 596 3281 700 3342; x_wconf 89' lang='lat' dir='ltr'>est,</span> <span class='ocrx_word' id='word_1_211' title='bbox 735 3281 791 3331; x_wconf 90' lang='lat' dir='ltr'>et</span> <span class='ocrx_word' id='word_1_212' title='bbox 832 3280 1112 3335; x_wconf 85' lang='lat' dir='ltr'>Henricus</span> <span class='ocrx_word' id='word_1_213' title='bbox 1157 3281 1312 3336; x_wconf 87' lang='lat' dir='ltr'>ﬁlius</span> <span class='ocrx_word' id='word_1_214' title='bbox 1358 3283 1732 3354; x_wconf 86' lang='lat' dir='ltr'>imperatoris</span> 
     </span>
    </p>
   </div>
   <div class='ocr_carea' id='block_1_35' title="bbox 64 3359 1731 3442">
    <p class='ocr_par' dir='ltr' id='par_1_35' title="bbox 64 3359 1731 3442">
     <span class='ocr_line' id='line_1_35' title="bbox 64 3359 1731 3442; baseline 0.008 -27"><span class='ocrx_word' id='word_1_215' title='bbox 64 3359 344 3415; x_wconf 87' lang='lat' dir='ltr'>amittam</span> <span class='ocrx_word' id='word_1_216' title='bbox 385 3361 675 3418; x_wconf 89' lang='lat' dir='ltr'>Guillelmi</span> <span class='ocrx_word' id='word_1_217' title='bbox 706 3367 860 3433; x_wconf 73' lang='lat' dir='ltr'>regis</span> <span class='ocrx_word' id='word_1_218' title='bbox 892 3369 1099 3440; x_wconf 85' lang='lat' dir='ltr'>Apulie</span> <span class='ocrx_word' id='word_1_219' title='bbox 1133 3371 1291 3442; x_wconf 89' lang='lat' dir='ltr'>apud</span> <span class='ocrx_word' id='word_1_220' title='bbox 1335 3373 1731 3430; x_wconf 83' lang='lat' dir='ltr'>Mediolanum</span> 
     </span>
    </p>
   </div>
   <div class='ocr_carea' id='block_1_36' title="bbox 66 3448 1514 3529">
    <p class='ocr_par' dir='ltr' id='par_1_36' title="bbox 66 3448 1514 3529">
     <span class='ocr_line' id='line_1_36' title="bbox 66 3448 1514 3529; baseline 0.008 -24"><span class='ocrx_word' id='word_1_221' title='bbox 66 3448 244 3505; x_wconf 80' lang='lat' dir='ltr'>duxit</span> <span class='ocrx_word' id='word_1_222' title='bbox 267 3449 328 3505; x_wconf 89' lang='lat' dir='ltr'>in</span> <span class='ocrx_word' id='word_1_223' title='bbox 360 3468 609 3508; x_wconf 90' lang='lat' dir='ltr'>uxorem</span> <span class='ocrx_word' id='word_1_224' title='bbox 636 3458 693 3510; x_wconf 93' lang='lat' dir='ltr'>et</span> <span class='ocrx_word' id='word_1_225' title='bbox 719 3456 827 3510; x_wconf 88' lang='lat' dir='ltr'>sibi</span> <span class='ocrx_word' id='word_1_226' title='bbox 861 3458 1201 3529; x_wconf 79' lang='lat' dir='ltr'>subjugavit</span> <span class='ocrx_word' id='word_1_227' title='bbox 1223 3462 1514 3517; x_wconf 82' lang='lat' dir='ltr'>Tusciam.</span> 
     </span>
    </p>
   </div>
   <div class='ocr_carea' id='block_1_37' title="bbox 141 3909 1726 3985">
    <p class='ocr_par' dir='ltr' id='par_1_37' title="bbox 141 3909 1726 3985">
     <span class='ocr_line' id='line_1_37' title="bbox 141 3909 1726 3985; baseline 0.002 -21"><span class='ocrx_word' id='word_1_228' title='bbox 141 3909 297 3964; x_wconf 89' lang='grc'>1188.</span> <span class='ocrx_word' id='word_1_229' title='bbox 342 3911 460 3965; x_wconf 84' lang='lat' dir='ltr'>Hoc</span> <span class='ocrx_word' id='word_1_230' title='bbox 507 3925 667 3965; x_wconf 89' lang='lat' dir='ltr'>anno</span> <span class='ocrx_word' id='word_1_231' title='bbox 719 3911 800 3966; x_wconf 91' lang='lat'>12.</span> <span class='ocrx_word' id='word_1_232' title='bbox 844 3913 976 3968; x_wconf 90' lang='lat' dir='ltr'>Kal.</span> <span class='ocrx_word' id='word_1_233' title='bbox 1018 3913 1232 3985; x_wconf 77' lang='lat' dir='ltr'>Aprilis</span> <span class='ocrx_word' id='word_1_234' title='bbox 1275 3915 1420 3969; x_wconf 90' lang='lat' dir='ltr'>obiit</span> <span class='ocrx_word' id='word_1_235' title='bbox 1465 3914 1726 3969; x_wconf 86' lang='lat' dir='ltr'>domnus</span> 
     </span>
    </p>
   </div>
   <div class='ocr_carea' id='block_1_38' title="bbox 59 3997 1725 4071">
    <p class='ocr_par' dir='ltr' id='par_1_38' title="bbox 59 3997 1725 4071">
     <span class='ocr_line' id='line_1_38' title="bbox 59 3997 1725 4071; baseline 0.002 -17"><span class='ocrx_word' id='word_1_236' title='bbox 59 4004 264 4071; x_wconf 71' lang='lat' dir='ltr'>Aymo</span> <span class='ocrx_word' id='word_1_237' title='bbox 287 3997 477 4054; x_wconf 87' lang='lat' dir='ltr'>abbas</span> <span class='ocrx_word' id='word_1_238' title='bbox 500 4000 680 4070; x_wconf 90' lang='lat' dir='ltr'>hujus</span> <span class='ocrx_word' id='word_1_239' title='bbox 703 4001 849 4068; x_wconf 89' lang='lat' dir='ltr'>loci;</span> <span class='ocrx_word' id='word_1_240' title='bbox 884 4003 1097 4058; x_wconf 89' lang='lat' dir='ltr'>eodem</span> <span class='ocrx_word' id='word_1_241' title='bbox 1119 4005 1213 4059; x_wconf 90' lang='lat' dir='ltr'>die</span> <span class='ocrx_word' id='word_1_242' title='bbox 1238 4005 1499 4059; x_wconf 90' lang='lat' dir='ltr'>domnus</span> <span class='ocrx_word' id='word_1_243' title='bbox 1524 4008 1725 4059; x_wconf 87' lang='lat' dir='ltr'>Petrus</span> 
     </span>
    </p>
   </div>
   <div class='ocr_carea' id='block_1_39' title="bbox 57 4087 1724 4164">
    <p class='ocr_par' dir='ltr' id='par_1_39' title="bbox 57 4087 1724 4164">
     <span class='ocr_line' id='line_1_39' title="bbox 57 4087 1724 4164; baseline 0.004 -22"><span class='ocrx_word' id='word_1_244' title='bbox 57 4087 286 4142; x_wconf 90' lang='lat' dir='ltr'>electus</span> <span class='ocrx_word' id='word_1_245' title='bbox 325 4093 430 4156; x_wconf 91' lang='lat' dir='ltr'>est,</span> <span class='ocrx_word' id='word_1_246' title='bbox 464 4093 520 4145; x_wconf 90' lang='lat' dir='ltr'>et</span> <span class='ocrx_word' id='word_1_247' title='bbox 565 4092 777 4147; x_wconf 86' lang='lat' dir='ltr'>exhinc</span> <span class='ocrx_word' id='word_1_248' title='bbox 810 4098 839 4147; x_wconf 74' lang='grc' dir='ltr'>ὅ</span> <span class='ocrx_word' id='word_1_249' title='bbox 879 4093 974 4148; x_wconf 89' lang='lat' dir='ltr'>die</span> <span class='ocrx_word' id='word_1_250' title='bbox 1019 4099 1401 4149; x_wconf 87' lang='lat' dir='ltr'>consecratus</span> <span class='ocrx_word' id='word_1_251' title='bbox 1444 4099 1529 4148; x_wconf 89' lang='lat' dir='ltr'>est</span> <span class='ocrx_word' id='word_1_252' title='bbox 1561 4094 1724 4164; x_wconf 87' lang='lat' dir='ltr'>apud</span> 
     </span>
    </p>
   </div>
   <div class='ocr_carea' id='block_1_40' title="bbox 56 4178 1722 4256">
    <p class='ocr_par' dir='ltr' id='par_1_40' title="bbox 56 4178 1722 4256">
     <span class='ocr_line' id='line_1_40' title="bbox 56 4178 1722 4256; baseline 0.005 -23"><span class='ocrx_word' id='word_1_253' title='bbox 56 4181 277 4233; x_wconf 89' lang='lat' dir='ltr'>Trecas</span> <span class='ocrx_word' id='word_1_254' title='bbox 331 4193 366 4232; x_wconf 88' lang='lat' dir='ltr'>a</span> <span class='ocrx_word' id='word_1_255' title='bbox 414 4178 640 4234; x_wconf 89' lang='lat' dir='ltr'>domno</span> <span class='ocrx_word' id='word_1_256' title='bbox 696 4185 966 4238; x_wconf 83' lang='lat' dir='ltr'>Manasse</span> <span class='ocrx_word' id='word_1_257' title='bbox 1017 4184 1373 4251; x_wconf 80' lang='lat' dir='ltr'>Lingonensi</span> <span class='ocrx_word' id='word_1_258' title='bbox 1419 4184 1722 4256; x_wconf 83' lang='lat' dir='ltr'>episcopo.</span> 
     </span>
    </p>
   </div>
   <div class='ocr_carea' id='block_1_41' title="bbox 55 4266 1437 4344">
    <p class='ocr_par' dir='ltr' id='par_1_41' title="bbox 55 4266 1437 4344">
     <span class='ocr_line' id='line_1_41' title="bbox 55 4266 1437 4344; baseline 0.005 -25"><span class='ocrx_word' id='word_1_259' title='bbox 55 4269 337 4338; x_wconf 84' lang='lat' dir='ltr'>presente</span> <span class='ocrx_word' id='word_1_260' title='bbox 370 4266 488 4321; x_wconf 87' lang='lat' dir='ltr'>alio</span> <span class='ocrx_word' id='word_1_261' title='bbox 519 4271 788 4324; x_wconf 82' lang='lat' dir='ltr'>Manasse</span> <span class='ocrx_word' id='word_1_262' title='bbox 817 4273 1102 4326; x_wconf 85' lang='lat' dir='ltr'>Trecense</span> <span class='ocrx_word' id='word_1_263' title='bbox 1136 4273 1437 4344; x_wconf 89' lang='lat' dir='ltr'>episcopo.</span> 
     </span>
    </p>
   </div>
   <div class='ocr_carea' id='block_1_42' title="bbox 136 4357 1725 4432">
    <p class='ocr_par' dir='ltr' id='par_1_42' title="bbox 136 4357 1725 4432">
     <span class='ocr_line' id='line_1_42' title="bbox 136 4357 1725 4432; baseline 0.003 -22"><span class='ocrx_word' id='word_1_264' title='bbox 136 4358 295 4410; x_wconf 88' lang='lat'>1190.</span> <span class='ocrx_word' id='word_1_265' title='bbox 329 4358 447 4410; x_wconf 89' lang='lat' dir='ltr'>Hoc</span> <span class='ocrx_word' id='word_1_266' title='bbox 475 4372 634 4411; x_wconf 88' lang='lat' dir='ltr'>anno</span> <span class='ocrx_word' id='word_1_267' title='bbox 661 4357 944 4414; x_wconf 89' lang='lat' dir='ltr'>dominus</span> <span class='ocrx_word' id='word_1_268' title='bbox 975 4361 1316 4432; x_wconf 87' lang='lat' dir='ltr'>imperator,</span> <span class='ocrx_word' id='word_1_269' title='bbox 1341 4378 1443 4416; x_wconf 85' lang='lat' dir='ltr'>rex</span> <span class='ocrx_word' id='word_1_270' title='bbox 1479 4364 1725 4415; x_wconf 76' lang='lat' dir='ltr'>Franco-</span> 
     </span>
    </p>
   </div>
   <div class='ocr_carea' id='block_1_43' title="bbox 53 4443 1725 4521">
    <p class='ocr_par' dir='ltr' id='par_1_43' title="bbox 53 4443 1725 4521">
     <span class='ocr_line' id='line_1_43' title="bbox 53 4443 1725 4521; baseline 0.003 -21"><span class='ocrx_word' id='word_1_271' title='bbox 53 4461 197 4500; x_wconf 86' lang='lat' dir='ltr'>rum</span> <span class='ocrx_word' id='word_1_272' title='bbox 250 4443 553 4514; x_wconf 88' lang='lat' dir='ltr'>Philippus</span> <span class='ocrx_word' id='word_1_273' title='bbox 598 4452 652 4500; x_wconf 91' lang='lat' dir='ltr'>et</span> <span class='ocrx_word' id='word_1_274' title='bbox 691 4462 794 4500; x_wconf 89' lang='lat' dir='ltr'>rex</span> <span class='ocrx_word' id='word_1_275' title='bbox 827 4449 1031 4515; x_wconf 70' lang='lat' dir='ltr'>Anglic</span> <span class='ocrx_word' id='word_1_276' title='bbox 1064 4465 1299 4503; x_wconf 89' lang='lat' dir='ltr'>crucem</span> <span class='ocrx_word' id='word_1_277' title='bbox 1342 4456 1725 4521; x_wconf 71' lang='lat' dir='ltr'>sumpsm&#39;unt</span> 
     </span>
    </p>
   </div>
   <div class='ocr_carea' id='block_1_44' title="bbox 48 4531 1729 4604">
    <p class='ocr_par' dir='ltr' id='par_1_44' title="bbox 48 4531 1729 4604">
     <span class='ocr_line' id='line_1_44' title="bbox 48 4531 1729 4604; baseline 0.002 -15"><span class='ocrx_word' id='word_1_278' title='bbox 48 4531 518 4589; x_wconf 85' lang='lat' dir='ltr'>Jherosolimam</span> <span class='ocrx_word' id='word_1_279' title='bbox 561 4534 998 4604; x_wconf 81' lang='lat' dir='ltr'>proficiscendi,</span> <span class='ocrx_word' id='word_1_280' title='bbox 1052 4537 1332 4592; x_wconf 84' lang='lat' dir='ltr'>Saladino</span> <span class='ocrx_word' id='word_1_281' title='bbox 1384 4543 1566 4593; x_wconf 87' lang='lat' dir='ltr'>totam</span> <span class='ocrx_word' id='word_1_282' title='bbox 1623 4545 1729 4593; x_wconf 90' lang='lat' dir='ltr'>ter-</span> 
     </span>
    </p>
   </div>
   <div class='ocr_carea' id='block_1_45' title="bbox 53 4617 1727 4687">
    <p class='ocr_par' dir='ltr' id='par_1_45' title="bbox 53 4617 1727 4687">
     <span class='ocr_line' id='line_1_45' title="bbox 53 4617 1727 4687; baseline 0.005 -13"><span class='ocrx_word' id='word_1_283' title='bbox 53 4637 193 4678; x_wconf 83' lang='lat' dir='ltr'>ram</span> <span class='ocrx_word' id='word_1_284' title='bbox 245 4617 584 4674; x_wconf 82' lang='lat' dir='ltr'>devastanti</span> <span class='ocrx_word' id='word_1_285' title='bbox 629 4638 937 4678; x_wconf 86' lang='lat' dir='ltr'>occurrere</span> <span class='ocrx_word' id='word_1_286' title='bbox 970 4623 1264 4687; x_wconf 84' lang='lat' dir='ltr'>volentes;</span> <span class='ocrx_word' id='word_1_287' title='bbox 1322 4630 1378 4679; x_wconf 88' lang='lat' dir='ltr'>et</span> <span class='ocrx_word' id='word_1_288' title='bbox 1428 4627 1595 4680; x_wconf 84' lang='lat' dir='ltr'>multi</span> <span class='ocrx_word' id='word_1_289' title='bbox 1630 4627 1727 4683; x_wconf 90' lang='lat' dir='ltr'>alii</span> 
     </span>
    </p>
   </div>
   <div class='ocr_carea' id='block_1_46' title="bbox 52 4707 1418 4783">
    <p class='ocr_par' dir='ltr' id='par_1_46' title="bbox 52 4707 1418 4783">
     <span class='ocr_line' id='line_1_46' title="bbox 52 4707 1418 4783; baseline 0.001 -16"><span class='ocrx_word' id='word_1_290' title='bbox 52 4707 297 4767; x_wconf 88' lang='lat' dir='ltr'>nobiles</span> <span class='ocrx_word' id='word_1_291' title='bbox 327 4711 382 4760; x_wconf 91' lang='lat' dir='ltr'>et</span> <span class='ocrx_word' id='word_1_292' title='bbox 407 4713 677 4778; x_wconf 89' lang='lat' dir='ltr'>potentes</span> <span class='ocrx_word' id='word_1_293' title='bbox 705 4727 844 4765; x_wconf 91' lang='lat' dir='ltr'>cum</span> <span class='ocrx_word' id='word_1_294' title='bbox 877 4713 959 4766; x_wconf 90' lang='lat' dir='ltr'>eis</span> <span class='ocrx_word' id='word_1_295' title='bbox 989 4713 1236 4783; x_wconf 86' lang='lat' dir='ltr'>profecti</span> <span class='ocrx_word' id='word_1_296' title='bbox 1264 4720 1418 4769; x_wconf 91' lang='lat' dir='ltr'>sunt.</span> 
     </span>
    </p>
   </div>
   <div class='ocr_carea' id='block_1_47' title="bbox 137 4796 1268 4872">
    <p class='ocr_par' dir='ltr' id='par_1_47' title="bbox 137 4796 1268 4872">
     <span class='ocr_line' id='line_1_47' title="bbox 137 4796 1268 4872; baseline 0.002 -20"><span class='ocrx_word' id='word_1_297' title='bbox 137 4799 295 4852; x_wconf 88' lang='lat'>1192.</span> <span class='ocrx_word' id='word_1_298' title='bbox 342 4796 463 4851; x_wconf 83' lang='lat' dir='ltr'>Hoc</span> <span class='ocrx_word' id='word_1_299' title='bbox 491 4813 651 4854; x_wconf 89' lang='lat' dir='ltr'>anno</span> <span class='ocrx_word' id='word_1_300' title='bbox 679 4805 939 4856; x_wconf 86' lang='lat' dir='ltr'>cometes</span> <span class='ocrx_word' id='word_1_301' title='bbox 971 4800 1268 4872; x_wconf 87' lang='lat' dir='ltr'>apparuit.</span> 
     </span>
    </p>
   </div>
   <div class='ocr_carea' id='block_1_48' title="bbox 1867 428 3524 504">
    <p class='ocr_par' dir='ltr' id='par_1_48' title="bbox 1867 428 3524 504">
     <span class='ocr_line' id='line_1_48' title="bbox 1867 428 3524 504; baseline 0.004 -23"><span class='ocrx_word' id='word_1_302' title='bbox 1867 428 2105 484; x_wconf 88' lang='lat' dir='ltr'>duravit</span> <span class='ocrx_word' id='word_1_303' title='bbox 2149 429 2524 485; x_wconf 84' lang='lat' dir='ltr'>interdictum</span> <span class='ocrx_word' id='word_1_304' title='bbox 2565 447 2600 485; x_wconf 89' lang='lat' dir='ltr'>a</span> <span class='ocrx_word' id='word_1_305' title='bbox 2643 429 2844 484; x_wconf 88' lang='lat' dir='ltr'>media</span> <span class='ocrx_word' id='word_1_306' title='bbox 2873 430 3360 502; x_wconf 84' lang='lat' dir='ltr'>quadragesima,</span> <span class='ocrx_word' id='word_1_307' title='bbox 3389 447 3524 504; x_wconf 72' lang='lat' dir='ltr'>qua:</span> 
     </span>
    </p>
   </div>
   <div class='ocr_carea' id='block_1_49' title="bbox 1869 519 3520 590">
    <p class='ocr_par' dir='ltr' id='par_1_49' title="bbox 1869 519 3520 590">
     <span class='ocr_line' id='line_1_49' title="bbox 1869 519 3520 590; baseline 0.003 -19"><span class='ocrx_word' id='word_1_308' title='bbox 1869 522 2008 572; x_wconf 90' lang='lat' dir='ltr'>tunc</span> <span class='ocrx_word' id='word_1_309' title='bbox 2055 519 2159 573; x_wconf 88' lang='lat' dir='ltr'>fuit</span> <span class='ocrx_word' id='word_1_310' title='bbox 2191 523 2252 573; x_wconf 77' lang='grc'>14</span> <span class='ocrx_word' id='word_1_311' title='bbox 2285 519 2412 574; x_wconf 85' lang='lat' dir='ltr'>Kal.</span> <span class='ocrx_word' id='word_1_312' title='bbox 2443 519 2680 590; x_wconf 85' lang='lat' dir='ltr'>Aprilis,</span> <span class='ocrx_word' id='word_1_313' title='bbox 2717 535 2906 590; x_wconf 90' lang='lat' dir='ltr'>usque</span> <span class='ocrx_word' id='word_1_314' title='bbox 2947 519 3024 574; x_wconf 90' lang='lat' dir='ltr'>ad</span> <span class='ocrx_word' id='word_1_315' title='bbox 3055 520 3298 576; x_wconf 89' lang='lat' dir='ltr'>terciam</span> <span class='ocrx_word' id='word_1_316' title='bbox 3337 521 3520 576; x_wconf 86' lang='lat' dir='ltr'>domi-</span> 
     </span>
    </p>
   </div>
   <div class='ocr_carea' id='block_1_50' title="bbox 1865 607 3515 681">
    <p class='ocr_par' dir='ltr' id='par_1_50' title="bbox 1865 607 3515 681">
     <span class='ocr_line' id='line_1_50' title="bbox 1865 607 3515 681; baseline 0.002 -21"><span class='ocrx_word' id='word_1_317' title='bbox 1865 607 2064 661; x_wconf 88' lang='lat' dir='ltr'>nicam</span> <span class='ocrx_word' id='word_1_318' title='bbox 2110 609 2408 679; x_wconf 86' lang='lat' dir='ltr'>sequentis</span> <span class='ocrx_word' id='word_1_319' title='bbox 2459 624 2618 664; x_wconf 91' lang='lat' dir='ltr'>anno</span> <span class='ocrx_word' id='word_1_320' title='bbox 2655 610 2723 642; x_wconf 58' lang='lat'>“1&quot;</span> <span class='ocrx_word' id='word_1_321' title='bbox 2756 613 2896 679; x_wconf 90' lang='lat' dir='ltr'>post</span> <span class='ocrx_word' id='word_1_322' title='bbox 2934 608 3124 676; x_wconf 87' lang='lat' dir='ltr'>albas,</span> <span class='ocrx_word' id='word_1_323' title='bbox 3157 626 3273 681; x_wconf 88' lang='lat' dir='ltr'>que</span> <span class='ocrx_word' id='word_1_324' title='bbox 3321 609 3428 664; x_wconf 85' lang='lat' dir='ltr'>fuit</span> <span class='ocrx_word' id='word_1_325' title='bbox 3462 615 3515 664; x_wconf 95' lang='lat'>11</span> 
     </span>
    </p>
   </div>
   <div class='ocr_carea' id='block_1_51' title="bbox 1871 696 3519 766">
    <p class='ocr_par' dir='ltr' id='par_1_51' title="bbox 1871 696 3519 766">
     <span class='ocr_line' id='line_1_51' title="bbox 1871 696 3519 766; baseline 0.003 -17"><span class='ocrx_word' id='word_1_326' title='bbox 1871 696 1991 750; x_wconf 84' lang='lat' dir='ltr'>Kal.</span> <span class='ocrx_word' id='word_1_327' title='bbox 2025 697 2170 762; x_wconf 85' lang='lat' dir='ltr'>Maii,</span> <span class='ocrx_word' id='word_1_328' title='bbox 2206 702 2260 752; x_wconf 86' lang='lat' dir='ltr'>et</span> <span class='ocrx_word' id='word_1_329' title='bbox 2290 703 2428 752; x_wconf 90' lang='lat' dir='ltr'>tunc</span> <span class='ocrx_word' id='word_1_330' title='bbox 2456 698 2515 752; x_wconf 92' lang='lat' dir='ltr'>in</span> <span class='ocrx_word' id='word_1_331' title='bbox 2549 697 2807 766; x_wconf 77' lang='lat' dir='ltr'>generali</span> <span class='ocrx_word' id='word_1_332' title='bbox 2833 698 3083 752; x_wconf 92' lang='lat' dir='ltr'>concilio</span> <span class='ocrx_word' id='word_1_333' title='bbox 3105 698 3184 753; x_wconf 90' lang='lat' dir='ltr'>ab</span> <span class='ocrx_word' id='word_1_334' title='bbox 3215 700 3285 732; x_wconf 66' lang='grc'>³0⁵</span> <span class='ocrx_word' id='word_1_335' title='bbox 3308 699 3519 755; x_wconf 90' lang='lat' dir='ltr'>eodem</span> 
     </span>
    </p>
   </div>
   <div class='ocr_carea' id='block_1_52' title="bbox 1866 785 3524 856">
    <p class='ocr_par' dir='ltr' id='par_1_52' title="bbox 1866 785 3524 856">
     <span class='ocr_line' id='line_1_52' title="bbox 1866 785 3524 856; baseline 0.003 -19"><span class='ocrx_word' id='word_1_336' title='bbox 1866 801 2026 856; x_wconf 86' lang='lat' dir='ltr'>papa</span> <span class='ocrx_word' id='word_1_337' title='bbox 2059 785 2331 840; x_wconf 88' lang='lat' dir='ltr'>absoluta</span> <span class='ocrx_word' id='word_1_338' title='bbox 2362 791 2468 840; x_wconf 90' lang='lat' dir='ltr'>est.</span> <span class='ocrx_word' id='word_1_339' title='bbox 2505 787 2626 840; x_wconf 84' lang='lat' dir='ltr'>Hoc</span> <span class='ocrx_word' id='word_1_340' title='bbox 2660 785 2838 840; x_wconf 87' lang='lat' dir='ltr'>etiam</span> <span class='ocrx_word' id='word_1_341' title='bbox 2867 801 3027 841; x_wconf 88' lang='lat' dir='ltr'>anno</span> <span class='ocrx_word' id='word_1_342' title='bbox 3053 787 3409 842; x_wconf 87' lang='lat' dir='ltr'>obscuratus</span> <span class='ocrx_word' id='word_1_343' title='bbox 3436 793 3524 842; x_wconf 90' lang='lat' dir='ltr'>est</span> 
     </span>
    </p>
   </div>
   <div class='ocr_carea' id='block_1_53' title="bbox 1866 873 3520 947">
    <p class='ocr_par' dir='ltr' id='par_1_53' title="bbox 1866 873 3520 947">
     <span class='ocr_line' id='line_1_53' title="bbox 1866 873 3520 947; baseline 0.003 -22"><span class='ocrx_word' id='word_1_344' title='bbox 1866 873 1953 926; x_wconf 92' lang='lat' dir='ltr'>sol</span> <span class='ocrx_word' id='word_1_345' title='bbox 1981 873 2117 927; x_wconf 92' lang='lat' dir='ltr'>Idus</span> <span class='ocrx_word' id='word_1_346' title='bbox 2148 874 2506 945; x_wconf 87' lang='lat' dir='ltr'>Septembris</span> <span class='ocrx_word' id='word_1_347' title='bbox 2531 875 2687 928; x_wconf 89' lang='lat' dir='ltr'>circa</span> <span class='ocrx_word' id='word_1_348' title='bbox 2713 875 2924 928; x_wconf 89' lang='lat' dir='ltr'>horam</span> <span class='ocrx_word' id='word_1_349' title='bbox 2954 890 3199 930; x_wconf 88' lang='lat' dir='ltr'>nonam.</span> <span class='ocrx_word' id='word_1_350' title='bbox 3233 876 3357 930; x_wconf 86' lang='lat' dir='ltr'>Hoc</span> <span class='ocrx_word' id='word_1_351' title='bbox 3386 875 3520 947; x_wconf 92' lang='lat' dir='ltr'>ipso</span> 
     </span>
    </p>
   </div>
   <div class='ocr_carea' id='block_1_54' title="bbox 1864 962 3521 1034">
    <p class='ocr_par' dir='ltr' id='par_1_54' title="bbox 1864 962 3521 1034">
     <span class='ocr_line' id='line_1_54' title="bbox 1864 962 3521 1034; baseline 0.004 -20"><span class='ocrx_word' id='word_1_352' title='bbox 1864 978 2024 1016; x_wconf 82' lang='lat' dir='ltr'>anno</span> <span class='ocrx_word' id='word_1_353' title='bbox 2046 962 2103 1016; x_wconf 91' lang='lat' dir='ltr'>in</span> <span class='ocrx_word' id='word_1_354' title='bbox 2136 963 2391 1018; x_wconf 88' lang='lat' dir='ltr'>sabbato</span> <span class='ocrx_word' id='word_1_355' title='bbox 2414 979 2637 1031; x_wconf 79' lang='lat' dir='ltr'>magno</span> <span class='ocrx_word' id='word_1_356' title='bbox 2665 965 2733 997; x_wconf 55' lang='lat'>“1&quot;</span> <span class='ocrx_word' id='word_1_357' title='bbox 2757 964 2982 1034; x_wconf 87' lang='lat' dir='ltr'>pasche</span> <span class='ocrx_word' id='word_1_358' title='bbox 3001 964 3120 1018; x_wconf 82' lang='lat' dir='ltr'>vise</span> <span class='ocrx_word' id='word_1_359' title='bbox 3144 969 3282 1018; x_wconf 89' lang='lat' dir='ltr'>sunt</span> <span class='ocrx_word' id='word_1_360' title='bbox 3301 965 3378 1020; x_wconf 89' lang='lat' dir='ltr'>ab</span> <span class='ocrx_word' id='word_1_361' title='bbox 3395 981 3521 1020; x_wconf 89' lang='lat' dir='ltr'>om-</span> 
     </span>
    </p>
   </div>
   <div class='ocr_carea' id='block_1_55' title="bbox 1863 1052 3518 1126">
    <p class='ocr_par' dir='ltr' id='par_1_55' title="bbox 1863 1052 3518 1126">
     <span class='ocr_line' id='line_1_55' title="bbox 1863 1052 3518 1126; baseline 0.002 -21"><span class='ocrx_word' id='word_1_362' title='bbox 1863 1052 1922 1105; x_wconf 89' lang='lat' dir='ltr'>ni</span> <span class='ocrx_word' id='word_1_363' title='bbox 1953 1052 2180 1123; x_wconf 87' lang='lat' dir='ltr'>populo</span> <span class='ocrx_word' id='word_1_364' title='bbox 2208 1057 2324 1106; x_wconf 88' lang='lat' dir='ltr'>tres</span> <span class='ocrx_word' id='word_1_365' title='bbox 2359 1053 2637 1108; x_wconf 89' lang='lat' dir='ltr'>columbe</span> <span class='ocrx_word' id='word_1_366' title='bbox 2668 1053 2745 1108; x_wconf 89' lang='lat' dir='ltr'>ad</span> <span class='ocrx_word' id='word_1_367' title='bbox 2775 1053 2988 1108; x_wconf 90' lang='lat' dir='ltr'>horam</span> <span class='ocrx_word' id='word_1_368' title='bbox 3020 1053 3391 1126; x_wconf 89' lang='lat' dir='ltr'>completorii</span> <span class='ocrx_word' id='word_1_369' title='bbox 3423 1072 3518 1109; x_wconf 87' lang='lat' dir='ltr'>su-</span> 
     </span>
    </p>
   </div>
   <div class='ocr_carea' id='block_1_56' title="bbox 1863 1131 3517 1213">
    <p class='ocr_par' dir='ltr' id='par_1_56' title="bbox 1863 1131 3517 1213">
     <span class='ocr_line' id='line_1_56' title="bbox 1863 1131 3517 1213; baseline 0.004 -19"><span class='ocrx_word' id='word_1_370' title='bbox 1863 1158 1968 1213; x_wconf 83' lang='lat' dir='ltr'>per</span> <span class='ocrx_word' id='word_1_371' title='bbox 1994 1143 2198 1196; x_wconf 89' lang='lat' dir='ltr'>turrim</span> <span class='ocrx_word' id='word_1_372' title='bbox 2228 1142 2566 1197; x_wconf 83' lang='lat' dir='ltr'>beatissime</span> <span class='ocrx_word' id='word_1_373' title='bbox 2589 1143 2760 1198; x_wconf 86' lang='lat' dir='ltr'>Marie</span> <span class='ocrx_word' id='word_1_374' title='bbox 2782 1143 2855 1196; x_wconf 91' lang='lat' dir='ltr'>de</span> <span class='ocrx_word' id='word_1_375' title='bbox 2874 1143 3113 1198; x_wconf 91' lang='lat' dir='ltr'>sublimi</span> <span class='ocrx_word' id='word_1_376' title='bbox 3135 1131 3517 1200; x_wconf 87' lang='lat' dir='ltr'>descendisse</span> 
     </span>
    </p>
   </div>
   <div class='ocr_carea' id='block_1_57' title="bbox 1862 1232 3348 1303">
    <p class='ocr_par' dir='ltr' id='par_1_57' title="bbox 1862 1232 3348 1303">
     <span class='ocr_line' id='line_1_57' title="bbox 1862 1232 3348 1303; baseline 0.003 -18"><span class='ocrx_word' id='word_1_377' title='bbox 1862 1237 1917 1286; x_wconf 90' lang='lat' dir='ltr'>et</span> <span class='ocrx_word' id='word_1_378' title='bbox 1949 1237 2236 1303; x_wconf 86' lang='lat' dir='ltr'>tanquam</span> <span class='ocrx_word' id='word_1_379' title='bbox 2268 1248 2469 1286; x_wconf 87' lang='lat' dir='ltr'>cereos</span> <span class='ocrx_word' id='word_1_380' title='bbox 2499 1232 2775 1286; x_wconf 87' lang='lat' dir='ltr'>ardentes</span> <span class='ocrx_word' id='word_1_381' title='bbox 2810 1247 3014 1286; x_wconf 89' lang='lat' dir='ltr'>secum</span> <span class='ocrx_word' id='word_1_382' title='bbox 3047 1233 3348 1290; x_wconf 89' lang='lat' dir='ltr'>detulisse.</span> 
     </span>
    </p>
   </div>
   <div class='ocr_carea' id='block_1_58' title="bbox 1936 1321 3518 1390">
    <p class='ocr_par' dir='ltr' id='par_1_58' title="bbox 1936 1321 3518 1390">
     <span class='ocr_line' id='line_1_58' title="bbox 1936 1321 3518 1390; baseline 0.004 -17"><span class='ocrx_word' id='word_1_383' title='bbox 1936 1325 2087 1374; x_wconf 65' lang='lat'>11711.</span> <span class='ocrx_word' id='word_1_384' title='bbox 2114 1321 2233 1374; x_wconf 85' lang='lat' dir='ltr'>Hoc</span> <span class='ocrx_word' id='word_1_385' title='bbox 2261 1336 2420 1376; x_wconf 89' lang='lat' dir='ltr'>anno</span> <span class='ocrx_word' id='word_1_386' title='bbox 2453 1321 2766 1375; x_wconf 90' lang='lat' dir='ltr'>consilium</span> <span class='ocrx_word' id='word_1_387' title='bbox 2799 1324 2980 1374; x_wconf 83' lang='lat' dir='ltr'>Rome</span> <span class='ocrx_word' id='word_1_388' title='bbox 3013 1327 3099 1375; x_wconf 87' lang='lat' dir='ltr'>est</span> <span class='ocrx_word' id='word_1_389' title='bbox 3129 1323 3404 1390; x_wconf 80' lang='lat' dir='ltr'>generale</span> <span class='ocrx_word' id='word_1_390' title='bbox 3428 1340 3518 1379; x_wconf 91' lang='lat' dir='ltr'>ce-</span> 
     </span>
    </p>
   </div>
   <div class='ocr_carea' id='block_1_59' title="bbox 1859 1409 3517 1481">
    <p class='ocr_par' dir='ltr' id='par_1_59' title="bbox 1859 1409 3517 1481">
     <span class='ocr_line' id='line_1_59' title="bbox 1859 1409 3517 1481; baseline 0.002 -19"><span class='ocrx_word' id='word_1_391' title='bbox 1859 1409 2150 1464; x_wconf 88' lang='lat' dir='ltr'>lebratum</span> <span class='ocrx_word' id='word_1_392' title='bbox 2180 1425 2213 1463; x_wconf 87' lang='lat' dir='ltr'>a</span> <span class='ocrx_word' id='word_1_393' title='bbox 2244 1410 2469 1464; x_wconf 87' lang='lat' dir='ltr'>domno</span> <span class='ocrx_word' id='word_1_394' title='bbox 2499 1425 2660 1480; x_wconf 89' lang='lat' dir='ltr'>papa</span> <span class='ocrx_word' id='word_1_395' title='bbox 2678 1409 3012 1464; x_wconf 80' lang='lat' dir='ltr'>Alexandro</span> <span class='ocrx_word' id='word_1_396' title='bbox 3028 1410 3228 1464; x_wconf 91' lang='lat' dir='ltr'>tercio.</span> <span class='ocrx_word' id='word_1_397' title='bbox 3255 1415 3388 1481; x_wconf 87' lang='lat' dir='ltr'>Ipso</span> <span class='ocrx_word' id='word_1_398' title='bbox 3413 1428 3517 1466; x_wconf 88' lang='lat' dir='ltr'>an-</span> 
     </span>
    </p>
   </div>
   <div class='ocr_carea' id='block_1_60' title="bbox 1860 1501 3514 1574">
    <p class='ocr_par' dir='ltr' id='par_1_60' title="bbox 1860 1501 3514 1574">
     <span class='ocr_line' id='line_1_60' title="bbox 1860 1501 3514 1574; baseline 0.002 -20"><span class='ocrx_word' id='word_1_399' title='bbox 1860 1517 1938 1554; x_wconf 89' lang='lat' dir='ltr'>no</span> <span class='ocrx_word' id='word_1_400' title='bbox 1972 1501 2274 1574; x_wconf 83' lang='lat' dir='ltr'>Philippus</span> <span class='ocrx_word' id='word_1_401' title='bbox 2305 1517 2403 1554; x_wconf 89' lang='lat' dir='ltr'>rex</span> <span class='ocrx_word' id='word_1_402' title='bbox 2453 1503 2817 1569; x_wconf 79' lang='lat' dir='ltr'>Francorum</span> <span class='ocrx_word' id='word_1_403' title='bbox 2849 1506 3169 1557; x_wconf 86' lang='lat' dir='ltr'>coronatus</span> <span class='ocrx_word' id='word_1_404' title='bbox 3201 1508 3288 1556; x_wconf 92' lang='lat' dir='ltr'>est</span> <span class='ocrx_word' id='word_1_405' title='bbox 3317 1503 3514 1558; x_wconf 80' lang='lat' dir='ltr'>Remis</span> 
     </span>
    </p>
   </div>
   <div class='ocr_carea' id='block_1_61' title="bbox 1858 1589 3512 1646">
    <p class='ocr_par' dir='ltr' id='par_1_61' title="bbox 1858 1589 3512 1646">
     <span class='ocr_line' id='line_1_61' title="bbox 1858 1589 3512 1646; baseline 0.002 -4"><span class='ocrx_word' id='word_1_406' title='bbox 1858 1589 1917 1642; x_wconf 92' lang='lat' dir='ltr'>in</span> <span class='ocrx_word' id='word_1_407' title='bbox 1950 1589 2258 1643; x_wconf 89' lang='lat' dir='ltr'>festivitate</span> <span class='ocrx_word' id='word_1_408' title='bbox 2289 1590 2562 1643; x_wconf 89' lang='lat' dir='ltr'>omnium</span> <span class='ocrx_word' id='word_1_409' title='bbox 2597 1594 3044 1645; x_wconf 89' lang='lat' dir='ltr'>sanctorum.—</span> <span class='ocrx_word' id='word_1_410' title='bbox 3068 1590 3222 1645; x_wconf 91' lang='lat' dir='ltr'>Obiit</span> <span class='ocrx_word' id='word_1_411' title='bbox 3247 1590 3512 1646; x_wconf 88' lang='lat' dir='ltr'>Galterus</span> 
     </span>
    </p>
   </div>
   <div class='ocr_carea' id='block_1_62' title="bbox 1787 1677 3515 1749">
    <p class='ocr_par' dir='ltr' id='par_1_62' title="bbox 1787 1677 3515 1749">
     <span class='ocr_line' id='line_1_62' title="bbox 1787 1677 3515 1749; baseline 0.003 -19"><span class='ocrx_word' id='word_1_412' title='bbox 1787 1699 1829 1748; x_wconf 77' lang='grc' dir='ltr'>Β</span> <span class='ocrx_word' id='word_1_413' title='bbox 1862 1677 2246 1745; x_wconf 81' lang='lat' dir='ltr'>Lingonensis</span> <span class='ocrx_word' id='word_1_414' title='bbox 2285 1678 2604 1749; x_wconf 90' lang='lat' dir='ltr'>episcopus</span> <span class='ocrx_word' id='word_1_415' title='bbox 2644 1682 2674 1731; x_wconf 88' lang='lat'><strong>6</strong></span> <span class='ocrx_word' id='word_1_416' title='bbox 2723 1678 2861 1732; x_wconf 90' lang='lat' dir='ltr'>ldus</span> <span class='ocrx_word' id='word_1_417' title='bbox 2907 1678 3188 1734; x_wconf 86' lang='lat' dir='ltr'>Januarii.</span> <span class='ocrx_word' id='word_1_418' title='bbox 3222 1680 3515 1736; x_wconf 88' lang='lat' dir='ltr'>Successit</span> 
     </span>
    </p>
   </div>
   <div class='ocr_carea' id='block_1_63' title="bbox 1857 1770 2171 1822">
    <p class='ocr_par' dir='ltr' id='par_1_63' title="bbox 1857 1770 2171 1822">
     <span class='ocr_line' id='line_1_63' title="bbox 1857 1770 2171 1822; baseline -0.006 0"><span class='ocrx_word' id='word_1_419' title='bbox 1857 1770 2171 1822; x_wconf 84' lang='lat' dir='ltr'>Manasses.</span> 
     </span>
    </p>
   </div>
   <div class='ocr_carea' id='block_1_64' title="bbox 1928 1855 3507 1927">
    <p class='ocr_par' dir='ltr' id='par_1_64' title="bbox 1928 1855 3507 1927">
     <span class='ocr_line' id='line_1_64' title="bbox 1928 1855 3507 1927; baseline 0.001 -17"><span class='ocrx_word' id='word_1_420' title='bbox 1928 1861 2082 1910; x_wconf 88' lang='lat'>1181.</span> <span class='ocrx_word' id='word_1_421' title='bbox 2127 1855 2280 1911; x_wconf 92' lang='lat' dir='ltr'>Obiit</span> <span class='ocrx_word' id='word_1_422' title='bbox 2336 1872 2497 1927; x_wconf 90' lang='lat' dir='ltr'>papa</span> <span class='ocrx_word' id='word_1_423' title='bbox 2547 1856 2899 1912; x_wconf 82' lang='lat' dir='ltr'>Alexander.</span> <span class='ocrx_word' id='word_1_424' title='bbox 2943 1858 3239 1913; x_wconf 83' lang='lat' dir='ltr'>Successit</span> <span class='ocrx_word' id='word_1_425' title='bbox 3291 1859 3507 1914; x_wconf 85' lang='lat' dir='ltr'>Lucius</span> 
     </span>
    </p>
   </div>
   <div class='ocr_carea' id='block_1_65' title="bbox 1851 1946 2279 2018">
    <p class='ocr_par' dir='ltr' id='par_1_65' title="bbox 1851 1946 2279 2018">
     <span class='ocr_line' id='line_1_65' title="bbox 1851 1946 2279 2018; baseline -0.005 -17"><span class='ocrx_word' id='word_1_426' title='bbox 1851 1962 2012 2018; x_wconf 88' lang='lat' dir='ltr'>papa</span> <span class='ocrx_word' id='word_1_427' title='bbox 2049 1946 2279 2000; x_wconf 80' lang='lat' dir='ltr'>tercius.</span> 
     </span>
    </p>
   </div>
   <div class='ocr_carea' id='block_1_66' title="bbox 1928 2034 3506 2094">
    <p class='ocr_par' dir='ltr' id='par_1_66' title="bbox 1928 2034 3506 2094">
     <span class='ocr_line' id='line_1_66' title="bbox 1928 2034 3506 2094; baseline 0.004 -7"><span class='ocrx_word' id='word_1_428' title='bbox 1928 2035 2078 2088; x_wconf 86' lang='lat'>1182.</span> <span class='ocrx_word' id='word_1_429' title='bbox 2121 2034 2420 2090; x_wconf 86' lang='lat' dir='ltr'>Johannes</span> <span class='ocrx_word' id='word_1_430' title='bbox 2452 2035 2828 2090; x_wconf 88' lang='lat' dir='ltr'>Lumbardns</span> <span class='ocrx_word' id='word_1_431' title='bbox 2861 2037 3301 2091; x_wconf 88' lang='lat' dir='ltr'>Fructuarensis</span> <span class='ocrx_word' id='word_1_432' title='bbox 3329 2037 3506 2094; x_wconf 90' lang='lat' dir='ltr'>dimi-</span> 
     </span>
    </p>
   </div>
   <div class='ocr_carea' id='block_1_67' title="bbox 1851 2124 3507 2198">
    <p class='ocr_par' dir='ltr' id='par_1_67' title="bbox 1851 2124 3507 2198">
     <span class='ocr_line' id='line_1_67' title="bbox 1851 2124 3507 2198; baseline 0.003 -20"><span class='ocrx_word' id='word_1_433' title='bbox 1851 2125 1923 2179; x_wconf 92' lang='lat' dir='ltr'>sit</span> <span class='ocrx_word' id='word_1_434' title='bbox 1951 2125 2268 2180; x_wconf 87' lang='lat' dir='ltr'>abbaciam</span> <span class='ocrx_word' id='word_1_435' title='bbox 2293 2131 2325 2179; x_wconf 93' lang='lat'>2</span> <span class='ocrx_word' id='word_1_436' title='bbox 2349 2125 2473 2180; x_wconf 85' lang='lat' dir='ltr'>Kal.</span> <span class='ocrx_word' id='word_1_437' title='bbox 2499 2124 2652 2180; x_wconf 81' lang='lat' dir='ltr'>Julii.</span> <span class='ocrx_word' id='word_1_438' title='bbox 2688 2126 2981 2180; x_wconf 89' lang='lat' dir='ltr'>Successit</span> <span class='ocrx_word' id='word_1_439' title='bbox 3005 2132 3217 2197; x_wconf 88' lang='lat' dir='ltr'>Aymo,</span> <span class='ocrx_word' id='word_1_440' title='bbox 3241 2130 3344 2198; x_wconf 88' lang='lat' dir='ltr'>qui</span> <span class='ocrx_word' id='word_1_441' title='bbox 3365 2131 3507 2184; x_wconf 90' lang='lat' dir='ltr'>tunc</span> 
     </span>
    </p>
   </div>
   <div class='ocr_carea' id='block_1_68' title="bbox 1849 2215 3505 2284">
    <p class='ocr_par' dir='ltr' id='par_1_68' title="bbox 1849 2215 3505 2284">
     <span class='ocr_line' id='line_1_68' title="bbox 1849 2215 3505 2284; baseline 0.002 -16"><span class='ocrx_word' id='word_1_442' title='bbox 1849 2219 1973 2271; x_wconf 89' lang='lat' dir='ltr'>erat</span> <span class='ocrx_word' id='word_1_443' title='bbox 2003 2215 2196 2270; x_wconf 85' lang='lat' dir='ltr'>abbas</span> <span class='ocrx_word' id='word_1_444' title='bbox 2231 2215 2425 2271; x_wconf 88' lang='lat' dir='ltr'>Sancti</span> <span class='ocrx_word' id='word_1_445' title='bbox 2459 2215 2668 2270; x_wconf 88' lang='lat' dir='ltr'>Secani</span> <span class='ocrx_word' id='word_1_446' title='bbox 2702 2216 2832 2284; x_wconf 73' lang='lat'>(57),</span> <span class='ocrx_word' id='word_1_447' title='bbox 2854 2217 3189 2270; x_wconf 87' lang='lat' dir='ltr'>monachus</span> <span class='ocrx_word' id='word_1_448' title='bbox 3219 2215 3386 2270; x_wconf 85' lang='lat' dir='ltr'>istius</span> <span class='ocrx_word' id='word_1_449' title='bbox 3412 2233 3505 2272; x_wconf 91' lang='lat' dir='ltr'>ec—</span> 
     </span>
    </p>
   </div>
   <div class='ocr_carea' id='block_1_69' title="bbox 1850 2303 3502 2375">
    <p class='ocr_par' dir='ltr' id='par_1_69' title="bbox 1850 2303 3502 2375">
     <span class='ocr_line' id='line_1_69' title="bbox 1850 2303 3502 2375; baseline 0.001 -17"><span class='ocrx_word' id='word_1_450' title='bbox 1850 2303 2021 2358; x_wconf 93' lang='lat' dir='ltr'>clesie</span> <span class='ocrx_word' id='word_1_451' title='bbox 2048 2323 2060 2370; x_wconf 92' lang='lat'><strong>;</strong></span> <span class='ocrx_word' id='word_1_452' title='bbox 2094 2310 2149 2358; x_wconf 90' lang='lat' dir='ltr'>et</span> <span class='ocrx_word' id='word_1_453' title='bbox 2170 2303 2276 2358; x_wconf 88' lang='lat' dir='ltr'>fuit</span> <span class='ocrx_word' id='word_1_454' title='bbox 2303 2304 2383 2358; x_wconf 91' lang='lat' dir='ltr'>ibi</span> <span class='ocrx_word' id='word_1_455' title='bbox 2407 2320 2512 2375; x_wconf 91' lang='lat' dir='ltr'>per</span> <span class='ocrx_word' id='word_1_456' title='bbox 2548 2307 2609 2357; x_wconf 90' lang='lat'>16</span> <span class='ocrx_word' id='word_1_457' title='bbox 2632 2319 2844 2367; x_wconf 91' lang='lat' dir='ltr'>annos,</span> <span class='ocrx_word' id='word_1_458' title='bbox 2870 2308 2927 2358; x_wconf 92' lang='lat' dir='ltr'>et</span> <span class='ocrx_word' id='word_1_459' title='bbox 2955 2303 3108 2358; x_wconf 90' lang='lat' dir='ltr'>bene</span> <span class='ocrx_word' id='word_1_460' title='bbox 3129 2304 3502 2360; x_wconf 85' lang='lat' dir='ltr'>ministravit.</span> 
     </span>
    </p>
   </div>
   <div class='ocr_carea' id='block_1_70' title="bbox 1925 2394 3506 2463">
    <p class='ocr_par' dir='ltr' id='par_1_70' title="bbox 1925 2394 3506 2463">
     <span class='ocr_line' id='line_1_70' title="bbox 1925 2394 3506 2463; baseline 0.003 -17"><span class='ocrx_word' id='word_1_461' title='bbox 1925 2394 2076 2449; x_wconf 90' lang='lat'>1183.</span> <span class='ocrx_word' id='word_1_462' title='bbox 2123 2394 2243 2448; x_wconf 84' lang='lat' dir='ltr'>Hoc</span> <span class='ocrx_word' id='word_1_463' title='bbox 2270 2410 2430 2449; x_wconf 90' lang='lat' dir='ltr'>anno</span> <span class='ocrx_word' id='word_1_464' title='bbox 2459 2394 2581 2448; x_wconf 88' lang='lat' dir='ltr'>dux</span> <span class='ocrx_word' id='word_1_465' title='bbox 2609 2394 2945 2463; x_wconf 83' lang='lat' dir='ltr'>Burgundio</span> <span class='ocrx_word' id='word_1_466' title='bbox 2972 2394 3144 2462; x_wconf 83' lang='lat' dir='ltr'>Hugo</span> <span class='ocrx_word' id='word_1_467' title='bbox 3163 2395 3506 2462; x_wconf 85' lang='lat' dir='ltr'>Beatricem,</span> 
     </span>
    </p>
   </div>
   <div class='ocr_carea' id='block_1_71' title="bbox 1847 2483 3397 2550">
    <p class='ocr_par' dir='ltr' id='par_1_71' title="bbox 1847 2483 3397 2550">
     <span class='ocr_line' id='line_1_71' title="bbox 1847 2483 3397 2550; baseline 0.003 -13"><span class='ocrx_word' id='word_1_468' title='bbox 1847 2483 2031 2538; x_wconf 83' lang='lat' dir='ltr'>ﬁliam</span> <span class='ocrx_word' id='word_1_469' title='bbox 2066 2485 2276 2538; x_wconf 81' lang='lat' dir='ltr'>Dalﬁni</span> <span class='ocrx_word' id='word_1_470' title='bbox 2313 2484 2546 2540; x_wconf 91' lang='lat' dir='ltr'>comitis</span> <span class='ocrx_word' id='word_1_471' title='bbox 2579 2484 2810 2550; x_wconf 90' lang='lat' dir='ltr'>Alboni,</span> <span class='ocrx_word' id='word_1_472' title='bbox 2844 2485 3013 2540; x_wconf 86' lang='lat' dir='ltr'>duxit</span> <span class='ocrx_word' id='word_1_473' title='bbox 3036 2485 3096 2539; x_wconf 90' lang='lat' dir='ltr'>in</span> <span class='ocrx_word' id='word_1_474' title='bbox 3128 2501 3397 2541; x_wconf 87' lang='lat' dir='ltr'>uxorem.</span> 
     </span>
    </p>
   </div>
   <div class='ocr_carea' id='block_1_72' title="bbox 1923 2660 3503 2730">
    <p class='ocr_par' dir='ltr' id='par_1_72' title="bbox 1923 2660 3503 2730">
     <span class='ocr_line' id='line_1_72' title="bbox 1923 2660 3503 2730; baseline 0.001 -16"><span class='ocrx_word' id='word_1_475' title='bbox 1923 2664 2076 2716; x_wconf 83' lang='lat'>1184.</span> <span class='ocrx_word' id='word_1_476' title='bbox 2123 2661 2242 2715; x_wconf 83' lang='lat' dir='ltr'>Hoc</span> <span class='ocrx_word' id='word_1_477' title='bbox 2293 2676 2453 2716; x_wconf 91' lang='lat' dir='ltr'>anno</span> <span class='ocrx_word' id='word_1_478' title='bbox 2496 2661 2732 2716; x_wconf 89' lang='lat' dir='ltr'>obsedit</span> <span class='ocrx_word' id='word_1_479' title='bbox 2782 2663 2945 2730; x_wconf 80' lang='lat' dir='ltr'>Hugo</span> <span class='ocrx_word' id='word_1_480' title='bbox 2991 2660 3114 2714; x_wconf 89' lang='lat' dir='ltr'>dux</span> <span class='ocrx_word' id='word_1_481' title='bbox 3159 2661 3503 2730; x_wconf 84' lang='lat' dir='ltr'>Burgundie</span> 
     </span>
    </p>
   </div>
   <div class='ocr_carea' id='block_1_73' title="bbox 1849 2748 3501 2822">
    <p class='ocr_par' dir='ltr' id='par_1_73' title="bbox 1849 2748 3501 2822">
     <span class='ocr_line' id='line_1_73' title="bbox 1849 2748 3501 2822; baseline 0.002 -21"><span class='ocrx_word' id='word_1_482' title='bbox 1849 2749 2050 2819; x_wconf 82' lang='lat' dir='ltr'>Vergei</span> <span class='ocrx_word' id='word_1_483' title='bbox 2084 2751 2152 2783; x_wconf 83' lang='grc'>¹⁰⁶</span> <span class='ocrx_word' id='word_1_484' title='bbox 2185 2753 2239 2804; x_wconf 91' lang='lat' dir='ltr'>et</span> <span class='ocrx_word' id='word_1_485' title='bbox 2269 2750 2448 2804; x_wconf 88' lang='lat' dir='ltr'>nichil</span> <span class='ocrx_word' id='word_1_486' title='bbox 2476 2750 2557 2805; x_wconf 90' lang='lat' dir='ltr'>ibi</span> <span class='ocrx_word' id='word_1_487' title='bbox 2590 2749 2824 2821; x_wconf 87' lang='lat' dir='ltr'>penitus</span> <span class='ocrx_word' id='word_1_488' title='bbox 2863 2749 3014 2818; x_wconf 85' lang='lat' dir='ltr'>fecit,</span> <span class='ocrx_word' id='word_1_489' title='bbox 3044 2748 3164 2804; x_wconf 91' lang='lat' dir='ltr'>imo</span> <span class='ocrx_word' id='word_1_490' title='bbox 3196 2749 3501 2822; x_wconf 88' lang='lat' dir='ltr'>Philippus</span> 
     </span>
    </p>
   </div>
   <div class='ocr_carea' id='block_1_74' title="bbox 1846 2838 3389 2908">
    <p class='ocr_par' dir='ltr' id='par_1_74' title="bbox 1846 2838 3389 2908">
     <span class='ocr_line' id='line_1_74' title="bbox 1846 2838 3389 2908; baseline 0.001 -16"><span class='ocrx_word' id='word_1_491' title='bbox 1846 2855 1948 2893; x_wconf 92' lang='lat' dir='ltr'>rex</span> <span class='ocrx_word' id='word_1_492' title='bbox 1981 2839 2219 2894; x_wconf 86' lang='lat' dir='ltr'>Francie</span> <span class='ocrx_word' id='word_1_493' title='bbox 2250 2839 2518 2894; x_wconf 90' lang='lat' dir='ltr'>dominio</span> <span class='ocrx_word' id='word_1_494' title='bbox 2552 2857 2728 2894; x_wconf 90' lang='lat' dir='ltr'>suum</span> <span class='ocrx_word' id='word_1_495' title='bbox 2766 2841 2832 2873; x_wconf 73' lang='grc' dir='ltr'>ίοτ</span> <span class='ocrx_word' id='word_1_496' title='bbox 2861 2855 2999 2893; x_wconf 91' lang='lat' dir='ltr'>eum</span> <span class='ocrx_word' id='word_1_497' title='bbox 3031 2838 3389 2908; x_wconf 81' lang='lat' dir='ltr'>subjugavit.</span> 
     </span>
    </p>
   </div>
   <div class='ocr_carea' id='block_1_75' title="bbox 1922 2927 3500 3000">
    <p class='ocr_par' dir='ltr' id='par_1_75' title="bbox 1922 2927 3500 3000">
     <span class='ocr_line' id='line_1_75' title="bbox 1922 2927 3500 3000; baseline 0.001 -19"><span class='ocrx_word' id='word_1_498' title='bbox 1922 2929 2074 2983; x_wconf 70' lang='lat'>11831.</span> <span class='ocrx_word' id='word_1_499' title='bbox 2119 2929 2238 2981; x_wconf 84' lang='lat' dir='ltr'>Hoc</span> <span class='ocrx_word' id='word_1_500' title='bbox 2270 2943 2429 2982; x_wconf 91' lang='lat' dir='ltr'>anno</span> <span class='ocrx_word' id='word_1_501' title='bbox 2483 2929 2692 2983; x_wconf 82' lang='lat' dir='ltr'>Lucius</span> <span class='ocrx_word' id='word_1_502' title='bbox 2743 2943 2905 3000; x_wconf 87' lang='lat' dir='ltr'>papa</span> <span class='ocrx_word' id='word_1_503' title='bbox 2933 2927 3096 2982; x_wconf 90' lang='lat' dir='ltr'>obiit.</span> <span class='ocrx_word' id='word_1_504' title='bbox 3129 2927 3417 2983; x_wconf 89' lang='lat' dir='ltr'>Successit</span> <span class='ocrx_word' id='word_1_505' title='bbox 3447 2927 3500 2982; x_wconf 91' lang='lat' dir='ltr'>ei</span> 
     </span>
    </p>
   </div>
   <div class='ocr_carea' id='block_1_76' title="bbox 1773 3016 2375 3102">
    <p class='ocr_par' dir='ltr' id='par_1_76' title="bbox 1773 3016 2375 3102">
     <span class='ocr_line' id='line_1_76' title="bbox 1773 3016 2375 3102; baseline -0.002 -30"><span class='ocrx_word' id='word_1_506' title='bbox 1773 3051 1812 3102; x_wconf 79' lang='lat' dir='ltr'>C</span> <span class='ocrx_word' id='word_1_507' title='bbox 1846 3019 2118 3073; x_wconf 81' lang='lat' dir='ltr'>Urbanus</span> <span class='ocrx_word' id='word_1_508' title='bbox 2146 3016 2375 3071; x_wconf 90' lang='lat' dir='ltr'>tercius.</span> 
     </span>
    </p>
   </div>
   <div class='ocr_carea' id='block_1_77' title="bbox 1919 3103 3502 3175">
    <p class='ocr_par' dir='ltr' id='par_1_77' title="bbox 1919 3103 3502 3175">
     <span class='ocr_line' id='line_1_77' title="bbox 1919 3103 3502 3175; baseline -0.001 -15"><span class='ocrx_word' id='word_1_509' title='bbox 1919 3109 2072 3160; x_wconf 86' lang='lat'>1186.</span> <span class='ocrx_word' id='word_1_510' title='bbox 2116 3105 2238 3159; x_wconf 87' lang='lat' dir='ltr'>Hoc</span> <span class='ocrx_word' id='word_1_511' title='bbox 2279 3119 2438 3158; x_wconf 91' lang='lat' dir='ltr'>anno</span> <span class='ocrx_word' id='word_1_512' title='bbox 2469 3103 2630 3159; x_wconf 90' lang='lat' dir='ltr'>idem</span> <span class='ocrx_word' id='word_1_513' title='bbox 2667 3120 2771 3158; x_wconf 85' lang='lat' dir='ltr'>rex</span> <span class='ocrx_word' id='word_1_514' title='bbox 2802 3103 3215 3160; x_wconf 86' lang='lat' dir='ltr'>Castellionem</span> <span class='ocrx_word' id='word_1_515' title='bbox 3248 3104 3403 3175; x_wconf 88' lang='lat' dir='ltr'>cepit</span> <span class='ocrx_word' id='word_1_516' title='bbox 3444 3108 3502 3159; x_wconf 88' lang='lat' dir='ltr'>et</span> 
     </span>
    </p>
   </div>
   <div class='ocr_carea' id='block_1_78' title="bbox 1844 3193 3499 3265">
    <p class='ocr_par' dir='ltr' id='par_1_78' title="bbox 1844 3193 3499 3265">
     <span class='ocr_line' id='line_1_78' title="bbox 1844 3193 3499 3265; baseline -0.002 -15"><span class='ocrx_word' id='word_1_517' title='bbox 1844 3195 2169 3250; x_wconf 89' lang='lat' dir='ltr'>conbussit.</span> <span class='ocrx_word' id='word_1_518' title='bbox 2197 3194 2317 3248; x_wconf 89' lang='lat' dir='ltr'>Hoc</span> <span class='ocrx_word' id='word_1_519' title='bbox 2333 3195 2465 3265; x_wconf 89' lang='lat' dir='ltr'>ipso</span> <span class='ocrx_word' id='word_1_520' title='bbox 2497 3209 2657 3248; x_wconf 88' lang='lat' dir='ltr'>anno</span> <span class='ocrx_word' id='word_1_521' title='bbox 2683 3193 2836 3248; x_wconf 89' lang='lat' dir='ltr'>inter</span> <span class='ocrx_word' id='word_1_522' title='bbox 2858 3194 3162 3248; x_wconf 88' lang='lat' dir='ltr'>Urbanum</span> <span class='ocrx_word' id='word_1_523' title='bbox 3193 3208 3417 3265; x_wconf 89' lang='lat' dir='ltr'>papam</span> <span class='ocrx_word' id='word_1_524' title='bbox 3444 3198 3499 3248; x_wconf 86' lang='lat' dir='ltr'>et</span> 
     </span>
    </p>
   </div>
   <div class='ocr_carea' id='block_1_79' title="bbox 1843 3281 3498 3354">
    <p class='ocr_par' dir='ltr' id='par_1_79' title="bbox 1843 3281 3498 3354">
     <span class='ocr_line' id='line_1_79' title="bbox 1843 3281 3498 3354; baseline -0.001 -17"><span class='ocrx_word' id='word_1_525' title='bbox 1843 3285 2216 3339; x_wconf 76' lang='lat' dir='ltr'>Fredericiim</span> <span class='ocrx_word' id='word_1_526' title='bbox 2234 3283 2653 3354; x_wconf 89' lang='lat' dir='ltr'>imperatorem</span> <span class='ocrx_word' id='word_1_527' title='bbox 2679 3287 2809 3337; x_wconf 89' lang='lat' dir='ltr'>orta</span> <span class='ocrx_word' id='word_1_528' title='bbox 2825 3287 2911 3337; x_wconf 89' lang='lat' dir='ltr'>est</span> <span class='ocrx_word' id='word_1_529' title='bbox 2931 3281 3250 3343; x_wconf 85' lang='lat' dir='ltr'>discordia,</span> <span class='ocrx_word' id='word_1_530' title='bbox 3274 3288 3330 3337; x_wconf 89' lang='lat' dir='ltr'>et</span> <span class='ocrx_word' id='word_1_531' title='bbox 3353 3285 3498 3337; x_wconf 88' lang='lat' dir='ltr'>Hen-</span> 
     </span>
    </p>
   </div>
   <div class='ocr_carea' id='block_1_80' title="bbox 1840 3371 3496 3444">
    <p class='ocr_par' dir='ltr' id='par_1_80' title="bbox 1840 3371 3496 3444">
     <span class='ocr_line' id='line_1_80' title="bbox 1840 3371 3496 3444; baseline -0.001 -17"><span class='ocrx_word' id='word_1_532' title='bbox 1840 3373 1996 3428; x_wconf 88' lang='lat' dir='ltr'>ricus</span> <span class='ocrx_word' id='word_1_533' title='bbox 2033 3374 2191 3428; x_wconf 83' lang='lat' dir='ltr'>ﬁlius</span> <span class='ocrx_word' id='word_1_534' title='bbox 2243 3372 2617 3444; x_wconf 89' lang='lat' dir='ltr'>imperatoris</span> <span class='ocrx_word' id='word_1_535' title='bbox 2673 3371 2945 3426; x_wconf 89' lang='lat' dir='ltr'>amittam</span> <span class='ocrx_word' id='word_1_536' title='bbox 2992 3371 3294 3426; x_wconf 85' lang='lat' dir='ltr'>Guillermi</span> <span class='ocrx_word' id='word_1_537' title='bbox 3341 3371 3496 3440; x_wconf 83' lang='lat' dir='ltr'>regis</span> 
     </span>
    </p>
   </div>
   <div class='ocr_carea' id='block_1_81' title="bbox 1841 3461 3494 3534">
    <p class='ocr_par' dir='ltr' id='par_1_81' title="bbox 1841 3461 3494 3534">
     <span class='ocr_line' id='line_1_81' title="bbox 1841 3461 3494 3534; baseline 0 -17"><span class='ocrx_word' id='word_1_538' title='bbox 1841 3463 2048 3534; x_wconf 82' lang='lat' dir='ltr'>Apulie</span> <span class='ocrx_word' id='word_1_539' title='bbox 2075 3463 2236 3534; x_wconf 90' lang='lat' dir='ltr'>apud</span> <span class='ocrx_word' id='word_1_540' title='bbox 2260 3461 2654 3518; x_wconf 83' lang='lat' dir='ltr'>Mediolanum</span> <span class='ocrx_word' id='word_1_541' title='bbox 2678 3461 2847 3515; x_wconf 84' lang='lat' dir='ltr'>duxit</span> <span class='ocrx_word' id='word_1_542' title='bbox 2871 3461 2932 3515; x_wconf 89' lang='lat' dir='ltr'>in</span> <span class='ocrx_word' id='word_1_543' title='bbox 2955 3477 3204 3516; x_wconf 86' lang='lat' dir='ltr'>uxorem</span> <span class='ocrx_word' id='word_1_544' title='bbox 3235 3465 3291 3514; x_wconf 90' lang='lat' dir='ltr'>et</span> <span class='ocrx_word' id='word_1_545' title='bbox 3319 3461 3409 3516; x_wconf 70' lang='lat'><strong>‘0‘.</strong></span> <span class='ocrx_word' id='word_1_546' title='bbox 3440 3503 3451 3515; x_wconf 95' lang='lat'>.</span> <span class='ocrx_word' id='word_1_547' title='bbox 3482 3505 3494 3517; x_wconf 92' lang='lat'>.</span> 
     </span>
    </p>
   </div>
   <div class='ocr_carea' id='block_1_82' title="bbox 1841 3550 3296 3623">
    <p class='ocr_par' dir='ltr' id='par_1_82' title="bbox 1841 3550 3296 3623">
     <span class='ocr_line' id='line_1_82' title="bbox 1841 3550 3296 3623; baseline -0.001 -17"><span class='ocrx_word' id='word_1_548' title='bbox 1841 3556 1957 3607; x_wconf 91' lang='lat' dir='ltr'>Hoc</span> <span class='ocrx_word' id='word_1_549' title='bbox 1988 3568 2148 3607; x_wconf 89' lang='lat' dir='ltr'>anno</span> <span class='ocrx_word' id='word_1_550' title='bbox 2179 3557 2356 3623; x_wconf 88' lang='lat' dir='ltr'>capta</span> <span class='ocrx_word' id='word_1_551' title='bbox 2385 3550 2495 3606; x_wconf 87' lang='lat' dir='ltr'>fuit</span> <span class='ocrx_word' id='word_1_552' title='bbox 2522 3550 2896 3605; x_wconf 88' lang='lat' dir='ltr'>Jherusalem</span> <span class='ocrx_word' id='word_1_553' title='bbox 2927 3567 2962 3605; x_wconf 88' lang='lat' dir='ltr'>a</span> <span class='ocrx_word' id='word_1_554' title='bbox 2996 3550 3296 3606; x_wconf 86' lang='lat' dir='ltr'>Saladino.</span> 
     </span>
    </p>
   </div>
   <div class='ocr_carea' id='block_1_83' title="bbox 1915 3637 3498 3707">
    <p class='ocr_par' dir='ltr' id='par_1_83' title="bbox 1915 3637 3498 3707">
     <span class='ocr_line' id='line_1_83' title="bbox 1915 3637 3498 3707; baseline -0.001 -14"><span class='ocrx_word' id='word_1_555' title='bbox 1915 3641 2067 3696; x_wconf 83' lang='lat'>1187.</span> <span class='ocrx_word' id='word_1_556' title='bbox 2112 3642 2232 3695; x_wconf 86' lang='lat' dir='ltr'>Hoc</span> <span class='ocrx_word' id='word_1_557' title='bbox 2262 3655 2423 3695; x_wconf 90' lang='lat' dir='ltr'>anno</span> <span class='ocrx_word' id='word_1_558' title='bbox 2463 3643 2641 3694; x_wconf 89' lang='lat' dir='ltr'>natus</span> <span class='ocrx_word' id='word_1_559' title='bbox 2687 3637 2795 3693; x_wconf 88' lang='lat' dir='ltr'>fuit</span> <span class='ocrx_word' id='word_1_560' title='bbox 2840 3638 3195 3707; x_wconf 79' lang='lat' dir='ltr'>Ludovicus,</span> <span class='ocrx_word' id='word_1_561' title='bbox 3224 3637 3382 3692; x_wconf 84' lang='lat' dir='ltr'>ﬁlius</span> <span class='ocrx_word' id='word_1_562' title='bbox 3415 3639 3498 3693; x_wconf 87' lang='lat' dir='ltr'>Fi-</span> 
     </span>
    </p>
   </div>
   <div class='ocr_carea' id='block_1_84' title="bbox 1836 3726 3500 3801">
    <p class='ocr_par' dir='ltr' id='par_1_84' title="bbox 1836 3726 3500 3801">
     <span class='ocr_line' id='line_1_84' title="bbox 1836 3726 3500 3801; baseline -0.001 -18"><span class='ocrx_word' id='word_1_563' title='bbox 1836 3729 1983 3801; x_wconf 91' lang='lat' dir='ltr'>lippi</span> <span class='ocrx_word' id='word_1_564' title='bbox 2009 3729 2160 3797; x_wconf 79' lang='lat' dir='ltr'>regis</span> <span class='ocrx_word' id='word_1_565' title='bbox 2190 3729 2263 3783; x_wconf 92' lang='lat' dir='ltr'>de</span> <span class='ocrx_word' id='word_1_566' title='bbox 2297 3728 2589 3783; x_wconf 85' lang='lat' dir='ltr'>Elisabeth</span> <span class='ocrx_word' id='word_1_567' title='bbox 2632 3727 2856 3796; x_wconf 81' lang='lat' dir='ltr'>regina,</span> <span class='ocrx_word' id='word_1_568' title='bbox 2891 3743 3008 3798; x_wconf 89' lang='lat' dir='ltr'>que</span> <span class='ocrx_word' id='word_1_569' title='bbox 3039 3727 3147 3782; x_wconf 82' lang='lat' dir='ltr'>fuit</span> <span class='ocrx_word' id='word_1_570' title='bbox 3175 3743 3342 3782; x_wconf 88' lang='lat' dir='ltr'>soror</span> <span class='ocrx_word' id='word_1_571' title='bbox 3369 3726 3500 3781; x_wconf 79' lang='lat' dir='ltr'>Bal-</span> 
     </span>
    </p>
   </div>
   <div class='ocr_carea' id='block_1_85' title="bbox 1836 3817 2590 3873">
    <p class='ocr_par' dir='ltr' id='par_1_85' title="bbox 1836 3817 2590 3873">
     <span class='ocr_line' id='line_1_85' title="bbox 1836 3817 2590 3873; baseline -0.003 -1"><span class='ocrx_word' id='word_1_572' title='bbox 1836 3818 1998 3873; x_wconf 84' lang='lat' dir='ltr'>duini</span> <span class='ocrx_word' id='word_1_573' title='bbox 2034 3818 2267 3872; x_wconf 90' lang='lat' dir='ltr'>comitis</span> <span class='ocrx_word' id='word_1_574' title='bbox 2303 3817 2590 3872; x_wconf 85' lang='lat' dir='ltr'>Flandrie.</span> 
     </span>
    </p>
   </div>
   <div class='ocr_carea' id='block_1_86' title="bbox 1911 3905 3496 3978">
    <p class='ocr_par' dir='ltr' id='par_1_86' title="bbox 1911 3905 3496 3978">
     <span class='ocr_line' id='line_1_86' title="bbox 1911 3905 3496 3978; baseline -0.002 -15"><span class='ocrx_word' id='word_1_575' title='bbox 1911 3914 2064 3965; x_wconf 89' lang='lat'>1190.</span> <span class='ocrx_word' id='word_1_576' title='bbox 2110 3909 2264 3964; x_wconf 86' lang='lat' dir='ltr'>Obiit</span> <span class='ocrx_word' id='word_1_577' title='bbox 2312 3908 2574 3962; x_wconf 90' lang='lat' dir='ltr'>domnus</span> <span class='ocrx_word' id='word_1_578' title='bbox 2620 3909 2814 3978; x_wconf 88' lang='lat' dir='ltr'>Aymo</span> <span class='ocrx_word' id='word_1_579' title='bbox 2862 3905 3053 3960; x_wconf 87' lang='lat' dir='ltr'>abbas</span> <span class='ocrx_word' id='word_1_580' title='bbox 3105 3906 3287 3976; x_wconf 90' lang='lat' dir='ltr'>hujus</span> <span class='ocrx_word' id='word_1_581' title='bbox 3346 3905 3496 3972; x_wconf 88' lang='lat' dir='ltr'>loci;</span> 
     </span>
    </p>
   </div>
   <div class='ocr_carea' id='block_1_87' title="bbox 1835 3995 3498 4066">
    <p class='ocr_par' dir='ltr' id='par_1_87' title="bbox 1835 3995 3498 4066">
     <span class='ocr_line' id='line_1_87' title="bbox 1835 3995 3498 4066; baseline -0.002 -13"><span class='ocrx_word' id='word_1_582' title='bbox 1835 3999 2096 4053; x_wconf 85' lang='lat' dir='ltr'>domnus</span> <span class='ocrx_word' id='word_1_583' title='bbox 2117 4002 2315 4053; x_wconf 89' lang='lat' dir='ltr'>Petrus</span> <span class='ocrx_word' id='word_1_584' title='bbox 2335 3996 2685 4051; x_wconf 88' lang='lat' dir='ltr'>sustituitur.</span> <span class='ocrx_word' id='word_1_585' title='bbox 2708 4001 2839 4066; x_wconf 88' lang='lat' dir='ltr'>Ipso</span> <span class='ocrx_word' id='word_1_586' title='bbox 2855 4011 3016 4049; x_wconf 89' lang='lat' dir='ltr'>anno</span> <span class='ocrx_word' id='word_1_587' title='bbox 3033 3995 3359 4066; x_wconf 86' lang='lat' dir='ltr'>imperator</span> <span class='ocrx_word' id='word_1_588' title='bbox 3373 3995 3498 4050; x_wconf 86' lang='lat' dir='ltr'>Jhe-</span> 
     </span>
    </p>
   </div>
   <div class='ocr_carea' id='block_1_88' title="bbox 1835 4085 3500 4156">
    <p class='ocr_par' dir='ltr' id='par_1_88' title="bbox 1835 4085 3500 4156">
     <span class='ocr_line' id='line_1_88' title="bbox 1835 4085 3500 4156; baseline -0.004 -11"><span class='ocrx_word' id='word_1_589' title='bbox 1835 4089 2094 4145; x_wconf 89' lang='lat' dir='ltr'>rusalem</span> <span class='ocrx_word' id='word_1_590' title='bbox 2125 4087 2325 4142; x_wconf 87' lang='lat' dir='ltr'>adivit.</span> <span class='ocrx_word' id='word_1_591' title='bbox 2365 4129 2376 4141; x_wconf 93' lang='lat'>.</span> <span class='ocrx_word' id='word_1_592' title='bbox 2414 4129 2426 4139; x_wconf 90' lang='lat'>.</span> <span class='ocrx_word' id='word_1_593' title='bbox 2460 4128 2472 4140; x_wconf 95' lang='lat'>.</span> <span class='ocrx_word' id='word_1_594' title='bbox 2513 4129 2524 4140; x_wconf 95' lang='lat'>.</span> <span class='ocrx_word' id='word_1_595' title='bbox 2571 4086 2695 4138; x_wconf 84' lang='lat' dir='ltr'>Rex</span> <span class='ocrx_word' id='word_1_596' title='bbox 2748 4087 3108 4139; x_wconf 86' lang='lat' dir='ltr'>Francorum</span> <span class='ocrx_word' id='word_1_597' title='bbox 3150 4085 3412 4156; x_wconf 90' lang='lat' dir='ltr'>Philipus</span> <span class='ocrx_word' id='word_1_598' title='bbox 3442 4088 3500 4139; x_wconf 88' lang='lat' dir='ltr'>et</span> 
     </span>
    </p>
   </div>
   <div class='ocr_carea' id='block_1_89' title="bbox 1834 4173 3501 4247">
    <p class='ocr_par' dir='ltr' id='par_1_89' title="bbox 1834 4173 3501 4247">
     <span class='ocr_line' id='line_1_89' title="bbox 1834 4173 3501 4247; baseline -0.005 -13"><span class='ocrx_word' id='word_1_599' title='bbox 1834 4197 1934 4234; x_wconf 88' lang='lat' dir='ltr'>rex</span> <span class='ocrx_word' id='word_1_600' title='bbox 1967 4178 2175 4247; x_wconf 73' lang='lat' dir='ltr'>Anglic</span> <span class='ocrx_word' id='word_1_601' title='bbox 2199 4176 2485 4232; x_wconf 81' lang='lat' dir='ltr'>Ricardus</span> <span class='ocrx_word' id='word_1_602' title='bbox 2514 4173 2968 4229; x_wconf 82' lang='lat' dir='ltr'>Jherosolimam</span> <span class='ocrx_word' id='word_1_603' title='bbox 2993 4175 3215 4228; x_wconf 88' lang='lat' dir='ltr'>adeunt</span> <span class='ocrx_word' id='word_1_604' title='bbox 3240 4175 3402 4242; x_wconf 85' lang='lat' dir='ltr'>[cum</span> <span class='ocrx_word' id='word_1_605' title='bbox 3423 4175 3501 4208; x_wconf 82' lang='grc'>¹¹⁰</span> 
     </span>
    </p>
   </div>
   <div class='ocr_carea' id='block_1_90' title="bbox 1835 4261 3494 4332">
    <p class='ocr_par' dir='ltr' id='par_1_90' title="bbox 1835 4261 3494 4332">
     <span class='ocr_line' id='line_1_90' title="bbox 1835 4261 3494 4332; baseline -0.004 -10"><span class='ocrx_word' id='word_1_606' title='bbox 1835 4268 1916 4323; x_wconf 89' lang='lat' dir='ltr'>eis</span> <span class='ocrx_word' id='word_1_607' title='bbox 1968 4270 2132 4331; x_wconf 66' lang='lat' dir='ltr'>Hngo</span> <span class='ocrx_word' id='word_1_608' title='bbox 2162 4267 2282 4320; x_wconf 89' lang='lat' dir='ltr'>dux</span> <span class='ocrx_word' id='word_1_609' title='bbox 2319 4263 2676 4332; x_wconf 80' lang='lat' dir='ltr'>Burgundie,</span> <span class='ocrx_word' id='word_1_610' title='bbox 2709 4261 2867 4315; x_wconf 83' lang='lat' dir='ltr'>ﬁlius</span> <span class='ocrx_word' id='word_1_611' title='bbox 2902 4261 3020 4316; x_wconf 80' lang='lat' dir='ltr'>lilie</span> <span class='ocrx_word' id='word_1_612' title='bbox 3048 4261 3279 4316; x_wconf 85' lang='lat' dir='ltr'>comitis</span> <span class='ocrx_word' id='word_1_613' title='bbox 3309 4263 3494 4316; x_wconf 88' lang='lat' dir='ltr'>Theo—</span> 
     </span>
    </p>
   </div>
   <div class='ocr_carea' id='block_1_91' title="bbox 1837 4349 3498 4424">
    <p class='ocr_par' dir='ltr' id='par_1_91' title="bbox 1837 4349 3498 4424">
     <span class='ocr_line' id='line_1_91' title="bbox 1837 4349 3498 4424; baseline -0.005 -14"><span class='ocrx_word' id='word_1_614' title='bbox 1837 4356 2000 4411; x_wconf 86' lang='lat' dir='ltr'>baldi</span> <span class='ocrx_word' id='word_1_615' title='bbox 2019 4355 2249 4409; x_wconf 92' lang='lat' dir='ltr'>comitis</span> <span class='ocrx_word' id='word_1_616' title='bbox 2267 4352 2609 4424; x_wconf 90' lang='lat' dir='ltr'>Campanie,</span> <span class='ocrx_word' id='word_1_617' title='bbox 2633 4350 2736 4422; x_wconf 87' lang='lat' dir='ltr'>qui</span> <span class='ocrx_word' id='word_1_618' title='bbox 2755 4349 3040 4403; x_wconf 86' lang='lat' dir='ltr'>remansit</span> <span class='ocrx_word' id='word_1_619' title='bbox 3062 4349 3139 4403; x_wconf 90' lang='lat' dir='ltr'>ibi</span> <span class='ocrx_word' id='word_1_620' title='bbox 3161 4352 3295 4420; x_wconf 90' lang='lat' dir='ltr'>post</span> <span class='ocrx_word' id='word_1_621' title='bbox 3310 4364 3498 4403; x_wconf 89' lang='lat' dir='ltr'>reces-</span> 
     </span>
    </p>
   </div>
   <div class='ocr_carea' id='block_1_92' title="bbox 1840 4438 3495 4513">
    <p class='ocr_par' dir='ltr' id='par_1_92' title="bbox 1840 4438 3495 4513">
     <span class='ocr_line' id='line_1_92' title="bbox 1840 4438 3495 4513; baseline -0.003 -15"><span class='ocrx_word' id='word_1_622' title='bbox 1840 4462 1973 4498; x_wconf 90' lang='lat' dir='ltr'>sum</span> <span class='ocrx_word' id='word_1_623' title='bbox 2017 4445 2192 4513; x_wconf 80' lang='lat' dir='ltr'>regis,</span> <span class='ocrx_word' id='word_1_624' title='bbox 2227 4448 2282 4496; x_wconf 88' lang='lat' dir='ltr'>et</span> <span class='ocrx_word' id='word_1_625' title='bbox 2311 4445 2578 4496; x_wconf 89' lang='lat' dir='ltr'>mortuus</span> <span class='ocrx_word' id='word_1_626' title='bbox 2610 4445 2696 4493; x_wconf 86' lang='lat' dir='ltr'>est</span> <span class='ocrx_word' id='word_1_627' title='bbox 2720 4438 2819 4501; x_wconf 89' lang='lat' dir='ltr'>ibi,</span> <span class='ocrx_word' id='word_1_628' title='bbox 2853 4442 2909 4490; x_wconf 90' lang='lat' dir='ltr'>et</span> <span class='ocrx_word' id='word_1_629' title='bbox 2941 4438 3000 4490; x_wconf 93' lang='lat' dir='ltr'>in</span> <span class='ocrx_word' id='word_1_630' title='bbox 3033 4442 3301 4508; x_wconf 80' lang='lat' dir='ltr'>sequenti</span> <span class='ocrx_word' id='word_1_631' title='bbox 3331 4453 3495 4493; x_wconf 89' lang='lat' dir='ltr'>anno</span> 
     </span>
    </p>
   </div>
   <div class='ocr_carea' id='block_1_93' title="bbox 1837 4526 3497 4603">
    <p class='ocr_par' dir='ltr' id='par_1_93' title="bbox 1837 4526 3497 4603">
     <span class='ocr_line' id='line_1_93' title="bbox 1837 4526 3497 4603; baseline -0.004 -14"><span class='ocrx_word' id='word_1_632' title='bbox 1837 4553 1938 4589; x_wconf 86' lang='lat' dir='ltr'>rex</span> <span class='ocrx_word' id='word_1_633' title='bbox 1971 4534 2174 4602; x_wconf 76' lang='lat' dir='ltr'>Anglic</span> <span class='ocrx_word' id='word_1_634' title='bbox 2216 4537 2424 4603; x_wconf 89' lang='lat' dir='ltr'>captus</span> <span class='ocrx_word' id='word_1_635' title='bbox 2471 4531 2577 4585; x_wconf 88' lang='lat' dir='ltr'>fuit</span> <span class='ocrx_word' id='word_1_636' title='bbox 2615 4547 2647 4584; x_wconf 91' lang='lat' dir='ltr'>a</span> <span class='ocrx_word' id='word_1_637' title='bbox 2689 4526 3058 4594; x_wconf 88' lang='lat' dir='ltr'>’l‘eotonicis].</span> <span class='ocrx_word' id='word_1_638' title='bbox 3094 4526 3246 4582; x_wconf 89' lang='lat' dir='ltr'>Obiit</span> <span class='ocrx_word' id='word_1_639' title='bbox 3287 4526 3497 4593; x_wconf 77' lang='lat' dir='ltr'>regina</span> 
     </span>
    </p>
   </div>
   <div class='ocr_carea' id='block_1_94' title="bbox 1840 4619 2663 4678">
    <p class='ocr_par' dir='ltr' id='par_1_94' title="bbox 1840 4619 2663 4678">
     <span class='ocr_line' id='line_1_94' title="bbox 1840 4619 2663 4678; baseline -0.006 0"><span class='ocrx_word' id='word_1_640' title='bbox 1840 4627 2202 4678; x_wconf 84' lang='lat' dir='ltr'>Francorum</span> <span class='ocrx_word' id='word_1_641' title='bbox 2236 4622 2303 4655; x_wconf 81' lang='grc'>¹¹¹</span> <span class='ocrx_word' id='word_1_642' title='bbox 2343 4619 2663 4674; x_wconf 85' lang='lat' dir='ltr'>Helisabez.</span> 
     </span>
    </p>
   </div>
   <div class='ocr_carea' id='block_1_95' title="bbox 1433 5003 2104 5060">
    <p class='ocr_par' dir='ltr' id='par_1_95' title="bbox 1433 5003 2104 5060">
     <span class='ocr_line' id='line_1_95' title="bbox 1433 5003 2104 5060; baseline 0.004 -5"><span class='ocrx_word' id='word_1_643' title='bbox 1433 5003 1666 5058; x_wconf 78' lang='lat' dir='ltr'>VARle</span> <span class='ocrx_word' id='word_1_644' title='bbox 1706 5003 2104 5060; x_wconf 85' lang='lat' dir='ltr'>LECTIONES.</span> 
     </span>
    </p>
   </div>
   <div class='ocr_carea' id='block_1_96' title="bbox 133 5151 1252 5222">
    <p class='ocr_par' dir='ltr' id='par_1_96' title="bbox 133 5151 1252 5222">
     <span class='ocr_line' id='line_1_96' title="bbox 133 5151 1252 5222; baseline -0.001 -16"><span class='ocrx_word' id='word_1_645' title='bbox 133 5152 208 5186; x_wconf 83' lang='grc'>¹⁰³</span> <span class='ocrx_word' id='word_1_646' title='bbox 240 5151 366 5206; x_wconf 81' lang='lat' dir='ltr'>alia</span> <span class='ocrx_word' id='word_1_647' title='bbox 389 5167 573 5207; x_wconf 85' lang='lat' dir='ltr'>manu</span> <span class='ocrx_word' id='word_1_648' title='bbox 601 5155 830 5222; x_wconf 78' lang='lat' dir='ltr'>peregit</span> <span class='ocrx_word' id='word_1_649' title='bbox 862 5159 908 5209; x_wconf 94' lang='lat'>1.</span> <span class='ocrx_word' id='word_1_650' title='bbox 991 5154 1059 5186; x_wconf 64' lang='lat'>10‘</span> <span class='ocrx_word' id='word_1_651' title='bbox 1088 5154 1171 5207; x_wconf 78' lang='lat' dir='ltr'>ita</span> <span class='ocrx_word' id='word_1_652' title='bbox 1201 5155 1252 5206; x_wconf 92' lang='lat'>2.</span> 
     </span>
    </p>
   </div>
   <div class='ocr_carea' id='block_1_97' title="bbox 1338 5151 2087 5221">
    <p class='ocr_par' dir='ltr' id='par_1_97' title="bbox 1338 5151 2087 5221">
     <span class='ocr_line' id='line_1_97' title="bbox 1338 5151 2087 5221; baseline 0.016 -20"><span class='ocrx_word' id='word_1_653' title='bbox 1338 5152 1404 5183; x_wconf 68' lang='lat'>“’5</span> <span class='ocrx_word' id='word_1_654' title='bbox 1438 5169 1472 5207; x_wconf 91' lang='lat' dir='ltr'>a</span> <span class='ocrx_word' id='word_1_655' title='bbox 1504 5168 1658 5206; x_wconf 77' lang='lat' dir='ltr'>corr.</span> <span class='ocrx_word' id='word_1_656' title='bbox 1691 5157 1895 5221; x_wconf 74' lang='lat' dir='ltr'>postea</span> <span class='ocrx_word' id='word_1_657' title='bbox 1927 5151 2005 5204; x_wconf 79' lang='lat' dir='ltr'>ab</span> 
     </span>
    </p>
   </div>
   <div class='ocr_carea' id='block_1_98' title="bbox 2740 5148 3486 5220">
    <p class='ocr_par' dir='ltr' id='par_1_98' title="bbox 2740 5148 3486 5220">
     <span class='ocr_line' id='line_1_98' title="bbox 2740 5148 3486 5220; baseline 0.001 -17"><span class='ocrx_word' id='word_1_658' title='bbox 2740 5151 2807 5184; x_wconf 79' lang='grc' dir='ltr'>ί⁰⁷</span> <span class='ocrx_word' id='word_1_659' title='bbox 2843 5149 2928 5203; x_wconf 78' lang='lat' dir='ltr'>ita</span> <span class='ocrx_word' id='word_1_660' title='bbox 2957 5153 3009 5204; x_wconf 97' lang='lat'>2.</span> <span class='ocrx_word' id='word_1_661' title='bbox 3109 5149 3180 5220; x_wconf 14' lang='grc' dir='ltr'>¹ί⁰⁸</span> <span class='ocrx_word' id='word_1_662' title='bbox 3210 5148 3486 5220; x_wconf 67' lang='lat' dir='ltr'>quaedam</span> 
     </span>
    </p>
   </div>
   <div class='ocr_carea' id='block_1_99' title="bbox 2179 5151 2654 5219">
    <p class='ocr_par' dir='ltr' id='par_1_99' title="bbox 2179 5151 2654 5219">
     <span class='ocr_line' id='line_1_99' title="bbox 2179 5151 2654 5219; baseline 0.002 -15"><span class='ocrx_word' id='word_1_663' title='bbox 2179 5152 2252 5184; x_wconf 81' lang='grc'>¹⁰⁶</span> <span class='ocrx_word' id='word_1_664' title='bbox 2288 5151 2530 5219; x_wconf 72' lang='lat' dir='ltr'>uergein</span> <span class='ocrx_word' id='word_1_665' title='bbox 2548 5151 2574 5205; x_wconf 86' lang='lat'><strong>?</strong></span> <span class='ocrx_word' id='word_1_666' title='bbox 2603 5155 2654 5205; x_wconf 85' lang='lat'>2.</span> 
     </span>
    </p>
   </div>
   <div class='ocr_carea' id='block_1_100' title="bbox 53 5219 3486 5289">
    <p class='ocr_par' dir='ltr' id='par_1_100' title="bbox 53 5219 3486 5289">
     <span class='ocr_line' id='line_1_100' title="bbox 53 5219 3486 5289; baseline -0.001 -10"><span class='ocrx_word' id='word_1_667' title='bbox 53 5237 236 5279; x_wconf 76' lang='lat' dir='ltr'>erasa</span> <span class='ocrx_word' id='word_1_668' title='bbox 260 5229 401 5277; x_wconf 86' lang='lat' dir='ltr'>sunt</span> <span class='ocrx_word' id='word_1_669' title='bbox 424 5227 476 5278; x_wconf 90' lang='lat'>2.</span> <span class='ocrx_word' id='word_1_670' title='bbox 524 5219 835 5280; x_wconf 64' lang='grc' dir='ltr'>¹⁰⁹“Αηήιιδ</span> <span class='ocrx_word' id='word_1_671' title='bbox 865 5231 917 5280; x_wconf 78' lang='lat' dir='ltr'>et</span> <span class='ocrx_word' id='word_1_672' title='bbox 947 5223 1099 5280; x_wconf 88' lang='lat' dir='ltr'>Obiit</span> <span class='ocrx_word' id='word_1_673' title='bbox 1143 5223 1184 5278; x_wconf 92' lang='lat' dir='ltr'>d</span> <span class='ocrx_word' id='word_1_674' title='bbox 1213 5221 1440 5277; x_wconf 79' lang='lat' dir='ltr'>abscisa</span> <span class='ocrx_word' id='word_1_675' title='bbox 1485 5229 1622 5277; x_wconf 73' lang='lat' dir='ltr'>sunt.</span> <span class='ocrx_word' id='word_1_676' title='bbox 1650 5219 1702 5276; x_wconf 77' lang='grc'>2.</span> <span class='ocrx_word' id='word_1_677' title='bbox 1751 5225 1821 5256; x_wconf 80' lang='grc'>¹¹⁰</span> <span class='ocrx_word' id='word_1_678' title='bbox 1853 5223 1975 5277; x_wconf 66' lang='lat' dir='ltr'>lucc</span> <span class='ocrx_word' id='word_1_679' title='bbox 2000 5223 2126 5276; x_wconf 71' lang='lat' dir='ltr'>alia</span> <span class='ocrx_word' id='word_1_680' title='bbox 2153 5237 2339 5276; x_wconf 86' lang='lat' dir='ltr'>manu</span> <span class='ocrx_word' id='word_1_681' title='bbox 2367 5229 2496 5289; x_wconf 80' lang='lat' dir='ltr'>post</span> <span class='ocrx_word' id='word_1_682' title='bbox 2527 5222 2666 5276; x_wconf 78' lang='lat' dir='ltr'>add.</span> <span class='ocrx_word' id='word_1_683' title='bbox 2697 5226 2750 5275; x_wconf 92' lang='lat'>2.</span> <span class='ocrx_word' id='word_1_684' title='bbox 2797 5221 2863 5254; x_wconf 83' lang='grc'>¹¹¹</span> <span class='ocrx_word' id='word_1_685' title='bbox 2894 5222 3042 5275; x_wconf 85' lang='lat' dir='ltr'>Frau</span> <span class='ocrx_word' id='word_1_686' title='bbox 3072 5219 3398 5275; x_wconf 80' lang='lat' dir='ltr'>abscissum</span> <span class='ocrx_word' id='word_1_687' title='bbox 3432 5223 3486 5275; x_wconf 89' lang='lat'>2.</span> 
     </span>
    </p>
   </div>
   <div class='ocr_carea' id='block_1_101' title="bbox 1659 5453 1882 5507">
    <p class='ocr_par' dir='ltr' id='par_1_101' title="bbox 1659 5453 1882 5507">
     <span class='ocr_line' id='line_1_101' title="bbox 1659 5453 1882 5507; baseline 0.004 -1"><span class='ocrx_word' id='word_1_688' title='bbox 1659 5453 1882 5507; x_wconf 66' lang='lat' dir='ltr'>NOTAE.</span> 
     </span>
    </p>
   </div>
   <div class='ocr_carea' id='block_1_102' title="bbox 128 5576 1028 5650">
    <p class='ocr_par' dir='ltr' id='par_1_102' title="bbox 128 5576 1028 5650">
     <span class='ocr_line' id='line_1_102' title="bbox 128 5576 1028 5650; baseline 0 -16"><span class='ocrx_word' id='word_1_689' title='bbox 128 5579 242 5650; x_wconf 84' lang='lat'>(5‘7)</span> <span class='ocrx_word' id='word_1_690' title='bbox 285 5580 350 5632; x_wconf 92' lang='lat' dir='ltr'>1n</span> <span class='ocrx_word' id='word_1_691' title='bbox 379 5576 623 5637; x_wconf 87' lang='lat' dir='ltr'>dioecesi</span> <span class='ocrx_word' id='word_1_692' title='bbox 655 5579 1028 5648; x_wconf 76' lang='lat' dir='ltr'>Lingonensi.</span> 
     </span>
    </p>
   </div>
  </div>
