3892 6388
13 341 20 350 ο
54 273 166 326 893
1254 277 1550 332 ANNALE:

1953 274 2000 326 tli
2042 273 2298 328 DIVION.
3386 281 3490 335 894

10 435 22 458 ι
136 398 300 450 1212.
337 395 506 450 Vadit
545 397 834 451 exercitus
885 397 1353 454 Christianorum
1403 400 1462 454 in
1518 398 1723 470 Hispa-
1764 400 1810 451 A
1911 399 2065 450 1212.
2101 400 2270 450 Anno
2298 395 2375 450 ab
2405 395 2815 452 incarnatione
2850 396 3083 453 Domini
3111 402 3266 466 1212,
3299 404 3328 454 7
3353 401 3490 457 ldus

10 517 22 550 ι
53 484 235 539 niam
281 490 488 541 contra
513 488 889 546 Sarracenos.
1837 483 2053 552 Marcii,
2087 488 2117 538 6
2151 483 2312 550 feria,
2345 489 2479 539 ante
2513 485 2777 540 mediam
2795 489 3034 540 noctem
3059 501 3218 542 anno
3239 487 3493 546 bisextili

1836 578 2011 627 natus
2043 577 2130 627 est
2159 573 2350 643 Hugo,
2383 573 2540 628 ﬁlius
2571 575 2837 630 Oddonis
2868 575 3039 630 ducis
3063 576 3136 631 de
3154 577 3403 635 domina
3418 580 3494 637 de

1835 662 2106 730 Vergerie
2137 664 2228 730 ¹²⁰,
2261 667 2314 718 et
2345 662 2454 718 fuit
2482 663 2816 734 baptizatus
2847 663 2925 719 ab
2953 663 3220 721 Goslimo
3261 668 3334 702 ¹²⁰
3385 669 3493 724 Ed-

1835 751 2004 806 uensi
2028 752 2311 825 episcopo
2341 752 2400 808 in
2432 753 2614 809 estivo
2646 758 2912 826 tempore
2942 753 3038 809 die
3063 797 3076 810 .
3123 799 3135 810 .
3182 797 3195 811 .
3242 798 3255 811 .
3303 799 3314 812 .
3361 797 3374 814 .
3399 751 3486 795 ’¹²¹

1836 840 2090 911 apostoli
2116 841 2176 895 in
2203 841 2451 897 ecclesia
2482 842 2670 897 sancti
2699 843 2945 898 Joannis
2977 842 3274 916 baptistar.

145 931 303 982 ‘213-
336 931 452 983 Ηοο
487 944 647 984 ειηΠο
687 929 793 984 {nit
841 930 1082 984 donnus
1143 932 1477 987 LUdOViCUS
1533 933 1728 989 Remis
1909 949 2064 1002 1213.
2101 950 2216 1002 Hoc
2243 963 2403 1003 anno
2434 947 2608 1002 cessit
2637 948 2848 1004 Adam.
2883 948 2990 1004 Cui
3011 950 3294 1007 successit
3334 953 3492 1010 Gele-

8 1061 12 1094 .
58 1023 396 1072 coronatus
425 1035 460 1074 a
486 1019 774 1074 Willelmo
805 1021 1274 1094 archiepiscopo,
1297 1028 1569 1095 presente
1590 1015 1730 1092 rege
1835 1034 2037 1090 bemus
2069 1037 2230 1108 prior
2259 1037 2574 1093 Saxjfontis
2597 1039 2725 1110 (59),

55 1107 464 1172 Jherusalem,
485 1113 541 1163 et
571 1109 629 1164 in
655 1109 801 1164 festo
825 1111 1012 1165 sancti
1037 1113 1190 1182 Systi
1218 1131 1230 1178 ;
1257 1118 1314 1167 et
1336 1114 1603 1185 sequenti
1625 1130 1729 1170 an-

54 1213 146 1252 no
179 1199 337 1268 cepit
369 1199 674 1253 Jarochale
728 1203 783 1254 et
839 1201 1029 1254 Thoar
1071 1207 1127 1256 et
1156 1201 1294 1258 Mior
1337 1207 1392 1258 et
1448 1204 1722 1260 Bordaul.

60 1287 296 1341 Eodem
326 1301 488 1342 anno
518 1292 790 1359 receptus
812 1289 921 1344 fuit
939 1291 1196 1346 Joannes
1226 1307 1328 1346 rex
1356 1293 1724 1350 Jherusalem

54 1379 124 1431 in
157 1378 272 1431 ista
311 1377 556 1433 ecclesia
579 1378 638 1432 in
668 1379 1041 1434 Exaltacione
1069 1386 1269 1436 sancte
1298 1382 1510 1437 crucis.

142 1469 298 1520 1214.
333 1471 505 1520 Α11110
538 1468 770 1521 Domini
813 1473 962 1533 1214,
993 1475 1023 1523 6
1055 1470 1179 1524 Kal.
1209 1476 1355 1540 Aug.
1420 1474 1582 1526 Luna
1640 1476 1679 1526 11

1954 1483 2061 1535 114.
2115 1481 2231 1534 Hoc
2281 1495 2443 1536 anno
2486 1495 2590 1535 rex
2646 1480 2886 1536 Francie
2945 1480 3248 1553 Philippus
3286 1482 3392 1538 ivit
3429 1482 3491 1540 in

55 1556 360 1628 pugnavit
381 1573 480 1610 rex
509 1558 749 1612 Francie
784 1565 840 1612 et
864 1560 983 1613 dux
1015 1561 1349 1627 Burgundie
1368 1568 1572 1616 contra
1595 1565 1725 1617 Oto-
1833 1567 2178 1623 Flandriam
2210 1574 2416 1623 contra
2449 1571 2698 1624 Otonem
2729 1569 3152 1640 imperatorem
3179 1575 3490 1627 anatema-

54 1662 204 1699 nem
237 1645 657 1716 imperatorem
690 1648 852 1718 apud
881 1649 1207 1713 Cambrais,
1242 1656 1296 1704 et
1322 1650 1537 1705 devicit
1562 1668 1720 1715 eum,
1834 1663 1982 1726 tum,
2016 1664 2071 1712 et
2099 1658 2420 1712 debellavit
2446 1675 2580 1712 eum
2615 1675 2737 1723 rex,
2766 1664 2820 1712 et
2850 1659 3315 1730 cepitducentos
3343 1659 3493 1716 mili-

53 1739 118 1788 et
143 1733 472 1804 imperator
501 1735 713 1789 Odoin
746 1736 952 1803 fugam
976 1754 1299 1792 conversus
1335 1744 1438 1804 est,
1491 1745 1546 1793 et
1599 1756 1724 1794 ma-
1764 1761 1802 1813 Β
1835 1751 1915 1800 tes
1944 1751 2000 1801 et
2027 1751 2116 1816 60,
2147 1752 2394 1818 excepto
2439 1746 2718 1802 comitem
2768 1747 3054 1802 Flandriaa
3099 1752 3155 1802 et
3209 1749 3490 1804 comitem

53 1824 229 1878 xima
259 1840 398 1895 pars
430 1842 676 1880 suorum
738 1826 1154 1883 sublimiorum
1205 1829 1504 1884 baronum
1553 1836 1727 1902 capta
1838 1836 2089 1891 1301011110
2114 1841 2170 1891 et
2196 1837 2397 1908 plures
2423 1836 2570 1891 alios
2620 1837 2694 1892 de
2747 1836 3070 1892 Teotonica
3129 1842 3300 1893 terra.
3363 1842 3491 1894 Non

55 1914 175 1969 fuit
212 1919 268 1969 et
288 1914 469 1969 ducta
499 1915 617 1983 liga
642 1917 806 1988 apud
833 1918 1111 1972 Parisius.
1835 1925 2074 1980 fuerunt
2101 1925 2182 1980 ibi
2212 1926 2285 1981 de
2309 1925 2680 1997 principibus
2713 1926 3036 1982 nominatis
3062 1926 3178 1980 nisi
3200 1926 3324 1982 dux
3356 1929 3493 1983 Bur-

135 2003 210 2057 In
237 2005 504 2073 sequenti
523 2005 763 2073 pagina:
793 2005 914 2060 ham
942 2008 1226 2076 leguntur
1246 2023 1266 2062 .'
1837 2015 2057 2083 gundie
2084 2017 2186 2086 qui
2218 2019 2466 2070 vocatur
2487 2015 2635 2070 Odo.
2672 2018 2788 2070 Hoc
2836 2014 3058 2070 factum
3120 2015 3227 2070 fuit
3276 2019 3306 2069 6
3361 2015 3486 2073 Kal.

135 2096 313 2148 Anno
345 2097 477 2149 1243
509 2095 813 2152 dominica
841 2097 1048 2153 ultima
1079 2101 1268 2152 oet120
1310 2100 1497 2154 sancti
1551 2099 1728 2171 Apol-
1837 2105 2107 2171 Augusti,
2138 2103 2356 2158 scilicet
2382 2107 2411 2158 3
2443 2102 2539 2157 die
2568 2107 2707 2175 post
2732 2102 2948 2157 festum
2980 2101 3167 2158 sancti
3195 2102 3400 2159 Jacobi
3432 2106 3490 2158 et

54 2183 270 2239 linaris
295 2184 418 2238 vise
451 2189 586 2238 sunt
615 2185 777 2240 stelle
809 2186 1020 2242 cadere
1047 2188 1120 2242 de
1151 2189 1296 2243 celo.
1837 2191 2200 2263 Christofori,
2230 2197 2286 2247 et
2307 2191 2414 2246 fuit
2443 2191 2746 2247 dominica
2775 2191 2925 2247 dies.

139 2382 293 2434 1215.
329 2382 446 2435 Hoc
478 2395 637 2435 anno
670 2382 1046 2437 Innocentius
1078 2399 1239 2454 papa
1265 2383 1476 2438 tercius
1508 2386 1861 2441 convocavit
1891 2387 2164 2455 generale
2193 2388 2515 2444 concilium
2545 2388 2606 2442 in
2639 2387 3018 2442 Lateranensi
3058 2385 3327 2454 ecclesia,
3383 2387 3490 2451 ubi

55 2484 218 2541 pene
247 2484 463 2540 corpus
494 2469 844 2526 universalis
875 2472 1134 2527 ecclesiae
1165 2473 1288 2528 fuit.

138 2577 292 2630 1216.
320 2578 437 2631 1100
467 2592 627 2632 anno
658 2577 802 2632 obiit
830 2579 1068 2634 donnus
1093 2580 1466 2636 Innocentius
1497 2597 1656 2653 papa
1688 2582 1900 2637 tercius
1934 2586 1997 2636 10
2029 2583 2154 2638 Kal.
2187 2583 2435 2652 Augusti
2456 2581 2621 2656 apud
2652 2581 2979 2647 Perusium,
3002 2583 3059 2635 et
3090 2579 3360 2652 sepultus
3394 2572 3484 2633 est

56 2666 123 2720 in
151 2664 398 2720 ecclesia
429 2666 623 2721 Sancti
651 2667 958 2722 Herculani
987 2687 998 2732 ;
1029 2669 1122 2723 cui
1153 2670 1436 2724 successit
1459 2670 1753 2724 Honorius
1777 2687 1937 2742 papa
1970 2671 2200 2726 tercius.
2232 2671 2453 2725 Eodem
2477 2686 2637 2726 anno
2667 2669 3018 2735 Ludovicus,
3048 2666 3204 2722 ﬁlius
3227 2665 3488 2739 Philippi

55 2753 221 2822 regis
251 2756 632 2824 Francorum,
663 2755 903 2810 intravit
927 2757 1202 2825 Angliam
1258 2758 1331 2813 ad
1372 2758 1850 2830 conquirendum
1899 2776 2054 2826 eam,
2116 2759 2337 2814 auxilio
2395 2764 2450 2814 et
2494 2758 2738 2814 consilio
2774 2755 3074 2812 baronum
3103 2757 3327 2826 Angliae
3363 2775 3375 2823 ;
3430 2747 3490 2811 et

57 2842 279 2898 eodem
312 2859 472 2898 anno
504 2860 603 2897 rex
635 2844 878 2913 Angliaa,
914 2845 1013 2917 qui
1051 2845 1378 2900 vocabatur
1398 2847 2046 2913 Joannes-sine-Terra,
2080 2854 2352 2902 mortuus
2385 2848 2510 2903 fuit.
2545 2847 2765 2902 Eodem
2799 2862 2960 2901 anno
2987 2846 3312 2918 imperator
3343 2847 3490 2900 Con-

61 2931 484 3003 stantinopolis
507 2932 651 2987 obiit
680 2933 960 2988 Henricus
994 2934 1390 2990 Flandrensis.
1413 2936 1516 2989 Cui
1541 2937 1826 2992 successit
1851 2940 2052 2991 Petrus
2081 2954 2281 2992 comes
2313 2935 2870 2992 Autissiodorensis.
2909 2935 3128 2989 Eodem
3161 2949 3321 2988 anno
3343 2934 3490 2988 Tho-

60 3037 199 3076 mas
225 3020 580 3074 venerabilis
611 3022 930 3094 episcopus
963 3025 1438 3078 Lesmorenensis
1472 3026 1581 3094 (61))
1612 3040 1841 3080 moram
1870 3025 2090 3080 faciens
2123 3025 2182 3079 in
2221 3025 2468 3080 ecclesia
2491 3024 2686 3081 Sancti
2719 3023 2984 3092 Benigni,
3009 3020 3378 3082 consecravit
3404 3019 3489 3074 al‘

63 3115 192 3165 tare
227 3109 410 3163 sancti
442 3109 613 3164 Blasii
650 3114 711 3164 14
743 3111 872 3166 Kal.
906 3113 1139 3167 Octobr.
1167 3146 1232 3152 —
1258 3117 1373 3168 Hoc
1405 3129 1564 3168 anno
1597 3114 1752 3169 venit
1781 3113 2043 3168 domnus
2097 3113 2378 3168 Airardus
2409 3113 2482 3168 de
2517 3115 2742 3181 Bregne
2775 3127 2810 3167 a
2841 3109 3259 3167 transmarinis
3313 3109 3492 3181 parti-

60 3200 206 3266 bus,
234 3202 289 3252 et
316 3197 568 3254 adduxit
591 3216 794 3255 secum
819 3201 1005 3256 tiliam
1038 3202 1517 3258 Henricicomitis
1552 3203 1911 3275 Campanias,
1936 3219 2122 3275 quam
2149 3203 2401 3258 duxerat
2447 3203 2507 3257 in
2556 3217 2824 3256 uxorem.
2885 3199 3108 3255 Eodem
3165 3213 3325 3255 anno
3360 3200 3489 3265 Oto,

62 3289 229 3345 filius
255 3285 484 3342 domini
519 3289 855 3358 Saxifontis,
889 3293 992 3363 qui
1014 3296 1139 3348 erat
1171 3294 1330 3366 prior
1359 3293 1630 3364 ejusdem
1661 3292 1775 3348 loci
1806 3298 1860 3348 et
1890 3293 2226 3348 monachus
2256 3291 2453 3348 Sancti
2485 3290 2748 3362 Benigni,
2779 3290 3000 3346 electus
3057 3288 3166 3345 fuit
3187 3286 3248 3344 in
3302 3286 3492 3342 abba-

61 3384 186 3433 tem
220 3376 464 3432 Luxovii
490 3395 502 3445 ;
532 3382 588 3432 et
621 3379 690 3412 ¹²²
720 3378 824 3435 fuit
850 3380 931 3436 ibi
960 3397 1066 3454 per
1094 3383 1361 3456 quinque
1388 3398 1624 3438 menses
1651 3401 1663 3450 ;
1695 3387 1903 3455 postea
1929 3381 2118 3437 factus
2154 3381 2625 3452 Clarevallensis,
2654 3379 2736 3435 ibi
2775 3379 2883 3436 fuit
2913 3393 3018 3452 per
3047 3382 3304 3452 quatuor
3332 3391 3496 3432 men-

63 3485 181 3533 ses,
211 3471 266 3522 et
293 3471 501 3538 postea
532 3472 806 3524 mortuus
831 3475 936 3526 est.

141 3578 297 3630 1217.
334 3577 448 3629 1100
481 3591 640 3630 anno
668 3574 777 3632 fuit
806 3593 1064 3647 magnus
1092 3583 1304 3633 ventus
1335 3595 1440 3650 per
1473 3583 1661 3634 totum
1684 3577 2002 3632 mundum.
2032 3577 2348 3633 Mortalitas
2379 3576 2717 3645 hominum,
2752 3573 3002 3630 defectio
3024 3574 3347 3629 fructuum.

141 3685 294 3737 1218.
321 3682 443 3738 1100
474 3699 635 3739 anno
663 3690 934 3739 mortuus
967 3685 1072 3742 fuit
1105 3685 1274 3741 Oddo
1306 3685 1430 3739 dux
1451 3685 1787 3753 Burgundie
1817 3700 1989 3738 cruce
2019 3683 2415 3754 signatus,qui
2435 3682 2539 3737 fuit
2561 3682 2716 3737 ﬁlius
2739 3682 2976 3737 ducisse
3009 3681 3486 3750 [0101111810.Εο-

59 3773 205 3827 110111
229 3787 388 3825 anno
416 3778 686 3827 mortuus
718 3773 823 3828 fuit
856 3776 1079 3844 Symon
1108 3790 1308 3827 comes
1340 3773 1737 3830 Montisfortis.
1764 3772 1866 3844 qui
1894 3771 2216 3826 infestabat
2246 3771 2609 3834 Albigenses.
2645 3803 2713 3810 --—
2747 3773 2862 3825 Hoc
2885 3786 3046 3826 anno
3067 3770 3351 3826 obscessa
3378 3769 3497 3826 fuit

63 3861 336 3916 Damiata
365 3877 401 3917 a
432 3862 775 3918 Christianis
823 3865 1076 3918 intrante
1139 3878 1342 3916 mense
1398 3861 1574 3927 Julio,
1634 3867 1690 3916 et
1720 3861 1959 3917 fuerunt
1983 3865 2117 3916 ante
2141 3877 2275 3916 eam
2309 3862 2380 3894 ¹²³
2403 3876 2508 3934 per
2532 3875 2762 3915 annum
2794 3865 2850 3915 et
2874 3864 3135 3932 quatuor
3163 3875 3401 3915 menses
3427 3862 3485 3914 et

60 3949 334 4022 quinque
364 3950 510 4017 dies,
545 3955 601 4006 et
621 3956 798 4024 capta
829 3956 916 4007 est
941 3951 1018 4007 ab
1046 3951 1130 4006 eis
1168 3950 1417 4007 Domino
1448 3955 1752 4023 operante.

143 4059 296 4112 1220.
340 4057 463 4113 Ηο0
497 4073 656 4113 anno
679 4062 992 4129 promotus
1026 4057 1133 4114 fuit
1180 4055 1504 4112 Willelmus
1549 4057 1868 4130 episcopus
1918 4057 2306 4127 Lingonensis
2348 4056 2408 4112 in
2466 4055 2985 4128 archiepiscopatu
3033 4054 3350 4121 Remensi;
3397 4054 3496 4110 cut

65 4145 361 4202 successit
393 4147 467 4182 ¹²¹ο
495 4146 668 4214 Hugo
697 4147 771 4201 de
797 4150 986 4202 Monte
1018 4146 1222 4217 regali.

142 4255 297 4308 1223.
326 4255 444 4308 Hoc
472 4268 632 4308 anno
660 4253 822 4308 venit
849 4253 908 4308 in
932 4253 1118 4309 Gallia
1145 4252 1446 4308 Johannes
1480 4269 1576 4308 rex
1609 4251 2190 4321 Jherosolimitanus,
2224 4256 2281 4306 et
2309 4255 2581 4323 receptus
2609 4250 2716 4306 fuit
2741 4266 2777 4305 a
2804 4248 3075 4321 Philippo
3116 4263 3255 4316 rege
3313 4250 3492 4303 Fran-

60 4358 274 4398 corum
304 4347 359 4396 et
389 4342 465 4397 ab
493 4341 775 4396 omnibus
804 4343 1175 4415 principibus
1201 4343 1366 4407 regni
1399 4343 1485 4397 sui
1519 4359 1653 4397 cum
1690 4358 1912 4410 magno
1974 4342 2195 4412 gaudio
2240 4346 2295 4396 et
2324 4342 2571 4395 honore.
2596 4343 2802 4394 Postea
2833 4339 3045 4394 eodem
3077 4352 3236 4392 anno
3285 4335 3493 4390 defun-

60 4435 196 4487 ctus
227 4429 334 4484 fuit
357 4429 736 4501 supradictus
772 4431 1075 4502 Philippus
1108 4431 1404 4499 gloriosus
1435 4449 1534 4486 rex
1569 4433 1951 4496 Francorum,
1986 4435 2041 4484 et
2073 4429 2342 4500 sepultus
2371 4429 2427 4482 in
2455 4427 2698 4482 basilica
2732 4427 2920 4480 sancti
2947 4425 3210 4497 Dyonisii
3239 4423 3492 4495 septimo

58 4517 302 4576 decimo
329 4518 459 4572 Kal.
480 4519 730 4585 Augusti
763 4535 899 4574 cum
936 4537 1158 4587 magno
1186 4520 1348 4575 luctu
1375 4525 1431 4574 et
1462 4520 1702 4575 tristicia
1731 4519 1923 4574 tocius
1951 4517 2159 4590 populi
2186 4516 2353 4582 regni
2383 4516 2494 4582 sui,
2528 4518 2817 4586 praesente
2846 4513 3188 4584 supradicto
3217 4512 3491 4567 Johanne

54 4620 204 4674 rege
236 4605 776 4662 Jherosolimitano.
805 4611 950 4664 ltem
978 4610 1190 4664 eodem
1219 4624 1379 4665 anno
1401 4613 1723 4664 coronatus
1753 4607 1862 4662 fuit
1896 4605 2242 4672 Lodovicus,
2283 4603 2440 4659 filius
2471 4602 2795 4674 supradicti
2844 4599 3116 4672 Philippi,
3147 4600 3208 4654 in
3259 4599 3491 4656 civitate

58 4691 340 4754 Remensi
371 4708 406 4748 a
437 4692 723 4750 Willelmo
747 4698 886 4752 tunc
913 4697 1367 4769 archiepiscopo
1392 4696 1662 4766 ejusdem
1686 4695 1961 4766 civitatis,
1990 4697 2279 4767 praesente
2304 4691 2648 4764 supradicto
2669 4704 2828 4758 rege,
2854 4705 2990 4745 cum
3016 4687 3238 4759 gaudio
3265 4702 3491 4759 magno

59 4789 124 4842 et
153 4797 302 4855 pace
331 4781 519 4838 tocius
551 4783 760 4856 populi
786 4783 966 4841 Gallic
995 4789 1026 4841 8
1056 4786 1193 4841 ldus
1222 4786 1489 4854 Augusti.

145 4892 301 4957 1226,
338 4891 408 4926 ¹²⁵
438 4893 555 4946 Hoc
589 4907 750 4947 anno
779 4892 1014 4948 obsedit
1043 4891 1374 4948 Lodovicus
1402 4908 1504 4948 rex
1537 4895 1900 4949 Francorum
1931 4907 2069 4947 cum
2089 4887 2511 4946 innumerabili
2542 4885 2802 4944 exercitu
2832 4886 2927 4942 die
2960 4885 3332 4942 Pentecostes
3361 4877 3494 4940 Avi-

63 4981 335 5050 nionem,
363 4985 420 5036 et
447 4980 596 5035 sedit
622 4980 702 5036 ibi
734 4981 852 5038 fere
875 4987 1133 5054 quatuor
1152 4996 1389 5036 menses
1417 5000 1429 5047 ;
1461 4981 1542 5036 ibi
1569 4995 1714 5038 vero
1742 4981 1852 5038 fuit
1879 4980 2111 5037 occisus
2139 4995 2340 5034 comes
2362 4977 2557 5033 Sancti
2583 4974 2744 5032 Pauli
2776 4979 2832 5031 et
2856 4975 3027 5030 multi
3057 4973 3155 5030 alii
3186 4972 3417 5028 nobiles
3435 4976 3494 5029 et

1438 5141 1672 5196 νΑΒιίΕ
1714 5140 2114 5198 LECTIONES.

145 5301 218 5335 ¹²⁰
249 5301 424 5366 gerie,
460 5299 603 5356 limo
634 5308 690 5358 et
711 5306 837 5359 alia.
867 5305 1138 5374 quaedam
1173 5301 1280 5378 hoc
1313 5317 1472 5378 anno
1505 5317 1622 5356 non
1649 5303 1848 5378 plane,
1869 5299 2136 5378 tegenda.
2167 5299 2496 5378 Episcopus
2517 5293 2823 5378 ‘Eduei'lSiS
2862 5289 3337 5378 futT'tnGalterl'us.
3363 5377 3368 5378 γ
3415 5285 3488 5378 ξ’]

68 5372 147 5448 ad
174 5361 301 5427 cod.
333 5376 365 5426 2
397 5361 616 5448 habere
642 5361 895 5432 videtur:
920 5377 1039 5433 Sed
1068 5375 1188 5448 dies
1221 5374 1479 5448 Anflrea:
1525 5361 1784 5448 apostoli
1830 5361 2266 5448 2οῘΝο0οπιὸὶκ
2294 5361 2434 5448 fuit:
2457 5437 2469 5448 I
2517 5366 2588 5448 ‘3"
2644 5365 2877 5435 reliqua
2913 5366 3037 5421 alia
3081 5379 3293 5420 manus
3348 5361 3489 5419 add.

73 5446 145 5480 ι²³
177 5458 316 5498 eum
342 5448 428 5498 c.?
505 5446 575 5481 ¹²¹⁶
605 5447 864 5503 successi
894 5465 942 5504 c.
1025 5448 1096 5482 1“
1127 5446 1188 5500 in
1210 5445 1409 5500 codice
1437 5437 1574 5500 haec
1594 5441 1674 5500 ad
1704 5459 1759 5500 α.
1800 5447 1955 5509 1227,
1990 5443 2188 5497 relata
2220 5437 2339 5496 esse
2369 5437 2668 5493 videntur.

1661 5587 1884 5643 NOTE.

142 5728 255 5797 (59)
285 5727 348 5783 In
379 5727 620 5784 dioecesi
650 5731 1026 5801 Lingonensi.
1923 5727 2036 5798 (60)
2069 5729 2133 5781 ln
2163 5723 2442 5781 Irlandia.
