3892 6390
366 279 467 344 895
947 288 1240 340 APPEND.
1282 286 1377 339 AD
1419 286 1473 340 S.
1516 280 1985 339 GUlLLELMUM.
2020 306 2089 320 —-
2118 281 2437 337 ANNALES
2474 282 2529 335 S.
2572 281 2853 337 BENIGNI
2896 280 3154 337 DIVION.
3724 286 3847 338 896

364 409 659 466 innobiles
694 429 706 478 ;
740 415 945 482 postea
968 409 1196 464 reddita
1232 407 1340 462 fuit
1369 408 1421 462 ei
1451 407 1675 475 civitas,
1707 410 1762 461 et
1792 403 2074 459 subvertit
2101 418 2310 458 omnes
2334 420 2539 460 muros
2577 404 2825 461 civitatis
2856 408 2913 459 et
2937 418 3183 459 omnem
3229 402 3721 473 fortitudinem,
3771 411 3844 461 et

365 504 553 554 totam
588 500 657 533 ¹²⁶
684 498 860 554 aliam
890 504 1103 553 terram
1136 496 1387 565 subjecit
1424 496 1535 551 sibi
1566 512 1753 568 usque
1788 496 1857 529 ¹²⁶
1894 510 1902 548 ε

2325 524 2394 533 -
2421 497 2557 565 Ipso
2596 498 2796 549 autem
2828 492 3116 548 redeunte
3145 491 3225 547 ab
3260 493 3338 527 ¹²⁶
3370 493 3709 565 ΡΙ·ωῶοω
3750 495 3838 550 ci—

364 587 564 652 vitate,
595 587 907 641 defunctus
936 590 1026 640 est
1054 585 1215 657 apud
1244 584 1540 639 civitatem
1581 586 1651 618 ¹²⁶
1682 582 1923 638 Pancier
1960 581 2092 652 (61),
2138 586 2195 636 et
2251 580 2515 652 sepultus
2567 582 2627 636 in
2684 580 3049 637 monasterio
3096 580 3289 636 sancti
3344 580 3638 638 Dionisii
3699 591 3839 656 post

367 679 596 746 patrem
622 675 690 708 ¹²⁵
722 690 897 728 suum
932 692 945 740 ;
974 674 1131 728 ﬁlius
1171 678 1371 728 autem
1411 673 1539 742 ejus
1570 671 1904 726 Ludovicus
1930 673 2249 725 coronatus
2281 673 2368 724 est
2398 669 2598 724 Remis
2626 670 2687 724 in
2725 669 2929 740 vigilia
2958 712 2970 724 .
3018 711 3031 724 .
3078 712 3091 724 .
3138 711 3149 723 .
3196 712 3209 725 .
3256 670 3332 704 “7

440 765 591 817 1231.
628 764 746 816 Hoc
770 776 929 815 anno
963 760 1109 815 obiit
1137 763 1302 829 Hugo
1325 760 1641 832 episcOpus
1676 756 2062 828 Lingonensis
2092 756 2237 811 feria
2268 760 2297 812 3
2329 759 2465 811 ante
2498 758 2694 812 Letare
2723 756 3111 812 Jberusalem.
3162 756 3270 811 Cui
3328 757 3667 814 successit
3722 760 3836 814 Bo-

365 849 567 905 bertus
591 849 665 903 de
696 852 920 904 Toreta.

439 941 593 993 1236.
630 941 747 992 Hoc
777 953 936 991 anno
968 941 1142 991 natus
1167 936 1323 991 filius
1350 935 1616 1003 Hugonis
1647 935 1815 990 ducis
1842 932 2199 1004 Burgundie.

442 1030 595 1081 1239.
626 1026 747 1081 Hoc
769 1042 927 1080 anno
967 1026 1233 1079 exierunt
1260 1025 1479 1079 Tartari
1504 1024 1578 1079 de
1608 1028 1764 1079 terra
1795 1039 1902 1078 sua
1932 1026 1986 1077 et
2018 1022 2437 1078 destruxerunt
2465 1022 2765 1093 Rusciam,
2800 1020 3106 1077 Poloniam
3128 1026 3184 1077 et
3216 1021 3607 1091 Ungariam.

444 1118 598 1168 1240.
633 1115 752 1169 Hoc
782 1130 940 1168 anno
971 1113 1205 1168 fuerunt
1236 1113 1490 1167 barones
1524 1112 1759 1167 Francie
1783 1111 1961 1166 deviti
1992 1112 2061 1144 ¹²⁸
2089 1126 2190 1165 rex
2223 1114 2499 1179 Navarre,
2527 1110 2649 1165 dux
2673 1110 3014 1179 Burgundie
3042 1128 3055 1178 ;
3084 1125 3291 1165 comes
3315 1111 3495 1167 Barri
3528 1116 3841 1169 mortuus

371 1202 480 1257 fuit
498 1208 554 1257 et
582 1219 781 1257 comes
811 1202 1182 1257 Montisfortis
1210 1206 1265 1257 et
1292 1217 1493 1256 comes
1520 1201 1887 1256 Nivernensis
1920 1204 1975 1255 et
1999 1198 2167 1254 multi
2198 1199 2294 1255 alii
2328 1199 2577 1255 nobiles.
2926 1268 2935 1273 ι

445 1295 597 1345 1241.
630 1294 743 1345 Hoc
766 1306 923 1345 anno
944 1291 1089 1345 obiit
1115 1290 1270 1345 bone
1302 1290 1585 1345 memorie
1615 1290 1853 1344 donnus
1909 1288 2100 1344 abbas
2157 1289 2551 1359 Raymundus
2607 1286 2764 1342 illius
2808 1287 3075 1354 ecclesie,
3103 1286 3210 1360 qui
3235 1289 3606 1347 construxit
3639 1305 3843 1361 gran-

371 1379 549 1448 giam.
597 1423 609 1434 .
655 1420 666 1431 .
713 1422 725 1433 .
770 1421 782 1432 .
829 1421 840 1433 .
886 1420 898 1432 .
946 1421 957 1432 .
999 1378 1151 1432 infra
1181 1379 1335 1432 hanc
1361 1377 1637 1432 abaciam
1668 1381 1723 1430 et
1754 1377 1907 1430 hanc
1935 1375 2342 1430 ecclesiamm
2372 1375 2592 1431 nostris
2642 1375 2855 1430 debitis
2913 1374 3191 1447 aquisivit
3232 1418 3246 1430 .
3294 1418 3307 1432 .
3354 1418 3369 1431 .
3419 1419 3434 1433 .
3488 1416 3505 1429 .
3559 1421 3575 1433 .
3630 1422 3647 1435 .
3696 1422 3713 1434 .
3761 1423 3776 1436 .
3824 1429 3836 1437 .

366 1468 527 1536 fecit.
563 1466 665 1522 Cui
692 1466 975 1521 successit
1003 1466 1265 1521 domnus
1321 1465 1673 1537 [Stephanus
1709 1465 1801 1535 13"]
1854 1469 2031 1518 natus
2062 1463 2135 1517 de
2164 1464 2302 1518 Loio
2335 1464 2508 1519 annis
2578 1468 2641 1519 12
2691 1468 2748 1519 et
2784 1463 3055 1519 dimidio.
3098 1495 3166 1503 —
3224 1465 3349 1520 Hoc
3423 1479 3616 1522 anno
3680 1467 3816 1523 obii

370 1554 683 1623 Gregorius
711 1558 841 1610 ΙΧιιε.
880 1554 1174 1626 Tempore
1227 1554 1413 1626 ipsius
1467 1554 1573 1608 fuit
1628 1552 1925 1607 discordia
1981 1552 2131 1606 inter
2171 1568 2234 1606 se
2293 1556 2348 1607 et
2401 1552 2773 1608 Fredericum
2824 1552 3250 1624 inperatorem,
3283 1552 3701 1624 quiduravit
3726 1572 3842 1629 per

368 1659 625 1698 annos.-
665 1645 752 1709 '3',
783 1648 837 1698 et
868 1644 1116 1697 cessavit
1145 1642 1315 1697 sedes
1338 1659 1442 1714 per
1466 1643 1620 1697 duos
1662 1657 1917 1708 menses,
1959 1645 2015 1695 et
2069 1640 2307 1695 fuerunt
2335 1640 2490 1712 capti
2526 1643 2595 1675 ¹³²
2627 1641 2748 1696 duo
2796 1640 2972 1710 legati
3004 1645 3061 1696 et
3088 1640 3260 1696 multi
3292 1641 3555 1713 prelati,
3593 1645 3840 1700 archie-

369 1731 615 1803 piscopi,
644 1730 908 1802 episcopi
939 1736 994 1785 et
1022 1731 1293 1799 abbates,
1320 1735 1374 1786 et
1397 1730 1878 1801 archiepiscopus
1934 1727 2329 1782 Bissuniensis
2362 1728 2531 1799 periit
2582 1728 2641 1783 in
2686 1744 2871 1783 mare.
2902 1728 3007 1784 Cui
3039 1728 3325 1784 successit
3354 1728 3745 1798 Celestinus,
3778 1738 3837 1786 et

368 1819 604 1873 duravit
631 1836 736 1891 per
769 1824 830 1873 15
858 1818 1008 1886 dies,
1058 1824 1113 1874 et
1170 1819 1422 1873 cessavit
1470 1818 1641 1873 sedes
1697 1832 1802 1889 per
1854 1831 2083 1871 annum
2114 1820 2170 1870 et
2225 1816 2530 1888 amplius;
2573 1817 2667 1871 cui
2721 1817 3004 1872 successit
3058 1816 3465 1873 lnnocencius
3528 1826 3827 1892 quartus,

369 1906 471 1978 qui
494 1906 691 1961 statim
722 1907 961 1961 recessit
987 1922 1022 1961 a
1052 1910 1240 1962 Roma
1261 1910 1317 1961 et
1342 1906 1502 1961 venit
1532 1906 1849 1962 Ludunum
1884 1905 1975 1971 “'3,
2006 1908 2062 1958 et
2088 1903 2407 1959 celebravit
2427 1903 2745 1959 concilium
2775 1904 2855 1959 ibi
2887 1919 3050 1960 anno
3090 1904 3361 1961 secundo
3402 1907 3826 1978 pontiﬁcatus

371 2012 479 2050 Slll.

442 2087 597 2138 1244.
627 2084 747 2138 Hoc
779 2099 940 2137 anno
968 2083 1206 2137 fuerunt
1234 2099 1334 2137 rex
1364 2086 1419 2137 et
1443 2083 1650 2151 regina
1682 2081 1842 2153 apud
1878 2080 2202 2135 Divionem.
2254 2112 2321 2120 —
2352 2081 2472 2136 Hoc
2526 2096 2685 2137 anno
2742 2080 3164 2137 destruxerunt
3213 2081 3529 2139 Babilonii
3587 2088 3826 2142 terram

370 2171 781 2242 promissionis
812 2175 867 2225 et
896 2170 1237 2241 sepulcrum
1269 2170 1500 2225 Domini
1526 2184 1717 2241 usque
1748 2169 1826 2223 ad
1847 2168 2045 2223 Tirum
2076 2173 2131 2223 et
2154 2168 2231 2223 ad
2262 2172 2371 2225 Cor
2401 2171 2470 2203 ¹³⁸
2501 2169 2787 2225 civitates.

448 2262 602 2313 1249.
630 2259 752 2313 Hoc
781 2274 941 2313 anno
972 2258 1116 2313 obiit
1172 2258 1432 2312 domnus
1492 2261 1656 2326 Hugo
1689 2257 2073 2324 Lingonensis
2126 2258 2441 2329 episcopus
2488 2264 2543 2313 et
2568 2259 2881 2331 quondam
2925 2256 3118 2313 abbas
3158 2258 3615 2332 Cluniacensis,
3642 2278 3827 2319 cruce

373 2347 642 2416 signatus
668 2347 820 2402 ultra
848 2362 1031 2415 mare,
1065 2353 1119 2402 et
1144 2347 1205 2401 in
1238 2346 1505 2418 sequenti
1536 2362 1695 2401 anno
1728 2346 1979 2401 succesit
2006 2346 2055 2401 ei
2087 2346 2274 2401 Guido
2326 2346 2401 2401 de
2460 2348 2794 2415 ltochefort,
2827 2362 3155 2403 canonicus
3207 2347 3496 2417 ejusdem
3530 2350 3824 2407 ecclesie.

373 2467 439 2474 —
472 2438 588 2489 Hoc
644 2452 803 2490 anno
856 2436 1229 2503 Lugdovicus
1286 2452 1386 2490 rex
1444 2451 1580 2489 cum
1637 2451 1819 2489 uxore
1873 2451 1982 2489 sua
2012 2440 2067 2489 et
2092 2434 2330 2489 duobus
2381 2434 2658 2490 fratribus
2706 2434 2828 2489 suis
2883 2434 3098 2491 Karolo
3127 2439 3186 2490 et
3206 2435 3475 2492 Roberto
3508 2437 3629 2494 ivit
3664 2438 3825 2494 ultra

372 2540 555 2587 mare,
585 2530 790 2579 contra
828 2540 1099 2596 paganos
1130 2530 1507 2595 pugnaturus
1535 2543 1547 2587 ;
1574 2524 1676 2595 qui
1704 2523 1762 2577 in
1796 2523 1991 2594 primo
2015 2524 2275 2578 adventu
2321 2540 2429 2577 suo
2477 2524 2631 2595 cepit
2678 2524 3007 2578 Damietam
3057 2527 3115 2578 et
3155 2524 3430 2595 possedit
3483 2541 3645 2582 eam
3706 2528 3822 2583 fere

370 2629 475 2684 per
504 2612 817 2668 dimidium
841 2629 1088 2668 annum.
1120 2612 1223 2666 sed
1252 2613 1639 2684 permissione
1676 2612 1772 2665 Dei
1803 2611 2016 2666 accidit
2044 2612 2093 2665 ei
2146 2611 2453 2681 quoddam
2522 2610 2933 2666 infortunium.
2990 2614 3139 2666 Nam
3200 2616 3479 2684 tempore
3531 2615 3823 2686 paschali

370 2702 569 2757 exiens
599 2701 671 2755 de
706 2703 970 2757 Damieta
1000 2718 1136 2757 cum
1166 2702 1365 2755 multis
1397 2700 1680 2755 militibus
1711 2700 1978 2772 peditum
2006 2705 2062 2753 et
2114 2698 2387 2765 militum,
2442 2699 2735 2771 pugnavit
2795 2715 2932 2753 cum
2960 2699 3218 2771 paganis
3245 2717 3257 2766 ;
3287 2704 3346 2755 et
3369 2700 3686 2759 detentus
3720 2704 3821 2759 fuit

370 2791 429 2845 in
459 2791 671 2846 eodem
720 2791 876 2845 bello
934 2795 989 2845 et
1043 2790 1212 2845 multi
1270 2790 1528 2845 barones
1588 2806 1725 2844 cum
1784 2804 1877 2857 eo,
1929 2793 1986 2843 et
2036 2787 2211 2842 frater
2250 2789 2378 2858 ejus
2410 2787 2697 2843 Robertus
2727 2787 2959 2842 occisus
2990 2792 3082 2843 est
3113 2807 3125 2843 :
3163 2792 3250 2843 set
3273 2788 3579 2845 redentus
3616 2790 3744 2848 fuit
3769 2797 3818 2847 et

370 2895 578 2935 omnes
606 2880 707 2951 qui
739 2896 877 2934 cum
939 2896 1009 2933 eo
1119 2884 1287 2934 erant
1346 2883 1443 2933 100
1495 2878 1736 2932 milibus
1796 2876 2053 2932 marchis
2085 2876 2232 2941 auri,
2292 2876 2389 2931 tali
2450 2876 2787 2932 conditione
2843 2876 3009 2948 quod
3060 2876 3332 2933 Damieta
3387 2877 3815 2945 redderetur;

371 2982 491 3037 qua
514 2966 765 3036 reddita,
796 2966 1219 3020 destruxerunt
1249 2967 1317 2999 ¹³⁴
1346 2982 1480 3020 eam
1520 2965 1704 3037 pagni
1736 2964 2021 3030 funditus,
2057 2963 2317 3019 dicentes
2347 2964 2511 3036 quod
2536 2968 2779 3037 propter
2798 2979 2934 3018 eam
2965 2979 3203 3037 semper
3231 2963 3735 3025 infestabantur.

448 3057 602 3108 1252.
634 3056 753 3108 Hoc
774 3070 933 3108 anno
963 3057 1232 3109 exterunt
1260 3059 1527 3125 pastores
1559 3070 1696 3108 cum
1730 3051 1929 3107 multis
1988 3052 2283 3122 adjunctis
2341 3052 2585 3120 eisdem,
2629 3052 2893 3107 volentes
2947 3052 3351 3121 transfretare,
3409 3057 3472 3109 et
3528 3055 3810 3114 dicentes

372 3141 537 3214 quod
566 3142 850 3197 Dominus
880 3142 940 3196 in
970 3142 1274 3197 nativitate
1306 3157 1414 3196 sua
1442 3140 1627 3195 voluit
1653 3139 2032 3195 manifestare
2066 3157 2128 3195 se
2160 3156 2265 3212 per
2291 3141 2571 3211 angelum
2598 3140 2963 3213 pastoribus,
2996 3145 3053 3197 et
3100 3140 3237 3197 ideo
3280 3141 3596 3201 volebant
3650 3147 3808 3203 adire

372 3230 571 3286 locum
600 3229 702 3284 ubi
740 3234 915 3283 natus
942 3229 1048 3285 fuit
1077 3234 1134 3284 ct
1161 3245 1506 3300 expugnare
1536 3228 1807 3283 inimicos
1829 3229 1957 3298 ejus
1990 3247 2003 3294 ;
2035 3233 2121 3283 set
2148 3228 2294 3283 illud
2320 3229 2695 3301 propositum
2725 3228 2785 3283 in
2818 3228 3098 3284 frivolum
3128 3229 3447 3285 redactum
3481 3230 3636 3290 fuit.

448 3321 602 3372 1264.
638 3320 754 3372 Hoc
785 3333 944 3372 anno
971 3316 1115 3372 obiit
1142 3317 1445 3389 dompnus
1481 3318 1551 3350 ¹³⁶
1582 3316 1654 3371 de
1685 3316 1838 3377 Loio,
1873 3316 2062 3372 abbas
2089 3316 2255 3371 istius
2288 3316 2550 3383 ecclesie,
2600 3317 2689 3371 vir
2719 3316 3226 3389 prudentissimus
3270 3320 3457 3389 atque
3522 3318 3811 3377 ﬁdelissi-

372 3422 529 3473 mus,
563 3406 778 3461 scilicet
803 3406 861 3461 in
892 3406 1083 3477 capite
1108 3406 1337 3475 jejunii,
1371 3406 1533 3477 quod
1564 3410 1701 3460 tunc
1724 3404 1830 3459 fuit
1854 3410 1883 3459 5
1908 3405 2035 3460 Kal.
2070 3405 2282 3471 Marcii,
2313 3405 2418 3477 qui
2441 3410 2576 3461 ante
2601 3406 2671 3440 ³³⁷
2707 3409 2768 3460 15
2793 3404 2921 3460 dies
2961 3406 3023 3459 in
3052 3404 3319 3477 periculo
3364 3408 3600 3465 mortis
3647 3411 3815 3485 posi-

372 3499 485 3563 tus,
517 3494 576 3549 in
606 3510 792 3550 manu
822 3494 1085 3566 episcopi
1114 3493 1502 3563 Lingonensis
1531 3492 1869 3563 resignavit,
1898 3496 1954 3547 et
1974 3492 2126 3549 bene
2157 3491 2517 3548 ministravit
2542 3492 2625 3548 ibi
2650 3511 2663 3560 ;
2695 3492 2790 3549 die
2821 3497 3025 3549 autem
3056 3492 3318 3548 crastina
3377 3493 3811 3567 deposicionis

371 3600 473 3638 sue
503 3583 721 3639 electus
744 3582 851 3639 fuit
878 3583 1161 3639 dominus
1188 3586 1386 3639 Petrus
1408 3583 1483 3638 de
1507 3585 1765 3637 Fosseto.

442 3676 594 3727 1255.
628 3673 744 3726 Hoc
774 3688 934 3726 anno
964 3671 1108 3727 obiit
1136 3671 1520 3726 lnnocencius
1540 3687 1703 3743 papa
1733 3670 1822 3725 Illl
1857 3689 1870 3738 ;
1901 3670 1999 3749 cui
2030 3671 2101 3705 ¹³⁸
2131 3668 2421 3725 successit
2446 3668 2707 3724 domnus
2734 3669 3070 3726 Alexander
3126 3684 3290 3742 papa
3348 3671 3472 3739 Illi,
3515 3676 3641 3747 qui
3694 3682 3813 3733 erat

370 3761 689 3831 episcopus
717 3761 1061 3816 Hostiensis.

444 3852 598 3903 1259.
631 3850 752 3903 Hoc
783 3864 941 3904 anno
971 3849 1079 3903 fuit
1107 3848 1423 3903 inﬁrmitas
1449 3853 1505 3903 et
1533 3848 1859 3904 mortalitas
1888 3848 2205 3904 hominum
2234 3847 2292 3902 in
2325 3852 2447 3902 toto
2476 3847 2726 3912 mundo,
2758 3847 2839 3903 ita
2861 3852 2925 3903 ut
2950 3863 3143 3920 pauce
3194 3849 3423 3905 domus
3488 3861 3723 3911 essent
3761 3856 3813 3911 in

371 3934 592 4005 quibus
623 3935 833 4006 aliquis
860 3951 1039 3990 sanus
1069 3936 1425 3991 inveniretur
1455 3955 1467 4004 ;
1500 3937 1771 4008 cepitque
1800 3937 2043 3992 inicium
2080 3936 2188 3990 hec
2215 3935 2543 3990 mortalitas
2570 3935 2629 3990 in
2661 3951 2880 4005 magna
2937 3936 3284 3992 ebdomada
3332 3943 3476 3994 ante
3544 3943 3813 4009 Pascha,

372 4020 727 4093 duravitque
756 4022 980 4077 circiter
1011 4040 1198 4078 unum
1228 4041 1516 4078 mensem.

448 4113 601 4164 1260.
636 4112 755 4165 Hoc
783 4126 942 4165 anno
969 4112 1085 4166 fere
1108 4112 1165 4166 in
1197 4113 1473 4167 universo
1500 4113 1642 4168 orbe
1677 4114 2005 4170 Christiano
2027 4117 2311 4185 ceperunt
2337 4129 2397 4167 se
2424 4112 2696 4168 homines
2720 4112 2853 4169 laici
2883 4130 3024 4169 cum
3064 4113 3266 4169 multis
3310 4113 3558 4171 clericis
3627 4120 3818 4176 corri-

375 4198 481 4266 giis
504 4199 833 4267 verberare,
862 4200 1053 4255 induti
1082 4201 1344 4255 vestibus
1374 4201 1543 4270 albis,
1575 4202 1836 4257 humeris
1858 4203 2271 4274 discoopertis.

446 4292 600 4341 1261.
638 4288 757 4343 Hoc
785 4304 945 4343 anno
975 4289 1121 4345 obiit
1146 4291 1404 4344 domnus
1427 4290 1758 4346 Alexander
1782 4307 1944 4364 papa
1977 4292 2093 4359 llIl,
2130 4290 2348 4345 scilicet
2380 4294 2443 4345 14
2474 4290 2605 4346 Kal.
2632 4290 2806 4345 Junii.

446 4381 599 4431 1266.
640 4380 755 4431 Hoc
791 4380 860 4412 "‘9
889 4394 1048 4433 anno
1083 4378 1331 4433 Karolus
1356 4380 1592 4452 princes
1626 4385 1924 4443 strenuus,
1979 4379 2156 4435 frater
2208 4379 2485 4434 Ludovici
2540 4378 2949 4449 gloriosissimi
2992 4384 3049 4434 et
3106 4380 3627 4439 Christianissimi
3657 4388 3819 4455 regis

374 4466 635 4530 Francie,
670 4466 813 4520 adiit
836 4467 1151 4522 honoriﬁce
1180 4484 1317 4522 cum
1351 4485 1531 4524 uxore
1560 4484 1668 4523 sua
1697 4474 1753 4524 et
1777 4468 1978 4523 liberis
2011 4469 2133 4522 suis
2163 4467 2437 4540 Apuliam
2471 4484 2608 4523 cum
2661 4467 2858 4522 multis
2901 4467 3144 4523 milibus
3203 4471 3617 4536 Francorum,
3665 4476 3821 4530 Men-

373 4551 605 4607 fredum
632 4560 965 4626 apostatam
988 4561 1456 4627 expugnaturus,
1484 4573 1665 4629 quem
1698 4557 1825 4611 sine
1850 4556 2013 4625 gravi
2042 4556 2310 4627 dampno
2341 4555 2558 4611 devicit
2580 4559 2637 4610 et
2664 4554 2899 4611 occidit.
2931 4559 3082 4611 Nam
3108 4572 3279 4611 arma
3305 4572 3421 4612 sua
3451 4566 3820 4618 mutaverat

372 4641 670 4711 predictus
700 4643 1028 4699 Menfredus
1054 4644 1111 4699 in
1134 4645 1393 4699 exercitu
1426 4662 1534 4699 suo
1556 4650 1611 4699 et
1631 4661 1667 4699 a
1697 4662 1840 4700 casu
1869 4645 2089 4711 ocisus,
2123 4644 2429 4713 ignoratur
2456 4644 2560 4716 qui
2591 4659 2731 4699 eum
2779 4643 3044 4699 ociderit.
3080 4646 3209 4710 Quo
3267 4645 3462 4715 ociso,
3495 4653 3563 4705 et
3625 4668 3820 4707 uxore

372 4744 485 4870 ina
516 4736 570 4784 et
598 4730 731 4784 filiis
760 4732 887 4801 ejus
914 4733 1120 4803 captis,
1144 4739 1199 4788 et
1220 4732 1535 4789 comitibus
1556 4738 1612 4789 et
1635 4733 1965 4789 baronibus
1984 4732 2257 4805 plurimis
2290 4733 2499 4804 captis,
2528 4732 2777 4788 Karolus
2806 4749 2910 4788 rex
2930 4732 3119 4789 Sicilie
3147 4737 3204 4789 et
3256 4734 3477 4807 Apulie
3512 4743 3578 4794 et
3644 4741 3820 4797 Cala-

416 4816 497 4870 rie
528 4818 770 4870 effectus
796 4824 905 4870 est.

416 4816 497 4872 rie
528 4818 770 4874 effectus
796 4824 905 4874 est.

1736 4946 1964 5002 VARIIE
2004 4945 2294 5003 LECTION
2302 4947 2401 5001 ES.

428 5064 518 5144 om
546 5068 601 5119 et
632 5069 709 5133 to,
742 5081 954 5147 usque,
983 5066 1301 5147 ab._civita,
1335 5071 1429 5123 ost
1451 5083 1532 5140 pa
1562 5068 1808 5147 abscisa.
1835 5141 1853 5147 _
1890 5071 1963 5147 ίέἶ
1991 5071 2204 5147 supple
2230 5086 2251 5147 ς
2282 5068 2613 5147 festivitatis
2643 5067 2832 5147 sancti
2861 5068 3266 5147 andree.“m
3299 5070 3391 5125 ita
3423 5072 3646 5143 legere
3675 5079 3825 5135 mihi

376 5137 532 5222 ἔξω
564 5152 711 5222 sunt.
740 5137 1049 5222 Priarisz
1080 5139 1142 5222 in
1166 5143 1389 5194 terram
1415 5137 1688 5222 sanctam
1700 5141 1963 5222 profecti
1984 5137 2178 5222 ibique
2198 5142 2416 5222 ρέᾳυξςίὶ
2444 5145 2580 5222 sunt
2597 5154 2611 5210 ;
2646 5139 3061 5222 cf..Guit_le‘lm.
3110 5139 3317 5222 ﬂung.
3369 5137 3513 5222 αῃῘ
3534 5148 3821 5222 Bouquet

374 5206 478 5284 xx,
506 5222 566 5275 p.
600 5210 726 5284 328ἶ
776 5210 902 5284 mm
930 5210 1258 5284 conplane
1286 5215 1536 5284 constat.
1618 5206 2117 5284 l30'1ta'supplev'i.
2197 5214 2263 5246 ¹³¹
2308 5214 2393 5266 ita
2415 5212 2546 5284 cod.
2576 5206 2777 5284 3'quin
2802 5211 3030 5284 relicto.
3110 5210 3183 5243 ¹³²
3239 5206 3457 5284 caupti
3519 5221 3669 5275 cod.
3700 5206 3717 5222 ⁸
3756 5222 3821 5256 ¹³³

376 5272 587 5353 ludum
618 5277 843 5353 codd“
877 5281 967 5332 vel
997 5272 1520 5353 adeo_r?forjtasse
1545 5296 1567 5335 .'
1600 5283 1817 5353 Accon.
1891 5272 1983 5317 ’⁸⁵⁸
2016 5283 2410 5338 destuxerunt
2438 5282 2563 5337 cod.
2600 5272 2617 5280 ’
2646 5282 2716 5353 ¹³ξ³
2742 5284 2865 5353 Dps
2894 5295 2942 5336 c.
2975 5282 3236 5349 fortasse
3292 5272 3439 5353 Stps
3493 5272 3537 5342 i7
3568 5272 3669 5347 ve:-
3707 5294 3822 5349 Ste.

376 5344 640 5469 petulans:
721 5348 791 5381 “7
822 5364 918 5403 an.
1001 5350 1069 5383 ¹³⁸
1104 5350 1187 5404 bis
1218 5344 1450 5406 duabus
1476 5352 1646 5406 lineis
1677 5355 1985 5423 scriptum.
2066 5354 2137 5387 ¹³⁹
2166 5356 2285 5407 Hoc
2309 5384 2379 5392 ——
2407 5369 2546 5408 cum
2585 5344 2880 5407 multis-in
2913 5344 3040 5406 loco
3074 5364 3213 5405 raso
3238 5344 3377 5409 alid
3402 5344 3822 5436 manu

474 5431 531 5469 ca
622 5458 633 5469 .

474 5430 633 5486 aqua.

1966 5564 2189 5622 ΝΟΤᾸΞ.

450 5680 561 5753 (61)
592 5677 1008 5751 Montpensier.
