3980 6434
172 261 271 312 897
943 255 1325 311 ROBERTUS
1366 257 1498 310 REX
1539 252 1984 356 FRANCOwUM.
2027 285 2095 293 —
2135 256 2410 310 ΝΟΤΙἸΊΑ
2449 256 2838 312 HISTORICA.
3506 261 3607 312 898

245 382 399 437 1267.
443 383 562 436 Hoc
594 380 668 414 “0
694 394 855 434 anno
883 379 1076 445 Oddo,
1111 379 1547 451 primogenitus
1579 377 1748 433 ducis
1775 378 2309 446 Burgundie,miles
2344 380 2565 450 bonus,
2588 380 2855 452 prudens
2880 384 3059 451 atque
3093 380 3443 449 catholicus,
3463 381 3612 437 obiit

168 469 228 526 in
259 469 532 543 partibus
564 467 976 524 transmarinis
1009 487 1022 535 ;
1054 468 1155 539 qui
1189 468 1248 522 in
1275 473 1464 523 morte
1497 484 1605 522 sua
1637 465 1970 521 maximum
2018 467 2194 522 nobis
2243 469 2524 523 omnibus
2575 469 2836 524 ostendit
2867 469 3214 524 humilitatis
3241 470 3606 541 exemplum.

169 563 315 615 Nam
342 564 475 614 octo
503 557 716 612 diebus
748 562 1074 628 antequam
1105 562 1434 612 moreretur
1463 555 1685 629 portari
1721 571 1781 608 se
1813 554 1947 610 fecit
1971 554 2032 610 in
2062 556 2340 628 hospitali
2366 574 2705 630 pauperum
2736 562 2902 612 extra
2927 574 3134 613 muros
3166 561 3408 613 Aucone
3437 560 3504 593 ¹⁴¹
3536 559 3614 614 ci-

169 648 388 716 vitatis,
421 647 622 719 ibique
655 646 870 701 amotis
897 645 1062 702 vario
1092 651 1148 700 et
1179 646 1336 715 griso
1367 646 1771 716 omnibusque
1801 645 2170 700 ornamentis
2196 648 2391 715 regiis,
2422 647 2556 702 fecit
2599 664 2661 701 se
2693 647 2837 718 poni
2882 647 2943 701 in
2975 648 3343 719 pauperculo
3374 648 3527 704 lecto
3557 654 3614 704 et

172 737 295 794 sine
323 737 551 808 pluma,
585 740 900 808 coopertus
933 735 1357 790 tantummodo
1389 735 1462 789 de
1493 734 1765 806 quadam
1794 733 1958 803 vitta,
1981 736 2366 808 precepitque
2393 735 2680 791 militibus
2711 737 2853 805 suis,
2905 736 3300 807 jurejurando
3341 738 3612 792 median-

171 822 245 896 te,
278 825 444 898 quod
474 825 535 880 in
566 829 755 880 morte
784 841 893 879 sua
920 824 1002 879 nil
1033 823 1492 896 sollempnitatis
1522 829 1797 892 ageretur
1826 828 2210 896 preterquam
2241 827 2311 859 1-"
2344 825 2618 880 divinum
2646 824 2912 881 ofﬁcium
2962 831 3017 880 et
3062 825 3191 881 sola
3235 825 3487 882 candela
3518 843 3612 882 ar-

170 916 336 971 deret
364 915 425 969 in
455 918 646 970 morte
678 919 733 969 et
763 914 824 968 in
850 913 1264 969 inhumatione
1297 913 1503 985 ipsius.

249 1005 403 1059 1271.
447 1007 564 1060 Hoc
597 1020 757 1059 anno
784 1003 994 1059 cecidit
1046 1004 1222 1058 turris
1281 1002 1355 1058 de
1410 1003 1594 1057 choro
1646 1006 1702 1057 et
1750 1003 2055 1058 neminem
2109 1003 2427 1075 oppressit,
2486 1005 2693 1059 ceteris
2750 1009 2952 1060 autem
3013 1006 3346 1060 muralibus
3405 1005 3616 1078 templi

173 1093 384 1150 evincl.
422 1134 434 1146 .
474 1136 484 1147 .
529 1092 838 1148 indutibus
870 1109 943 1147 ex
975 1092 1278 1147 voluntate
1314 1092 1754 1146 monachorum
1780 1096 1835 1145 et
1861 1091 2120 1146 artificis.
2169 1136 2180 1146 .
2229 1135 2239 1146 .
2289 1135 2299 1146 .
2347 1135 2358 1146 .
2407 1137 2418 1148 .
2473 1137 2484 1147 .
2532 1135 2542 1146 .

249 1186 403 1238 1285.
450 1185 565 1236 Hoc
595 1197 756 1236 anno
786 1181 1041 1236 surrexit
1071 1181 1374 1252 Philippus
1413 1197 1518 1234 rex
1551 1180 1791 1236 Francie
1845 1186 2052 1236 contra
2108 1184 2345 1236 Petrum
2399 1181 2660 1236 condam
2704 1198 2906 1251 regem
2940 1185 3439 1250 Aragonensium,
3469 1201 3613 1240 con-

171 1271 570 1343 dempnatum
597 1287 630 1325 a
657 1270 905 1324 domino
932 1285 1094 1341 papa
1115 1269 1360 1325 Martino
1391 1273 1504 1335 llll,
1538 1286 1676 1323 cum
1708 1269 1910 1323 multis
1941 1269 2276 1324 baronibus
2306 1271 2546 1324 Francie
2579 1275 2634 1324 et
2663 1287 2851 1325 manu
2878 1271 3076 1326 valida
3122 1271 3478 1327 bellatorum
3506 1292 3518 1338 ;
3554 1273 3614 1327 in

172 1376 295 1432 quo
326 1360 505 1416 etiam
533 1359 756 1414 exitum
792 1361 862 1393 “3
891 1359 1110 1430 potitus
1147 1360 1217 1393 “3
1249 1364 1337 1414 est
1365 1359 1491 1430 ipse
1520 1375 1623 1413 rex
1655 1358 1920 1431 Philipus
1953 1376 2091 1413 cum
2120 1359 2350 1414 inﬁnita
2383 1359 2760 1414 multitudine
2803 1376 3069 1414 suorum.
3121 1361 3214 1414 Ille
3264 1361 3441 1414 etiam
3475 1378 3618 1432 apo-

173 1453 329 1504 stata
362 1453 510 1503 nutu
540 1447 746 1502 divino
778 1447 991 1502 eodem
1025 1463 1184 1502 anno
1212 1447 1393 1502 vitam
1425 1447 1632 1502 finivit.
1671 1447 1892 1502 Eodem
1926 1453 2126 1503 autem
2159 1447 2385 1519 Philipo
2414 1464 2549 1516 rege
2584 1447 2820 1503 Francie
2861 1453 3120 1518 mortuo,
3152 1448 3436 1502 successit
3475 1449 3526 1502 ei
3554 1449 3614 1503 in

170 1553 361 1607 regno
393 1537 548 1592 filius
574 1537 702 1606 ejus
733 1537 994 1607 Philipus
1028 1536 1292 1605 nomine,
1325 1537 1541 1591 faciem
1573 1536 1988 1608 pulcerrimus,
2017 1553 2202 1607 agens
2229 1541 2296 1591 2‘2
2331 1553 2558 1591 annum
2589 1555 2600 1604 ;
2635 1537 2736 1608 qui
2765 1537 2945 1591 etiam
2978 1537 3084 1591 fuit
3113 1539 3303 1591 1“rex
3336 1538 3615 1592 Navarrie

171 1631 234 1683 et
261 1644 463 1683 comes
494 1627 839 1700 Campanie,
871 1633 925 1683 et
947 1627 1166 1683 multas
1193 1627 1341 1683 alias
1379 1629 1448 1662 ηδ
1479 1633 1662 1683 terras
1693 1627 1980 1700 possedit.
2016 1631 2132 1682 lloc
2164 1627 2343 1684 etiam
2376 1644 2537 1684 anno
2563 1634 2837 1683 mortuus
2861 1628 2968 1682 fuit
2997 1628 3276 1684 Martinus
3307 1643 3469 1699 papa
3500 1631 3612 1695 llll,

172 1721 236 1773 et
264 1716 547 1773 successit
575 1717 891 1773 Honorius.

1557 1816 1785 1870 VARUS
1827 1817 2231 1872 LECTIONES.

256 1913 328 1948 “0
369 1913 489 1968 Hoc
528 1945 596 1952 —-
635 1913 980 1984 exemplum
1013 1914 1210 1968 eadem
1245 1927 1428 1967 manu
1459 1927 1579 1983 qua
1608 1913 1758 1967 anni
1790 1916 1944 1966 1266.
1979 1913 2217 1966 initi-um
2247 1913 2308 1966 in
2335 1913 2460 1967 loco
2487 1928 2623 1966 raso
2655 1914 2967 1980 scriptum.

3043 1913 3110 1945 “1
3144 1913 3226 1967 ita
3259 1929 3309 1965 ιο.
3371 1913 3440 1945 ¹⁴²
3469 1927 3615 1967 oras-

256 1927 328 1948 υυ
369 1927 489 1968 noc
528 1945 596 1952 —-
635 1927 980 1984 exemplum
1013 1927 1210 1968 eadem
1245 1927 1428 1967 manu
1459 1927 1579 1983 qua
1608 1927 1756 1967 anm
1790 1927 1944 1966 1266.
1979 1927 2217 1966 init-mm
2247 1929 2308 1966 in.
2335 1927 2460 1967 loco
2487 1928 2623 1966 raso
2655 1927 2967 1980 SCI'Ipllun.
3144 1927 3226 1967 lla
3259 1929 3309 1965 ιο.
3468 1927 3506 1982 p

176 1989 269 2040 ter
298 1985 463 2057 quod
489 1986 515 2039 ?
543 1985 669 2040 cod.
753 1985 823 2018 “3
855 1985 1022 2049 itum,
1061 1983 1197 2040 titus
1228 2000 1346 2039 non
1381 1985 1570 2053 plane
1599 1989 1895 2038 constant.
1979 1984 2050 2016 Μ
2082 1985 2357 2053 supplevi
2371 1987 2504 2053 jam
2532 2000 2650 2038 non
2686 1984 2956 2053 legenda.

175 2160 2855 2191 Μ

1531 2313 1708 2356 ANNO
1755 2313 1993 2355 DOMINI
2040 2313 2259 2355 ΜΧΧΧΙ
2272 2342 2282 2354 .

531 2493 1506 2776 RBERTIJS
1610 2491 3272 2912 iuraturum.

1129 3012 1740 3136 NOTITIA
1847 3012 2678 3134 HISTORICA.

416 3235 816 3304 (chxoanus
845 3234 1223 3287 ZIEGELBAUER
1253 3228 1316 3284 in
1348 3229 1680 3298 Conspectu
1711 3227 1799 3284 rei
1824 3227 2139 3283 litterariae
2170 3227 2312 3282 0rd.
2346 3227 2408 3282 S.
2441 3228 2774 3299 Benedicti,
2803 3233 2970 3300 parte
3001 3245 3037 3297 ι,
3072 3245 3210 3300 pag.
3246 3231 3391 3302 323).

255 3521 388 3584 Quo
416 3521 683 3588 tempore
705 3514 1042 3578 Gerbertus,
1068 3530 1140 3568 ex
1163 3513 1463 3568 monacho
1486 3511 1848 3566 Auriliacen-
1885 3517 1932 3567 A
1960 3509 2168 3565 habuit
2199 3510 2532 3581 principem
2554 3527 2584 3566 e
2613 3511 2789 3566 Gallis
2821 3512 3204 3582 discipulum,
3234 3518 3289 3568 et
3321 3529 3475 3585 quos
3517 3518 3620 3570 Ec-

171 3608 227 3664 si
262 3607 480 3672 abbas,
513 3610 640 3660 tum
669 3603 934 3676 pontifex
967 3602 1294 3670 Remensis,
1345 3601 1484 3655 dein
1517 3603 1850 3668 Ravennas,

165 3700 493 3772 postremo
524 3697 849 3759 Romanus,
867 3692 1062 3747 Remis
1091 3691 1204 3745 sub
1227 3690 1604 3745 Adalberone
1631 3688 1854 3744 archie-

166 3787 437 3860 piscopo
470 3783 708 3838 scholas
738 3782 1002 3851 regebat,
1036 3778 1664 3848 Robertum.Hugonis
1696 3777 1853 3848 regis

162 3876 399 3940 ﬁlium,
428 3874 508 3929 ad
537 3888 780 3928 omnem
828 3869 1267 3926 humanitatem
1317 3886 1386 3924 ac
1425 3868 1711 3923 doctrinae
1742 3867 1854 3922 ele-

166 3963 456 4036 gantiam
485 3961 846 4016 informavit.
882 3959 961 4014 De
993 3975 1114 4030 quo
1165 3958 1328 4027 regio
1385 3955 1680 4028 discipulo
1725 3957 1853 4010 haec

166 4053 366 4110 tradit
397 4050 740 4121 Helgaudus
791 4047 1175 4105 Floriacensis
1223 4047 1559 4102 monachus
1593 4064 1606 4100 :
1641 4045 1857 4100 Itober-

166 4149 281 4199 tus
308 4158 347 4199 a
367 4147 548 4210 patre
576 4140 794 4195 scholar
815 4138 1088 4194 Remensi
1117 4138 1376 4192 traditus
1427 4136 1662 4191 domino
1710 4136 1854 4189 Ger-

168 4231 352 4288 berto
379 4229 460 4285 ad
479 4227 869 4285 erudiendum
903 4232 986 4281 est
1019 4226 1218 4289 datus,
1252 4226 1357 4296 qui
1388 4241 1516 4281 eum
1548 4225 1852 4293 sufﬁcien-

167 4326 276 4376 ter
317 4316 667 4374 liberalibus
723 4314 1013 4370 instruxit
1054 4314 1411 4382 disciplinis.
1475 4312 1637 4366 Idem
1690 4314 1858 4366 notat

166 4405 524 4465 Chronicon
551 4403 759 4460 incerti
793 4402 1052 4458 auctoris
1083 4401 1160 4457 ab
1193 4417 1356 4456 anno
1399 4400 1612 4457 Christi
1643 4403 1744 4456 988
1777 4397 1855 4454 ad

163 4513 420 4556 annum
480 4499 615 4550 1013
670 4492 972 4549 desinens.
1036 4493 1109 4547 In
1166 4492 1361 4546 locum
1410 4493 1537 4560 ejus
1579 4487 1857 4560 (Arnulﬁ)

163 4586 534 4644 consecrari
553 4585 698 4652 fecit
724 4593 851 4653 (rex
890 4580 1105 4652 Galliae)
1161 4581 1444 4636 domuum
1504 4580 1854 4635 Gerbertu-m

161 4676 548 4734 monachum
575 4673 1023 4742 philosophum,
1065 4673 1170 4742 qui
1200 4671 1520 4725 Gerbcrtus
1572 4670 1858 4739 magister

157 4769 308 4838 fuit
337 4765 580 4820 Roberti
605 4764 780 4834 regis,
812 4763 930 4830 ﬁlii
958 4761 1127 4817 istius
1177 4761 1473 4829 Hugo-nis,
1523 4763 1577 4814 et
1631 4758 1860 4812 domini

158 4853 479 4914 LeoteriCi
525 4851 958 4920 archiepiscopi
1009 4847 1440 4919 (Senonensis),
1505 4846 1854 4901 successoris

156 4943 406 5002 Sevini.
441 4943 656 4995 Verum
687 4942 929 5011 praestat
962 4935 1168 4992 audire
1214 4934 1621 5002 fragmentum
1673 4933 1856 4987 Histo-

157 5033 287 5091 rias
320 5029 613 5085 Francicai
641 5044 678 5084 a
706 5025 1006 5082 Ludovico
1037 5024 1137 5078 Pio
1187 5023 1266 5078 ad
1310 5021 1634 5077 Robertum
1663 5037 1855 5093 usque

154 5138 418 5194 regem,
449 5120 552 5176 ubi
581 5123 638 5175 et
660 5119 843 5190 hujus
868 5117 1025 5187 regis
1050 5113 1337 5171 institutio
1363 5117 1420 5168 et
1443 5111 1856 5168 ecclesiasticae

156 5209 452 5271 Gerberti
484 5208 802 5279 dignitates
831 5204 1250 5263 describuntur
1271 5220 1282 5257 :
1302 5202 1592 5259 Robertus
1610 5201 1732 5270 fuit
1764 5202 1857 5256 vir

151 5305 558 5369 mansuetus,
591 5303 645 5353 et
673 5313 793 5352 non
823 5294 1202 5352 mediocriter
1233 5293 1508 5347 literatus
1531 5305 1602 5346 ac
1624 5291 1859 5360 religio-

151 5407 307 5451 sus.
334 5387 569 5444 Habuit
590 5387 744 5443 enim
773 5390 1196 5455 praeceptorem
1237 5381 1586 5438 Gerbertum
1620 5381 1856 5449 sapien-

155 5491 328 5546 tem,
351 5479 458 5549 qui
476 5481 686 5547 postea
717 5475 792 5531 ab
822 5475 1021 5530 eodem
1063 5487 1200 5543 rege
1226 5471 1601 5527 Remensium
1639 5470 1858 5525 meruit

142 5569 631 5646 pontiﬁcatum,
663 5565 916 5635 indeque
944 5565 1153 5619 merito
1183 5563 1441 5619 scientiae
1471 5565 1525 5616 et
1551 5559 1860 5630 sapientia:

151 5674 314 5720 suae
344 5658 419 5714 ab
453 5657 664 5712 Ottone
697 5653 1173 5710 Transrhenensi
1228 5655 1590 5720 assmnptus,
1633 5651 1861 5707 Raven—

151 5748 428 5810 natium
453 5746 700 5803 sort-itus
723 5749 803 5800 est
827 5741 1245 5812 prtesulatum.
1300 5743 1447 5797 Ecce
1479 5738 1622 5796 tibi!
1677 5753 1861 5811 quem

1962 3598 2158 3654 ClBSléB
2189 3599 2448 3653 honores
2478 3599 2752 3659 obtinuit.

2034 3688 2328 3752 Quoniam
2352 3704 2494 3742 vero
2522 3688 2600 3742 ad
2650 3688 3040 3743 Benedictinae
3098 3690 3480 3746 institutionis
3525 3693 3624 3748 de-

1963 3793 2067 3832 cus
2095 3776 2298 3832 attinet
2326 3777 2506 3848 hujus
2537 3777 2692 3846 regis
2722 3795 2846 3832 non
2887 3778 3087 3834 minus
3112 3781 3402 3852 praeclara
3439 3782 3622 3837 virtus

1961 3883 2149 3938 quam
2178 3866 2430 3935 insignis
2461 3866 2735 3936 eruditio,
2755 3867 2849 3922 hic
2875 3867 2948 3922 de
2980 3874 3232 3942 utraque
3264 3871 3322 3925 in
3356 3871 3623 3926 medium

1961 3955 2245 4026 quaedam
2277 3955 2509 4010 allaturi
2533 3972 2765 4010 sumus.
2801 3958 2990 4028 Atque
3022 3963 3084 4012 ut
3115 3958 3188 4013 de
3237 3960 3467 4015 virtutis
3509 3966 3626 4014 stu—

1962 4043 2062 4098 dio
2093 4043 2359 4117 primum
2389 4043 2730 4117 loquamur,
2764 4044 2873 4101 fuit
2898 4047 3188 4102 Robertus
3222 4051 3536 4106 catholicce
3553 4052 3625 4119 ﬁ-

1963 4133 2059 4188 dei
2077 4134 2402 4188 acerrimus
2430 4134 2671 4201 vindex,
2707 4135 2878 4203 cujus
2906 4134 3304 4203 integritatem
3354 4152 3489 4190 cum
3545 4136 3626 4189 Li-

1966 4221 2130 4290 sojus
2156 4226 2212 4276 et
2243 4221 2606 4292 Stephanus,
2639 4222 2779 4276 novi
2813 4223 3142 4292 Manichiei,
3171 4224 3624 4295 depravassent,

1965 4323 2067 4364 eos
2101 4324 2240 4362 cum
2268 4308 2576 4379 pravitatis
2632 4308 2923 4364 haereticae
2980 4311 3238 4365 consciis
3298 4310 3627 4365 Aurelianis

1963 4397 2100 4467 igne
2130 4396 2463 4452 damnavit.
2499 4398 2862 4452 Christianae
2891 4401 3367 4455 mansuetudinis
3407 4406 3458 4455 et
3492 4399 3627 4454 cha-

1964 4486 2164 4540 ritatis
2196 4485 2416 4539 eximia
2444 4484 2606 4538 dedit
2637 4487 2932 4553 exempla.
2955 4485 3280 4541 Duodecim
3307 4488 3467 4541 viros
3493 4502 3629 4541 con-

1957 4572 2276 4645 jurationis
2328 4572 2389 4626 in
2449 4588 2683 4627 sacram
2737 4589 2907 4627 suam
2959 4590 3281 4646 personam
3325 4574 3627 4630 convictos

1967 4663 2160 4718 triduo
2191 4666 2326 4718 ante
2358 4662 2586 4716 Pascha
2611 4661 2789 4731 jussit
2818 4661 2951 4734 ipsa
2981 4663 3075 4717 die
3109 4668 3503 4719 sacrosanctae
3527 4667 3630 4719 Do-

1966 4751 2200 4806 minicae
2258 4749 2704 4805 resurrectionis
2763 4752 3187 4807 communione
3245 4753 3510 4825 corporis
3575 4757 3632 4809 et

1899 4882 1942 4934 Β
1972 4840 2281 4910 sanguinis
2312 4839 2546 4896 Domini
2575 4840 2762 4896 nostri
2789 4844 2927 4896 Jesu
2958 4842 3166 4898 Christi
3195 4843 3429 4909 donari,
3463 4848 3518 4898 et
3546 4859 3632 4898 re-

1972 4929 2208 4999 galibus
2233 4929 2423 5001 epulis
2473 4929 2746 4985 recreari.
2811 4931 3090 5002 Sequenti
3149 4931 3243 4986 die
3301 4932 3631 5003 quaestione

1967 5018 2194 5087 habita,
2229 5018 2421 5090 capite
2447 5017 2718 5074 damnati
2751 5024 2909 5074 sunt.
2958 5024 3027 5074 At
3052 5020 3215 5092 ipsos
3243 5020 3502 5076 absolvit
3528 5037 3632 5077 rex

1966 5107 2508 5177 mansuetissimus,
2541 5107 2745 5163 dicens
2776 5126 2787 5163 :
2823 5110 2956 5164 Non
2978 5109 3188 5165 debere
3211 5110 3517 5180 damnari,
3530 5113 3639 5183 qui

1961 5199 2214 5268 fuerant
2229 5200 2586 5267 praemuniit
2610 5198 2737 5253 cibo
2765 5206 3026 5269 potaque
3056 5201 3296 5255 cwlesti.
3323 5205 3634 5274 Nusquam

1967 5285 2196 5357 absque
2223 5285 2592 5358 pauperibus
2613 5289 2740 5341 erat
2759 5287 3294 5344 Christianissimus
3322 5291 3630 5347 Robertus.

1968 5373 2293 5430 Duodecim
2323 5390 2619 5447 pauperes
2645 5374 3012 5431 domesticos
3065 5378 3349 5449 habebat,
3391 5381 3495 5451 qui
3543 5380 3635 5452 ip—

1969 5481 2124 5531 sum,
2161 5480 2524 5536 quocunque
2575 5463 2703 5534 iret,
2737 5466 2933 5521 asellis
2990 5470 3140 5522 vecti
3191 5471 3632 5541 praecedebant.

1972 5555 2092 5611 Hoc
2121 5554 2310 5610 sancti
2330 5555 2487 5624 regis
2512 5555 2877 5612 satellitium.
2912 5557 3056 5614 Mille
3083 5558 3144 5614 in
3175 5561 3350 5632 regiis
3381 5561 3636 5617 urbibus

1971 5648 2027 5698 et
2057 5643 2290 5714 castris,
2320 5644 2540 5699 scilicet
2566 5645 2822 5714 Parisiis,
2859 5647 3248 5720 Sylvanectis,
3281 5651 3634 5716 Aurelianis,

1972 5732 2242 5802 Divione,
2273 5734 2675 5803 Autisiodoro,
2708 5737 2994 5807 Avalone,
3028 5738 3359 5806 Meleduno,
3381 5727 3663 5810 Stampis’
