3892 6382
434 272 543 328 899

1639 258 2000 318 BOBERTUS
2036 257 2170 312 REX
2206 256 2649 313 FRANCORUM.
3838 260 3882 311 ο·

440 386 1185 458 alebat.Quadragesimali
1215 390 1562 457 tempestate
1589 385 1861 440 ducentis
1891 382 2084 456 quoti-
2115 383 2162 435 Α
2198 402 2226 429 ‹‹
2270 396 2382 435 mea
2414 396 2649 435 summo
2679 378 2958 451 pontiﬁce
2988 378 3238 436 missam
3268 379 3700 448 celebrante,
3724 398 3877 435 sane

442 484 538 540 die
566 499 805 556 panem,
839 480 1028 552 pisces
1064 494 1133 532 ac
1164 477 1367 530 vinum
1424 475 1858 529 subministrari
1915 489 2083 527 cura-

442 573 565 629 bat.
597 574 658 627 In
690 574 872 626 C(ena
904 565 1133 622 Domini
1166 564 1437 620 trecentis
1465 565 1707 637 propria
1763 579 1945 618 manu
1986 579 2085 633 pa-

441 678 601 728 nem,
632 658 955 728 legumina,
986 655 1178 727 pisces
1205 670 1273 709 ac
1304 653 1581 708 denarios
1609 652 1777 707 ﬂexis
1811 651 2083 721 genibus,

440 752 588 807 hora
617 748 786 804 tertia
836 745 1053 801 viritim
1106 742 1517 798 distribuebat.
1568 742 1803 798 Selectis
1849 746 2085 796 centum

439 838 807 912 pauperibus
839 833 1063 889 clericis
1116 831 1450 886 uberiorem
1489 832 1637 886 hora
1692 836 1855 885 sexta
1886 846 2087 898 eroga-

441 927 547 982 bat
574 926 1038 994 eleemosynam.
1075 922 1218 975 Cum
1250 935 1284 973 a
1309 934 1518 973 mensa
1550 918 2085 989 surrexisset,posi-

441 1016 516 1071 tis
536 1012 840 1082 regalibus
871 1007 1253 1071 vestimentis,
1298 1006 1483 1060 cilicio
1531 1006 1797 1071 indutus,
1857 1010 2095 1078 paupeJ

444 1121 578 1159 rum
609 1102 790 1175 pedes
822 1099 1033 1171 pietate
1064 1102 1117 1151 et
1148 1095 1471 1149 humilitate
1502 1095 1840 1149 admirabili
1879 1095 2083 1149 ablue-

444 1193 566 1249 bat.
603 1194 811 1248 Sacras
844 1189 999 1243 aedes
1029 1191 1084 1240 et
1126 1186 1490 1239 monasteria
1522 1184 1742 1253 ingenti
1773 1201 2025 1239 numero
2051 1200 2086 1238 a

444 1277 843 1336 fundamentis
873 1274 1070 1337 erexit,
1103 1273 1176 1327 de
1206 1272 1428 1343 quibus
1485 1272 1795 1339 legendus,
1852 1272 2084 1337 Helgal-

441 1366 555 1420 dus
592 1365 651 1420 in
682 1366 860 1435 hujus
892 1365 1033 1418 Vita.
1071 1368 1131 1417 ln
1162 1362 1257 1416 Dei
1284 1362 1565 1416 laudibus
1609 1366 1733 1415 erat
1783 1362 2081 1415 assiduus.

443 1457 524 1508 Ex
554 1453 894 1510 Constantia
920 1468 1103 1507 uxore
1132 1456 1392 1522 quatuor
1408 1450 1561 1504 tilios
1586 1450 1843 1521 suscepit
1876 1450 2087 1503 Rober—

439 1548 553 1609 tus,
588 1547 894 1614 Hugonem
944 1542 1276 1604 Henricum,
1334 1540 1602 1595 Odonem
1641 1544 1695 1593 et
1742 1539 2081 1603 ltobertum,

440 1650 549 1689 nec
604 1650 726 1689 non
781 1639 839 1688 et
889 1632 1094 1697 tiliam,
1149 1630 1390 1684 nomine
1447 1629 1809 1683 Adelaidem.
1894 1631 2083 1697 liugo,

2199 489 2227 519 «
2268 472 2433 523 Petro
2466 469 2523 522 in
2554 469 2743 537 altari,
2778 468 3069 523 Otl'ertorii
3101 474 3398 541 tempore,
3467 486 3640 525 cum
3706 488 3881 533 mag:

2197 578 2223 603 ‹‹
2265 557 2579 611 devotione
2610 556 2856 623 obtulit;
2916 563 3294 613 accurrentes
3359 562 3606 613 autem
3663 560 3881 613 minist

2196 668 2223 693 ‹‹
2265 646 2464 700 altaris
2493 646 2758 701 arbitrati
2784 651 2924 701 sunt
2946 647 3152 716 magni
3183 647 3441 719 pondus
3475 648 3640 703 auri
3678 649 3875 704 obtuh

2197 757 2223 782 ι(
2268 750 2328 787 se
2377 734 2620 789 divitem
2671 751 2873 802 regem
2909 752 2921 803 ;
2985 736 3090 789 sed
3117 735 3497 792 schedulam
3526 739 3881 811 reperienti

2195 844 2221 870 ‹‹
2266 823 2547 894 scriptam
2577 828 2633 878 et
2660 828 2929 879 notatam
2958 824 3456 896 admirabantur,
3492 826 3881 896 ingenium:

2196 934 2223 961 ‹‹
2266 912 2644 967 devotionem
2676 913 2959 985 principis
3007 914 3455 970 collaudantes.
3533 917 3715 972 Hinc
3778 933 3881 989 per

2197 1026 2221 1053 ι
2266 1002 2523 1058 decrevit
2552 1004 2630 1057 ob
2660 1004 3016 1058 memoriam
3042 1004 3411 1059 sanctissimi
3448 1006 3666 1076 regis,
3709 1024 3881 1075 roga:

2198 1113 2223 1138 ‹‹
2265 1091 2423 1145 tibus
2456 1091 2697 1157 clericis,
2734 1097 2795 1146 ut
2823 1093 2936 1146 hoc
2967 1092 3435 1164 responsorium
3471 1094 3547 1149 in
3608 1095 3882 1151 honore:

2194 1201 2221 1225 ‹‹
2267 1180 2451 1234 sancti
2486 1181 2631 1235 Petri
2659 1180 2943 1252 deinceps
2989 1185 3351 1237 cantaretur.
3386 1204 3415 1231 ››
3494 1186 3658 1239 Haec
3726 1201 3881 1256 quat

2191 1261 2377 1339 quam
2410 1270 2593 1339 paulo
2624 1269 2913 1337 longiora,
2943 1270 3141 1341 reipsa
3180 1275 3389 1325 tamen
3443 1271 3695 1330 brevia
3766 1291 3872 1327 sun

2195 1358 2241 1411 si
2274 1360 2347 1412 ad
2382 1359 2523 1413 tanti
2556 1359 2838 1430 principis
2872 1359 3122 1427 gloriam
3158 1360 3658 1418 transferantur.

2268 1449 2553 1500 Czelcrum
2607 1464 2709 1500 rex
2765 1447 3075 1513 Robertus,
3126 1449 3294 1520 quod
3346 1449 3553 1505 nimis
3618 1453 3877 1507 addici:

2192 1541 2348 1589 esset
2379 1535 2597 1599 litteris,
2645 1552 2680 1590 a
2709 1536 3009 1590 nonnullis
3036 1538 3355 1593 Musarum
3396 1542 3751 1608 sacerdos,
3824 1560 3875 1595 se

2193 1625 2513 1678 Musardus
2542 1624 2849 1679 dicebatur
2877 1643 2889 1679 :
2926 1642 3043 1681 vox
3072 1628 3228 1682 enim
3262 1630 3383 1683 ista
3418 1637 3691 1700 nostra,
3724 1632 3881 1702 inqu;

441 1740 619 1796 quem
646 1724 705 1777 in
735 1722 901 1790 regni
930 1719 1295 1775 consortium
1343 1719 1648 1779 asciverat,
1700 1720 1919 1789 quique
1948 1735 2083 1788 spes
2120 1733 2157 1784 Β
2199 1712 2426 1765 Bulu'lls
2459 1718 2551 1781 (2),
2586 1714 3055 1769 Gallo—Romana
3090 1718 3299 1787 Messe,
3323 1734 3453 1787 qua
3489 1722 3707 1775 otium
3739 1724 3881 1790 sigm

442 1818 638 1867 tantas
665 1811 738 1865 de
766 1827 825 1865 se
858 1809 1154 1865 excitabat
1186 1813 1247 1861 ut
1272 1808 1401 1876 jam
1450 1808 1706 1874 Magnus
1766 1808 2087 1877 appellare-

442 1905 555 1969 tur,
582 1900 728 1955 obiit
752 1915 911 1955 anno
953 1902 1086 1953 1025
1118 1901 1174 1951 et
1200 1895 1547 1966 Compendii
1579 1896 1656 1950 ad
1710 1896 1903 1951 Sancti
1948 1900 2087 1952 Cor-

441 1989 499 2044 lii
534 1988 798 2060 sepultus
829 1992 936 2041 est.
966 1990 1182 2053 Regem
1215 2001 1283 2038 ac
1312 1984 1581 2051 reginam
1628 1984 1978 2053 gravissimo
2011 1985 2089 2039 ob

444 2078 572 2146 ejus
602 2082 855 2131 mortem
883 2089 1133 2129 mmrore
1161 2073 1459 2127 confectos
1492 2074 1830 2126 consolatus
1886 2080 1971 2127 est
2002 2073 2090 2126 his

446 2164 644 2219 verbis
674 2169 913 2217 sanctus
938 2166 1136 2215 noster
1164 2160 1509 2213 Wilhelmus
1534 2160 1724 2213 abbas
1750 2163 1802 2214 S.
1826 2161 2088 2229 Benigui,

448 2252 733 2307 referente
765 2252 978 2307 Glabro
1010 2249 1323 2320 Rodulpho
1350 2249 1407 2301 in
1436 2249 1562 2317 ejus
1591 2249 1713 2303 Vita
1748 2266 1759 2302 :
1794 2252 1922 2304 Non
1948 2252 2091 2316 in/‘e—

453 2343 590 2396 lices
646 2357 743 2395 vos
794 2346 1013 2409 putare
1060 2338 1275 2392 debetis
1330 2338 1487 2407 quod
1541 2339 1719 2392 talem
1768 2341 2042 2393 amisistis
2072 2356 2092 2393 .-

453 2431 604 2497 Quin
626 2430 823 2496 potius
846 2428 1051 2496 felices
1074 2427 1262 2490 valde,
1298 2442 1437 2496 quia
1471 2427 1646 2479 talem
1702 2426 1917 2481 habere
1973 2444 2089 2482 me-

453 2519 676 2573 ruistis.
733 2518 859 2587 Ego
908 2532 982 2572 ex
1034 2517 1159 2570 ullo
1209 2516 1513 2571 hominum
1572 2515 1766 2582 gradu
1822 2523 2091 2571 nontam

440 2607 830 2675 paucissimos
853 2606 1049 2659 salvos
1072 2605 1313 2671 futuros
1340 2604 1584 2669 testi/no,
1603 2604 1751 2656 sicut
1780 2607 1831 2656 et
1864 2618 2088 2669 regum.

450 2695 557 2759 Qui
588 2712 724 2750 cum
753 2693 980 2749 attoniti
1010 2694 1436 2764 responderent
1464 2707 1486 2746 :
1517 2694 1641 2748 Cur
1662 2692 1769 2745 hoc
1799 2692 1965 2755 dicis,
1984 2692 2096 2745 Pa-

450 2789 582 2839 ter?
606 2784 911 2854 respondit
940 2799 959 2837 .·
990 2784 1121 2836 Non
1155 2783 1427 2844 audistis,
1468 2796 1633 2834 sacer
1688 2783 1893 2833 Canon
1946 2796 2091 2849 quo-

448 2873 619 2927 modo
650 2874 855 2939 refert,
888 2872 990 2925 vix
1032 2876 1147 2924 tres
1203 2871 1273 2924 de
1326 2870 1575 2937 tm’ginta
1626 2869 1862 2937 regibus
1920 2870 2095 2921 bonos

451 2962 785 3015 exstitisse?
827 2960 1055 3013 Idcirco
1100 2965 1335 3026 cessate,
1369 2974 1581 3026 (χαίρετ),
1618 2958 1775 3011 hunc
1811 2959 2093 3026 juvenem

449 3050 593 3116 ﬁere
618 3055 936 3114 mortuum,
966 3048 1066 3100 sed
1101 3048 1297 3113 potius
1338 3047 1847 3113 congratzdamini
1901 3046 1971 3112 ei,
2026 3046 2098 3099 si

454 3140 577 3191 cuti
604 3138 852 3206 requieti
873 3136 1077 3189 datum
1109 3141 1160 3188 et
1193 3150 1229 3188 a
1258 3136 1431 3188 malis
1466 3135 1798 3187 liberatum.

524 3230 653 3282 Non
684 3226 879 3280 minor
905 3224 1137 3279 Roberti
1166 3225 1319 3293 regis
1343 3225 1614 3279 doctrina
1643 3228 1817 3294 atque
1847 3224 2095 3277 eruditio

453 3330 642 3385 quam
673 3313 860 3384 pietas
892 3312 1017 3379 fuit,
1050 3312 1122 3366 de
1155 3328 1276 3383 qua
1306 3312 1652 3366 Trithemius
1711 3312 1767 3365 in
1817 3314 2095 3377 Catalogo

456 3403 811 3472 scriptorum
864 3400 1395 3456 ecclesiasticorum
1454 3402 1527 3469 (t)
1586 3400 1920 3454 audiendus
1988 3407 2091 3456 est.

455 3513 483 3539 «
522 3492 710 3560 Rupe)
728 3497 820 3546 tus
845 3490 1026 3557 (idem
1058 3490 1406 3546 Germannis
1457 3489 1618 3560 quod
1662 3490 1842 3544 Gallis
1886 3490 2098 3545 Rober—

453 3601 479 3628 ‹‹
522 3585 636 3649 tus)
663 3596 763 3633 rex
792 3578 1044 3634 Franciee
1076 3578 1310 3641 nobilis,
1341 3576 1522 3641 fortis,
1552 3578 1767 3646 justus,
1801 3577 2011 3632 doctus
2042 3582 2099 3632 et

453 3688 481 3717 ι(
521 3667 853 3735 religiosus,
884 3667 1035 3721 inter
1060 3665 1488 3720 ecclesiasticos
1533 3666 1844 3736 scriptores
1896 3666 2094 3721 locum

454 3774 485 3802 ι‹
524 3753 732 3808 merito
761 3753 980 3823 recepit
1006 3771 1017 3818 ;
1048 3752 1272 3823 quippe
1303 3753 1402 3823 qui
1432 3758 1639 3807 cantus
1687 3758 1742 3807 et
1784 3770 2099 3825 responso-

456 3863 483 3889 α
524 3841 611 3895 ria
638 3841 798 3896 dulci
822 3846 879 3895 et
906 3840 1160 3908 regulari
1213 3840 1619 3896 modulamine
1673 3842 1748 3896 ad
1808 3843 2098 3896 honorem

461 3951 488 3977 α
531 3929 797 3983 Ecclesiae
829 3928 1129 3984 catholica:
1153 3931 1505 4000 composuit.
1538 3934 1598 3985 in
1646 3931 1846 3985 litteris
1890 3933 2098 3986 huma-

459 4038 487 4065 ‹‹
529 4017 749 4085 nitatis,
773 4018 1100 4088 pI‘tRSBI‘Uﬂ]
1132 4017 1189 4072 in
1221 4018 1447 4073 musica
1504 4019 1884 4075 doctissimus
1944 4020 2049 4074 fuit
2082 4038 2095 4086 ;

461 4126 488 4155 κ
530 4108 705 4161 tanta:
736 4110 934 4161 autem
963 4105 1280 4175 religionis,
1335 4112 1395 4161 ut
1445 4108 1623 4162 horas
1672 4108 1990 4163 eanonicas
2036 4108 2097 4161 in

457 4216 485 4243 κ
527 4194 778 4250 ecclesia
802 4195 1142 4250 decantaret
1169 4212 1304 4250 cum
1332 4195 1579 4263 clericis,
1621 4196 1761 4251 foris
1823 4196 1988 4267 apud
2038 4213 2098 4250 se

457 4304 486 4332 ι(
525 4282 743 4353 legeret
773 4301 909 4339 cum
942 4284 1097 4351 suis;
1132 4289 1302 4339 tantae
1341 4285 1571 4356 pietatis
1624 4290 1679 4339 et
1707 4284 2099 4339 miserationis

456 4393 485 4423 «
522 4373 745 4429 exstitit
766 4372 824 4428 in
857 4389 1174 4445 pauperes,
1208 4378 1271 4428 ut
1301 4373 1421 4428 suis
1449 4390 1509 4429 se
1542 4374 1867 4445 aliquando
1920 4374 2096 4429 vesti-

455 4482 486 4511 κ
524 4462 737 4518 mentis
767 4463 1029 4534 spolians
1052 4479 1259 4518 eorum
1285 4463 1579 4517 nuditates
1626 4463 1826 4518 multis
1870 4463 2098 4518 vicibus

456 4568 488 4604 ‹
527 4552 778 4622 operiret
806 4569 820 4607 :
851 4552 926 4608 de
951 4553 1079 4622 ejus
1109 4551 1388 4607 manibus
1414 4551 1562 4608 liber
1594 4569 1908 4624 nunquam
1939 4568 2098 4606 rece-

452 4660 486 4689 ιι
529 4640 888 4711 debat,adeo
923 4646 984 4695 ut
1006 4657 1114 4712 pro
1145 4640 1425 4696 tribunali
1457 4642 1671 4696 sedens
1692 4642 1840 4697 inter
1852 4641 2103 4711 judicio-

459 4748 488 4776 «
525 4743 663 4785 rum
689 4733 748 4784 et
775 4743 1096 4784 causarum
1126 4729 1401 4800 strepitus
1430 4729 1491 4784 in
1531 4730 1665 4784 sinu
1697 4733 1965 4800 apertum
1997 4728 2101 4783 ha-

452 4838 485 4868 «
524 4817 690 4874 heret
718 4817 1082 4874 Psalterium.
1116 4818 1277 4873 Unde
1302 4823 1357 4874 et
1384 4823 1522 4891 post
1550 4822 1805 4874 mortem
1851 4818 2102 4873 miracu-

456 4930 489 4957 «
526 4906 597 4963 lis
620 4923 968 4963 coruscasse
996 4907 1226 4977 legitur.
1278 4910 1415 4979 Ejus
1443 4914 1532 4964 est
1559 4908 1658 4963 illa
1712 4907 1956 4978 vulgata
2016 4924 2102 4963 se-

458 5020 489 5047 ‹‹
527 4998 771 5069 quentia
823 5014 959 5068 quaa
1012 5002 1281 5052 cantatur
1334 4998 1547 5053 diebus
1604 5000 1973 5052 Pentecostes
2028 4998 2102 5052 de

456 5109 489 5137 τι
530 5092 738 5143 sancto
768 5086 987 5157 Spiritu
1012 5103 1028 5140 :
1074 5089 1231 5156 Veni,
1256 5095 1457 5143 sancte
1477 5088 1771 5157 Spiritus;
1791 5104 2099 5159 responsa

461 5197 491 5225 κ
524 5175 685 5231 rium
714 5174 789 5229 de
830 5180 1035 5229 sancto
1064 5179 1247 5244 Petro,
1302 5177 1615 5232 Cornelius
1661 5180 1973 5247 centurio;
2030 5177 2103 5233 de

466 5283 488 5315 ι
532 5263 838 5319 Nativitate
865 5265 1114 5333 Domini,
1143 5267 1355 5321 Judwa
1383 5273 1437 5322 et
1464 5268 1797 5324 Jerusalem
1823 5281 1845 5339 ;
1873 5272 1929 5325 et
1958 5266 2105 5323 illud

466 5374 495 5403 «
534 5351 797 5419 Alleluia,
820 5353 1003 5423 Eripe
1029 5372 1120 5411 me
1146 5357 1221 5411 de
1250 5357 1523 5423 inimicis,
1542 5361 1598 5413 et
1626 5357 1741 5412 alia
1763 5357 1949 5412 multa
1968 5373 2102 5429 quae

465 5462 494 5492 ιι
532 5441 755 5497 nescio.
787 5444 1249 5515 Hesponsorium
1293 5446 1603 5504 Cornelius
1647 5448 1937 5517 centurio,
1992 5449 2103 5501 Ro-

531 5711 613 5782 (t)
649 5707 794 5765 Vide
820 5704 1003 5763 etiam
1023 5705 1292 5777 ejusdem
1321 5709 1576 5767 Annales
1601 5712 1749 5770 Hirs.
1778 5727 1879 5769 an.
1904 5714 2032 5766 Μ.

2195 1803 2463 1869 ﬁr-amus,
2511 1805 2725 1869 procul
2758 1804 2935 1857 dubio
2988 1820 3025 1858 a
3072 1807 3255 1860 musis
3304 1807 3599 1864 deducta
3634 1817 3780 1879 est;
3815 1826 3882 1880 qi.

2197 1892 2356 1944 enim
2390 1907 2449 1945 se
2481 1892 2670 1945 musis
2700 1892 3023 1963 applicant,
3057 1893 3248 1949 otium
3271 1899 3331 1950 et
3363 1912 3715 1953 secessum
3751 1916 3881 1970 qur

2197 1983 2355 2046 runt,
2384 1995 2576 2049 neque
2607 1981 2857 2045 negotiis
2883 1997 2945 2034 se
2977 1982 3287 2054 implicant
3316 2002 3328 2038 :
3385 1985 3623 2058 itaque
3679 1988 3785 2044 ille
3827 1989 3881 2041 in-

2202 2082 2391 2120 nuens
2426 2068 2660 2121 ditticile
2707 2086 2832 2123 esse
2892 2071 3175 2125 omnibus
3227 2072 3505 2145 placere,
3568 2076 3881 2152 responde

2200 2156 2557 2211 Adalberoni
2614 2158 2673 2212 in
2730 2158 2991 2213 carmine
3039 2159 3205 2231 quod
3255 2161 3304 2215 si
3346 2163 3495 2233 quis
3528 2182 3763 2221 musas
3790 2182 3882 2219 au:-

2199 2245 2505 2317 plectatur,
2542 2247 2737 2301 statim
2766 2247 2843 2301 ab
2874 2248 3090 2319 ineptis
3132 2254 3187 2304 et
3233 2249 3511 2307 indoctis
3564 2254 3881 2311 Musarda:

2201 2339 2442 2387 vocetur
2471 2350 2482 2387 :

2273 2424 2341 2475 Si
2370 2440 2564 2477 musas
2594 2425 2865 2489 celebres,
2922 2427 3191 2481 clamant
3217 2428 3541 2485 Messapus
3579 2432 3881 2487 SACERDO~I

2275 2510 2427 2565 Obiit
2460 2512 2766 2566 sanctitate
2794 2517 2851 2567 et
2872 2512 3191 2584 mipaculis
3217 2514 3422 2570 clarus
3456 2518 3786 2577 Robertus
3807 2536 3880 2574 an-

2202 2614 2280 2653 no
2312 2599 2523 2654 Christi
2556 2601 2865 2656 millesimo
2891 2603 3196 2670 trigesimo
3227 2604 3450 2675 primo.
3521 2611 3593 2662 In
3646 2611 3783 2681 ejus
3810 2609 3875 2663 fu-

2201 2703 2339 2741 nere
2371 2704 2405 2741 a
2438 2688 2691 2743 subditis
2722 2690 3118 2745 acclamatum
3178 2696 3271 2747 est
3311 2709 3325 2747 :
3378 2695 3670 2753 Roberto
3732 2701 3877 2766 imp"

2204 2784 2377 2830 rante
2406 2784 2457 2831 et
2486 2785 2722 2845 regente
2752 2782 2945 2834 securi
2984 2782 3259 2847 viximus,
3322 2786 3651 2843 neminem
3713 2791 3873 2845 timui-

2203 2882 2350 2919 mus.
2384 2868 2560 2919 Patri
2584 2869 2713 2933 Pio,
2746 2870 2923 2922 Patri
2944 2877 3204 2937 senatus,
3240 2872 3433 2927 Patri
3477 2880 3771 2932 omnium
3811 2878 3870 2929 b.-

2206 2971 2437 3021 norum,
2466 2957 2623 3023 felix
2654 2958 2856 3012 anima
2909 2964 2965 3012 et
3022 2961 3207 3029 salus,
3260 2962 3424 3029 felix
3474 2965 3568 3018 ad
3632 2981 3865 3037 supera;

2204 3059 2497 3113 ascensus,
2526 3046 2682 3112 felix
2713 3062 2843 3100 cum
2878 3048 3115 3101 Christo
3146 3050 3300 3118 Rege
3352 3066 3581 3120 regum
3637 3072 3758 3125 per
3800 3070 3866 3109 si:-

2154 3124 2167 3140 ¹
2207 3133 2342 3184 cula
2367 3132 2745 3187 cohabitatio.
2780 3136 2895 3187 Hoc
2943 3135 3142 3206 ipsum
3192 3135 3389 3206 elogio
3445 3124 3731 3199 exornat
3784 3141 3865 3194 tiri

2205 3220 2435 3283 galdus.
2470 3222 2545 3274 Et
2576 3223 2977 3277 indesinenter
3006 3224 3261 3279 adhaesit
3291 3228 3786 3297 ecclesiasticus,
3832 3236 3865 3283 et

2204 3309 2315 3361 sibi
2343 3325 2569 3376 semper
2594 3311 2868 3365 amabilis
2899 3315 3261 3368 monasticus
3293 3315 3538 3372 Ordo...
3600 3322 3863 3377 Sermon-

2204 3414 2355 3451 nans
2387 3399 2514 3468 quis
2547 3416 2677 3453 cum
2710 3415 2772 3454 eo
2799 3417 2915 3455 non
2948 3408 3031 3455 est
3085 3403 3426 3471 ueliﬁcatas
3478 3412 3736 3476 gaudio
3783 3424 3866 3463 ms-

2203 3503 2319 3555 gno
2343 3490 2370 3541 ?
2399 3489 2613 3544 Pacem
2637 3491 2768 3559 quis
2822 3490 3193 3558 desiderans,
3250 3495 3311 3548 in
3364 3497 3508 3563 ejus
3566 3509 3863 3570 conspecta

2204 3592 2321 3629 non
2356 3576 2673 3631 abhorruit
2708 3580 2859 3633 iram
2887 3582 2914 3633 ?
2954 3581 3164 3634 Vultus
3186 3582 3283 3635 sui
3307 3589 3725 3651 praesentiam
3746 3588 3865 3655 aspi-

2205 3666 2381 3725 ciens,
2415 3667 2545 3733 quis
2576 3682 2691 3720 nnn
2734 3674 2815 3721 est
2843 3668 3061 3722 oblitus
3090 3668 3305 3725 dolos?
3327 3671 3757 3733 Orationibus
3774 3688 3863 3745 eges

2205 3754 2333 3822 quis
2363 3756 2789 3810 monachorum
2818 3772 2935 3811 non
2968 3756 3175 3813 habuit
3204 3761 3498 3828 requiem,
3555 3770 3621 3819 et
3655 3783 3779 3821 non
3812 3774 3863 3819 at

2205 3848 2456 3905 amatus,
2484 3844 2754 3909 dilectus,
2789 3851 2840 3899 et
2866 3852 3181 3901 veneratus
3207 3847 3234 3902 ?
3286 3848 3444 3916 Ejus
3496 3858 3863 3911 sanctissiut‘

2205 3930 2605 3986 adnumitione
2628 3934 2757 4002 quis
2789 3935 3142 3989 clericorum
3193 3952 3313 3990 non
3352 3938 3483 4005 fuit
3514 3950 3783 4000 amator
3804 3955 3863 3996 cr

2206 4021 2495 4075 stimoniae
2534 4024 2561 4075 Ρ
2616 4023 2807 4090 Ipsius
2843 4025 3187 4080 amicabilia
3230 4026 3434 4093 verba,
3486 4032 3737 4100 quibus
3784 4046 3865 4085 nes

2202 4108 2451 4173 fuerunt
2483 4110 2878 4166 medicamina
2906 4114 2932 4165 ?
2958 4112 3249 4180 Aspectus
3275 4115 3429 4183 ejus,
3480 4120 3734 4186 quibus
3782 4136 3853 4175 nu

2201 4199 2432 4265 profuit
2468 4199 2877 4266 insipientibus
2917 4206 2979 4255 ut
3031 4204 3205 4271 virga
3231 4206 3260 4257 Ρ
3309 4204 3538 4261 Oculos
3604 4214 3754 4278 ejus
3795 4211 3861 4263 iw-

2205 4287 2372 4339 miles
2402 4289 2531 4357 quis
2560 4291 2869 4358 aspiciens,
2919 4306 3037 4344 non
3068 4296 3152 4346 est
3196 4292 3529 4349 meditatus
3561 4298 3861 4357 caelestia.”

2204 4376 2448 4443 Pauper
2475 4384 2528 4431 et
2553 4381 2814 4433 esuriens
2841 4381 2972 4449 quis
3001 4397 3119 4435 non
3164 4384 3425 4437 satiatus
3482 4385 3564 4440 ab
3622 4394 3768 4458 ejus
3808 4402 3861 4443 re

2204 4467 2373 4519 cessit
2421 4483 2619 4521 mensa
2640 4472 2667 4523 ?
2722 4469 2922 4523 Vidua:
2972 4476 3024 4524 et
3071 4486 3367 4539 pauperes
3414 4474 3503 4527 ad
3540 4482 3859 4550 exemptus

2208 4551 2371 4607 bona?
2401 4554 2689 4610 Dorcadis
2720 4573 2838 4610 non
2870 4558 2946 4612 ab
2994 4573 3060 4612 eo
3104 4559 3294 4614 datas
3354 4565 3780 4624 ostenderunt
3810 4581 3865 4621 re

2204 4646 2357 4697 stes?
2384 4644 2585 4698 Omnis
2607 4645 2956 4702 miserorum
2978 4649 3305 4704 multitudo
3326 4666 3448 4706 non
3480 4668 3627 4711 eum
3650 4668 3861 4727 patrem

2205 4736 2261 4785 et
2282 4734 2599 4788 nutritium
2633 4736 3027 4792 inclamavit?
3054 4738 3192 4793 Non
3224 4739 3345 4794 fuit
3392 4742 3453 4795 ei
3501 4744 3747 4804 similis
3772 4750 3865 4818 pch

2206 4827 2478 4877 sanctum
2504 4825 2701 4879 David
2724 4826 2795 4881 de
2814 4828 3044 4881 cunctis
3070 4828 3310 4896 regibus
3347 4834 3533 4886 terra:
3564 4834 3638 4890 in
3667 4835 3864 4893 sanctis

2209 4912 2546 4979 virtutibus,
2610 4914 2964 4981 humilitate,
3022 4918 3467 4987 misericordia,
3516 4924 3788 4993 pietate,
3832 4930 3864 4973 εἰ

2210 5002 2507 5057 charitate
2523 5018 2543 5056 :
2566 5005 2705 5072 quia
2736 5019 2965 5073 semper
2990 5006 3244 5061 adluesit
3269 5007 3636 5081 Domino,et
3666 5034 3788 5071 non
3810 5027 3863 5067 re

2209 5092 2375 5146 cessit
2407 5106 2444 5146 α
2474 5094 2772 5148 mandatis
2814 5098 2942 5163 ejus
2981 5096 3158 5151 corde
3207 5098 3508 5165 perfecto.
3569 5103 3857 5163 Fulbertus

2212 5181 2585 5236 Carnotensis
2615 5182 2935 5255 episcopus
2962 5183 3215 5256 epistola
3273 5189 3341 5241 87
3406 5189 3766 5252 Robertum
3808 5206 3859 5247 re

2210 5286 2344 5340 gem
2370 5277 2639 5326 sanctum
2670 5272 2912 5328 Patrem
2932 5288 2956 5342 ;
2976 5272 3266 5329 eumdem
3296 5274 3681 5355 Willelmus,
3728 5280 3857 5356 Aqui

2206 5358 2383 5413 tanisa
2434 5358 2583 5429 dux,
2636 5358 2698 5412 in
2753 5360 2961 5415 charta
3014 5375 3126 5431 pro
3177 5362 3468 5421 eoenobio
3512 5364 3855 5444 Bmgunens’

2213 5446 2615 5516 Theosophum
2645 5447 2925 5521 appellat.

2274 5712 2356 5784 (2)
2394 5712 2537 5769 Hist.
2566 5712 2741 5768 Univ.
2774 5713 2978 5780 Parim,
3002 5716 3045 5770 t.
3078 5712 3121 5785 Ι,
3152 5728 3215 5786 p.
3244 5717 3374 5774 334.
