  <div class='ocr_page' id='page_1' title='image "/cluster/home/n/w/nwhite01/storage/ocr_20150623/140-141/uc1.31175018559917/1028.png"; bbox 0 0 3892 6388; ppageno 0'>
   <div class='ocr_carea' id='block_1_1' title="bbox 12 283 133 336">
    <p class='ocr_par' dir='ltr' id='par_1_1' title="bbox 12 283 133 336">
     <span class='ocr_line' id='line_1_1' title="bbox 12 283 133 336; baseline -0.008 -1"><span class='ocrx_word' id='word_1_1' title='bbox 12 283 133 336; x_wconf 71' lang='lat'>305</span> 
     </span>
    </p>
   </div>
   <div class='ocr_carea' id='block_1_2' title="bbox 1015 270 2370 335">
    <p class='ocr_par' dir='ltr' id='par_1_2' title="bbox 1015 270 2370 335">
     <span class='ocr_line' id='line_1_2' title="bbox 1015 270 2370 335; baseline -0.006 -1"><span class='ocrx_word' id='word_1_2' title='bbox 1015 280 1193 335; x_wconf 84' lang='lat' dir='ltr'><strong>VITA.</strong></span> <span class='ocrx_word' id='word_1_3' title='bbox 1226 311 1293 319; x_wconf 78' lang='lat'><strong><em>—</em></strong></span> <span class='ocrx_word' id='word_1_4' title='bbox 1322 277 1592 335; x_wconf 78' lang='lat' dir='ltr'>TESTAM</span> <span class='ocrx_word' id='word_1_5' title='bbox 1623 270 2017 328; x_wconf 84' lang='lat' dir='ltr'>LEODEBODI</span> <span class='ocrx_word' id='word_1_6' title='bbox 2051 270 2370 326; x_wconf 74' lang='lat' dir='ltr'>ABBATIS.</span> 
     </span>
    </p>
   </div>
   <div class='ocr_carea' id='block_1_3' title="bbox 3367 276 3473 328">
    <p class='ocr_par' dir='ltr' id='par_1_3' title="bbox 3367 276 3473 328">
     <span class='ocr_line' id='line_1_3' title="bbox 3367 276 3473 328; baseline 0.009 -1"><span class='ocrx_word' id='word_1_7' title='bbox 3367 276 3473 328; x_wconf 82' lang='lat'>906</span> 
     </span>
    </p>
   </div>
   <div class='ocr_carea' id='block_1_4' title="bbox 4 390 3479 475">
    <p class='ocr_par' dir='ltr' id='par_1_4' title="bbox 4 390 3479 475">
     <span class='ocr_line' id='line_1_4' title="bbox 4 390 3479 475; baseline 0.002 -19"><span class='ocrx_word' id='word_1_8' title='bbox 4 402 219 475; x_wconf 89' lang='lat' dir='ltr'>menti</span> <span class='ocrx_word' id='word_1_9' title='bbox 256 402 585 457; x_wconf 89' lang='lat' dir='ltr'>testiﬁcatio</span> <span class='ocrx_word' id='word_1_10' title='bbox 634 402 1011 472; x_wconf 75' lang='lat' dir='ltr'>suffragetur.</span> <span class='ocrx_word' id='word_1_11' title='bbox 1050 407 1112 458; x_wconf 87' lang='lat' dir='ltr'>Et</span> <span class='ocrx_word' id='word_1_12' title='bbox 1164 404 1453 474; x_wconf 91' lang='lat' dir='ltr'>quoniam</span> <span class='ocrx_word' id='word_1_13' title='bbox 1478 400 1561 456; x_wconf 88' lang='lat' dir='ltr'>ita</span> <span class='ocrx_word' id='word_1_14' title='bbox 1586 402 1696 467; x_wconf 89' lang='lat' dir='ltr'>est,</span> <span class='ocrx_word' id='word_1_15' title='bbox 1737 403 1783 455; x_wconf 84' lang='lat' dir='ltr'><strong>A</strong></span> <span class='ocrx_word' id='word_1_16' title='bbox 1809 391 2245 460; x_wconf 64' lang='grc' dir='ltr'>Πεεωῑνίῐιῐθὲΐδι</span> <span class='ocrx_word' id='word_1_17' title='bbox 2268 390 2584 447; x_wconf 64' lang='grc' dir='ltr'>άθνοῒίοῐιθ</span> <span class='ocrx_word' id='word_1_18' title='bbox 2614 390 3195 464; x_wconf 64' lang='lat' dir='ltr'>instituo-Simulque</span> <span class='ocrx_word' id='word_1_19' title='bbox 3224 397 3281 449; x_wconf 74' lang='grc' dir='ltr'>θῑ</span> <span class='ocrx_word' id='word_1_20' title='bbox 3309 394 3479 466; x_wconf 71' lang='grc' dir='ltr'>(Ιιιοά</span> 
     </span>
    </p>
   </div>
   <div class='ocr_carea' id='block_1_5' title="bbox 2 482 1701 563">
    <p class='ocr_par' dir='ltr' id='par_1_5' title="bbox 2 482 1701 563">
     <span class='ocr_line' id='line_1_5' title="bbox 2 482 1701 563; baseline -0.001 -18"><span class='ocrx_word' id='word_1_21' title='bbox 2 482 132 546; x_wconf 78' lang='grc' dir='ltr'>Ἰ)θί</span> <span class='ocrx_word' id='word_1_22' title='bbox 173 496 521 563; x_wconf 78' lang='lat' dir='ltr'>protegente</span> <span class='ocrx_word' id='word_1_23' title='bbox 552 491 814 561; x_wconf 77' lang='lat' dir='ltr'>dextera,</span> <span class='ocrx_word' id='word_1_24' title='bbox 859 508 969 561; x_wconf 87' lang='lat' dir='ltr'>ego</span> <span class='ocrx_word' id='word_1_25' title='bbox 1003 492 1392 547; x_wconf 88' lang='lat' dir='ltr'>Leodebodus</span> <span class='ocrx_word' id='word_1_26' title='bbox 1424 491 1535 545; x_wconf 90' lang='lat' dir='ltr'>ista</span> <span class='ocrx_word' id='word_1_27' title='bbox 1564 503 1701 544; x_wconf 89' lang='lat' dir='ltr'>con—</span> 
     </span>
    </p>
   </div>
   <div class='ocr_carea' id='block_1_6' title="bbox 12 575 1705 649">
    <p class='ocr_par' dir='ltr' id='par_1_6' title="bbox 12 575 1705 649">
     <span class='ocr_line' id='line_1_6' title="bbox 12 575 1705 649; baseline -0.002 -19"><span class='ocrx_word' id='word_1_28' title='bbox 12 576 258 645; x_wconf 84' lang='lat' dir='ltr'>scribo,</span> <span class='ocrx_word' id='word_1_29' title='bbox 293 592 361 631; x_wconf 90' lang='lat' dir='ltr'>ac</span> <span class='ocrx_word' id='word_1_30' title='bbox 394 592 439 630; x_wconf 84' lang='lat' dir='ltr'>si</span> <span class='ocrx_word' id='word_1_31' title='bbox 488 575 770 645; x_wconf 85' lang='lat' dir='ltr'>indignus</span> <span class='ocrx_word' id='word_1_32' title='bbox 800 581 857 633; x_wconf 92' lang='lat' dir='ltr'>et</span> <span class='ocrx_word' id='word_1_33' title='bbox 884 582 1160 649; x_wconf 79' lang='lat' dir='ltr'>peccator</span> <span class='ocrx_word' id='word_1_34' title='bbox 1211 584 1263 631; x_wconf 74' lang='lat' dir='ltr'>ai</span> <span class='ocrx_word' id='word_1_35' title='bbox 1292 576 1390 631; x_wconf 90' lang='lat' dir='ltr'>ba.</span> <span class='ocrx_word' id='word_1_36' title='bbox 1429 578 1579 630; x_wconf 85' lang='lat' dir='ltr'>Dum</span> <span class='ocrx_word' id='word_1_37' title='bbox 1608 588 1705 627; x_wconf 90' lang='lat' dir='ltr'>me</span> 
     </span>
    </p>
   </div>
   <div class='ocr_carea' id='block_1_7' title="bbox 6 662 1708 738">
    <p class='ocr_par' dir='ltr' id='par_1_7' title="bbox 6 662 1708 738">
     <span class='ocr_line' id='line_1_7' title="bbox 6 662 1708 738; baseline -0.002 -18"><span class='ocrx_word' id='word_1_38' title='bbox 6 666 248 721; x_wconf 85' lang='lat' dir='ltr'>divina</span> <span class='ocrx_word' id='word_1_39' title='bbox 278 666 467 738; x_wconf 85' lang='lat' dir='ltr'>pietas</span> <span class='ocrx_word' id='word_1_40' title='bbox 496 665 757 720; x_wconf 64' lang='lat' dir='ltr'>basilicae</span> <span class='ocrx_word' id='word_1_41' title='bbox 778 666 985 721; x_wconf 91' lang='lat' dir='ltr'>domni</span> <span class='ocrx_word' id='word_1_42' title='bbox 1016 665 1359 732; x_wconf 71' lang='lat' dir='ltr'>Aniani,ubi</span> <span class='ocrx_word' id='word_1_43' title='bbox 1388 665 1514 738; x_wconf 91' lang='lat' dir='ltr'>ipse</span> <span class='ocrx_word' id='word_1_44' title='bbox 1539 662 1708 718; x_wconf 90' lang='lat' dir='ltr'>dom-</span> 
     </span>
    </p>
   </div>
   <div class='ocr_carea' id='block_1_8' title="bbox 2 752 1708 828">
    <p class='ocr_par' dir='ltr' id='par_1_8' title="bbox 2 752 1708 828">
     <span class='ocr_line' id='line_1_8' title="bbox 2 752 1708 828; baseline -0.002 -17"><span class='ocrx_word' id='word_1_45' title='bbox 2 772 154 811; x_wconf 79' lang='lat' dir='ltr'>nus</span> <span class='ocrx_word' id='word_1_46' title='bbox 187 756 249 810; x_wconf 92' lang='lat' dir='ltr'>in</span> <span class='ocrx_word' id='word_1_47' title='bbox 276 771 523 828; x_wconf 91' lang='lat' dir='ltr'>corpore</span> <span class='ocrx_word' id='word_1_48' title='bbox 550 755 883 827; x_wconf 84' lang='lat' dir='ltr'>requiescit,</span> <span class='ocrx_word' id='word_1_49' title='bbox 903 755 1156 810; x_wconf 84' lang='lat' dir='ltr'>abbatia</span> <span class='ocrx_word' id='word_1_50' title='bbox 1186 754 1576 810; x_wconf 81' lang='lat' dir='ltr'>sublimatum</span> <span class='ocrx_word' id='word_1_51' title='bbox 1604 752 1708 807; x_wconf 49' lang='lat' dir='ltr'>ho.</span> 
     </span>
    </p>
   </div>
   <div class='ocr_carea' id='block_1_9' title="bbox 2 834 1710 915">
    <p class='ocr_par' dir='ltr' id='par_1_9' title="bbox 2 834 1710 915">
     <span class='ocr_line' id='line_1_9' title="bbox 2 834 1710 915; baseline -0.003 -14"><span class='ocrx_word' id='word_1_52' title='bbox 2 834 187 901; x_wconf 61' lang='lat' dir='ltr'>more</span> <span class='ocrx_word' id='word_1_53' title='bbox 234 844 507 915; x_wconf 87' lang='lat' dir='ltr'>ejusdem</span> <span class='ocrx_word' id='word_1_54' title='bbox 556 843 670 899; x_wconf 91' lang='lat' dir='ltr'>loci</span> <span class='ocrx_word' id='word_1_55' title='bbox 720 845 1027 899; x_wconf 88' lang='lat' dir='ltr'>custodem</span> <span class='ocrx_word' id='word_1_56' title='bbox 1076 860 1209 899; x_wconf 90' lang='lat' dir='ltr'>esse</span> <span class='ocrx_word' id='word_1_57' title='bbox 1262 842 1531 913; x_wconf 85' lang='lat' dir='ltr'>instituit,</span> <span class='ocrx_word' id='word_1_58' title='bbox 1573 856 1710 897; x_wconf 89' lang='lat' dir='ltr'>con-</span> 
     </span>
    </p>
   </div>
   <div class='ocr_carea' id='block_1_10' title="bbox 2 924 1708 1005">
    <p class='ocr_par' dir='ltr' id='par_1_10' title="bbox 2 924 1708 1005">
     <span class='ocr_line' id='line_1_10' title="bbox 2 924 1708 1005; baseline -0.002 -15"><span class='ocrx_word' id='word_1_59' title='bbox 2 924 271 1005; x_wconf 61' lang='lat' dir='ltr'>Egruum</span> <span class='ocrx_word' id='word_1_60' title='bbox 300 933 445 987; x_wconf 75' lang='lat' dir='ltr'>duxi</span> <span class='ocrx_word' id='word_1_61' title='bbox 476 938 533 987; x_wconf 90' lang='lat' dir='ltr'>et</span> <span class='ocrx_word' id='word_1_62' title='bbox 561 933 875 989; x_wconf 90' lang='lat' dir='ltr'>devotione</span> <span class='ocrx_word' id='word_1_63' title='bbox 905 933 1255 1004; x_wconf 83' lang='lat' dir='ltr'>plenissima</span> <span class='ocrx_word' id='word_1_64' title='bbox 1285 933 1431 988; x_wconf 90' lang='lat' dir='ltr'>mihi</span> <span class='ocrx_word' id='word_1_65' title='bbox 1453 947 1708 988; x_wconf 87' lang='lat' dir='ltr'>consen-</span> 
     </span>
    </p>
   </div>
   <div class='ocr_carea' id='block_1_11' title="bbox 2 1020 1709 1096">
    <p class='ocr_par' dir='ltr' id='par_1_11' title="bbox 2 1020 1709 1096">
     <span class='ocr_line' id='line_1_11' title="bbox 2 1020 1709 1096; baseline -0.002 -15"><span class='ocrx_word' id='word_1_66' title='bbox 2 1026 109 1081; x_wconf 70' lang='lat' dir='ltr'>sit</span> <span class='ocrx_word' id='word_1_67' title='bbox 143 1024 517 1093; x_wconf 89' lang='lat' dir='ltr'>voluntas,ut</span> <span class='ocrx_word' id='word_1_68' title='bbox 547 1024 621 1079; x_wconf 93' lang='lat' dir='ltr'>de</span> <span class='ocrx_word' id='word_1_69' title='bbox 652 1040 713 1078; x_wconf 91' lang='lat' dir='ltr'>re</span> <span class='ocrx_word' id='word_1_70' title='bbox 744 1024 1121 1096; x_wconf 78' lang='lat' dir='ltr'>proprietatis</span> <span class='ocrx_word' id='word_1_71' title='bbox 1152 1041 1301 1079; x_wconf 85' lang='lat' dir='ltr'>mea</span> <span class='ocrx_word' id='word_1_72' title='bbox 1336 1028 1458 1079; x_wconf 84' lang='lat' dir='ltr'>tam</span> <span class='ocrx_word' id='word_1_73' title='bbox 1488 1023 1548 1078; x_wconf 93' lang='lat' dir='ltr'>iu</span> <span class='ocrx_word' id='word_1_74' title='bbox 1577 1020 1709 1095; x_wconf 88' lang='lat' dir='ltr'>ipsa</span> 
     </span>
    </p>
   </div>
   <div class='ocr_carea' id='block_1_12' title="bbox 2 1106 1707 1185">
    <p class='ocr_par' dir='ltr' id='par_1_12' title="bbox 2 1106 1707 1185">
     <span class='ocr_line' id='line_1_12' title="bbox 2 1106 1707 1185; baseline -0.002 -15"><span class='ocrx_word' id='word_1_75' title='bbox 2 1106 294 1170; x_wconf 49' lang='lat' dir='ltr'>Ebasilica</span> <span class='ocrx_word' id='word_1_76' title='bbox 339 1130 525 1185; x_wconf 89' lang='lat' dir='ltr'>quam</span> <span class='ocrx_word' id='word_1_77' title='bbox 557 1117 613 1168; x_wconf 91' lang='lat' dir='ltr'>et</span> <span class='ocrx_word' id='word_1_78' title='bbox 658 1112 919 1168; x_wconf 85' lang='lat' dir='ltr'>basilica</span> <span class='ocrx_word' id='word_1_79' title='bbox 968 1113 1207 1169; x_wconf 63' lang='lat' dir='ltr'>domnae</span> <span class='ocrx_word' id='word_1_80' title='bbox 1262 1113 1473 1183; x_wconf 76' lang='lat' dir='ltr'>Mariae,</span> <span class='ocrx_word' id='word_1_81' title='bbox 1522 1128 1707 1185; x_wconf 90' lang='lat' dir='ltr'>quam</span> 
     </span>
    </p>
   </div>
   <div class='ocr_carea' id='block_1_13' title="bbox 2 1200 1709 1274">
    <p class='ocr_par' dir='ltr' id='par_1_13' title="bbox 2 1200 1709 1274">
     <span class='ocr_line' id='line_1_13' title="bbox 2 1200 1709 1274; baseline -0.004 -14"><span class='ocrx_word' id='word_1_82' title='bbox 2 1206 301 1259; x_wconf 70' lang='lat' dir='ltr'>Joannes</span> <span class='ocrx_word' id='word_1_83' title='bbox 334 1201 632 1257; x_wconf 85' lang='lat' dir='ltr'>Floriacus</span> <span class='ocrx_word' id='word_1_84' title='bbox 653 1217 689 1257; x_wconf 89' lang='lat' dir='ltr'>a</span> <span class='ocrx_word' id='word_1_85' title='bbox 713 1218 869 1257; x_wconf 90' lang='lat' dir='ltr'>novo</span> <span class='ocrx_word' id='word_1_86' title='bbox 896 1203 1209 1274; x_wconf 89' lang='lat' dir='ltr'>quondam</span> <span class='ocrx_word' id='word_1_87' title='bbox 1231 1201 1579 1268; x_wconf 81' lang='lat' dir='ltr'>construxit,</span> <span class='ocrx_word' id='word_1_88' title='bbox 1604 1200 1709 1255; x_wconf 91' lang='lat' dir='ltr'>ubi</span> 
     </span>
    </p>
   </div>
   <div class='ocr_carea' id='block_1_14' title="bbox 2 1288 1709 1362">
    <p class='ocr_par' dir='ltr' id='par_1_14' title="bbox 2 1288 1709 1362">
     <span class='ocr_line' id='line_1_14' title="bbox 2 1288 1709 1362; baseline -0.002 -15"><span class='ocrx_word' id='word_1_89' title='bbox 2 1289 401 1347; x_wconf 64' lang='lat' dir='ltr'>venerabilis</span> <span class='ocrx_word' id='word_1_90' title='bbox 431 1292 522 1345; x_wconf 91' lang='lat' dir='ltr'>vir</span> <span class='ocrx_word' id='word_1_91' title='bbox 555 1289 868 1346; x_wconf 83' lang='lat' dir='ltr'>Fulcaldus</span> <span class='ocrx_word' id='word_1_92' title='bbox 899 1290 1057 1345; x_wconf 90' lang='lat' dir='ltr'>abba</span> <span class='ocrx_word' id='word_1_93' title='bbox 1092 1294 1293 1346; x_wconf 91' lang='lat' dir='ltr'>custos</span> <span class='ocrx_word' id='word_1_94' title='bbox 1344 1305 1598 1362; x_wconf 86' lang='lat' dir='ltr'>praesse</span> <span class='ocrx_word' id='word_1_95' title='bbox 1624 1288 1709 1343; x_wconf 89' lang='lat' dir='ltr'>di-</span> 
     </span>
    </p>
   </div>
   <div class='ocr_carea' id='block_1_15' title="bbox 2 1376 1712 1450">
    <p class='ocr_par' dir='ltr' id='par_1_15' title="bbox 2 1376 1712 1450">
     <span class='ocr_line' id='line_1_15' title="bbox 2 1376 1712 1450; baseline -0.002 -15"><span class='ocrx_word' id='word_1_96' title='bbox 2 1376 375 1450; x_wconf 82' lang='lat' dir='ltr'>gnoscitur,</span> <span class='ocrx_word' id='word_1_97' title='bbox 410 1395 515 1434; x_wconf 91' lang='lat' dir='ltr'>seu</span> <span class='ocrx_word' id='word_1_98' title='bbox 545 1384 601 1434; x_wconf 93' lang='lat' dir='ltr'>et</span> <span class='ocrx_word' id='word_1_99' title='bbox 630 1378 691 1433; x_wconf 91' lang='lat' dir='ltr'>iu</span> <span class='ocrx_word' id='word_1_100' title='bbox 720 1393 866 1447; x_wconf 89' lang='lat' dir='ltr'>agro</span> <span class='ocrx_word' id='word_1_101' title='bbox 897 1377 1177 1445; x_wconf 77' lang='lat' dir='ltr'>Floriaco,</span> <span class='ocrx_word' id='word_1_102' title='bbox 1212 1394 1393 1450; x_wconf 90' lang='lat' dir='ltr'>quem</span> <span class='ocrx_word' id='word_1_103' title='bbox 1423 1394 1562 1433; x_wconf 89' lang='lat' dir='ltr'>cum</span> <span class='ocrx_word' id='word_1_104' title='bbox 1592 1376 1712 1446; x_wconf 89' lang='lat' dir='ltr'>glo-</span> 
     </span>
    </p>
   </div>
   <div class='ocr_carea' id='block_1_16' title="bbox 24 1466 1713 1541">
    <p class='ocr_par' dir='ltr' id='par_1_16' title="bbox 24 1466 1713 1541">
     <span class='ocr_line' id='line_1_16' title="bbox 24 1466 1713 1541; baseline -0.002 -15"><span class='ocrx_word' id='word_1_105' title='bbox 24 1470 206 1527; x_wconf 89' lang='lat' dir='ltr'>rioso</span> <span class='ocrx_word' id='word_1_106' title='bbox 237 1474 415 1541; x_wconf 90' lang='lat' dir='ltr'>atque</span> <span class='ocrx_word' id='word_1_107' title='bbox 445 1468 732 1541; x_wconf 87' lang='lat' dir='ltr'>pracelso</span> <span class='ocrx_word' id='word_1_108' title='bbox 752 1468 979 1523; x_wconf 92' lang='lat' dir='ltr'>domno</span> <span class='ocrx_word' id='word_1_109' title='bbox 1012 1468 1309 1524; x_wconf 85' lang='lat' dir='ltr'>Clodoveo</span> <span class='ocrx_word' id='word_1_110' title='bbox 1338 1484 1474 1537; x_wconf 85' lang='lat' dir='ltr'>rege</span> <span class='ocrx_word' id='word_1_111' title='bbox 1506 1472 1561 1523; x_wconf 91' lang='lat' dir='ltr'>et</span> <span class='ocrx_word' id='word_1_112' title='bbox 1591 1466 1713 1536; x_wconf 92' lang='lat' dir='ltr'>glo-</span> 
     </span>
    </p>
   </div>
   <div class='ocr_carea' id='block_1_17' title="bbox 26 1556 1715 1628">
    <p class='ocr_par' dir='ltr' id='par_1_17' title="bbox 26 1556 1715 1628">
     <span class='ocr_line' id='line_1_17' title="bbox 26 1556 1715 1628; baseline -0.004 -13"><span class='ocrx_word' id='word_1_113' title='bbox 26 1560 208 1615; x_wconf 86' lang='lat' dir='ltr'>riosa</span> <span class='ocrx_word' id='word_1_114' title='bbox 258 1557 489 1613; x_wconf 88' lang='lat' dir='ltr'>domna</span> <span class='ocrx_word' id='word_1_115' title='bbox 535 1574 717 1612; x_wconf 79' lang='lat' dir='ltr'>uxore</span> <span class='ocrx_word' id='word_1_116' title='bbox 758 1558 907 1628; x_wconf 84' lang='lat' dir='ltr'>ejus,</span> <span class='ocrx_word' id='word_1_117' title='bbox 958 1557 1220 1613; x_wconf 89' lang='lat' dir='ltr'>Bathilde</span> <span class='ocrx_word' id='word_1_118' title='bbox 1271 1557 1497 1627; x_wconf 83' lang='lat' dir='ltr'>regina,</span> <span class='ocrx_word' id='word_1_119' title='bbox 1550 1556 1715 1611; x_wconf 89' lang='lat' dir='ltr'>visus</span> 
     </span>
    </p>
   </div>
   <div class='ocr_carea' id='block_1_18' title="bbox 28 1645 1716 1719">
    <p class='ocr_par' dir='ltr' id='par_1_18' title="bbox 28 1645 1716 1719">
     <span class='ocr_line' id='line_1_18' title="bbox 28 1645 1716 1719; baseline -0.003 -15"><span class='ocrx_word' id='word_1_120' title='bbox 28 1666 180 1705; x_wconf 90' lang='lat' dir='ltr'>sum</span> <span class='ocrx_word' id='word_1_121' title='bbox 213 1647 288 1703; x_wconf 89' lang='lat' dir='ltr'>de</span> <span class='ocrx_word' id='word_1_122' title='bbox 321 1648 502 1702; x_wconf 83' lang='lat' dir='ltr'>rebus</span> <span class='ocrx_word' id='word_1_123' title='bbox 535 1648 682 1702; x_wconf 88' lang='lat' dir='ltr'>meis</span> <span class='ocrx_word' id='word_1_124' title='bbox 734 1647 987 1719; x_wconf 82' lang='lat' dir='ltr'>propriis</span> <span class='ocrx_word' id='word_1_125' title='bbox 1020 1651 1441 1718; x_wconf 85' lang='lat' dir='ltr'>commutasse,</span> <span class='ocrx_word' id='word_1_126' title='bbox 1478 1645 1577 1701; x_wconf 91' lang='lat' dir='ltr'>ubi</span> <span class='ocrx_word' id='word_1_127' title='bbox 1606 1662 1716 1717; x_wconf 91' lang='lat' dir='ltr'>pro</span> 
     </span>
    </p>
   </div>
   <div class='ocr_carea' id='block_1_19' title="bbox 1808 480 3480 555">
    <p class='ocr_par' dir='ltr' id='par_1_19' title="bbox 1808 480 3480 555">
     <span class='ocr_line' id='line_1_19' title="bbox 1808 480 3480 555; baseline 0.002 -18"><span class='ocrx_word' id='word_1_128' title='bbox 1808 482 1870 537; x_wconf 93' lang='lat' dir='ltr'>in</span> <span class='ocrx_word' id='word_1_129' title='bbox 1897 497 2055 554; x_wconf 82' lang='lat' dir='ltr'>pago</span> <span class='ocrx_word' id='word_1_130' title='bbox 2087 482 2361 551; x_wconf 90' lang='lat' dir='ltr'>Biturico,</span> <span class='ocrx_word' id='word_1_131' title='bbox 2384 480 2809 552; x_wconf 88' lang='lat' dir='ltr'>cognominato</span> <span class='ocrx_word' id='word_1_132' title='bbox 2842 484 3052 549; x_wconf 87' lang='lat' dir='ltr'>Monte,</span> <span class='ocrx_word' id='word_1_133' title='bbox 3072 483 3177 555; x_wconf 90' lang='lat' dir='ltr'>qui</span> <span class='ocrx_word' id='word_1_134' title='bbox 3208 499 3280 539; x_wconf 80' lang='lat' dir='ltr'>ex</span> <span class='ocrx_word' id='word_1_135' title='bbox 3307 485 3480 555; x_wconf 79' lang='lat' dir='ltr'>juxta</span> 
     </span>
    </p>
   </div>
   <div class='ocr_carea' id='block_1_20' title="bbox 1813 569 3481 643">
    <p class='ocr_par' dir='ltr' id='par_1_20' title="bbox 1813 569 3481 643">
     <span class='ocr_line' id='line_1_20' title="bbox 1813 569 3481 643; baseline 0.001 -16"><span class='ocrx_word' id='word_1_136' title='bbox 1813 570 2085 627; x_wconf 87' lang='lat' dir='ltr'>Carbrias</span> <span class='ocrx_word' id='word_1_137' title='bbox 2114 570 2613 643; x_wconf 89' lang='lat' dir='ltr'>vico,portionem</span> <span class='ocrx_word' id='word_1_138' title='bbox 2644 569 3095 643; x_wconf 89' lang='lat' dir='ltr'>terrula,quam</span> <span class='ocrx_word' id='word_1_139' title='bbox 3126 572 3201 627; x_wconf 91' lang='lat' dir='ltr'>de</span> <span class='ocrx_word' id='word_1_140' title='bbox 3229 573 3481 629; x_wconf 91' lang='lat' dir='ltr'>Domolo</span> 
     </span>
    </p>
   </div>
   <div class='ocr_carea' id='block_1_21' title="bbox 1813 658 3484 731">
    <p class='ocr_par' dir='ltr' id='par_1_21' title="bbox 1813 658 3484 731">
     <span class='ocr_line' id='line_1_21' title="bbox 1813 658 3484 731; baseline 0.001 -14"><span class='ocrx_word' id='word_1_141' title='bbox 1813 664 1871 717; x_wconf 88' lang='lat' dir='ltr'>et</span> <span class='ocrx_word' id='word_1_142' title='bbox 1895 675 2079 716; x_wconf 77' lang='lat' dir='ltr'>uxore</span> <span class='ocrx_word' id='word_1_143' title='bbox 2124 677 2234 715; x_wconf 92' lang='lat' dir='ltr'>sua</span> <span class='ocrx_word' id='word_1_144' title='bbox 2279 664 2510 730; x_wconf 86' lang='lat' dir='ltr'>lngara,</span> <span class='ocrx_word' id='word_1_145' title='bbox 2559 659 2653 715; x_wconf 85' lang='lat' dir='ltr'>vel</span> <span class='ocrx_word' id='word_1_146' title='bbox 2700 660 2774 715; x_wconf 91' lang='lat' dir='ltr'>de</span> <span class='ocrx_word' id='word_1_147' title='bbox 2818 658 3091 731; x_wconf 87' lang='lat' dir='ltr'>pluribus</span> <span class='ocrx_word' id='word_1_148' title='bbox 3134 662 3484 719; x_wconf 88' lang='lat' dir='ltr'>hominibus</span> 
     </span>
    </p>
   </div>
   <div class='ocr_carea' id='block_1_22' title="bbox 1813 747 3487 823">
    <p class='ocr_par' dir='ltr' id='par_1_22' title="bbox 1813 747 3487 823">
     <span class='ocr_line' id='line_1_22' title="bbox 1813 747 3487 823; baseline 0.001 -19"><span class='ocrx_word' id='word_1_149' title='bbox 1813 747 1979 804; x_wconf 90' lang='lat' dir='ltr'>visus</span> <span class='ocrx_word' id='word_1_150' title='bbox 2009 764 2145 804; x_wconf 91' lang='lat' dir='ltr'>sum</span> <span class='ocrx_word' id='word_1_151' title='bbox 2176 764 2561 821; x_wconf 85' lang='lat' dir='ltr'>comparasse</span> <span class='ocrx_word' id='word_1_152' title='bbox 2583 748 2747 803; x_wconf 92' lang='lat' dir='ltr'>dono</span> <span class='ocrx_word' id='word_1_153' title='bbox 2771 765 2785 816; x_wconf 92' lang='lat'>;</span> <span class='ocrx_word' id='word_1_154' title='bbox 2816 747 2913 803; x_wconf 91' lang='lat' dir='ltr'>vel</span> <span class='ocrx_word' id='word_1_155' title='bbox 2939 749 3349 823; x_wconf 88' lang='lat' dir='ltr'>quodcunque</span> <span class='ocrx_word' id='word_1_156' title='bbox 3377 750 3487 806; x_wconf 89' lang='lat' dir='ltr'>ibi-</span> 
     </span>
    </p>
   </div>
   <div class='ocr_carea' id='block_1_23' title="bbox 1815 836 3484 910">
    <p class='ocr_par' dir='ltr' id='par_1_23' title="bbox 1815 836 3484 910">
     <span class='ocr_line' id='line_1_23' title="bbox 1815 836 3484 910; baseline 0.002 -17"><span class='ocrx_word' id='word_1_157' title='bbox 1815 836 1956 893; x_wconf 90' lang='lat' dir='ltr'>dem</span> <span class='ocrx_word' id='word_1_158' title='bbox 1986 853 2092 910; x_wconf 90' lang='lat' dir='ltr'>per</span> <span class='ocrx_word' id='word_1_159' title='bbox 2121 838 2462 894; x_wconf 83' lang='lat' dir='ltr'>donationis</span> <span class='ocrx_word' id='word_1_160' title='bbox 2510 836 2828 909; x_wconf 88' lang='lat' dir='ltr'>epistolam</span> <span class='ocrx_word' id='word_1_161' title='bbox 2871 842 2974 893; x_wconf 90' lang='lat' dir='ltr'>aut</span> <span class='ocrx_word' id='word_1_162' title='bbox 3025 837 3296 910; x_wconf 89' lang='lat' dir='ltr'>quolibet</span> <span class='ocrx_word' id='word_1_163' title='bbox 3343 855 3484 896; x_wconf 90' lang='lat' dir='ltr'>con-</span> 
     </span>
    </p>
   </div>
   <div class='ocr_carea' id='block_1_24' title="bbox 1816 925 3485 1002">
    <p class='ocr_par' dir='ltr' id='par_1_24' title="bbox 1816 925 3485 1002">
     <span class='ocr_line' id='line_1_24' title="bbox 1816 925 3485 1002; baseline 0.002 -20"><span class='ocrx_word' id='word_1_164' title='bbox 1816 931 2009 982; x_wconf 88' lang='lat' dir='ltr'>tractu</span> <span class='ocrx_word' id='word_1_165' title='bbox 2040 926 2119 982; x_wconf 91' lang='lat' dir='ltr'>ad</span> <span class='ocrx_word' id='word_1_166' title='bbox 2149 943 2245 983; x_wconf 90' lang='lat' dir='ltr'>me</span> <span class='ocrx_word' id='word_1_167' title='bbox 2275 926 2561 999; x_wconf 89' lang='lat' dir='ltr'>pervenit.</span> <span class='ocrx_word' id='word_1_168' title='bbox 2577 928 2692 982; x_wconf 90' lang='lat' dir='ltr'>Seu</span> <span class='ocrx_word' id='word_1_169' title='bbox 2722 931 2778 982; x_wconf 89' lang='lat' dir='ltr'>ct</span> <span class='ocrx_word' id='word_1_170' title='bbox 2802 942 2925 999; x_wconf 89' lang='lat' dir='ltr'>quo</span> <span class='ocrx_word' id='word_1_171' title='bbox 2956 925 3018 982; x_wconf 93' lang='lat' dir='ltr'>in</span> <span class='ocrx_word' id='word_1_172' title='bbox 3047 928 3203 997; x_wconf 90' lang='lat' dir='ltr'>Bria,</span> <span class='ocrx_word' id='word_1_173' title='bbox 3229 946 3366 1002; x_wconf 85' lang='lat' dir='ltr'>qua</span> <span class='ocrx_word' id='word_1_174' title='bbox 3394 934 3485 985; x_wconf 92' lang='lat' dir='ltr'>est</span> 
     </span>
    </p>
   </div>
   <div class='ocr_carea' id='block_1_25' title="bbox 1818 1014 3484 1089">
    <p class='ocr_par' dir='ltr' id='par_1_25' title="bbox 1818 1014 3484 1089">
     <span class='ocr_line' id='line_1_25' title="bbox 1818 1014 3484 1089; baseline 0.002 -20"><span class='ocrx_word' id='word_1_175' title='bbox 1818 1030 1998 1087; x_wconf 84' lang='lat' dir='ltr'>super</span> <span class='ocrx_word' id='word_1_176' title='bbox 2040 1014 2293 1070; x_wconf 88' lang='lat' dir='ltr'>ﬂuvium</span> <span class='ocrx_word' id='word_1_177' title='bbox 2341 1014 2622 1085; x_wconf 83' lang='lat' dir='ltr'>Flironte,</span> <span class='ocrx_word' id='word_1_178' title='bbox 2654 1014 2873 1082; x_wconf 86' lang='lat' dir='ltr'>habeo,</span> <span class='ocrx_word' id='word_1_179' title='bbox 2924 1032 3061 1088; x_wconf 89' lang='lat' dir='ltr'>qua</span> <span class='ocrx_word' id='word_1_180' title='bbox 3104 1015 3180 1072; x_wconf 89' lang='lat' dir='ltr'>de</span> <span class='ocrx_word' id='word_1_181' title='bbox 3208 1016 3484 1089; x_wconf 89' lang='lat' dir='ltr'>pluribus</span> 
     </span>
    </p>
   </div>
   <div class='ocr_carea' id='block_1_26' title="bbox 1815 1103 3485 1180">
    <p class='ocr_par' dir='ltr' id='par_1_26' title="bbox 1815 1103 3485 1180">
     <span class='ocr_line' id='line_1_26' title="bbox 1815 1103 3485 1180; baseline 0.002 -21"><span class='ocrx_word' id='word_1_182' title='bbox 1815 1103 2164 1159; x_wconf 90' lang='lat' dir='ltr'>hominibus</span> <span class='ocrx_word' id='word_1_183' title='bbox 2211 1105 2373 1160; x_wconf 91' lang='lat' dir='ltr'>visus</span> <span class='ocrx_word' id='word_1_184' title='bbox 2432 1121 2567 1159; x_wconf 90' lang='lat' dir='ltr'>sum</span> <span class='ocrx_word' id='word_1_185' title='bbox 2614 1120 3002 1177; x_wconf 88' lang='lat' dir='ltr'>comparasse</span> <span class='ocrx_word' id='word_1_186' title='bbox 3056 1110 3113 1161; x_wconf 91' lang='lat' dir='ltr'>et</span> <span class='ocrx_word' id='word_1_187' title='bbox 3156 1106 3234 1162; x_wconf 89' lang='lat' dir='ltr'>ad</span> <span class='ocrx_word' id='word_1_188' title='bbox 3281 1106 3485 1180; x_wconf 91' lang='lat' dir='ltr'>ipsum</span> 
     </span>
    </p>
   </div>
   <div class='ocr_carea' id='block_1_27' title="bbox 1816 1194 3484 1265">
    <p class='ocr_par' dir='ltr' id='par_1_27' title="bbox 1816 1194 3484 1265">
     <span class='ocr_line' id='line_1_27' title="bbox 1816 1194 3484 1265; baseline 0.003 -15"><span class='ocrx_word' id='word_1_189' title='bbox 1816 1198 2084 1251; x_wconf 84' lang='lat' dir='ltr'>montem</span> <span class='ocrx_word' id='word_1_190' title='bbox 2118 1194 2664 1265; x_wconf 88' lang='lat' dir='ltr'>subjungitur,cum</span> <span class='ocrx_word' id='word_1_191' title='bbox 2694 1194 2996 1262; x_wconf 91' lang='lat' dir='ltr'>domibus,</span> <span class='ocrx_word' id='word_1_192' title='bbox 3015 1196 3484 1265; x_wconf 87' lang='lat' dir='ltr'>adiﬁciis,mau-</span> 
     </span>
    </p>
   </div>
   <div class='ocr_carea' id='block_1_28' title="bbox 1820 1283 3485 1358">
    <p class='ocr_par' dir='ltr' id='par_1_28' title="bbox 1820 1283 3485 1358">
     <span class='ocr_line' id='line_1_28' title="bbox 1820 1283 3485 1358; baseline 0.001 -19"><span class='ocrx_word' id='word_1_193' title='bbox 1820 1283 2009 1357; x_wconf 90' lang='lat' dir='ltr'>cipiis,</span> <span class='ocrx_word' id='word_1_194' title='bbox 2042 1284 2147 1357; x_wconf 90' lang='lat' dir='ltr'>qui</span> <span class='ocrx_word' id='word_1_195' title='bbox 2185 1299 2221 1339; x_wconf 89' lang='lat' dir='ltr'>a</span> <span class='ocrx_word' id='word_1_196' title='bbox 2251 1300 2346 1339; x_wconf 90' lang='lat' dir='ltr'>me</span> <span class='ocrx_word' id='word_1_197' title='bbox 2371 1283 2603 1339; x_wconf 86' lang='lat' dir='ltr'>liberati</span> <span class='ocrx_word' id='word_1_198' title='bbox 2632 1299 2755 1339; x_wconf 92' lang='lat' dir='ltr'>non</span> <span class='ocrx_word' id='word_1_199' title='bbox 2785 1283 3021 1351; x_wconf 87' lang='lat' dir='ltr'>fuerint,</span> <span class='ocrx_word' id='word_1_200' title='bbox 3054 1286 3267 1358; x_wconf 91' lang='lat' dir='ltr'>vineis,</span> <span class='ocrx_word' id='word_1_201' title='bbox 3300 1287 3485 1358; x_wconf 82' lang='lat' dir='ltr'>silvis,</span> 
     </span>
    </p>
   </div>
   <div class='ocr_carea' id='block_1_29' title="bbox 1822 1372 3486 1446">
    <p class='ocr_par' dir='ltr' id='par_1_29' title="bbox 1822 1372 3486 1446">
     <span class='ocr_line' id='line_1_29' title="bbox 1822 1372 3486 1446; baseline 0.001 -17"><span class='ocrx_word' id='word_1_202' title='bbox 1822 1372 2077 1445; x_wconf 89' lang='lat' dir='ltr'>campis.</span> <span class='ocrx_word' id='word_1_203' title='bbox 2104 1374 2311 1446; x_wconf 88' lang='lat' dir='ltr'>pratis,</span> <span class='ocrx_word' id='word_1_204' title='bbox 2340 1373 2598 1445; x_wconf 90' lang='lat' dir='ltr'>pascuis,</span> <span class='ocrx_word' id='word_1_205' title='bbox 2627 1389 2766 1429; x_wconf 89' lang='lat' dir='ltr'>cum</span> <span class='ocrx_word' id='word_1_206' title='bbox 2782 1373 2947 1429; x_wconf 93' lang='lat' dir='ltr'>omni</span> <span class='ocrx_word' id='word_1_207' title='bbox 2968 1375 3101 1445; x_wconf 92' lang='lat' dir='ltr'>jure</span> <span class='ocrx_word' id='word_1_208' title='bbox 3151 1380 3208 1431; x_wconf 91' lang='lat' dir='ltr'>et</span> <span class='ocrx_word' id='word_1_209' title='bbox 3233 1375 3486 1432; x_wconf 85' lang='lat' dir='ltr'>termino</span> 
     </span>
    </p>
   </div>
   <div class='ocr_carea' id='block_1_30' title="bbox 1824 1460 3487 1537">
    <p class='ocr_par' dir='ltr' id='par_1_30' title="bbox 1824 1460 3487 1537">
     <span class='ocr_line' id='line_1_30' title="bbox 1824 1460 3487 1537; baseline 0.002 -20"><span class='ocrx_word' id='word_1_210' title='bbox 1824 1460 2110 1533; x_wconf 89' lang='lat' dir='ltr'>omnique</span> <span class='ocrx_word' id='word_1_211' title='bbox 2187 1478 2401 1530; x_wconf 85' lang='lat' dir='ltr'>genere</span> <span class='ocrx_word' id='word_1_212' title='bbox 2468 1462 2792 1535; x_wconf 88' lang='lat' dir='ltr'>pecudum,</span> <span class='ocrx_word' id='word_1_213' title='bbox 2874 1463 3028 1519; x_wconf 90' lang='lat' dir='ltr'>sicut</span> <span class='ocrx_word' id='word_1_214' title='bbox 3087 1480 3124 1520; x_wconf 91' lang='lat' dir='ltr'>a</span> <span class='ocrx_word' id='word_1_215' title='bbox 3183 1481 3281 1520; x_wconf 91' lang='lat' dir='ltr'>me</span> <span class='ocrx_word' id='word_1_216' title='bbox 3344 1480 3487 1537; x_wconf 87' lang='lat' dir='ltr'>pos-</span> 
     </span>
    </p>
   </div>
   <div class='ocr_carea' id='block_1_31' title="bbox 1826 1551 3489 1624">
    <p class='ocr_par' dir='ltr' id='par_1_31' title="bbox 1826 1551 3489 1624">
     <span class='ocr_line' id='line_1_31' title="bbox 1826 1551 3489 1624; baseline 0.002 -18"><span class='ocrx_word' id='word_1_217' title='bbox 1826 1568 2063 1607; x_wconf 90' lang='lat' dir='ltr'>sessum</span> <span class='ocrx_word' id='word_1_218' title='bbox 2116 1556 2223 1619; x_wconf 88' lang='lat' dir='ltr'>est,</span> <span class='ocrx_word' id='word_1_219' title='bbox 2279 1551 2461 1607; x_wconf 89' lang='lat' dir='ltr'>dono.</span> <span class='ocrx_word' id='word_1_220' title='bbox 2521 1551 2801 1624; x_wconf 90' lang='lat' dir='ltr'>Idemque</span> <span class='ocrx_word' id='word_1_221' title='bbox 2867 1557 2924 1608; x_wconf 91' lang='lat' dir='ltr'>et</span> <span class='ocrx_word' id='word_1_222' title='bbox 2968 1552 3172 1609; x_wconf 90' lang='lat' dir='ltr'>villam</span> <span class='ocrx_word' id='word_1_223' title='bbox 3242 1553 3489 1610; x_wconf 69' lang='lat' dir='ltr'>(lambe-</span> 
     </span>
    </p>
   </div>
   <div class='ocr_carea' id='block_1_32' title="bbox 1823 1640 3488 1712">
    <p class='ocr_par' dir='ltr' id='par_1_32' title="bbox 1823 1640 3488 1712">
     <span class='ocr_line' id='line_1_32' title="bbox 1823 1640 3488 1712; baseline 0.002 -17"><span class='ocrx_word' id='word_1_224' title='bbox 1823 1656 2095 1712; x_wconf 84' lang='lat' dir='ltr'>ron,qua</span> <span class='ocrx_word' id='word_1_225' title='bbox 2122 1646 2208 1695; x_wconf 91' lang='lat' dir='ltr'>est</span> <span class='ocrx_word' id='word_1_226' title='bbox 2222 1642 2398 1711; x_wconf 84' lang='lat' dir='ltr'>juxta</span> <span class='ocrx_word' id='word_1_227' title='bbox 2428 1642 2747 1696; x_wconf 88' lang='lat' dir='ltr'>terminum</span> <span class='ocrx_word' id='word_1_228' title='bbox 2774 1640 3143 1699; x_wconf 88' lang='lat' dir='ltr'>Clariacense</span> <span class='ocrx_word' id='word_1_229' title='bbox 3174 1642 3266 1698; x_wconf 92' lang='lat' dir='ltr'>vel</span> <span class='ocrx_word' id='word_1_230' title='bbox 3294 1642 3488 1699; x_wconf 92' lang='lat' dir='ltr'>Ucello</span> 
     </span>
    </p>
   </div>
   <div class='ocr_carea' id='block_1_33' title="bbox 24 1729 3490 1811">
    <p class='ocr_par' dir='ltr' id='par_1_33' title="bbox 24 1729 3490 1811">
     <span class='ocr_line' id='line_1_33' title="bbox 24 1729 3490 1811; baseline -0.002 -18"><span class='ocrx_word' id='word_1_231' title='bbox 24 1737 233 1793; x_wconf 87' lang='lat' dir='ltr'>salute</span> <span class='ocrx_word' id='word_1_232' title='bbox 245 1735 525 1805; x_wconf 89' lang='lat' dir='ltr'>regia,vel</span> <span class='ocrx_word' id='word_1_233' title='bbox 546 1740 760 1791; x_wconf 92' lang='lat' dir='ltr'>cuncto</span> <span class='ocrx_word' id='word_1_234' title='bbox 774 1736 998 1807; x_wconf 90' lang='lat' dir='ltr'>populo</span> <span class='ocrx_word' id='word_1_235' title='bbox 1016 1736 1718 1801; x_wconf 83' lang='lat' dir='ltr'>exorandum,monaste-</span> <span class='ocrx_word' id='word_1_236' title='bbox 1747 1756 1789 1811; x_wconf 73' lang='grc' dir='ltr'><strong>Β</strong></span> <span class='ocrx_word' id='word_1_237' title='bbox 1825 1729 1980 1800; x_wconf 90' lang='lat' dir='ltr'>vico,</span> <span class='ocrx_word' id='word_1_238' title='bbox 2007 1747 2194 1800; x_wconf 91' lang='lat' dir='ltr'>quam</span> <span class='ocrx_word' id='word_1_239' title='bbox 2222 1730 2295 1785; x_wconf 92' lang='lat' dir='ltr'>de</span> <span class='ocrx_word' id='word_1_240' title='bbox 2326 1730 2667 1786; x_wconf 86' lang='lat' dir='ltr'>haredibus</span> <span class='ocrx_word' id='word_1_241' title='bbox 2684 1731 2987 1787; x_wconf 87' lang='lat' dir='ltr'>Mummoli</span> <span class='ocrx_word' id='word_1_242' title='bbox 3003 1732 3145 1789; x_wconf 89' lang='lat' dir='ltr'>dato</span> <span class='ocrx_word' id='word_1_243' title='bbox 3171 1732 3361 1805; x_wconf 90' lang='lat' dir='ltr'>pretio</span> <span class='ocrx_word' id='word_1_244' title='bbox 3381 1749 3490 1805; x_wconf 89' lang='lat' dir='ltr'>per</span> 
     </span>
    </p>
   </div>
   <div class='ocr_carea' id='block_1_34' title="bbox 32 1824 1719 1894">
    <p class='ocr_par' dir='ltr' id='par_1_34' title="bbox 32 1824 1719 1894">
     <span class='ocr_line' id='line_1_34' title="bbox 32 1824 1719 1894; baseline -0.004 -10"><span class='ocrx_word' id='word_1_245' title='bbox 32 1829 207 1884; x_wconf 87' lang='lat' dir='ltr'>rium</span> <span class='ocrx_word' id='word_1_246' title='bbox 238 1826 297 1881; x_wconf 92' lang='lat' dir='ltr'>in</span> <span class='ocrx_word' id='word_1_247' title='bbox 328 1826 556 1881; x_wconf 90' lang='lat' dir='ltr'>honore</span> <span class='ocrx_word' id='word_1_248' title='bbox 588 1825 775 1881; x_wconf 86' lang='lat' dir='ltr'>sancti</span> <span class='ocrx_word' id='word_1_249' title='bbox 802 1826 949 1881; x_wconf 87' lang='lat' dir='ltr'>Petri</span> <span class='ocrx_word' id='word_1_250' title='bbox 969 1825 1266 1881; x_wconf 70' lang='lat' dir='ltr'>adiﬁcar:</span> <span class='ocrx_word' id='word_1_251' title='bbox 1294 1825 1582 1894; x_wconf 89' lang='lat' dir='ltr'>delibero,</span> <span class='ocrx_word' id='word_1_252' title='bbox 1614 1824 1719 1879; x_wconf 91' lang='lat' dir='ltr'>ubi</span> 
     </span>
    </p>
   </div>
   <div class='ocr_carea' id='block_1_35' title="bbox 24 1912 1718 1990">
    <p class='ocr_par' dir='ltr' id='par_1_35' title="bbox 24 1912 1718 1990">
     <span class='ocr_line' id='line_1_35' title="bbox 24 1912 1718 1990; baseline -0.003 -17"><span class='ocrx_word' id='word_1_253' title='bbox 24 1920 173 1990; x_wconf 91' lang='lat' dir='ltr'>jam</span> <span class='ocrx_word' id='word_1_254' title='bbox 205 1915 398 1970; x_wconf 91' lang='lat' dir='ltr'>dictus</span> <span class='ocrx_word' id='word_1_255' title='bbox 427 1915 514 1969; x_wconf 92' lang='lat' dir='ltr'>vir</span> <span class='ocrx_word' id='word_1_256' title='bbox 546 1913 668 1983; x_wconf 89' lang='lat' dir='ltr'>Dei,</span> <span class='ocrx_word' id='word_1_257' title='bbox 702 1919 942 1970; x_wconf 89' lang='lat' dir='ltr'>sanctus</span> <span class='ocrx_word' id='word_1_258' title='bbox 986 1914 1258 1969; x_wconf 89' lang='lat' dir='ltr'>videlicet</span> <span class='ocrx_word' id='word_1_259' title='bbox 1286 1914 1510 1987; x_wconf 85' lang='lat' dir='ltr'>prasul</span> <span class='ocrx_word' id='word_1_260' title='bbox 1540 1912 1718 1968; x_wconf 82' lang='lat' dir='ltr'>Ania-</span> 
     </span>
    </p>
   </div>
   <div class='ocr_carea' id='block_1_36' title="bbox 33 2002 1719 2075">
    <p class='ocr_par' dir='ltr' id='par_1_36' title="bbox 33 2002 1719 2075">
     <span class='ocr_line' id='line_1_36' title="bbox 33 2002 1719 2075; baseline -0.004 -13"><span class='ocrx_word' id='word_1_261' title='bbox 33 2023 186 2071; x_wconf 89' lang='lat' dir='ltr'>nus,</span> <span class='ocrx_word' id='word_1_262' title='bbox 242 2004 540 2073; x_wconf 83' lang='lat' dir='ltr'>condigne</span> <span class='ocrx_word' id='word_1_263' title='bbox 566 2004 726 2074; x_wconf 89' lang='lat' dir='ltr'>jacet</span> <span class='ocrx_word' id='word_1_264' title='bbox 781 2002 1129 2073; x_wconf 90' lang='lat' dir='ltr'>tumulatus,</span> <span class='ocrx_word' id='word_1_265' title='bbox 1179 2003 1239 2058; x_wconf 92' lang='lat' dir='ltr'>in</span> <span class='ocrx_word' id='word_1_266' title='bbox 1271 2020 1393 2075; x_wconf 93' lang='lat' dir='ltr'>quo</span> <span class='ocrx_word' id='word_1_267' title='bbox 1437 2002 1719 2058; x_wconf 83' lang='lat' dir='ltr'>monachi</span> 
     </span>
    </p>
   </div>
   <div class='ocr_carea' id='block_1_37' title="bbox 26 2090 1717 2167">
    <p class='ocr_par' dir='ltr' id='par_1_37' title="bbox 26 2090 1717 2167">
     <span class='ocr_line' id='line_1_37' title="bbox 26 2090 1717 2167; baseline -0.003 -16"><span class='ocrx_word' id='word_1_268' title='bbox 26 2097 220 2167; x_wconf 76' lang='lat' dir='ltr'>juxta</span> <span class='ocrx_word' id='word_1_269' title='bbox 250 2092 521 2163; x_wconf 89' lang='lat' dir='ltr'>regulam</span> <span class='ocrx_word' id='word_1_270' title='bbox 553 2092 916 2149; x_wconf 89' lang='lat' dir='ltr'>sanctissimi</span> <span class='ocrx_word' id='word_1_271' title='bbox 961 2092 1259 2147; x_wconf 88' lang='lat' dir='ltr'>Benedicti</span> <span class='ocrx_word' id='word_1_272' title='bbox 1285 2097 1341 2147; x_wconf 91' lang='lat' dir='ltr'>et</span> <span class='ocrx_word' id='word_1_273' title='bbox 1368 2090 1577 2147; x_wconf 88' lang='lat' dir='ltr'>domui</span> <span class='ocrx_word' id='word_1_274' title='bbox 1610 2094 1717 2147; x_wconf 89' lang='lat' dir='ltr'>Co-</span> 
     </span>
    </p>
   </div>
   <div class='ocr_carea' id='block_1_38' title="bbox 36 2179 1721 2251">
    <p class='ocr_par' dir='ltr' id='par_1_38' title="bbox 36 2179 1721 2251">
     <span class='ocr_line' id='line_1_38' title="bbox 36 2179 1721 2251; baseline -0.004 -9"><span class='ocrx_word' id='word_1_275' title='bbox 36 2182 328 2242; x_wconf 90' lang='lat' dir='ltr'>lumbani</span> <span class='ocrx_word' id='word_1_276' title='bbox 368 2182 695 2238; x_wconf 89' lang='lat' dir='ltr'>consistere</span> <span class='ocrx_word' id='word_1_277' title='bbox 726 2182 1005 2249; x_wconf 87' lang='lat' dir='ltr'>debeant,</span> <span class='ocrx_word' id='word_1_278' title='bbox 1040 2181 1412 2251; x_wconf 81' lang='lat' dir='ltr'>singulariter</span> <span class='ocrx_word' id='word_1_279' title='bbox 1432 2181 1506 2236; x_wconf 90' lang='lat' dir='ltr'>de</span> <span class='ocrx_word' id='word_1_280' title='bbox 1538 2179 1721 2237; x_wconf 90' lang='lat' dir='ltr'>facul-</span> 
     </span>
    </p>
   </div>
   <div class='ocr_carea' id='block_1_39' title="bbox 38 2270 1722 2344">
    <p class='ocr_par' dir='ltr' id='par_1_39' title="bbox 38 2270 1722 2344">
     <span class='ocr_line' id='line_1_39' title="bbox 38 2270 1722 2344; baseline -0.003 -13"><span class='ocrx_word' id='word_1_281' title='bbox 38 2278 173 2331; x_wconf 87' lang='lat' dir='ltr'>tate</span> <span class='ocrx_word' id='word_1_282' title='bbox 203 2271 583 2344; x_wconf 81' lang='lat' dir='ltr'>proprietatis</span> <span class='ocrx_word' id='word_1_283' title='bbox 604 2288 755 2327; x_wconf 86' lang='lat' dir='ltr'>mea</span> <span class='ocrx_word' id='word_1_284' title='bbox 777 2272 1006 2328; x_wconf 85' lang='lat' dir='ltr'>Christo</span> <span class='ocrx_word' id='word_1_285' title='bbox 1024 2272 1275 2344; x_wconf 71' lang='lat' dir='ltr'>praesule</span> <span class='ocrx_word' id='word_1_286' title='bbox 1293 2272 1560 2327; x_wconf 88' lang='lat' dir='ltr'>conferre</span> <span class='ocrx_word' id='word_1_287' title='bbox 1582 2270 1722 2326; x_wconf 85' lang='lat' dir='ltr'>deli-</span> 
     </span>
    </p>
   </div>
   <div class='ocr_carea' id='block_1_40' title="bbox 36 2360 1721 2431">
    <p class='ocr_par' dir='ltr' id='par_1_40' title="bbox 36 2360 1721 2431">
     <span class='ocr_line' id='line_1_40' title="bbox 36 2360 1721 2431; baseline -0.003 -11"><span class='ocrx_word' id='word_1_288' title='bbox 36 2364 221 2420; x_wconf 86' lang='lat' dir='ltr'>bero.</span> <span class='ocrx_word' id='word_1_289' title='bbox 239 2365 471 2417; x_wconf 92' lang='lat' dir='ltr'>Domno</span> <span class='ocrx_word' id='word_1_290' title='bbox 484 2361 663 2431; x_wconf 88' lang='lat' dir='ltr'>igitur</span> <span class='ocrx_word' id='word_1_291' title='bbox 678 2366 813 2418; x_wconf 88' lang='lat' dir='ltr'>ante</span> <span class='ocrx_word' id='word_1_292' title='bbox 826 2361 996 2417; x_wconf 80' lang='lat' dir='ltr'>dicta</span> <span class='ocrx_word' id='word_1_293' title='bbox 1014 2361 1275 2417; x_wconf 77' lang='lat' dir='ltr'>basilica</span> <span class='ocrx_word' id='word_1_294' title='bbox 1289 2362 1498 2416; x_wconf 90' lang='lat' dir='ltr'>domui</span> <span class='ocrx_word' id='word_1_295' title='bbox 1510 2360 1721 2416; x_wconf 78' lang='lat' dir='ltr'>Aniani</span> 
     </span>
    </p>
   </div>
   <div class='ocr_carea' id='block_1_41' title="bbox 38 2450 1719 2522">
    <p class='ocr_par' dir='ltr' id='par_1_41' title="bbox 38 2450 1719 2522">
     <span class='ocr_line' id='line_1_41' title="bbox 38 2450 1719 2522; baseline -0.002 -13"><span class='ocrx_word' id='word_1_296' title='bbox 38 2452 147 2509; x_wconf 83' lang='lat' dir='ltr'>vel</span> <span class='ocrx_word' id='word_1_297' title='bbox 178 2450 493 2507; x_wconf 86' lang='lat' dir='ltr'>monachis</span> <span class='ocrx_word' id='word_1_298' title='bbox 522 2450 747 2506; x_wconf 88' lang='lat' dir='ltr'>ibidem</span> <span class='ocrx_word' id='word_1_299' title='bbox 790 2451 1289 2519; x_wconf 87' lang='lat' dir='ltr'>deservientibus,</span> <span class='ocrx_word' id='word_1_300' title='bbox 1328 2451 1431 2506; x_wconf 89' lang='lat' dir='ltr'>ubi</span> <span class='ocrx_word' id='word_1_301' title='bbox 1461 2450 1538 2505; x_wconf 90' lang='lat' dir='ltr'>ad</span> <span class='ocrx_word' id='word_1_302' title='bbox 1565 2466 1719 2522; x_wconf 87' lang='lat' dir='ltr'>pra-</span> 
     </span>
    </p>
   </div>
   <div class='ocr_carea' id='block_1_42' title="bbox 39 2539 1721 2613">
    <p class='ocr_par' dir='ltr' id='par_1_42' title="bbox 39 2539 1721 2613">
     <span class='ocr_line' id='line_1_42' title="bbox 39 2539 1721 2613; baseline -0.002 -14"><span class='ocrx_word' id='word_1_303' title='bbox 39 2559 193 2600; x_wconf 89' lang='lat' dir='ltr'>sens</span> <span class='ocrx_word' id='word_1_304' title='bbox 243 2540 549 2596; x_wconf 90' lang='lat' dir='ltr'>divinitate</span> <span class='ocrx_word' id='word_1_305' title='bbox 606 2540 865 2613; x_wconf 89' lang='lat' dir='ltr'>propitia</span> <span class='ocrx_word' id='word_1_306' title='bbox 922 2540 1255 2610; x_wconf 80' lang='lat' dir='ltr'>funguntur</span> <span class='ocrx_word' id='word_1_307' title='bbox 1296 2540 1512 2606; x_wconf 79' lang='lat' dir='ltr'>ofﬁcio,</span> <span class='ocrx_word' id='word_1_308' title='bbox 1556 2546 1613 2596; x_wconf 90' lang='lat' dir='ltr'>et</span> <span class='ocrx_word' id='word_1_309' title='bbox 1646 2539 1721 2595; x_wconf 90' lang='lat' dir='ltr'>de</span> 
     </span>
    </p>
   </div>
   <div class='ocr_carea' id='block_1_43' title="bbox 32 2624 1721 2701">
    <p class='ocr_par' dir='ltr' id='par_1_43' title="bbox 32 2624 1721 2701">
     <span class='ocr_line' id='line_1_43' title="bbox 32 2624 1721 2701; baseline -0.002 -18"><span class='ocrx_word' id='word_1_310' title='bbox 32 2631 183 2701; x_wconf 88' lang='lat' dir='ltr'>jure</span> <span class='ocrx_word' id='word_1_311' title='bbox 216 2641 351 2681; x_wconf 90' lang='lat' dir='ltr'>meo</span> <span class='ocrx_word' id='word_1_312' title='bbox 380 2625 441 2680; x_wconf 88' lang='lat' dir='ltr'>iu</span> <span class='ocrx_word' id='word_1_313' title='bbox 465 2626 566 2696; x_wconf 92' lang='lat' dir='ltr'>jus</span> <span class='ocrx_word' id='word_1_314' title='bbox 596 2624 907 2681; x_wconf 86' lang='lat' dir='ltr'>antedicta</span> <span class='ocrx_word' id='word_1_315' title='bbox 948 2624 1210 2680; x_wconf 84' lang='lat' dir='ltr'>basilica</span> <span class='ocrx_word' id='word_1_316' title='bbox 1250 2642 1286 2681; x_wconf 91' lang='lat' dir='ltr'>a</span> <span class='ocrx_word' id='word_1_317' title='bbox 1311 2625 1405 2681; x_wconf 88' lang='lat' dir='ltr'>die</span> <span class='ocrx_word' id='word_1_318' title='bbox 1444 2624 1721 2697; x_wconf 88' lang='lat' dir='ltr'>prasenti</span> 
     </span>
    </p>
   </div>
   <div class='ocr_carea' id='block_1_44' title="bbox 40 2713 1718 2787">
    <p class='ocr_par' dir='ltr' id='par_1_44' title="bbox 40 2713 1718 2787">
     <span class='ocr_line' id='line_1_44' title="bbox 40 2713 1718 2787; baseline -0.004 -13"><span class='ocrx_word' id='word_1_319' title='bbox 40 2714 414 2775; x_wconf 86' lang='lat' dir='ltr'>trausfundo</span> <span class='ocrx_word' id='word_1_320' title='bbox 444 2714 748 2787; x_wconf 89' lang='lat' dir='ltr'>portiones</span> <span class='ocrx_word' id='word_1_321' title='bbox 778 2713 1033 2781; x_wconf 88' lang='lat' dir='ltr'>terrula,</span> <span class='ocrx_word' id='word_1_322' title='bbox 1060 2714 1213 2770; x_wconf 90' lang='lat' dir='ltr'>infra</span> <span class='ocrx_word' id='word_1_323' title='bbox 1243 2730 1457 2784; x_wconf 88' lang='lat' dir='ltr'>agrum</span> <span class='ocrx_word' id='word_1_324' title='bbox 1495 2717 1718 2783; x_wconf 86' lang='lat' dir='ltr'>Negro-</span> 
     </span>
    </p>
   </div>
   <div class='ocr_carea' id='block_1_45' title="bbox 42 2801 1720 2875">
    <p class='ocr_par' dir='ltr' id='par_1_45' title="bbox 42 2801 1720 2875">
     <span class='ocr_line' id='line_1_45' title="bbox 42 2801 1720 2875; baseline -0.004 -13"><span class='ocrx_word' id='word_1_325' title='bbox 42 2809 390 2863; x_wconf 88' lang='lat' dir='ltr'>metensem</span> <span class='ocrx_word' id='word_1_326' title='bbox 416 2803 580 2874; x_wconf 89' lang='lat' dir='ltr'>sitas,</span> <span class='ocrx_word' id='word_1_327' title='bbox 612 2819 673 2858; x_wconf 84' lang='lat' dir='ltr'>in</span> <span class='ocrx_word' id='word_1_328' title='bbox 702 2801 993 2858; x_wconf 89' lang='lat' dir='ltr'>territorio</span> <span class='ocrx_word' id='word_1_329' title='bbox 1039 2803 1295 2859; x_wconf 89' lang='lat' dir='ltr'>Biturico</span> <span class='ocrx_word' id='word_1_330' title='bbox 1340 2807 1720 2875; x_wconf 89' lang='lat' dir='ltr'>nuncupatas</span> 
     </span>
    </p>
   </div>
   <div class='ocr_carea' id='block_1_46' title="bbox 42 2892 1718 2966">
    <p class='ocr_par' dir='ltr' id='par_1_46' title="bbox 42 2892 1718 2966">
     <span class='ocr_line' id='line_1_46' title="bbox 42 2892 1718 2966; baseline -0.003 -13"><span class='ocrx_word' id='word_1_331' title='bbox 42 2896 315 2953; x_wconf 88' lang='lat' dir='ltr'>Litmaro</span> <span class='ocrx_word' id='word_1_332' title='bbox 344 2898 401 2949; x_wconf 91' lang='lat' dir='ltr'>et</span> <span class='ocrx_word' id='word_1_333' title='bbox 452 2892 787 2961; x_wconf 83' lang='lat' dir='ltr'>Mariniaco,</span> <span class='ocrx_word' id='word_1_334' title='bbox 820 2908 975 2964; x_wconf 89' lang='lat' dir='ltr'>quas</span> <span class='ocrx_word' id='word_1_335' title='bbox 999 2892 1073 2948; x_wconf 91' lang='lat' dir='ltr'>de</span> <span class='ocrx_word' id='word_1_336' title='bbox 1118 2892 1346 2949; x_wconf 80' lang='lat' dir='ltr'>Aviana</span> <span class='ocrx_word' id='word_1_337' title='bbox 1392 2896 1448 2948; x_wconf 91' lang='lat' dir='ltr'>et</span> <span class='ocrx_word' id='word_1_338' title='bbox 1474 2896 1718 2966; x_wconf 88' lang='lat' dir='ltr'>Prospe-</span> 
     </span>
    </p>
   </div>
   <div class='ocr_carea' id='block_1_47' title="bbox 45 2990 1718 3064">
    <p class='ocr_par' dir='ltr' id='par_1_47' title="bbox 45 2990 1718 3064">
     <span class='ocr_line' id='line_1_47' title="bbox 45 2990 1718 3064; baseline -0.004 -13"><span class='ocrx_word' id='word_1_339' title='bbox 45 2996 229 3051; x_wconf 89' lang='lat' dir='ltr'>riana</span> <span class='ocrx_word' id='word_1_340' title='bbox 276 2991 510 3047; x_wconf 90' lang='lat' dir='ltr'>feminis</span> <span class='ocrx_word' id='word_1_341' title='bbox 561 3007 668 3064; x_wconf 91' lang='lat' dir='ltr'>per</span> <span class='ocrx_word' id='word_1_342' title='bbox 716 2990 1112 3046; x_wconf 88' lang='lat' dir='ltr'>instrumenta</span> <span class='ocrx_word' id='word_1_343' title='bbox 1164 2991 1507 3048; x_wconf 87' lang='lat' dir='ltr'>chartarum</span> <span class='ocrx_word' id='word_1_344' title='bbox 1551 2990 1718 3047; x_wconf 91' lang='lat' dir='ltr'>visus</span> 
     </span>
    </p>
   </div>
   <div class='ocr_carea' id='block_1_48' title="bbox 44 3077 1791 3167">
    <p class='ocr_par' dir='ltr' id='par_1_48' title="bbox 44 3077 1791 3167">
     <span class='ocr_line' id='line_1_48' title="bbox 44 3077 1791 3167; baseline -0.003 -28"><span class='ocrx_word' id='word_1_345' title='bbox 44 3098 193 3139; x_wconf 85' lang='lat' dir='ltr'>sum</span> <span class='ocrx_word' id='word_1_346' title='bbox 245 3078 557 3151; x_wconf 86' lang='lat' dir='ltr'>recepisse,</span> <span class='ocrx_word' id='word_1_347' title='bbox 606 3096 746 3134; x_wconf 90' lang='lat' dir='ltr'>cum</span> <span class='ocrx_word' id='word_1_348' title='bbox 793 3077 1102 3151; x_wconf 88' lang='lat' dir='ltr'>domibus,</span> <span class='ocrx_word' id='word_1_349' title='bbox 1158 3078 1439 3148; x_wconf 83' lang='lat' dir='ltr'>aediﬁciis,</span> <span class='ocrx_word' id='word_1_350' title='bbox 1492 3079 1719 3136; x_wconf 88' lang='lat' dir='ltr'>manci-</span> <span class='ocrx_word' id='word_1_351' title='bbox 1751 3111 1791 3167; x_wconf 66' lang='grc' dir='ltr'>Ο</span> 
     </span>
    </p>
   </div>
   <div class='ocr_carea' id='block_1_49' title="bbox 44 3167 1719 3244">
    <p class='ocr_par' dir='ltr' id='par_1_49' title="bbox 44 3167 1719 3244">
     <span class='ocr_line' id='line_1_49' title="bbox 44 3167 1719 3244; baseline -0.001 -19"><span class='ocrx_word' id='word_1_352' title='bbox 44 3170 193 3244; x_wconf 90' lang='lat' dir='ltr'>piis,</span> <span class='ocrx_word' id='word_1_353' title='bbox 228 3167 333 3239; x_wconf 92' lang='lat' dir='ltr'>qui</span> <span class='ocrx_word' id='word_1_354' title='bbox 381 3184 418 3222; x_wconf 90' lang='lat' dir='ltr'>a</span> <span class='ocrx_word' id='word_1_355' title='bbox 464 3183 559 3222; x_wconf 88' lang='lat' dir='ltr'>me</span> <span class='ocrx_word' id='word_1_356' title='bbox 586 3167 818 3224; x_wconf 87' lang='lat' dir='ltr'>liberati</span> <span class='ocrx_word' id='word_1_357' title='bbox 847 3183 972 3223; x_wconf 93' lang='lat' dir='ltr'>non</span> <span class='ocrx_word' id='word_1_358' title='bbox 1004 3168 1238 3236; x_wconf 86' lang='lat' dir='ltr'>fuerint,</span> <span class='ocrx_word' id='word_1_359' title='bbox 1288 3169 1493 3237; x_wconf 91' lang='lat' dir='ltr'>vineis,</span> <span class='ocrx_word' id='word_1_360' title='bbox 1537 3168 1719 3237; x_wconf 89' lang='lat' dir='ltr'>silvis,</span> 
     </span>
    </p>
   </div>
   <div class='ocr_carea' id='block_1_50' title="bbox 45 3256 1724 3331">
    <p class='ocr_par' dir='ltr' id='par_1_50' title="bbox 45 3256 1724 3331">
     <span class='ocr_line' id='line_1_50' title="bbox 45 3256 1724 3331; baseline -0.001 -15"><span class='ocrx_word' id='word_1_361' title='bbox 45 3256 310 3329; x_wconf 88' lang='lat' dir='ltr'>campis,</span> <span class='ocrx_word' id='word_1_362' title='bbox 343 3256 546 3327; x_wconf 89' lang='lat' dir='ltr'>pratis,</span> <span class='ocrx_word' id='word_1_363' title='bbox 578 3258 843 3328; x_wconf 89' lang='lat' dir='ltr'>pascuis,</span> <span class='ocrx_word' id='word_1_364' title='bbox 875 3275 1015 3314; x_wconf 91' lang='lat' dir='ltr'>cum</span> <span class='ocrx_word' id='word_1_365' title='bbox 1045 3259 1211 3315; x_wconf 89' lang='lat' dir='ltr'>omni</span> <span class='ocrx_word' id='word_1_366' title='bbox 1245 3259 1379 3331; x_wconf 88' lang='lat' dir='ltr'>jure</span> <span class='ocrx_word' id='word_1_367' title='bbox 1419 3264 1476 3315; x_wconf 92' lang='lat' dir='ltr'>et</span> <span class='ocrx_word' id='word_1_368' title='bbox 1500 3258 1724 3315; x_wconf 87' lang='lat' dir='ltr'>beneﬁ-</span> 
     </span>
    </p>
   </div>
   <div class='ocr_carea' id='block_1_51' title="bbox 45 3344 1719 3419">
    <p class='ocr_par' dir='ltr' id='par_1_51' title="bbox 45 3344 1719 3419">
     <span class='ocr_line' id='line_1_51' title="bbox 45 3344 1719 3419; baseline -0.001 -14"><span class='ocrx_word' id='word_1_369' title='bbox 45 3350 148 3405; x_wconf 90' lang='lat' dir='ltr'>cio</span> <span class='ocrx_word' id='word_1_370' title='bbox 189 3362 322 3415; x_wconf 90' lang='lat' dir='ltr'>suo,</span> <span class='ocrx_word' id='word_1_371' title='bbox 364 3344 456 3401; x_wconf 90' lang='lat' dir='ltr'>vel</span> <span class='ocrx_word' id='word_1_372' title='bbox 506 3346 830 3417; x_wconf 87' lang='lat' dir='ltr'>omnigeno</span> <span class='ocrx_word' id='word_1_373' title='bbox 856 3348 1085 3419; x_wconf 90' lang='lat' dir='ltr'>pecude</span> <span class='ocrx_word' id='word_1_374' title='bbox 1132 3349 1358 3405; x_wconf 88' lang='lat' dir='ltr'>ibidem</span> <span class='ocrx_word' id='word_1_375' title='bbox 1404 3349 1719 3415; x_wconf 90' lang='lat' dir='ltr'>residente,</span> 
     </span>
    </p>
   </div>
   <div class='ocr_carea' id='block_1_52' title="bbox 46 3436 1720 3510">
    <p class='ocr_par' dir='ltr' id='par_1_52' title="bbox 46 3436 1720 3510">
     <span class='ocr_line' id='line_1_52' title="bbox 46 3436 1720 3510; baseline -0.001 -15"><span class='ocrx_word' id='word_1_376' title='bbox 46 3440 213 3495; x_wconf 89' lang='lat' dir='ltr'>sicut</span> <span class='ocrx_word' id='word_1_377' title='bbox 263 3451 300 3490; x_wconf 92' lang='lat' dir='ltr'>a</span> <span class='ocrx_word' id='word_1_378' title='bbox 357 3451 455 3491; x_wconf 91' lang='lat' dir='ltr'>me</span> <span class='ocrx_word' id='word_1_379' title='bbox 498 3436 836 3508; x_wconf 89' lang='lat' dir='ltr'>professum</span> <span class='ocrx_word' id='word_1_380' title='bbox 884 3442 1009 3503; x_wconf 90' lang='lat' dir='ltr'>est;</span> <span class='ocrx_word' id='word_1_381' title='bbox 1071 3438 1339 3494; x_wconf 89' lang='lat' dir='ltr'>similiter</span> <span class='ocrx_word' id='word_1_382' title='bbox 1384 3439 1720 3510; x_wconf 89' lang='lat' dir='ltr'>portionem</span> 
     </span>
    </p>
   </div>
   <div class='ocr_carea' id='block_1_53' title="bbox 42 3526 1721 3598">
    <p class='ocr_par' dir='ltr' id='par_1_53' title="bbox 42 3526 1721 3598">
     <span class='ocr_line' id='line_1_53' title="bbox 42 3526 1721 3598; baseline -0.002 -13"><span class='ocrx_word' id='word_1_383' title='bbox 42 3542 280 3593; x_wconf 84' lang='lat' dir='ltr'>meam,</span> <span class='ocrx_word' id='word_1_384' title='bbox 307 3542 439 3598; x_wconf 83' lang='lat' dir='ltr'>quae</span> <span class='ocrx_word' id='word_1_385' title='bbox 470 3531 558 3582; x_wconf 90' lang='lat' dir='ltr'>est</span> <span class='ocrx_word' id='word_1_386' title='bbox 599 3526 754 3582; x_wconf 84' lang='lat' dir='ltr'>infra</span> <span class='ocrx_word' id='word_1_387' title='bbox 802 3541 1018 3596; x_wconf 82' lang='lat' dir='ltr'>agrum</span> <span class='ocrx_word' id='word_1_388' title='bbox 1051 3527 1329 3582; x_wconf 86' lang='lat' dir='ltr'>Littidum</span> <span class='ocrx_word' id='word_1_389' title='bbox 1377 3527 1438 3582; x_wconf 92' lang='lat' dir='ltr'>iu</span> <span class='ocrx_word' id='word_1_390' title='bbox 1489 3527 1721 3583; x_wconf 76' lang='lat' dir='ltr'>Secalo-</span> 
     </span>
    </p>
   </div>
   <div class='ocr_carea' id='block_1_54' title="bbox 43 3613 1719 3687">
    <p class='ocr_par' dir='ltr' id='par_1_54' title="bbox 43 3613 1719 3687">
     <span class='ocr_line' id='line_1_54' title="bbox 43 3613 1719 3687; baseline -0.002 -14"><span class='ocrx_word' id='word_1_391' title='bbox 43 3618 177 3685; x_wconf 86' lang='lat' dir='ltr'>nia,</span> <span class='ocrx_word' id='word_1_392' title='bbox 211 3630 398 3687; x_wconf 91' lang='lat' dir='ltr'>quam</span> <span class='ocrx_word' id='word_1_393' title='bbox 423 3615 497 3671; x_wconf 91' lang='lat' dir='ltr'>de</span> <span class='ocrx_word' id='word_1_394' title='bbox 526 3619 735 3684; x_wconf 83' lang='lat' dir='ltr'>Agana</span> <span class='ocrx_word' id='word_1_395' title='bbox 782 3613 1009 3669; x_wconf 87' lang='lat' dir='ltr'>femina</span> <span class='ocrx_word' id='word_1_396' title='bbox 1037 3613 1179 3669; x_wconf 90' lang='lat' dir='ltr'>dato</span> <span class='ocrx_word' id='word_1_397' title='bbox 1221 3614 1413 3685; x_wconf 90' lang='lat' dir='ltr'>pretio</span> <span class='ocrx_word' id='word_1_398' title='bbox 1442 3630 1548 3686; x_wconf 91' lang='lat' dir='ltr'>per</span> <span class='ocrx_word' id='word_1_399' title='bbox 1574 3630 1719 3669; x_wconf 93' lang='lat' dir='ltr'>ven-</span> 
     </span>
    </p>
   </div>
   <div class='ocr_carea' id='block_1_55' title="bbox 43 3702 1722 3774">
    <p class='ocr_par' dir='ltr' id='par_1_55' title="bbox 43 3702 1722 3774">
     <span class='ocr_line' id='line_1_55' title="bbox 43 3702 1722 3774; baseline -0.004 -11"><span class='ocrx_word' id='word_1_400' title='bbox 43 3702 296 3763; x_wconf 87' lang='lat' dir='ltr'>ditionis</span> <span class='ocrx_word' id='word_1_401' title='bbox 328 3704 563 3760; x_wconf 91' lang='lat' dir='ltr'>titulum</span> <span class='ocrx_word' id='word_1_402' title='bbox 607 3704 771 3758; x_wconf 89' lang='lat' dir='ltr'>visus</span> <span class='ocrx_word' id='word_1_403' title='bbox 799 3719 933 3757; x_wconf 90' lang='lat' dir='ltr'>sum</span> <span class='ocrx_word' id='word_1_404' title='bbox 978 3718 1382 3774; x_wconf 88' lang='lat' dir='ltr'>comparasse,</span> <span class='ocrx_word' id='word_1_405' title='bbox 1433 3720 1571 3758; x_wconf 89' lang='lat' dir='ltr'>cum</span> <span class='ocrx_word' id='word_1_406' title='bbox 1619 3702 1722 3757; x_wconf 92' lang='lat' dir='ltr'>do-</span> 
     </span>
    </p>
   </div>
   <div class='ocr_carea' id='block_1_56' title="bbox 42 3791 1718 3864">
    <p class='ocr_par' dir='ltr' id='par_1_56' title="bbox 42 3791 1718 3864">
     <span class='ocr_line' id='line_1_56' title="bbox 42 3791 1718 3864; baseline -0.002 -13"><span class='ocrx_word' id='word_1_407' title='bbox 42 3795 281 3862; x_wconf 90' lang='lat' dir='ltr'>mibus,</span> <span class='ocrx_word' id='word_1_408' title='bbox 315 3793 601 3859; x_wconf 88' lang='lat' dir='ltr'>adiﬁciis,</span> <span class='ocrx_word' id='word_1_409' title='bbox 635 3791 972 3864; x_wconf 79' lang='lat' dir='ltr'>mancipiis,</span> <span class='ocrx_word' id='word_1_410' title='bbox 1006 3796 1219 3863; x_wconf 88' lang='lat' dir='ltr'>prater</span> <span class='ocrx_word' id='word_1_411' title='bbox 1240 3808 1395 3863; x_wconf 93' lang='lat' dir='ltr'>quos</span> <span class='ocrx_word' id='word_1_412' title='bbox 1424 3792 1718 3862; x_wconf 89' lang='lat' dir='ltr'>ingenuos</span> 
     </span>
    </p>
   </div>
   <div class='ocr_carea' id='block_1_57' title="bbox 38 3880 1719 3955">
    <p class='ocr_par' dir='ltr' id='par_1_57' title="bbox 38 3880 1719 3955">
     <span class='ocr_line' id='line_1_57' title="bbox 38 3880 1719 3955; baseline -0.004 -12"><span class='ocrx_word' id='word_1_413' title='bbox 38 3885 418 3951; x_wconf 83' lang='lat' dir='ltr'>relaxavero,</span> <span class='ocrx_word' id='word_1_414' title='bbox 449 3881 659 3951; x_wconf 86' lang='lat' dir='ltr'>vineis,</span> <span class='ocrx_word' id='word_1_415' title='bbox 702 3881 885 3951; x_wconf 88' lang='lat' dir='ltr'>silvis,</span> <span class='ocrx_word' id='word_1_416' title='bbox 928 3880 1180 3954; x_wconf 89' lang='lat' dir='ltr'>campis,</span> <span class='ocrx_word' id='word_1_417' title='bbox 1226 3882 1435 3954; x_wconf 91' lang='lat' dir='ltr'>pratis,</span> <span class='ocrx_word' id='word_1_418' title='bbox 1478 3882 1719 3955; x_wconf 88' lang='lat' dir='ltr'>pascuis</span> 
     </span>
    </p>
   </div>
   <div class='ocr_carea' id='block_1_58' title="bbox 42 3970 1717 4046">
    <p class='ocr_par' dir='ltr' id='par_1_58' title="bbox 42 3970 1717 4046">
     <span class='ocr_line' id='line_1_58' title="bbox 42 3970 1717 4046; baseline -0.003 -14"><span class='ocrx_word' id='word_1_419' title='bbox 42 3973 345 4046; x_wconf 89' lang='lat' dir='ltr'>omnique</span> <span class='ocrx_word' id='word_1_420' title='bbox 372 3970 664 4027; x_wconf 80' lang='lat' dir='ltr'>beneficio</span> <span class='ocrx_word' id='word_1_421' title='bbox 698 3987 830 4037; x_wconf 92' lang='lat' dir='ltr'>suo,</span> <span class='ocrx_word' id='word_1_422' title='bbox 866 3971 1019 4026; x_wconf 88' lang='lat' dir='ltr'>sicut</span> <span class='ocrx_word' id='word_1_423' title='bbox 1042 3987 1075 4027; x_wconf 92' lang='lat' dir='ltr'>a</span> <span class='ocrx_word' id='word_1_424' title='bbox 1106 3988 1203 4027; x_wconf 91' lang='lat' dir='ltr'>me</span> <span class='ocrx_word' id='word_1_425' title='bbox 1230 3987 1581 4044; x_wconf 90' lang='lat' dir='ltr'>possessum</span> <span class='ocrx_word' id='word_1_426' title='bbox 1608 3976 1717 4039; x_wconf 90' lang='lat' dir='ltr'>est;</span> 
     </span>
    </p>
   </div>
   <div class='ocr_carea' id='block_1_59' title="bbox 41 4058 1720 4134">
    <p class='ocr_par' dir='ltr' id='par_1_59' title="bbox 41 4058 1720 4134">
     <span class='ocr_line' id='line_1_59' title="bbox 41 4058 1720 4134; baseline -0.003 -12"><span class='ocrx_word' id='word_1_427' title='bbox 41 4067 319 4134; x_wconf 88' lang='lat' dir='ltr'>itemque</span> <span class='ocrx_word' id='word_1_428' title='bbox 352 4065 409 4116; x_wconf 92' lang='lat' dir='ltr'>et</span> <span class='ocrx_word' id='word_1_429' title='bbox 448 4058 787 4133; x_wconf 89' lang='lat' dir='ltr'>portionem</span> <span class='ocrx_word' id='word_1_430' title='bbox 828 4076 1027 4116; x_wconf 88' lang='lat' dir='ltr'>meam</span> <span class='ocrx_word' id='word_1_431' title='bbox 1053 4075 1187 4132; x_wconf 87' lang='lat' dir='ltr'>qua</span> <span class='ocrx_word' id='word_1_432' title='bbox 1218 4066 1307 4116; x_wconf 90' lang='lat' dir='ltr'>est</span> <span class='ocrx_word' id='word_1_433' title='bbox 1331 4061 1409 4116; x_wconf 92' lang='lat' dir='ltr'>ad</span> <span class='ocrx_word' id='word_1_434' title='bbox 1448 4063 1720 4117; x_wconf 88' lang='lat' dir='ltr'>Vetulam</span> 
     </span>
    </p>
   </div>
   <div class='ocr_carea' id='block_1_60' title="bbox 43 4148 1722 4224">
    <p class='ocr_par' dir='ltr' id='par_1_60' title="bbox 43 4148 1722 4224">
     <span class='ocr_line' id='line_1_60' title="bbox 43 4148 1722 4224; baseline -0.002 -13"><span class='ocrx_word' id='word_1_435' title='bbox 43 4168 291 4223; x_wconf 86' lang='lat' dir='ltr'>casam,</span> <span class='ocrx_word' id='word_1_436' title='bbox 309 4167 496 4224; x_wconf 91' lang='lat' dir='ltr'>quam</span> <span class='ocrx_word' id='word_1_437' title='bbox 524 4149 598 4205; x_wconf 91' lang='lat' dir='ltr'>de</span> <span class='ocrx_word' id='word_1_438' title='bbox 624 4149 873 4206; x_wconf 79' lang='lat' dir='ltr'>Abbone</span> <span class='ocrx_word' id='word_1_439' title='bbox 899 4154 956 4205; x_wconf 91' lang='lat' dir='ltr'>et</span> <span class='ocrx_word' id='word_1_440' title='bbox 982 4148 1102 4207; x_wconf 90' lang='lat' dir='ltr'>ﬁlio</span> <span class='ocrx_word' id='word_1_441' title='bbox 1131 4167 1239 4207; x_wconf 91' lang='lat' dir='ltr'>suo</span> <span class='ocrx_word' id='word_1_442' title='bbox 1272 4154 1550 4208; x_wconf 88' lang='lat' dir='ltr'>Fraterno</span> <span class='ocrx_word' id='word_1_443' title='bbox 1580 4152 1722 4209; x_wconf 90' lang='lat' dir='ltr'>dato</span> 
     </span>
    </p>
   </div>
   <div class='ocr_carea' id='block_1_61' title="bbox 41 4238 1723 4318">
    <p class='ocr_par' dir='ltr' id='par_1_61' title="bbox 41 4238 1723 4318">
     <span class='ocr_line' id='line_1_61' title="bbox 41 4238 1723 4318; baseline -0.001 -19"><span class='ocrx_word' id='word_1_444' title='bbox 41 4240 247 4318; x_wconf 87' lang='lat' dir='ltr'>pretio</span> <span class='ocrx_word' id='word_1_445' title='bbox 296 4256 403 4313; x_wconf 88' lang='lat' dir='ltr'>per</span> <span class='ocrx_word' id='word_1_446' title='bbox 431 4238 791 4295; x_wconf 90' lang='lat' dir='ltr'>venditionis</span> <span class='ocrx_word' id='word_1_447' title='bbox 826 4238 1059 4296; x_wconf 84' lang='lat' dir='ltr'>titulum</span> <span class='ocrx_word' id='word_1_448' title='bbox 1109 4242 1455 4313; x_wconf 89' lang='lat' dir='ltr'>comparavi</span> <span class='ocrx_word' id='word_1_449' title='bbox 1503 4246 1560 4298; x_wconf 92' lang='lat' dir='ltr'>et</span> <span class='ocrx_word' id='word_1_450' title='bbox 1587 4258 1723 4315; x_wconf 85' lang='lat' dir='ltr'>qua</span> 
     </span>
    </p>
   </div>
   <div class='ocr_carea' id='block_1_62' title="bbox 40 4327 1724 4407">
    <p class='ocr_par' dir='ltr' id='par_1_62' title="bbox 40 4327 1724 4407">
     <span class='ocr_line' id='line_1_62' title="bbox 40 4327 1724 4407; baseline 0 -20"><span class='ocrx_word' id='word_1_451' title='bbox 40 4346 161 4407; x_wconf 90' lang='lat' dir='ltr'>per</span> <span class='ocrx_word' id='word_1_452' title='bbox 185 4327 469 4401; x_wconf 89' lang='lat' dir='ltr'>epistolas</span> <span class='ocrx_word' id='word_1_453' title='bbox 495 4327 834 4383; x_wconf 89' lang='lat' dir='ltr'>donationis</span> <span class='ocrx_word' id='word_1_454' title='bbox 866 4327 943 4383; x_wconf 91' lang='lat' dir='ltr'>ad</span> <span class='ocrx_word' id='word_1_455' title='bbox 966 4344 1061 4383; x_wconf 90' lang='lat' dir='ltr'>me</span> <span class='ocrx_word' id='word_1_456' title='bbox 1093 4329 1522 4401; x_wconf 88' lang='lat' dir='ltr'>pervenit,cum</span> <span class='ocrx_word' id='word_1_457' title='bbox 1553 4347 1724 4387; x_wconf 89' lang='lat' dir='ltr'>man-</span> 
     </span>
    </p>
   </div>
   <div class='ocr_carea' id='block_1_63' title="bbox 42 4416 1723 4493">
    <p class='ocr_par' dir='ltr' id='par_1_63' title="bbox 42 4416 1723 4493">
     <span class='ocr_line' id='line_1_63' title="bbox 42 4416 1723 4493; baseline 0.001 -17"><span class='ocrx_word' id='word_1_458' title='bbox 42 4422 158 4487; x_wconf 89' lang='lat' dir='ltr'>sis,</span> <span class='ocrx_word' id='word_1_459' title='bbox 192 4417 398 4488; x_wconf 91' lang='lat' dir='ltr'>vineis,</span> <span class='ocrx_word' id='word_1_460' title='bbox 429 4416 679 4490; x_wconf 89' lang='lat' dir='ltr'>campis,</span> <span class='ocrx_word' id='word_1_461' title='bbox 712 4417 920 4490; x_wconf 90' lang='lat' dir='ltr'>pratis,</span> <span class='ocrx_word' id='word_1_462' title='bbox 953 4417 1134 4485; x_wconf 90' lang='lat' dir='ltr'>silvis,</span> <span class='ocrx_word' id='word_1_463' title='bbox 1166 4419 1411 4491; x_wconf 90' lang='lat' dir='ltr'>pascuis</span> <span class='ocrx_word' id='word_1_464' title='bbox 1438 4421 1723 4493; x_wconf 89' lang='lat' dir='ltr'>omnique</span> 
     </span>
    </p>
   </div>
   <div class='ocr_carea' id='block_1_64' title="bbox 44 4506 1726 4584">
    <p class='ocr_par' dir='ltr' id='par_1_64' title="bbox 44 4506 1726 4584">
     <span class='ocr_line' id='line_1_64' title="bbox 44 4506 1726 4584; baseline 0.001 -20"><span class='ocrx_word' id='word_1_465' title='bbox 44 4523 273 4584; x_wconf 82' lang='lat' dir='ltr'>genere</span> <span class='ocrx_word' id='word_1_466' title='bbox 312 4506 618 4579; x_wconf 91' lang='lat' dir='ltr'>pecudum</span> <span class='ocrx_word' id='word_1_467' title='bbox 655 4510 713 4562; x_wconf 90' lang='lat' dir='ltr'>et</span> <span class='ocrx_word' id='word_1_468' title='bbox 740 4506 1034 4563; x_wconf 84' lang='lat' dir='ltr'>beneﬁcio</span> <span class='ocrx_word' id='word_1_469' title='bbox 1061 4524 1193 4576; x_wconf 91' lang='lat' dir='ltr'>suo,</span> <span class='ocrx_word' id='word_1_470' title='bbox 1227 4509 1379 4565; x_wconf 90' lang='lat' dir='ltr'>sicut</span> <span class='ocrx_word' id='word_1_471' title='bbox 1402 4526 1437 4565; x_wconf 92' lang='lat' dir='ltr'>a</span> <span class='ocrx_word' id='word_1_472' title='bbox 1463 4526 1559 4566; x_wconf 90' lang='lat' dir='ltr'>me</span> <span class='ocrx_word' id='word_1_473' title='bbox 1588 4527 1726 4584; x_wconf 92' lang='lat' dir='ltr'>pos-</span> 
     </span>
    </p>
   </div>
   <div class='ocr_carea' id='block_1_65' title="bbox 44 4594 1724 4673">
    <p class='ocr_par' dir='ltr' id='par_1_65' title="bbox 44 4594 1724 4673">
     <span class='ocr_line' id='line_1_65' title="bbox 44 4594 1724 4673; baseline 0.002 -19"><span class='ocrx_word' id='word_1_474' title='bbox 44 4612 290 4656; x_wconf 90' lang='lat' dir='ltr'>sessum</span> <span class='ocrx_word' id='word_1_475' title='bbox 319 4600 448 4662; x_wconf 88' lang='lat' dir='ltr'>est;</span> <span class='ocrx_word' id='word_1_476' title='bbox 479 4594 655 4650; x_wconf 91' lang='lat' dir='ltr'>simili</span> <span class='ocrx_word' id='word_1_477' title='bbox 685 4596 870 4652; x_wconf 91' lang='lat' dir='ltr'>modo</span> <span class='ocrx_word' id='word_1_478' title='bbox 892 4600 948 4652; x_wconf 92' lang='lat' dir='ltr'>et</span> <span class='ocrx_word' id='word_1_479' title='bbox 978 4598 1313 4669; x_wconf 86' lang='lat' dir='ltr'>portionem</span> <span class='ocrx_word' id='word_1_480' title='bbox 1343 4616 1565 4666; x_wconf 87' lang='lat' dir='ltr'>meam,</span> <span class='ocrx_word' id='word_1_481' title='bbox 1588 4617 1724 4673; x_wconf 87' lang='lat' dir='ltr'>qua</span> 
     </span>
    </p>
   </div>
   <div class='ocr_carea' id='block_1_66' title="bbox 46 4681 1722 4762">
    <p class='ocr_par' dir='ltr' id='par_1_66' title="bbox 46 4681 1722 4762">
     <span class='ocr_line' id='line_1_66' title="bbox 46 4681 1722 4762; baseline 0.003 -22"><span class='ocrx_word' id='word_1_482' title='bbox 46 4688 147 4745; x_wconf 87' lang='lat' dir='ltr'>est</span> <span class='ocrx_word' id='word_1_483' title='bbox 176 4683 240 4737; x_wconf 91' lang='lat' dir='ltr'>in</span> <span class='ocrx_word' id='word_1_484' title='bbox 268 4681 410 4738; x_wconf 79' lang='lat' dir='ltr'>villa</span> <span class='ocrx_word' id='word_1_485' title='bbox 435 4683 688 4739; x_wconf 83' lang='lat' dir='ltr'>Frietoui</span> <span class='ocrx_word' id='word_1_486' title='bbox 731 4684 793 4739; x_wconf 91' lang='lat' dir='ltr'>in</span> <span class='ocrx_word' id='word_1_487' title='bbox 822 4685 1152 4754; x_wconf 89' lang='lat' dir='ltr'>Secalonia,</span> <span class='ocrx_word' id='word_1_488' title='bbox 1205 4688 1355 4744; x_wconf 84' lang='lat' dir='ltr'>sicut</span> <span class='ocrx_word' id='word_1_489' title='bbox 1380 4706 1415 4743; x_wconf 91' lang='lat' dir='ltr'>a</span> <span class='ocrx_word' id='word_1_490' title='bbox 1456 4705 1552 4745; x_wconf 91' lang='lat' dir='ltr'>me</span> <span class='ocrx_word' id='word_1_491' title='bbox 1580 4706 1722 4762; x_wconf 92' lang='lat' dir='ltr'>pos-</span> 
     </span>
    </p>
   </div>
   <div class='ocr_carea' id='block_1_67' title="bbox 47 4768 1721 4846">
    <p class='ocr_par' dir='ltr' id='par_1_67' title="bbox 47 4768 1721 4846">
     <span class='ocr_line' id='line_1_67' title="bbox 47 4768 1721 4846; baseline -0.001 -17"><span class='ocrx_word' id='word_1_492' title='bbox 47 4783 228 4829; x_wconf 89' lang='lat' dir='ltr'>sessa</span> <span class='ocrx_word' id='word_1_493' title='bbox 254 4770 363 4836; x_wconf 90' lang='lat' dir='ltr'>est,</span> <span class='ocrx_word' id='word_1_494' title='bbox 416 4783 554 4822; x_wconf 90' lang='lat' dir='ltr'>cum</span> <span class='ocrx_word' id='word_1_495' title='bbox 598 4768 849 4839; x_wconf 88' lang='lat' dir='ltr'>mansis,</span> <span class='ocrx_word' id='word_1_496' title='bbox 893 4770 1238 4841; x_wconf 91' lang='lat' dir='ltr'>accolabus,</span> <span class='ocrx_word' id='word_1_497' title='bbox 1289 4772 1469 4840; x_wconf 89' lang='lat' dir='ltr'>silvis,</span> <span class='ocrx_word' id='word_1_498' title='bbox 1514 4774 1721 4846; x_wconf 88' lang='lat' dir='ltr'>pratis,</span> 
     </span>
    </p>
   </div>
   <div class='ocr_carea' id='block_1_68' title="bbox 49 4851 1724 4927">
    <p class='ocr_par' dir='ltr' id='par_1_68' title="bbox 49 4851 1724 4927">
     <span class='ocr_line' id='line_1_68' title="bbox 49 4851 1724 4927; baseline 0.003 -18"><span class='ocrx_word' id='word_1_499' title='bbox 49 4852 313 4925; x_wconf 89' lang='lat' dir='ltr'>campis,</span> <span class='ocrx_word' id='word_1_500' title='bbox 364 4851 604 4925; x_wconf 88' lang='lat' dir='ltr'>pascuis</span> <span class='ocrx_word' id='word_1_501' title='bbox 649 4852 710 4908; x_wconf 90' lang='lat' dir='ltr'>in</span> <span class='ocrx_word' id='word_1_502' title='bbox 747 4853 1066 4924; x_wconf 89' lang='lat' dir='ltr'>integrum,</span> <span class='ocrx_word' id='word_1_503' title='bbox 1121 4872 1259 4911; x_wconf 91' lang='lat' dir='ltr'>cum</span> <span class='ocrx_word' id='word_1_504' title='bbox 1307 4858 1582 4927; x_wconf 90' lang='lat' dir='ltr'>termino,</span> <span class='ocrx_word' id='word_1_505' title='bbox 1630 4858 1724 4915; x_wconf 91' lang='lat' dir='ltr'>vel</span> 
     </span>
    </p>
   </div>
   <div class='ocr_carea' id='block_1_69' title="bbox 50 4942 1724 5020">
    <p class='ocr_par' dir='ltr' id='par_1_69' title="bbox 50 4942 1724 5020">
     <span class='ocr_line' id='line_1_69' title="bbox 50 4942 1724 5020; baseline 0.001 -17"><span class='ocrx_word' id='word_1_506' title='bbox 50 4942 387 5013; x_wconf 91' lang='lat' dir='ltr'>omnigeno</span> <span class='ocrx_word' id='word_1_507' title='bbox 415 4942 645 5015; x_wconf 90' lang='lat' dir='ltr'>pecude</span> <span class='ocrx_word' id='word_1_508' title='bbox 666 4942 893 4999; x_wconf 90' lang='lat' dir='ltr'>ibidem</span> <span class='ocrx_word' id='word_1_509' title='bbox 919 4944 1212 5001; x_wconf 87' lang='lat' dir='ltr'>residente</span> <span class='ocrx_word' id='word_1_510' title='bbox 1239 4964 1250 5013; x_wconf 93' lang='lat'>;</span> <span class='ocrx_word' id='word_1_511' title='bbox 1285 4946 1586 5020; x_wconf 90' lang='lat' dir='ltr'>simulque</span> <span class='ocrx_word' id='word_1_512' title='bbox 1620 4953 1724 5004; x_wconf 84' lang='lat' dir='ltr'>ter-</span> 
     </span>
    </p>
   </div>
   <div class='ocr_carea' id='block_1_70' title="bbox 48 5030 1721 5108">
    <p class='ocr_par' dir='ltr' id='par_1_70' title="bbox 48 5030 1721 5108">
     <span class='ocr_line' id='line_1_70' title="bbox 48 5030 1721 5108; baseline 0.001 -17"><span class='ocrx_word' id='word_1_513' title='bbox 48 5050 157 5091; x_wconf 88' lang='lat' dir='ltr'>ras</span> <span class='ocrx_word' id='word_1_514' title='bbox 189 5030 285 5087; x_wconf 90' lang='lat' dir='ltr'>vel</span> <span class='ocrx_word' id='word_1_515' title='bbox 316 5036 509 5103; x_wconf 88' lang='lat' dir='ltr'>prata,</span> <span class='ocrx_word' id='word_1_516' title='bbox 540 5049 676 5104; x_wconf 81' lang='lat' dir='ltr'>qua</span> <span class='ocrx_word' id='word_1_517' title='bbox 713 5032 791 5088; x_wconf 90' lang='lat' dir='ltr'>ab</span> <span class='ocrx_word' id='word_1_518' title='bbox 820 5032 1057 5088; x_wconf 87' lang='lat' dir='ltr'>Albuna</span> <span class='ocrx_word' id='word_1_519' title='bbox 1086 5033 1147 5088; x_wconf 87' lang='lat' dir='ltr'>in</span> <span class='ocrx_word' id='word_1_520' title='bbox 1190 5050 1351 5106; x_wconf 88' lang='lat' dir='ltr'>pago</span> <span class='ocrx_word' id='word_1_521' title='bbox 1385 5037 1721 5108; x_wconf 88' lang='lat' dir='ltr'>Stampensi</span> 
     </span>
    </p>
   </div>
   <div class='ocr_carea' id='block_1_71' title="bbox 45 5121 1722 5196">
    <p class='ocr_par' dir='ltr' id='par_1_71' title="bbox 45 5121 1722 5196">
     <span class='ocr_line' id='line_1_71' title="bbox 45 5121 1722 5196; baseline 0.004 -19"><span class='ocrx_word' id='word_1_522' title='bbox 45 5121 222 5177; x_wconf 92' lang='lat' dir='ltr'>visus</span> <span class='ocrx_word' id='word_1_523' title='bbox 252 5136 390 5175; x_wconf 88' lang='lat' dir='ltr'>sum</span> <span class='ocrx_word' id='word_1_524' title='bbox 422 5137 826 5194; x_wconf 87' lang='lat' dir='ltr'>comparasse,</span> <span class='ocrx_word' id='word_1_525' title='bbox 858 5122 1013 5179; x_wconf 87' lang='lat' dir='ltr'>sicut</span> <span class='ocrx_word' id='word_1_526' title='bbox 1036 5138 1074 5179; x_wconf 88' lang='lat' dir='ltr'>a</span> <span class='ocrx_word' id='word_1_527' title='bbox 1111 5138 1207 5179; x_wconf 91' lang='lat' dir='ltr'>me</span> <span class='ocrx_word' id='word_1_528' title='bbox 1244 5139 1594 5196; x_wconf 84' lang='lat' dir='ltr'>possessum</span> <span class='ocrx_word' id='word_1_529' title='bbox 1633 5131 1722 5183; x_wconf 88' lang='lat' dir='ltr'>est</span> 
     </span>
    </p>
   </div>
   <div class='ocr_carea' id='block_1_72' title="bbox 49 5208 465 5279">
    <p class='ocr_par' dir='ltr' id='par_1_72' title="bbox 49 5208 465 5279">
     <span class='ocr_line' id='line_1_72' title="bbox 49 5208 465 5279; baseline -0.002 -13"><span class='ocrx_word' id='word_1_530' title='bbox 49 5210 117 5266; x_wconf 89' lang='lat' dir='ltr'>in</span> <span class='ocrx_word' id='word_1_531' title='bbox 144 5208 465 5279; x_wconf 89' lang='lat' dir='ltr'>integrum.</span> 
     </span>
    </p>
   </div>
   <div class='ocr_carea' id='block_1_73' title="bbox 129 5297 1726 5385">
    <p class='ocr_par' dir='ltr' id='par_1_73' title="bbox 129 5297 1726 5385">
     <span class='ocr_line' id='line_1_73' title="bbox 129 5297 1726 5385; baseline 0.007 -33"><span class='ocrx_word' id='word_1_532' title='bbox 129 5297 262 5353; x_wconf 88' lang='lat' dir='ltr'>Pari</span> <span class='ocrx_word' id='word_1_533' title='bbox 274 5298 455 5354; x_wconf 92' lang='lat' dir='ltr'>modo</span> <span class='ocrx_word' id='word_1_534' title='bbox 468 5316 619 5356; x_wconf 89' lang='lat' dir='ltr'>vasa</span> <span class='ocrx_word' id='word_1_535' title='bbox 631 5300 801 5385; x_wconf 60' lang='grc' dir='ltr'>οἰοηο</span> <span class='ocrx_word' id='word_1_536' title='bbox 828 5305 1109 5372; x_wconf 87' lang='lat' dir='ltr'>argentea</span> <span class='ocrx_word' id='word_1_537' title='bbox 1123 5302 1396 5361; x_wconf 90' lang='lat' dir='ltr'>anacleta</span> <span class='ocrx_word' id='word_1_538' title='bbox 1409 5305 1726 5379; x_wconf 79' lang='lat' dir='ltr'>peusautia</span> 
     </span>
    </p>
   </div>
   <div class='ocr_carea' id='block_1_74' title="bbox 48 5388 1723 5463">
    <p class='ocr_par' dir='ltr' id='par_1_74' title="bbox 48 5388 1723 5463">
     <span class='ocr_line' id='line_1_74' title="bbox 48 5388 1723 5463; baseline 0.004 -18"><span class='ocrx_word' id='word_1_539' title='bbox 48 5388 243 5445; x_wconf 90' lang='lat' dir='ltr'>libras</span> <span class='ocrx_word' id='word_1_540' title='bbox 274 5404 372 5442; x_wconf 82' lang='lat' dir='ltr'>VIII</span> <span class='ocrx_word' id='word_1_541' title='bbox 401 5392 459 5443; x_wconf 90' lang='lat' dir='ltr'>et</span> <span class='ocrx_word' id='word_1_542' title='bbox 487 5388 696 5445; x_wconf 90' lang='lat' dir='ltr'>uncias</span> <span class='ocrx_word' id='word_1_543' title='bbox 723 5390 877 5448; x_wconf 88' lang='lat' dir='ltr'>duas</span> <span class='ocrx_word' id='word_1_544' title='bbox 902 5409 913 5457; x_wconf 92' lang='lat'>;</span> <span class='ocrx_word' id='word_1_545' title='bbox 946 5390 1070 5447; x_wconf 89' lang='lat' dir='ltr'>duo</span> <span class='ocrx_word' id='word_1_546' title='bbox 1092 5392 1369 5449; x_wconf 87' lang='lat' dir='ltr'>sandalia</span> <span class='ocrx_word' id='word_1_547' title='bbox 1397 5410 1465 5450; x_wconf 89' lang='lat' dir='ltr'>ac</span> <span class='ocrx_word' id='word_1_548' title='bbox 1486 5395 1723 5463; x_wconf 87' lang='lat' dir='ltr'>missas,</span> 
     </span>
    </p>
   </div>
   <div class='ocr_carea' id='block_1_75' title="bbox 53 5470 1729 5553">
    <p class='ocr_par' dir='ltr' id='par_1_75' title="bbox 53 5470 1729 5553">
     <span class='ocr_line' id='line_1_75' title="bbox 53 5470 1729 5553; baseline 0.004 -24"><span class='ocrx_word' id='word_1_549' title='bbox 53 5477 114 5529; x_wconf 89' lang='lat' dir='ltr'>et</span> <span class='ocrx_word' id='word_1_550' title='bbox 129 5470 321 5527; x_wconf 88' lang='lat' dir='ltr'>oralia</span> <span class='ocrx_word' id='word_1_551' title='bbox 343 5471 422 5527; x_wconf 90' lang='lat' dir='ltr'>ad</span> <span class='ocrx_word' id='word_1_552' title='bbox 440 5489 714 5529; x_wconf 89' lang='lat' dir='ltr'>mensam</span> <span class='ocrx_word' id='word_1_553' title='bbox 747 5491 870 5531; x_wconf 90' lang='lat' dir='ltr'>una</span> <span class='ocrx_word' id='word_1_554' title='bbox 901 5491 1040 5530; x_wconf 90' lang='lat' dir='ltr'>cum</span> <span class='ocrx_word' id='word_1_555' title='bbox 1063 5477 1272 5550; x_wconf 90' lang='lat' dir='ltr'>cappis</span> <span class='ocrx_word' id='word_1_556' title='bbox 1287 5482 1343 5534; x_wconf 90' lang='lat' dir='ltr'>et</span> <span class='ocrx_word' id='word_1_557' title='bbox 1360 5478 1524 5535; x_wconf 92' lang='lat' dir='ltr'>omni</span> <span class='ocrx_word' id='word_1_558' title='bbox 1545 5496 1729 5553; x_wconf 90' lang='lat' dir='ltr'>appa-</span> 
     </span>
    </p>
   </div>
   <div class='ocr_carea' id='block_1_76' title="bbox 2 5559 1727 5641">
    <p class='ocr_par' dir='ltr' id='par_1_76' title="bbox 2 5559 1727 5641">
     <span class='ocr_line' id='line_1_76' title="bbox 2 5559 1727 5641; baseline 0.004 -23"><span class='ocrx_word' id='word_1_559' title='bbox 2 5564 7 5597; x_wconf 82' lang='lat'>&#39;-</span> <span class='ocrx_word' id='word_1_560' title='bbox 53 5565 214 5627; x_wconf 86' lang='lat' dir='ltr'>ratu,</span> <span class='ocrx_word' id='word_1_561' title='bbox 250 5564 306 5615; x_wconf 91' lang='lat' dir='ltr'>et</span> <span class='ocrx_word' id='word_1_562' title='bbox 331 5559 453 5616; x_wconf 91' lang='lat' dir='ltr'>duo</span> <span class='ocrx_word' id='word_1_563' title='bbox 484 5560 617 5618; x_wconf 87' lang='lat' dir='ltr'>vela</span> <span class='ocrx_word' id='word_1_564' title='bbox 647 5579 760 5619; x_wconf 92' lang='lat' dir='ltr'>acu</span> <span class='ocrx_word' id='word_1_565' title='bbox 790 5565 967 5637; x_wconf 89' lang='lat' dir='ltr'>picta.</span> <span class='ocrx_word' id='word_1_566' title='bbox 1012 5568 1133 5621; x_wconf 88' lang='lat' dir='ltr'>Ista</span> <span class='ocrx_word' id='word_1_567' title='bbox 1164 5566 1388 5639; x_wconf 88' lang='lat' dir='ltr'>omnia,</span> <span class='ocrx_word' id='word_1_568' title='bbox 1421 5573 1486 5625; x_wconf 93' lang='lat' dir='ltr'>ut</span> <span class='ocrx_word' id='word_1_569' title='bbox 1532 5568 1592 5624; x_wconf 92' lang='lat' dir='ltr'>in</span> <span class='ocrx_word' id='word_1_570' title='bbox 1623 5585 1727 5641; x_wconf 84' lang='lat' dir='ltr'>po—</span> 
     </span>
    </p>
   </div>
   <div class='ocr_carea' id='block_1_77' title="bbox 4 5649 1725 5725">
    <p class='ocr_par' dir='ltr' id='par_1_77' title="bbox 4 5649 1725 5725">
     <span class='ocr_line' id='line_1_77' title="bbox 4 5649 1725 5725; baseline 0.005 -20"><span class='ocrx_word' id='word_1_571' title='bbox 4 5680 7 5689; x_wconf 71' lang='grc' dir='ltr'>ι</span> <span class='ocrx_word' id='word_1_572' title='bbox 54 5652 271 5706; x_wconf 89' lang='lat' dir='ltr'>testate</span> <span class='ocrx_word' id='word_1_573' title='bbox 301 5653 358 5702; x_wconf 90' lang='lat' dir='ltr'>et</span> <span class='ocrx_word' id='word_1_574' title='bbox 387 5649 798 5708; x_wconf 89' lang='lat' dir='ltr'>dominatione</span> <span class='ocrx_word' id='word_1_575' title='bbox 838 5652 1025 5725; x_wconf 90' lang='lat' dir='ltr'>ipsius</span> <span class='ocrx_word' id='word_1_576' title='bbox 1058 5656 1406 5712; x_wconf 89' lang='lat' dir='ltr'>monasterii</span> <span class='ocrx_word' id='word_1_577' title='bbox 1435 5662 1490 5713; x_wconf 91' lang='lat' dir='ltr'>et</span> <span class='ocrx_word' id='word_1_578' title='bbox 1514 5673 1725 5714; x_wconf 89' lang='lat' dir='ltr'>mona-</span> 
     </span>
    </p>
   </div>
   <div class='ocr_carea' id='block_1_78' title="bbox 2 5736 1726 5817">
    <p class='ocr_par' dir='ltr' id='par_1_78' title="bbox 2 5736 1726 5817">
     <span class='ocr_line' id='line_1_78' title="bbox 2 5736 1726 5817; baseline 0.002 -18"><span class='ocrx_word' id='word_1_579' title='bbox 2 5792 3 5799; x_wconf 48' lang='grc' dir='ltr'><strong>η</strong></span> <span class='ocrx_word' id='word_1_580' title='bbox 57 5738 316 5795; x_wconf 88' lang='lat' dir='ltr'>chorum</span> <span class='ocrx_word' id='word_1_581' title='bbox 362 5736 589 5797; x_wconf 88' lang='lat' dir='ltr'>ibidem</span> <span class='ocrx_word' id='word_1_582' title='bbox 626 5742 747 5799; x_wconf 89' lang='lat' dir='ltr'>Deo</span> <span class='ocrx_word' id='word_1_583' title='bbox 800 5741 1182 5801; x_wconf 88' lang='lat' dir='ltr'>servientium</span> <span class='ocrx_word' id='word_1_584' title='bbox 1221 5747 1560 5817; x_wconf 89' lang='lat' dir='ltr'>perenniter</span> <span class='ocrx_word' id='word_1_585' title='bbox 1602 5762 1726 5803; x_wconf 89' lang='lat' dir='ltr'>ma-</span> 
     </span>
    </p>
   </div>
   <div class='ocr_carea' id='block_1_79' title="bbox 386 5827 851 5887">
    <p class='ocr_par' dir='ltr' id='par_1_79' title="bbox 386 5827 851 5887">
     <span class='ocr_line' id='line_1_79' title="bbox 386 5827 851 5887; baseline 0.009 -5"><span class='ocrx_word' id='word_1_586' title='bbox 386 5827 629 5886; x_wconf 62' lang='lat' dir='ltr'>Punou</span> <span class='ocrx_word' id='word_1_587' title='bbox 666 5831 851 5887; x_wconf 84' lang='lat' dir='ltr'>CXLI.</span> 
     </span>
    </p>
   </div>
   <div class='ocr_carea' id='block_1_80' title="bbox 1826 1819 3489 1894">
    <p class='ocr_par' dir='ltr' id='par_1_80' title="bbox 1826 1819 3489 1894">
     <span class='ocr_line' id='line_1_80' title="bbox 1826 1819 3489 1894; baseline 0.001 -19"><span class='ocrx_word' id='word_1_588' title='bbox 1826 1820 2182 1876; x_wconf 87' lang='lat' dir='ltr'>venditionis</span> <span class='ocrx_word' id='word_1_589' title='bbox 2234 1819 2468 1875; x_wconf 90' lang='lat' dir='ltr'>titulum</span> <span class='ocrx_word' id='word_1_590' title='bbox 2487 1820 2665 1875; x_wconf 82' lang='lat' dir='ltr'>visus</span> <span class='ocrx_word' id='word_1_591' title='bbox 2717 1837 2854 1875; x_wconf 90' lang='lat' dir='ltr'>sum</span> <span class='ocrx_word' id='word_1_592' title='bbox 2904 1837 3314 1894; x_wconf 86' lang='lat' dir='ltr'>comparasse,</span> <span class='ocrx_word' id='word_1_593' title='bbox 3350 1838 3489 1877; x_wconf 90' lang='lat' dir='ltr'>cum</span> 
     </span>
    </p>
   </div>
   <div class='ocr_carea' id='block_1_81' title="bbox 1828 1908 3493 1982">
    <p class='ocr_par' dir='ltr' id='par_1_81' title="bbox 1828 1908 3493 1982">
     <span class='ocr_line' id='line_1_81' title="bbox 1828 1908 3493 1982; baseline 0.001 -17"><span class='ocrx_word' id='word_1_594' title='bbox 1828 1908 2131 1975; x_wconf 88' lang='lat' dir='ltr'>domibus,</span> <span class='ocrx_word' id='word_1_595' title='bbox 2183 1908 2469 1977; x_wconf 84' lang='lat' dir='ltr'>adiﬁciis,</span> <span class='ocrx_word' id='word_1_596' title='bbox 2504 1909 2840 1981; x_wconf 87' lang='lat' dir='ltr'>mancipiis,</span> <span class='ocrx_word' id='word_1_597' title='bbox 2885 1909 2991 1982; x_wconf 92' lang='lat' dir='ltr'>qui</span> <span class='ocrx_word' id='word_1_598' title='bbox 3039 1926 3076 1966; x_wconf 91' lang='lat' dir='ltr'>a</span> <span class='ocrx_word' id='word_1_599' title='bbox 3120 1927 3216 1967; x_wconf 91' lang='lat' dir='ltr'>me</span> <span class='ocrx_word' id='word_1_600' title='bbox 3260 1910 3493 1967; x_wconf 87' lang='lat' dir='ltr'>liberati</span> 
     </span>
    </p>
   </div>
   <div class='ocr_carea' id='block_1_82' title="bbox 1826 1997 3492 2072">
    <p class='ocr_par' dir='ltr' id='par_1_82' title="bbox 1826 1997 3492 2072">
     <span class='ocr_line' id='line_1_82' title="bbox 1826 1997 3492 2072; baseline 0.001 -19"><span class='ocrx_word' id='word_1_601' title='bbox 1826 2014 1949 2053; x_wconf 91' lang='lat' dir='ltr'>non</span> <span class='ocrx_word' id='word_1_602' title='bbox 1971 1997 2209 2069; x_wconf 90' lang='lat' dir='ltr'>fuerint,</span> <span class='ocrx_word' id='word_1_603' title='bbox 2250 1998 2457 2065; x_wconf 90' lang='lat' dir='ltr'>vineis,</span> <span class='ocrx_word' id='word_1_604' title='bbox 2505 1998 2687 2065; x_wconf 87' lang='lat' dir='ltr'>silvis,</span> <span class='ocrx_word' id='word_1_605' title='bbox 2740 1999 2989 2071; x_wconf 90' lang='lat' dir='ltr'>campis,</span> <span class='ocrx_word' id='word_1_606' title='bbox 3020 2000 3224 2071; x_wconf 87' lang='lat' dir='ltr'>pratis,</span> <span class='ocrx_word' id='word_1_607' title='bbox 3251 1999 3492 2072; x_wconf 88' lang='lat' dir='ltr'>pascuis</span> 
     </span>
    </p>
   </div>
   <div class='ocr_carea' id='block_1_83' title="bbox 1828 2087 3495 2160">
    <p class='ocr_par' dir='ltr' id='par_1_83' title="bbox 1828 2087 3495 2160">
     <span class='ocr_line' id='line_1_83' title="bbox 1828 2087 3495 2160; baseline 0.001 -17"><span class='ocrx_word' id='word_1_608' title='bbox 1828 2087 2114 2159; x_wconf 90' lang='lat' dir='ltr'>omnique</span> <span class='ocrx_word' id='word_1_609' title='bbox 2141 2102 2355 2158; x_wconf 90' lang='lat' dir='ltr'>genere</span> <span class='ocrx_word' id='word_1_610' title='bbox 2387 2087 2710 2159; x_wconf 90' lang='lat' dir='ltr'>pecudum,</span> <span class='ocrx_word' id='word_1_611' title='bbox 2758 2104 2896 2143; x_wconf 88' lang='lat' dir='ltr'>cum</span> <span class='ocrx_word' id='word_1_612' title='bbox 2950 2089 3116 2144; x_wconf 88' lang='lat' dir='ltr'>omni</span> <span class='ocrx_word' id='word_1_613' title='bbox 3134 2089 3268 2160; x_wconf 89' lang='lat' dir='ltr'>jure</span> <span class='ocrx_word' id='word_1_614' title='bbox 3298 2094 3356 2145; x_wconf 91' lang='lat' dir='ltr'>et</span> <span class='ocrx_word' id='word_1_615' title='bbox 3396 2090 3495 2145; x_wconf 90' lang='lat' dir='ltr'>be-</span> 
     </span>
    </p>
   </div>
   <div class='ocr_carea' id='block_1_84' title="bbox 1828 2176 3495 2250">
    <p class='ocr_par' dir='ltr' id='par_1_84' title="bbox 1828 2176 3495 2250">
     <span class='ocr_line' id='line_1_84' title="bbox 1828 2176 3495 2250; baseline 0.002 -17"><span class='ocrx_word' id='word_1_616' title='bbox 1828 2176 2043 2233; x_wconf 89' lang='lat' dir='ltr'>neﬁcio</span> <span class='ocrx_word' id='word_1_617' title='bbox 2088 2177 2181 2232; x_wconf 92' lang='lat' dir='ltr'>vel</span> <span class='ocrx_word' id='word_1_618' title='bbox 2238 2176 2489 2232; x_wconf 89' lang='lat' dir='ltr'>termino</span> <span class='ocrx_word' id='word_1_619' title='bbox 2514 2176 2592 2233; x_wconf 90' lang='lat' dir='ltr'>ad</span> <span class='ocrx_word' id='word_1_620' title='bbox 2635 2193 2695 2232; x_wconf 92' lang='lat' dir='ltr'>se</span> <span class='ocrx_word' id='word_1_621' title='bbox 2720 2176 3070 2250; x_wconf 90' lang='lat' dir='ltr'>pertinente,</span> <span class='ocrx_word' id='word_1_622' title='bbox 3121 2178 3271 2234; x_wconf 91' lang='lat' dir='ltr'>sicut</span> <span class='ocrx_word' id='word_1_623' title='bbox 3315 2196 3351 2236; x_wconf 91' lang='lat' dir='ltr'>a</span> <span class='ocrx_word' id='word_1_624' title='bbox 3396 2195 3495 2235; x_wconf 89' lang='lat' dir='ltr'>me</span> 
     </span>
    </p>
   </div>
   <div class='ocr_carea' id='block_1_85' title="bbox 1829 2266 3499 2340">
    <p class='ocr_par' dir='ltr' id='par_1_85' title="bbox 1829 2266 3499 2340">
     <span class='ocr_line' id='line_1_85' title="bbox 1829 2266 3499 2340; baseline 0.001 -17"><span class='ocrx_word' id='word_1_625' title='bbox 1829 2283 2180 2340; x_wconf 89' lang='lat' dir='ltr'>possessum</span> <span class='ocrx_word' id='word_1_626' title='bbox 2211 2266 2489 2334; x_wconf 92' lang='lat' dir='ltr'>est,dono</span> <span class='ocrx_word' id='word_1_627' title='bbox 2507 2270 2713 2323; x_wconf 90' lang='lat' dir='ltr'>sancto</span> <span class='ocrx_word' id='word_1_628' title='bbox 2732 2269 2898 2323; x_wconf 88' lang='lat' dir='ltr'>Petro</span> <span class='ocrx_word' id='word_1_629' title='bbox 2933 2266 3499 2325; x_wconf 87' lang='lat' dir='ltr'>Floriacensi.ldem-</span> 
     </span>
    </p>
   </div>
   <div class='ocr_carea' id='block_1_86' title="bbox 1830 2355 3497 2430">
    <p class='ocr_par' dir='ltr' id='par_1_86' title="bbox 1830 2355 3497 2430">
     <span class='ocr_line' id='line_1_86' title="bbox 1830 2355 3497 2430; baseline 0.001 -18"><span class='ocrx_word' id='word_1_630' title='bbox 1830 2372 1950 2429; x_wconf 90' lang='lat' dir='ltr'>que</span> <span class='ocrx_word' id='word_1_631' title='bbox 1972 2360 2030 2412; x_wconf 92' lang='lat' dir='ltr'>et</span> <span class='ocrx_word' id='word_1_632' title='bbox 2058 2356 2120 2411; x_wconf 93' lang='lat' dir='ltr'>in</span> <span class='ocrx_word' id='word_1_633' title='bbox 2146 2356 2499 2411; x_wconf 83' lang='lat' dir='ltr'>Rausedone</span> <span class='ocrx_word' id='word_1_634' title='bbox 2530 2355 2690 2423; x_wconf 88' lang='lat' dir='ltr'>villa,</span> <span class='ocrx_word' id='word_1_635' title='bbox 2708 2372 2844 2428; x_wconf 86' lang='lat' dir='ltr'>qua</span> <span class='ocrx_word' id='word_1_636' title='bbox 2875 2356 3047 2412; x_wconf 90' lang='lat' dir='ltr'>estin</span> <span class='ocrx_word' id='word_1_637' title='bbox 3071 2372 3232 2430; x_wconf 86' lang='lat' dir='ltr'>pago</span> <span class='ocrx_word' id='word_1_638' title='bbox 3258 2358 3497 2428; x_wconf 84' lang='lat' dir='ltr'>Magdu-</span> 
     </span>
    </p>
   </div>
   <div class='ocr_carea' id='block_1_87' title="bbox 1830 2445 3498 2520">
    <p class='ocr_par' dir='ltr' id='par_1_87' title="bbox 1830 2445 3498 2520">
     <span class='ocr_line' id='line_1_87' title="bbox 1830 2445 3498 2520; baseline 0.001 -18"><span class='ocrx_word' id='word_1_639' title='bbox 1830 2446 2026 2513; x_wconf 91' lang='lat' dir='ltr'>nensi,</span> <span class='ocrx_word' id='word_1_640' title='bbox 2076 2462 2265 2518; x_wconf 90' lang='lat' dir='ltr'>quam</span> <span class='ocrx_word' id='word_1_641' title='bbox 2308 2446 2383 2501; x_wconf 95' lang='lat' dir='ltr'>de</span> <span class='ocrx_word' id='word_1_642' title='bbox 2441 2445 2781 2500; x_wconf 86' lang='lat' dir='ltr'>haredibus</span> <span class='ocrx_word' id='word_1_643' title='bbox 2841 2445 3069 2517; x_wconf 91' lang='lat' dir='ltr'>Wagini</span> <span class='ocrx_word' id='word_1_644' title='bbox 3123 2447 3265 2504; x_wconf 91' lang='lat' dir='ltr'>dato</span> <span class='ocrx_word' id='word_1_645' title='bbox 3307 2448 3498 2520; x_wconf 91' lang='lat' dir='ltr'>pretio</span> 
     </span>
    </p>
   </div>
   <div class='ocr_carea' id='block_1_88' title="bbox 1831 2534 3496 2607">
    <p class='ocr_par' dir='ltr' id='par_1_88' title="bbox 1831 2534 3496 2607">
     <span class='ocr_line' id='line_1_88' title="bbox 1831 2534 3496 2607; baseline 0.002 -18"><span class='ocrx_word' id='word_1_646' title='bbox 1831 2534 2199 2607; x_wconf 89' lang='lat' dir='ltr'>comparavi,</span> <span class='ocrx_word' id='word_1_647' title='bbox 2252 2534 2661 2606; x_wconf 90' lang='lat' dir='ltr'>suprascripta</span> <span class='ocrx_word' id='word_1_648' title='bbox 2690 2550 2830 2605; x_wconf 90' lang='lat' dir='ltr'>pars</span> <span class='ocrx_word' id='word_1_649' title='bbox 2860 2541 2997 2590; x_wconf 90' lang='lat' dir='ltr'>ante</span> <span class='ocrx_word' id='word_1_650' title='bbox 3036 2534 3207 2590; x_wconf 87' lang='lat' dir='ltr'>dicta</span> <span class='ocrx_word' id='word_1_651' title='bbox 3233 2536 3496 2592; x_wconf 87' lang='lat' dir='ltr'>basilica</span> 
     </span>
    </p>
   </div>
   <div class='ocr_carea' id='block_1_89' title="bbox 1831 2622 3497 2699">
    <p class='ocr_par' dir='ltr' id='par_1_89' title="bbox 1831 2622 3497 2699">
     <span class='ocr_line' id='line_1_89' title="bbox 1831 2622 3497 2699; baseline 0.001 -19"><span class='ocrx_word' id='word_1_652' title='bbox 1831 2624 2039 2680; x_wconf 90' lang='lat' dir='ltr'>domui</span> <span class='ocrx_word' id='word_1_653' title='bbox 2082 2625 2231 2679; x_wconf 89' lang='lat' dir='ltr'>Petri</span> <span class='ocrx_word' id='word_1_654' title='bbox 2264 2622 2650 2678; x_wconf 85' lang='lat' dir='ltr'>Floriacensis</span> <span class='ocrx_word' id='word_1_655' title='bbox 2678 2629 2967 2695; x_wconf 90' lang='lat' dir='ltr'>perpetuo</span> <span class='ocrx_word' id='word_1_656' title='bbox 2990 2625 3126 2695; x_wconf 90' lang='lat' dir='ltr'>jure</span> <span class='ocrx_word' id='word_1_657' title='bbox 3158 2630 3335 2698; x_wconf 90' lang='lat' dir='ltr'>atque</span> <span class='ocrx_word' id='word_1_658' title='bbox 3360 2642 3497 2699; x_wconf 92' lang='lat' dir='ltr'>pro-</span> 
     </span>
    </p>
   </div>
   <div class='ocr_carea' id='block_1_90' title="bbox 1830 2712 3493 2787">
    <p class='ocr_par' dir='ltr' id='par_1_90' title="bbox 1830 2712 3493 2787">
     <span class='ocr_line' id='line_1_90' title="bbox 1830 2712 3493 2787; baseline 0.002 -18"><span class='ocrx_word' id='word_1_659' title='bbox 1830 2713 2131 2787; x_wconf 90' lang='lat' dir='ltr'>prietario,</span> <span class='ocrx_word' id='word_1_660' title='bbox 2165 2716 2228 2768; x_wconf 89' lang='lat' dir='ltr'>ut</span> <span class='ocrx_word' id='word_1_661' title='bbox 2254 2712 2561 2784; x_wconf 90' lang='lat' dir='ltr'>possideat</span> <span class='ocrx_word' id='word_1_662' title='bbox 2590 2713 2821 2783; x_wconf 89' lang='lat' dir='ltr'>integra</span> <span class='ocrx_word' id='word_1_663' title='bbox 2857 2713 3183 2785; x_wconf 88' lang='lat' dir='ltr'>voluntate,</span> <span class='ocrx_word' id='word_1_664' title='bbox 3213 2714 3493 2772; x_wconf 89' lang='lat' dir='ltr'>decerno.</span> 
     </span>
    </p>
   </div>
   <div class='ocr_carea' id='block_1_91' title="bbox 1831 2800 3495 2877">
    <p class='ocr_par' dir='ltr' id='par_1_91' title="bbox 1831 2800 3495 2877">
     <span class='ocr_line' id='line_1_91' title="bbox 1831 2800 3495 2877; baseline 0.002 -19"><span class='ocrx_word' id='word_1_665' title='bbox 1831 2802 2114 2874; x_wconf 91' lang='lat' dir='ltr'>Idemque</span> <span class='ocrx_word' id='word_1_666' title='bbox 2145 2801 2455 2857; x_wconf 86' lang='lat' dir='ltr'>antedicta</span> <span class='ocrx_word' id='word_1_667' title='bbox 2480 2800 2742 2857; x_wconf 84' lang='lat' dir='ltr'>basilica</span> <span class='ocrx_word' id='word_1_668' title='bbox 2773 2802 3013 2858; x_wconf 90' lang='lat' dir='ltr'>domna</span> <span class='ocrx_word' id='word_1_669' title='bbox 3044 2803 3234 2860; x_wconf 85' lang='lat' dir='ltr'>Maria</span> <span class='ocrx_word' id='word_1_670' title='bbox 3269 2805 3495 2877; x_wconf 89' lang='lat' dir='ltr'>portio-</span> 
     </span>
    </p>
   </div>
   <div class='ocr_carea' id='block_1_92' title="bbox 1830 2890 3492 2966">
    <p class='ocr_par' dir='ltr' id='par_1_92' title="bbox 1830 2890 3492 2966">
     <span class='ocr_line' id='line_1_92' title="bbox 1830 2890 3492 2966; baseline 0.004 -21"><span class='ocrx_word' id='word_1_671' title='bbox 1830 2907 1969 2946; x_wconf 91' lang='lat' dir='ltr'>nem</span> <span class='ocrx_word' id='word_1_672' title='bbox 2001 2907 2222 2959; x_wconf 89' lang='lat' dir='ltr'>meam,</span> <span class='ocrx_word' id='word_1_673' title='bbox 2250 2906 2385 2962; x_wconf 90' lang='lat' dir='ltr'>qua</span> <span class='ocrx_word' id='word_1_674' title='bbox 2415 2894 2503 2945; x_wconf 90' lang='lat' dir='ltr'>est</span> <span class='ocrx_word' id='word_1_675' title='bbox 2523 2890 2696 2961; x_wconf 77' lang='lat' dir='ltr'>juxta</span> <span class='ocrx_word' id='word_1_676' title='bbox 2725 2890 3030 2947; x_wconf 86' lang='lat' dir='ltr'>Columna</span> <span class='ocrx_word' id='word_1_677' title='bbox 3058 2893 3276 2963; x_wconf 89' lang='lat' dir='ltr'>vicum,</span> <span class='ocrx_word' id='word_1_678' title='bbox 3308 2910 3492 2966; x_wconf 87' lang='lat' dir='ltr'>quar-</span> 
     </span>
    </p>
   </div>
   <div class='ocr_carea' id='block_1_93' title="bbox 1831 2979 3493 3053">
    <p class='ocr_par' dir='ltr' id='par_1_93' title="bbox 1831 2979 3493 3053">
     <span class='ocr_line' id='line_1_93' title="bbox 1831 2979 3493 3053; baseline 0.001 -16"><span class='ocrx_word' id='word_1_679' title='bbox 1831 2985 1954 3037; x_wconf 89' lang='lat' dir='ltr'>tam</span> <span class='ocrx_word' id='word_1_680' title='bbox 1980 2984 2214 3053; x_wconf 89' lang='lat' dir='ltr'>partem</span> <span class='ocrx_word' id='word_1_681' title='bbox 2236 2996 2307 3035; x_wconf 85' lang='lat' dir='ltr'>ex</span> <span class='ocrx_word' id='word_1_682' title='bbox 2324 2980 2459 3053; x_wconf 91' lang='lat' dir='ltr'>ipso</span> <span class='ocrx_word' id='word_1_683' title='bbox 2480 2995 2626 3049; x_wconf 89' lang='lat' dir='ltr'>agro</span> <span class='ocrx_word' id='word_1_684' title='bbox 2650 2979 3219 3052; x_wconf 87' lang='lat' dir='ltr'>Colommensi,cum</span> <span class='ocrx_word' id='word_1_685' title='bbox 3243 2984 3493 3052; x_wconf 91' lang='lat' dir='ltr'>mansis,</span> 
     </span>
    </p>
   </div>
   <div class='ocr_carea' id='block_1_94' title="bbox 1830 3069 3499 3144">
    <p class='ocr_par' dir='ltr' id='par_1_94' title="bbox 1830 3069 3499 3144">
     <span class='ocr_line' id='line_1_94' title="bbox 1830 3069 3499 3144; baseline 0.001 -17"><span class='ocrx_word' id='word_1_686' title='bbox 1830 3069 2174 3141; x_wconf 89' lang='lat' dir='ltr'>accolabus,</span> <span class='ocrx_word' id='word_1_687' title='bbox 2207 3070 2439 3142; x_wconf 89' lang='lat' dir='ltr'>campis</span> <span class='ocrx_word' id='word_1_688' title='bbox 2472 3070 2641 3125; x_wconf 89' lang='lat' dir='ltr'>cultis</span> <span class='ocrx_word' id='word_1_689' title='bbox 2670 3074 2729 3125; x_wconf 88' lang='lat' dir='ltr'>et</span> <span class='ocrx_word' id='word_1_690' title='bbox 2752 3069 3008 3141; x_wconf 90' lang='lat' dir='ltr'>incultis,</span> <span class='ocrx_word' id='word_1_691' title='bbox 3041 3088 3180 3128; x_wconf 92' lang='lat' dir='ltr'>cum</span> <span class='ocrx_word' id='word_1_692' title='bbox 3206 3073 3373 3129; x_wconf 92' lang='lat' dir='ltr'>omni</span> <span class='ocrx_word' id='word_1_693' title='bbox 3400 3090 3499 3144; x_wconf 88' lang='lat' dir='ltr'>ge-</span> 
     </span>
    </p>
   </div>
   <div class='ocr_carea' id='block_1_95' title="bbox 1830 3159 3493 3236">
    <p class='ocr_par' dir='ltr' id='par_1_95' title="bbox 1830 3159 3493 3236">
     <span class='ocr_line' id='line_1_95' title="bbox 1830 3159 3493 3236; baseline 0.001 -20"><span class='ocrx_word' id='word_1_694' title='bbox 1830 3176 1971 3216; x_wconf 91' lang='lat' dir='ltr'>nere</span> <span class='ocrx_word' id='word_1_695' title='bbox 1998 3159 2305 3232; x_wconf 87' lang='lat' dir='ltr'>pecudum</span> <span class='ocrx_word' id='word_1_696' title='bbox 2334 3159 2397 3214; x_wconf 92' lang='lat' dir='ltr'>in</span> <span class='ocrx_word' id='word_1_697' title='bbox 2418 3159 2737 3228; x_wconf 87' lang='lat' dir='ltr'>integrum,</span> <span class='ocrx_word' id='word_1_698' title='bbox 2772 3161 2924 3215; x_wconf 90' lang='lat' dir='ltr'>sicut</span> <span class='ocrx_word' id='word_1_699' title='bbox 2955 3174 2992 3216; x_wconf 89' lang='lat' dir='ltr'>a</span> <span class='ocrx_word' id='word_1_700' title='bbox 3017 3177 3113 3217; x_wconf 90' lang='lat' dir='ltr'>me</span> <span class='ocrx_word' id='word_1_701' title='bbox 3144 3178 3493 3236; x_wconf 89' lang='lat' dir='ltr'>possessum</span> 
     </span>
    </p>
   </div>
   <div class='ocr_carea' id='block_1_96' title="bbox 1831 3248 3500 3325">
    <p class='ocr_par' dir='ltr' id='par_1_96' title="bbox 1831 3248 3500 3325">
     <span class='ocr_line' id='line_1_96' title="bbox 1831 3248 3500 3325; baseline 0.002 -20"><span class='ocrx_word' id='word_1_702' title='bbox 1831 3254 1937 3316; x_wconf 91' lang='lat' dir='ltr'>est,</span> <span class='ocrx_word' id='word_1_703' title='bbox 1967 3248 2181 3319; x_wconf 90' lang='lat' dir='ltr'>delego</span> <span class='ocrx_word' id='word_1_704' title='bbox 2209 3248 2633 3322; x_wconf 88' lang='lat' dir='ltr'>perpetualiter</span> <span class='ocrx_word' id='word_1_705' title='bbox 2654 3249 3111 3321; x_wconf 91' lang='lat' dir='ltr'>possidendum,</span> <span class='ocrx_word' id='word_1_706' title='bbox 3133 3252 3416 3325; x_wconf 91' lang='lat' dir='ltr'>Idemque</span> <span class='ocrx_word' id='word_1_707' title='bbox 3438 3252 3500 3308; x_wconf 91' lang='lat' dir='ltr'>in</span> 
     </span>
    </p>
   </div>
   <div class='ocr_carea' id='block_1_97' title="bbox 1834 3338 3499 3412">
    <p class='ocr_par' dir='ltr' id='par_1_97' title="bbox 1834 3338 3499 3412">
     <span class='ocr_line' id='line_1_97' title="bbox 1834 3338 3499 3412; baseline 0.001 -16"><span class='ocrx_word' id='word_1_708' title='bbox 1834 3338 2326 3410; x_wconf 90' lang='lat' dir='ltr'>Simpliciacensi,</span> <span class='ocrx_word' id='word_1_709' title='bbox 2345 3338 2511 3410; x_wconf 91' lang='lat' dir='ltr'>quod</span> <span class='ocrx_word' id='word_1_710' title='bbox 2537 3342 2629 3393; x_wconf 87' lang='lat' dir='ltr'>est</span> <span class='ocrx_word' id='word_1_711' title='bbox 2657 3338 2718 3392; x_wconf 91' lang='lat' dir='ltr'>in</span> <span class='ocrx_word' id='word_1_712' title='bbox 2751 3338 3078 3408; x_wconf 87' lang='lat' dir='ltr'>Secalonia,</span> <span class='ocrx_word' id='word_1_713' title='bbox 3098 3341 3265 3412; x_wconf 93' lang='lat' dir='ltr'>quod</span> <span class='ocrx_word' id='word_1_714' title='bbox 3294 3342 3367 3397; x_wconf 89' lang='lat' dir='ltr'>de</span> <span class='ocrx_word' id='word_1_715' title='bbox 3394 3342 3499 3398; x_wconf 89' lang='lat' dir='ltr'>ho-</span> 
     </span>
    </p>
   </div>
   <div class='ocr_carea' id='block_1_98' title="bbox 1832 3426 3498 3499">
    <p class='ocr_par' dir='ltr' id='par_1_98' title="bbox 1832 3426 3498 3499">
     <span class='ocr_line' id='line_1_98' title="bbox 1832 3426 3498 3499; baseline 0.003 -18"><span class='ocrx_word' id='word_1_716' title='bbox 1832 3426 1992 3482; x_wconf 92' lang='lat' dir='ltr'>mine</span> <span class='ocrx_word' id='word_1_717' title='bbox 2022 3427 2314 3499; x_wconf 87' lang='lat' dir='ltr'>quodam,</span> <span class='ocrx_word' id='word_1_718' title='bbox 2349 3426 2635 3496; x_wconf 86' lang='lat' dir='ltr'>Aregisilo</span> <span class='ocrx_word' id='word_1_719' title='bbox 2662 3427 3039 3493; x_wconf 90' lang='lat' dir='ltr'>nomine,vel</span> <span class='ocrx_word' id='word_1_720' title='bbox 3065 3427 3141 3483; x_wconf 92' lang='lat' dir='ltr'>de</span> <span class='ocrx_word' id='word_1_721' title='bbox 3171 3428 3322 3497; x_wconf 88' lang='lat' dir='ltr'>aliis,</span> <span class='ocrx_word' id='word_1_722' title='bbox 3355 3430 3498 3486; x_wconf 90' lang='lat' dir='ltr'>dato</span> 
     </span>
    </p>
   </div>
   <div class='ocr_carea' id='block_1_99' title="bbox 1832 3514 3503 3592">
    <p class='ocr_par' dir='ltr' id='par_1_99' title="bbox 1832 3514 3503 3592">
     <span class='ocr_line' id='line_1_99' title="bbox 1832 3514 3503 3592; baseline 0.004 -22"><span class='ocrx_word' id='word_1_723' title='bbox 1832 3516 2022 3588; x_wconf 89' lang='lat' dir='ltr'>pretio</span> <span class='ocrx_word' id='word_1_724' title='bbox 2070 3531 2178 3588; x_wconf 89' lang='lat' dir='ltr'>per</span> <span class='ocrx_word' id='word_1_725' title='bbox 2203 3514 2557 3570; x_wconf 90' lang='lat' dir='ltr'>venditionis</span> <span class='ocrx_word' id='word_1_726' title='bbox 2602 3514 2838 3569; x_wconf 90' lang='lat' dir='ltr'>titulum</span> <span class='ocrx_word' id='word_1_727' title='bbox 2876 3516 3043 3571; x_wconf 90' lang='lat' dir='ltr'>visus</span> <span class='ocrx_word' id='word_1_728' title='bbox 3090 3533 3225 3572; x_wconf 90' lang='lat' dir='ltr'>sum</span> <span class='ocrx_word' id='word_1_729' title='bbox 3256 3534 3503 3592; x_wconf 85' lang='lat' dir='ltr'>compa-</span> 
     </span>
    </p>
   </div>
   <div class='ocr_carea' id='block_1_100' title="bbox 1828 3601 3493 3679">
    <p class='ocr_par' dir='ltr' id='par_1_100' title="bbox 1828 3601 3493 3679">
     <span class='ocr_line' id='line_1_100' title="bbox 1828 3601 3493 3679; baseline 0.002 -20"><span class='ocrx_word' id='word_1_730' title='bbox 1828 3618 2016 3670; x_wconf 87' lang='lat' dir='ltr'>rasse,</span> <span class='ocrx_word' id='word_1_731' title='bbox 2048 3602 2388 3674; x_wconf 89' lang='lat' dir='ltr'>portionem</span> <span class='ocrx_word' id='word_1_732' title='bbox 2417 3601 2614 3674; x_wconf 91' lang='lat' dir='ltr'>ipsam</span> <span class='ocrx_word' id='word_1_733' title='bbox 2642 3619 2781 3657; x_wconf 89' lang='lat' dir='ltr'>cum</span> <span class='ocrx_word' id='word_1_734' title='bbox 2802 3603 3053 3672; x_wconf 76' lang='lat' dir='ltr'>mansis,</span> <span class='ocrx_word' id='word_1_735' title='bbox 3079 3604 3264 3674; x_wconf 91' lang='lat' dir='ltr'>silvis,</span> <span class='ocrx_word' id='word_1_736' title='bbox 3286 3607 3493 3679; x_wconf 88' lang='lat' dir='ltr'>pratis,</span> 
     </span>
    </p>
   </div>
   <div class='ocr_carea' id='block_1_101' title="bbox 1832 3690 3497 3765">
    <p class='ocr_par' dir='ltr' id='par_1_101' title="bbox 1832 3690 3497 3765">
     <span class='ocr_line' id='line_1_101' title="bbox 1832 3690 3497 3765; baseline 0.004 -19"><span class='ocrx_word' id='word_1_737' title='bbox 1832 3690 2082 3761; x_wconf 90' lang='lat' dir='ltr'>campis,</span> <span class='ocrx_word' id='word_1_738' title='bbox 2116 3691 2376 3762; x_wconf 89' lang='lat' dir='ltr'>pascuis,</span> <span class='ocrx_word' id='word_1_739' title='bbox 2407 3690 2502 3745; x_wconf 91' lang='lat' dir='ltr'>vel</span> <span class='ocrx_word' id='word_1_740' title='bbox 2530 3690 2699 3745; x_wconf 92' lang='lat' dir='ltr'>omni</span> <span class='ocrx_word' id='word_1_741' title='bbox 2728 3706 2943 3761; x_wconf 88' lang='lat' dir='ltr'>genere</span> <span class='ocrx_word' id='word_1_742' title='bbox 2972 3693 3279 3765; x_wconf 91' lang='lat' dir='ltr'>pecudum</span> <span class='ocrx_word' id='word_1_743' title='bbox 3309 3700 3368 3751; x_wconf 90' lang='lat' dir='ltr'>et</span> <span class='ocrx_word' id='word_1_744' title='bbox 3396 3695 3497 3752; x_wconf 84' lang='lat' dir='ltr'>be-</span> 
     </span>
    </p>
   </div>
   <div class='ocr_carea' id='block_1_102' title="bbox 1832 3778 3496 3853">
    <p class='ocr_par' dir='ltr' id='par_1_102' title="bbox 1832 3778 3496 3853">
     <span class='ocr_line' id='line_1_102' title="bbox 1832 3778 3496 3853; baseline 0.004 -18"><span class='ocrx_word' id='word_1_745' title='bbox 1832 3778 2047 3835; x_wconf 90' lang='lat' dir='ltr'>neﬁcio</span> <span class='ocrx_word' id='word_1_746' title='bbox 2097 3794 2206 3833; x_wconf 89' lang='lat' dir='ltr'>suo</span> <span class='ocrx_word' id='word_1_747' title='bbox 2256 3778 2407 3834; x_wconf 91' lang='lat' dir='ltr'>sicut</span> <span class='ocrx_word' id='word_1_748' title='bbox 2447 3795 2483 3834; x_wconf 91' lang='lat' dir='ltr'>a</span> <span class='ocrx_word' id='word_1_749' title='bbox 2534 3795 2629 3835; x_wconf 93' lang='lat' dir='ltr'>me</span> <span class='ocrx_word' id='word_1_750' title='bbox 2679 3794 3027 3851; x_wconf 85' lang='lat' dir='ltr'>possessum</span> <span class='ocrx_word' id='word_1_751' title='bbox 3079 3788 3186 3853; x_wconf 90' lang='lat' dir='ltr'>est,</span> <span class='ocrx_word' id='word_1_752' title='bbox 3230 3783 3496 3841; x_wconf 83' lang='lat' dir='ltr'>basilica</span> 
     </span>
    </p>
   </div>
   <div class='ocr_carea' id='block_1_103' title="bbox 1831 3867 3499 3947">
    <p class='ocr_par' dir='ltr' id='par_1_103' title="bbox 1831 3867 3499 3947">
     <span class='ocr_line' id='line_1_103' title="bbox 1831 3867 3499 3947; baseline 0.005 -24"><span class='ocrx_word' id='word_1_753' title='bbox 1831 3868 2071 3923; x_wconf 87' lang='lat' dir='ltr'>domua</span> <span class='ocrx_word' id='word_1_754' title='bbox 2096 3867 2287 3926; x_wconf 87' lang='lat' dir='ltr'>Maria</span> <span class='ocrx_word' id='word_1_755' title='bbox 2319 3867 2598 3933; x_wconf 91' lang='lat' dir='ltr'>tribuo,et</span> <span class='ocrx_word' id='word_1_756' title='bbox 2626 3873 2692 3925; x_wconf 90' lang='lat' dir='ltr'>ut</span> <span class='ocrx_word' id='word_1_757' title='bbox 2718 3869 2780 3925; x_wconf 93' lang='lat' dir='ltr'>in</span> <span class='ocrx_word' id='word_1_758' title='bbox 2810 3875 3168 3944; x_wconf 87' lang='lat' dir='ltr'>perpetuum</span> <span class='ocrx_word' id='word_1_759' title='bbox 3193 3874 3499 3947; x_wconf 85' lang='lat' dir='ltr'>possideat</span> 
     </span>
    </p>
   </div>
   <div class='ocr_carea' id='block_1_104' title="bbox 1829 3956 2777 4032">
    <p class='ocr_par' dir='ltr' id='par_1_104' title="bbox 1829 3956 2777 4032">
     <span class='ocr_line' id='line_1_104' title="bbox 1829 3956 2777 4032; baseline 0.003 -20"><span class='ocrx_word' id='word_1_760' title='bbox 1829 3956 2178 4030; x_wconf 91' lang='lat' dir='ltr'>plenissima</span> <span class='ocrx_word' id='word_1_761' title='bbox 2206 3956 2511 4014; x_wconf 88' lang='lat' dir='ltr'>voluntate</span> <span class='ocrx_word' id='word_1_762' title='bbox 2540 3963 2777 4032; x_wconf 84' lang='lat' dir='ltr'>exopto.</span> 
     </span>
    </p>
   </div>
   <div class='ocr_carea' id='block_1_105' title="bbox 1902 4046 3494 4125">
    <p class='ocr_par' dir='ltr' id='par_1_105' title="bbox 1902 4046 3494 4125">
     <span class='ocr_line' id='line_1_105' title="bbox 1902 4046 3494 4125; baseline 0.007 -23"><span class='ocrx_word' id='word_1_763' title='bbox 1902 4046 2031 4103; x_wconf 90' lang='lat' dir='ltr'>Pari</span> <span class='ocrx_word' id='word_1_764' title='bbox 2086 4047 2270 4104; x_wconf 92' lang='lat' dir='ltr'>modo</span> <span class='ocrx_word' id='word_1_765' title='bbox 2326 4050 2383 4103; x_wconf 88' lang='lat' dir='ltr'>et</span> <span class='ocrx_word' id='word_1_766' title='bbox 2439 4048 2519 4105; x_wconf 90' lang='lat' dir='ltr'>ad</span> <span class='ocrx_word' id='word_1_767' title='bbox 2583 4053 2987 4107; x_wconf 88' lang='lat' dir='ltr'>memoratum</span> <span class='ocrx_word' id='word_1_768' title='bbox 3038 4055 3494 4125; x_wconf 86' lang='lat' dir='ltr'>monasterium,</span> 
     </span>
    </p>
   </div>
   <div class='ocr_carea' id='block_1_106' title="bbox 1832 4137 3498 4216">
    <p class='ocr_par' dir='ltr' id='par_1_106' title="bbox 1832 4137 3498 4216">
     <span class='ocr_line' id='line_1_106' title="bbox 1832 4137 3498 4216; baseline 0.006 -24"><span class='ocrx_word' id='word_1_769' title='bbox 1832 4137 1999 4210; x_wconf 92' lang='lat' dir='ltr'>quod</span> <span class='ocrx_word' id='word_1_770' title='bbox 2048 4137 2110 4193; x_wconf 91' lang='lat' dir='ltr'>in</span> <span class='ocrx_word' id='word_1_771' title='bbox 2139 4138 2434 4194; x_wconf 89' lang='lat' dir='ltr'>honorem</span> <span class='ocrx_word' id='word_1_772' title='bbox 2472 4139 2682 4195; x_wconf 89' lang='lat' dir='ltr'>domui</span> <span class='ocrx_word' id='word_1_773' title='bbox 2730 4139 2900 4208; x_wconf 89' lang='lat' dir='ltr'>Petri,</span> <span class='ocrx_word' id='word_1_774' title='bbox 2951 4140 3102 4199; x_wconf 87' lang='lat' dir='ltr'>sicut</span> <span class='ocrx_word' id='word_1_775' title='bbox 3140 4144 3498 4216; x_wconf 88' lang='lat' dir='ltr'>pradictum</span> 
     </span>
    </p>
   </div>
   <div class='ocr_carea' id='block_1_107' title="bbox 1833 4225 3499 4299">
    <p class='ocr_par' dir='ltr' id='par_1_107' title="bbox 1833 4225 3499 4299">
     <span class='ocr_line' id='line_1_107' title="bbox 1833 4225 3499 4299; baseline 0.004 -16"><span class='ocrx_word' id='word_1_776' title='bbox 1833 4231 1942 4296; x_wconf 89' lang='lat' dir='ltr'>est,</span> <span class='ocrx_word' id='word_1_777' title='bbox 1973 4225 2035 4282; x_wconf 90' lang='lat' dir='ltr'>in</span> <span class='ocrx_word' id='word_1_778' title='bbox 2068 4242 2214 4298; x_wconf 89' lang='lat' dir='ltr'>agro</span> <span class='ocrx_word' id='word_1_779' title='bbox 2263 4227 2529 4285; x_wconf 87' lang='lat' dir='ltr'>Floriaco</span> <span class='ocrx_word' id='word_1_780' title='bbox 2577 4228 2874 4285; x_wconf 88' lang='lat' dir='ltr'>adiﬁcare</span> <span class='ocrx_word' id='word_1_781' title='bbox 2909 4230 3195 4299; x_wconf 88' lang='lat' dir='ltr'>delibero,</span> <span class='ocrx_word' id='word_1_782' title='bbox 3243 4232 3350 4289; x_wconf 91' lang='lat' dir='ltr'>ubi</span> <span class='ocrx_word' id='word_1_783' title='bbox 3372 4247 3499 4289; x_wconf 88' lang='lat' dir='ltr'>mo-</span> 
     </span>
    </p>
   </div>
   <div class='ocr_carea' id='block_1_108' title="bbox 1833 4315 3499 4394">
    <p class='ocr_par' dir='ltr' id='par_1_108' title="bbox 1833 4315 3499 4394">
     <span class='ocr_line' id='line_1_108' title="bbox 1833 4315 3499 4394; baseline 0.004 -23"><span class='ocrx_word' id='word_1_784' title='bbox 1833 4315 2013 4371; x_wconf 91' lang='lat' dir='ltr'>nachi</span> <span class='ocrx_word' id='word_1_785' title='bbox 2041 4316 2390 4386; x_wconf 85' lang='lat' dir='ltr'>regulariter</span> <span class='ocrx_word' id='word_1_786' title='bbox 2419 4316 2741 4374; x_wconf 91' lang='lat' dir='ltr'>consistere</span> <span class='ocrx_word' id='word_1_787' title='bbox 2765 4317 3045 4391; x_wconf 90' lang='lat' dir='ltr'>debeant,</span> <span class='ocrx_word' id='word_1_788' title='bbox 3095 4320 3256 4377; x_wconf 92' lang='lat' dir='ltr'>dono</span> <span class='ocrx_word' id='word_1_789' title='bbox 3284 4338 3321 4378; x_wconf 78' lang='grc' dir='ltr'><strong><em>ο,</em></strong></span> <span class='ocrx_word' id='word_1_790' title='bbox 3350 4338 3499 4394; x_wconf 86' lang='lat' dir='ltr'>pra-</span> 
     </span>
    </p>
   </div>
   <div class='ocr_carea' id='block_1_109' title="bbox 1835 4404 3492 4479">
    <p class='ocr_par' dir='ltr' id='par_1_109' title="bbox 1835 4404 3492 4479">
     <span class='ocr_line' id='line_1_109' title="bbox 1835 4404 3492 4479; baseline 0.004 -20"><span class='ocrx_word' id='word_1_791' title='bbox 1835 4404 1987 4460; x_wconf 91' lang='lat' dir='ltr'>senti</span> <span class='ocrx_word' id='word_1_792' title='bbox 2012 4405 2225 4461; x_wconf 89' lang='lat' dir='ltr'>ﬁscum</span> <span class='ocrx_word' id='word_1_793' title='bbox 2282 4405 2633 4474; x_wconf 82' lang='lat' dir='ltr'>Floriacum,</span> <span class='ocrx_word' id='word_1_794' title='bbox 2681 4423 2820 4462; x_wconf 91' lang='lat' dir='ltr'>cum</span> <span class='ocrx_word' id='word_1_795' title='bbox 2871 4407 3176 4479; x_wconf 89' lang='lat' dir='ltr'>domibus,</span> <span class='ocrx_word' id='word_1_796' title='bbox 3204 4409 3492 4479; x_wconf 84' lang='lat' dir='ltr'>adiﬁciis,</span> 
     </span>
    </p>
   </div>
   <div class='ocr_carea' id='block_1_110' title="bbox 1832 4492 3498 4565">
    <p class='ocr_par' dir='ltr' id='par_1_110' title="bbox 1832 4492 3498 4565">
     <span class='ocr_line' id='line_1_110' title="bbox 1832 4492 3498 4565; baseline 0.004 -16"><span class='ocrx_word' id='word_1_797' title='bbox 1832 4492 2169 4565; x_wconf 87' lang='lat' dir='ltr'>mancipiis,</span> <span class='ocrx_word' id='word_1_798' title='bbox 2202 4498 2416 4565; x_wconf 89' lang='lat' dir='ltr'>prater</span> <span class='ocrx_word' id='word_1_799' title='bbox 2442 4510 2597 4565; x_wconf 90' lang='lat' dir='ltr'>quos</span> <span class='ocrx_word' id='word_1_800' title='bbox 2617 4495 2766 4565; x_wconf 89' lang='lat' dir='ltr'>jugo</span> <span class='ocrx_word' id='word_1_801' title='bbox 2796 4496 3091 4552; x_wconf 87' lang='lat' dir='ltr'>servitutis</span> <span class='ocrx_word' id='word_1_802' title='bbox 3115 4510 3239 4554; x_wconf 91' lang='lat' dir='ltr'>non</span> <span class='ocrx_word' id='word_1_803' title='bbox 3270 4498 3498 4556; x_wconf 82' lang='lat' dir='ltr'>relaxa-</span> 
     </span>
    </p>
   </div>
   <div class='ocr_carea' id='block_1_111' title="bbox 1836 4580 3492 4660">
    <p class='ocr_par' dir='ltr' id='par_1_111' title="bbox 1836 4580 3492 4660">
     <span class='ocr_line' id='line_1_111' title="bbox 1836 4580 3492 4660; baseline 0.004 -23"><span class='ocrx_word' id='word_1_804' title='bbox 1836 4598 1995 4648; x_wconf 88' lang='lat' dir='ltr'>vero,</span> <span class='ocrx_word' id='word_1_805' title='bbox 2031 4581 2210 4651; x_wconf 88' lang='lat' dir='ltr'>silvis,</span> <span class='ocrx_word' id='word_1_806' title='bbox 2243 4580 2495 4654; x_wconf 90' lang='lat' dir='ltr'>campis,</span> <span class='ocrx_word' id='word_1_807' title='bbox 2524 4582 2727 4655; x_wconf 86' lang='lat' dir='ltr'>pratis,</span> <span class='ocrx_word' id='word_1_808' title='bbox 2760 4583 3021 4655; x_wconf 87' lang='lat' dir='ltr'>pascuis,</span> <span class='ocrx_word' id='word_1_809' title='bbox 3056 4585 3265 4655; x_wconf 88' lang='lat' dir='ltr'>vineis,</span> <span class='ocrx_word' id='word_1_810' title='bbox 3298 4586 3492 4660; x_wconf 90' lang='lat' dir='ltr'>aquis,</span> 
     </span>
    </p>
   </div>
   <div class='ocr_carea' id='block_1_112' title="bbox 1835 4669 3498 4747">
    <p class='ocr_par' dir='ltr' id='par_1_112' title="bbox 1835 4669 3498 4747">
     <span class='ocr_line' id='line_1_112' title="bbox 1835 4669 3498 4747; baseline 0.004 -21"><span class='ocrx_word' id='word_1_811' title='bbox 1835 4686 2210 4743; x_wconf 89' lang='lat' dir='ltr'>aquarumve</span> <span class='ocrx_word' id='word_1_812' title='bbox 2240 4669 2616 4741; x_wconf 88' lang='lat' dir='ltr'>decursibus,</span> <span class='ocrx_word' id='word_1_813' title='bbox 2638 4686 2779 4726; x_wconf 90' lang='lat' dir='ltr'>cum</span> <span class='ocrx_word' id='word_1_814' title='bbox 2804 4672 3105 4743; x_wconf 89' lang='lat' dir='ltr'>adjunctis</span> <span class='ocrx_word' id='word_1_815' title='bbox 3131 4678 3189 4732; x_wconf 90' lang='lat' dir='ltr'>et</span> <span class='ocrx_word' id='word_1_816' title='bbox 3215 4676 3498 4747; x_wconf 86' lang='lat' dir='ltr'>adjacen-</span> 
     </span>
    </p>
   </div>
   <div class='ocr_carea' id='block_1_113' title="bbox 1834 4758 3498 4833">
    <p class='ocr_par' dir='ltr' id='par_1_113' title="bbox 1834 4758 3498 4833">
     <span class='ocr_line' id='line_1_113' title="bbox 1834 4758 3498 4833; baseline 0.004 -17"><span class='ocrx_word' id='word_1_817' title='bbox 1834 4759 1992 4816; x_wconf 90' lang='lat' dir='ltr'>tibus</span> <span class='ocrx_word' id='word_1_818' title='bbox 2043 4758 2166 4814; x_wconf 89' lang='lat' dir='ltr'>suis</span> <span class='ocrx_word' id='word_1_819' title='bbox 2208 4758 2493 4831; x_wconf 89' lang='lat' dir='ltr'>omnique</span> <span class='ocrx_word' id='word_1_820' title='bbox 2543 4775 2758 4830; x_wconf 90' lang='lat' dir='ltr'>genere</span> <span class='ocrx_word' id='word_1_821' title='bbox 2787 4761 3093 4833; x_wconf 89' lang='lat' dir='ltr'>pecudum</span> <span class='ocrx_word' id='word_1_822' title='bbox 3143 4779 3283 4821; x_wconf 91' lang='lat' dir='ltr'>cum</span> <span class='ocrx_word' id='word_1_823' title='bbox 3330 4766 3498 4823; x_wconf 89' lang='lat' dir='ltr'>omni</span> 
     </span>
    </p>
   </div>
   <div class='ocr_carea' id='block_1_114' title="bbox 1829 4849 3497 4925">
    <p class='ocr_par' dir='ltr' id='par_1_114' title="bbox 1829 4849 3497 4925">
     <span class='ocr_line' id='line_1_114' title="bbox 1829 4849 3497 4925; baseline 0.004 -20"><span class='ocrx_word' id='word_1_824' title='bbox 1829 4850 1963 4922; x_wconf 90' lang='lat' dir='ltr'>jure</span> <span class='ocrx_word' id='word_1_825' title='bbox 1995 4853 2051 4905; x_wconf 88' lang='lat' dir='ltr'>et</span> <span class='ocrx_word' id='word_1_826' title='bbox 2080 4849 2334 4906; x_wconf 89' lang='lat' dir='ltr'>termino</span> <span class='ocrx_word' id='word_1_827' title='bbox 2367 4866 2500 4921; x_wconf 93' lang='lat' dir='ltr'>suo,</span> <span class='ocrx_word' id='word_1_828' title='bbox 2530 4850 2681 4907; x_wconf 91' lang='lat' dir='ltr'>sicut</span> <span class='ocrx_word' id='word_1_829' title='bbox 2706 4855 2838 4908; x_wconf 92' lang='lat' dir='ltr'>acto</span> <span class='ocrx_word' id='word_1_830' title='bbox 2870 4855 3140 4925; x_wconf 89' lang='lat' dir='ltr'>tempore</span> <span class='ocrx_word' id='word_1_831' title='bbox 3170 4854 3248 4911; x_wconf 90' lang='lat' dir='ltr'>ad</span> <span class='ocrx_word' id='word_1_832' title='bbox 3276 4856 3497 4911; x_wconf 90' lang='lat' dir='ltr'>ﬁscum</span> 
     </span>
    </p>
   </div>
   <div class='ocr_carea' id='block_1_115' title="bbox 1834 4939 3498 5018">
    <p class='ocr_par' dir='ltr' id='par_1_115' title="bbox 1834 4939 3498 5018">
     <span class='ocr_line' id='line_1_115' title="bbox 1834 4939 3498 5018; baseline 0.002 -21"><span class='ocrx_word' id='word_1_833' title='bbox 1834 4939 1946 4997; x_wconf 83' lang='lat' dir='ltr'>fuit</span> <span class='ocrx_word' id='word_1_834' title='bbox 1972 4956 2322 5013; x_wconf 90' lang='lat' dir='ltr'>possessum</span> <span class='ocrx_word' id='word_1_835' title='bbox 2371 4941 2466 4997; x_wconf 90' lang='lat' dir='ltr'>vel</span> <span class='ocrx_word' id='word_1_836' title='bbox 2518 4941 2596 4997; x_wconf 91' lang='lat' dir='ltr'>ad</span> <span class='ocrx_word' id='word_1_837' title='bbox 2626 4957 2738 4998; x_wconf 90' lang='lat' dir='ltr'>nos</span> <span class='ocrx_word' id='word_1_838' title='bbox 2780 4942 3067 5015; x_wconf 91' lang='lat' dir='ltr'>pervenit.</span> <span class='ocrx_word' id='word_1_839' title='bbox 3120 4943 3404 5018; x_wconf 89' lang='lat' dir='ltr'>Idemque</span> <span class='ocrx_word' id='word_1_840' title='bbox 3435 4945 3498 5001; x_wconf 89' lang='lat' dir='ltr'>in</span> 
     </span>
    </p>
   </div>
   <div class='ocr_carea' id='block_1_116' title="bbox 1838 5029 3498 5104">
    <p class='ocr_par' dir='ltr' id='par_1_116' title="bbox 1838 5029 3498 5104">
     <span class='ocr_line' id='line_1_116' title="bbox 1838 5029 3498 5104; baseline 0.004 -19"><span class='ocrx_word' id='word_1_841' title='bbox 1838 5033 2131 5102; x_wconf 90' lang='lat' dir='ltr'>potestate</span> <span class='ocrx_word' id='word_1_842' title='bbox 2183 5029 2444 5087; x_wconf 84' lang='lat' dir='ltr'>Melliaco</span> <span class='ocrx_word' id='word_1_843' title='bbox 2482 5030 2649 5103; x_wconf 90' lang='lat' dir='ltr'>quod</span> <span class='ocrx_word' id='word_1_844' title='bbox 2703 5046 2813 5104; x_wconf 90' lang='lat' dir='ltr'>per</span> <span class='ocrx_word' id='word_1_845' title='bbox 2849 5031 3209 5089; x_wconf 89' lang='lat' dir='ltr'>venditionis</span> <span class='ocrx_word' id='word_1_846' title='bbox 3259 5033 3498 5090; x_wconf 90' lang='lat' dir='ltr'>titulum</span> 
     </span>
    </p>
   </div>
   <div class='ocr_carea' id='block_1_117' title="bbox 1838 5117 3497 5194">
    <p class='ocr_par' dir='ltr' id='par_1_117' title="bbox 1838 5117 3497 5194">
     <span class='ocr_line' id='line_1_117' title="bbox 1838 5117 3497 5194; baseline 0.002 -21"><span class='ocrx_word' id='word_1_847' title='bbox 1838 5117 2004 5174; x_wconf 90' lang='lat' dir='ltr'>visus</span> <span class='ocrx_word' id='word_1_848' title='bbox 2048 5135 2184 5175; x_wconf 91' lang='lat' dir='ltr'>sum</span> <span class='ocrx_word' id='word_1_849' title='bbox 2216 5134 2627 5192; x_wconf 90' lang='lat' dir='ltr'>comparasse,</span> <span class='ocrx_word' id='word_1_850' title='bbox 2676 5136 2815 5176; x_wconf 90' lang='lat' dir='ltr'>cum</span> <span class='ocrx_word' id='word_1_851' title='bbox 2860 5120 3164 5188; x_wconf 89' lang='lat' dir='ltr'>domibus,</span> <span class='ocrx_word' id='word_1_852' title='bbox 3209 5123 3497 5194; x_wconf 86' lang='lat' dir='ltr'>adiﬁciis,</span> 
     </span>
    </p>
   </div>
   <div class='ocr_carea' id='block_1_118' title="bbox 1837 5210 3502 5283">
    <p class='ocr_par' dir='ltr' id='par_1_118' title="bbox 1837 5210 3502 5283">
     <span class='ocr_line' id='line_1_118' title="bbox 1837 5210 3502 5283; baseline 0.004 -17"><span class='ocrx_word' id='word_1_853' title='bbox 1837 5210 2172 5283; x_wconf 90' lang='lat' dir='ltr'>mancipiis,</span> <span class='ocrx_word' id='word_1_854' title='bbox 2194 5210 2299 5283; x_wconf 90' lang='lat' dir='ltr'>qui</span> <span class='ocrx_word' id='word_1_855' title='bbox 2327 5225 2365 5266; x_wconf 90' lang='lat' dir='ltr'>a</span> <span class='ocrx_word' id='word_1_856' title='bbox 2388 5226 2486 5267; x_wconf 91' lang='lat' dir='ltr'>me</span> <span class='ocrx_word' id='word_1_857' title='bbox 2514 5210 2747 5267; x_wconf 89' lang='lat' dir='ltr'>liberati</span> <span class='ocrx_word' id='word_1_858' title='bbox 2777 5226 2899 5269; x_wconf 91' lang='lat' dir='ltr'>non</span> <span class='ocrx_word' id='word_1_859' title='bbox 2930 5211 3311 5282; x_wconf 89' lang='lat' dir='ltr'>fuerint,cum</span> <span class='ocrx_word' id='word_1_860' title='bbox 3341 5232 3502 5272; x_wconf 87' lang='lat' dir='ltr'>cam-</span> 
     </span>
    </p>
   </div>
   <div class='ocr_carea' id='block_1_119' title="bbox 1836 5299 3503 5380">
    <p class='ocr_par' dir='ltr' id='par_1_119' title="bbox 1836 5299 3503 5380">
     <span class='ocr_line' id='line_1_119' title="bbox 1836 5299 3503 5380; baseline 0.005 -25"><span class='ocrx_word' id='word_1_861' title='bbox 1836 5300 1929 5373; x_wconf 91' lang='lat' dir='ltr'>pis</span> <span class='ocrx_word' id='word_1_862' title='bbox 1956 5299 2128 5356; x_wconf 90' lang='lat' dir='ltr'>cultis</span> <span class='ocrx_word' id='word_1_863' title='bbox 2149 5306 2205 5356; x_wconf 92' lang='lat' dir='ltr'>et</span> <span class='ocrx_word' id='word_1_864' title='bbox 2233 5300 2496 5369; x_wconf 89' lang='lat' dir='ltr'>incultis,</span> <span class='ocrx_word' id='word_1_865' title='bbox 2529 5317 2635 5357; x_wconf 89' lang='lat' dir='ltr'>seu</span> <span class='ocrx_word' id='word_1_866' title='bbox 2680 5301 2920 5358; x_wconf 81' lang='lat' dir='ltr'>ofﬁcina</span> <span class='ocrx_word' id='word_1_867' title='bbox 2974 5303 3305 5361; x_wconf 91' lang='lat' dir='ltr'>molendini</span> <span class='ocrx_word' id='word_1_868' title='bbox 3333 5306 3503 5380; x_wconf 89' lang='lat' dir='ltr'>quod</span> 
     </span>
    </p>
   </div>
   <div class='ocr_carea' id='block_1_120' title="bbox 1837 5389 3502 5467">
    <p class='ocr_par' dir='ltr' id='par_1_120' title="bbox 1837 5389 3502 5467">
     <span class='ocr_line' id='line_1_120' title="bbox 1837 5389 3502 5467; baseline 0.005 -22"><span class='ocrx_word' id='word_1_869' title='bbox 1837 5391 1898 5445; x_wconf 91' lang='lat' dir='ltr'>in</span> <span class='ocrx_word' id='word_1_870' title='bbox 1923 5389 2109 5447; x_wconf 86' lang='lat' dir='ltr'>Malva</span> <span class='ocrx_word' id='word_1_871' title='bbox 2136 5390 2346 5463; x_wconf 92' lang='lat' dir='ltr'>inipso</span> <span class='ocrx_word' id='word_1_872' title='bbox 2374 5391 2663 5448; x_wconf 90' lang='lat' dir='ltr'>territorio</span> <span class='ocrx_word' id='word_1_873' title='bbox 2684 5407 2819 5448; x_wconf 89' lang='lat' dir='ltr'>esse</span> <span class='ocrx_word' id='word_1_874' title='bbox 2848 5391 3171 5464; x_wconf 89' lang='lat' dir='ltr'>videtur,in</span> <span class='ocrx_word' id='word_1_875' title='bbox 3200 5393 3502 5467; x_wconf 89' lang='lat' dir='ltr'>integrum</span> 
     </span>
    </p>
   </div>
   <div class='ocr_carea' id='block_1_121' title="bbox 1812 5479 3504 5555">
    <p class='ocr_par' dir='ltr' id='par_1_121' title="bbox 1812 5479 3504 5555">
     <span class='ocr_line' id='line_1_121' title="bbox 1812 5479 3504 5555; baseline 0.005 -21"><span class='ocrx_word' id='word_1_876' title='bbox 1812 5495 1977 5548; x_wconf 39' lang='lat' dir='ltr'>.cum</span> <span class='ocrx_word' id='word_1_877' title='bbox 2003 5479 2256 5536; x_wconf 88' lang='lat' dir='ltr'>termino</span> <span class='ocrx_word' id='word_1_878' title='bbox 2287 5496 2397 5536; x_wconf 90' lang='lat' dir='ltr'>suo</span> <span class='ocrx_word' id='word_1_879' title='bbox 2427 5484 2484 5537; x_wconf 91' lang='lat' dir='ltr'>et</span> <span class='ocrx_word' id='word_1_880' title='bbox 2509 5480 2674 5537; x_wconf 89' lang='lat' dir='ltr'>omni</span> <span class='ocrx_word' id='word_1_881' title='bbox 2705 5496 2921 5551; x_wconf 88' lang='lat' dir='ltr'>genere</span> <span class='ocrx_word' id='word_1_882' title='bbox 2950 5482 3437 5555; x_wconf 87' lang='lat' dir='ltr'>pecudum,sicut</span> <span class='ocrx_word' id='word_1_883' title='bbox 3466 5500 3504 5542; x_wconf 88' lang='lat' dir='ltr'>a</span> 
     </span>
    </p>
   </div>
   <div class='ocr_carea' id='block_1_122' title="bbox 1837 5568 3503 5645">
    <p class='ocr_par' dir='ltr' id='par_1_122' title="bbox 1837 5568 3503 5645">
     <span class='ocr_line' id='line_1_122' title="bbox 1837 5568 3503 5645; baseline 0.002 -20"><span class='ocrx_word' id='word_1_884' title='bbox 1837 5582 1935 5625; x_wconf 92' lang='lat' dir='ltr'>me</span> <span class='ocrx_word' id='word_1_885' title='bbox 1964 5583 2315 5641; x_wconf 90' lang='lat' dir='ltr'>possessum</span> <span class='ocrx_word' id='word_1_886' title='bbox 2338 5568 2738 5637; x_wconf 89' lang='lat' dir='ltr'>est,concedo;</span> <span class='ocrx_word' id='word_1_887' title='bbox 2768 5587 2874 5627; x_wconf 88' lang='lat' dir='ltr'>seu</span> <span class='ocrx_word' id='word_1_888' title='bbox 2892 5574 2951 5628; x_wconf 87' lang='lat' dir='ltr'>et</span> <span class='ocrx_word' id='word_1_889' title='bbox 2980 5572 3147 5645; x_wconf 90' lang='lat' dir='ltr'>quod</span> <span class='ocrx_word' id='word_1_890' title='bbox 3167 5572 3243 5630; x_wconf 94' lang='lat' dir='ltr'>de</span> <span class='ocrx_word' id='word_1_891' title='bbox 3256 5572 3503 5631; x_wconf 75' lang='lat' dir='ltr'>haeredi—</span> 
     </span>
    </p>
   </div>
   <div class='ocr_carea' id='block_1_123' title="bbox 1837 5655 3502 5733">
    <p class='ocr_par' dir='ltr' id='par_1_123' title="bbox 1837 5655 3502 5733">
     <span class='ocr_line' id='line_1_123' title="bbox 1837 5655 3502 5733; baseline 0.005 -22"><span class='ocrx_word' id='word_1_892' title='bbox 1837 5655 1954 5712; x_wconf 90' lang='lat' dir='ltr'>bus</span> <span class='ocrx_word' id='word_1_893' title='bbox 1987 5656 2232 5714; x_wconf 89' lang='lat' dir='ltr'>Pauloni</span> <span class='ocrx_word' id='word_1_894' title='bbox 2254 5659 2636 5730; x_wconf 78' lang='lat' dir='ltr'>negotiatoris</span> <span class='ocrx_word' id='word_1_895' title='bbox 2658 5660 2970 5733; x_wconf 87' lang='lat' dir='ltr'>quondam</span> <span class='ocrx_word' id='word_1_896' title='bbox 2990 5661 3152 5719; x_wconf 91' lang='lat' dir='ltr'>visus</span> <span class='ocrx_word' id='word_1_897' title='bbox 3178 5679 3313 5719; x_wconf 90' lang='lat' dir='ltr'>sum</span> <span class='ocrx_word' id='word_1_898' title='bbox 3344 5676 3502 5719; x_wconf 86' lang='lat' dir='ltr'>com-</span> 
     </span>
    </p>
   </div>
   <div class='ocr_carea' id='block_1_124' title="bbox 1838 5747 3499 5826">
    <p class='ocr_par' dir='ltr' id='par_1_124' title="bbox 1838 5747 3499 5826">
     <span class='ocr_line' id='line_1_124' title="bbox 1838 5747 3499 5826; baseline -0.001 -21"><span class='ocrx_word' id='word_1_899' title='bbox 1838 5761 2283 5821; x_wconf 87' lang='lat' dir='ltr'>parasse,areas</span> <span class='ocrx_word' id='word_1_900' title='bbox 2302 5747 2594 5808; x_wconf 88' lang='lat' dir='ltr'>scilicetin</span> <span class='ocrx_word' id='word_1_901' title='bbox 2607 5750 2832 5826; x_wconf 89' lang='lat' dir='ltr'>oppido</span> <span class='ocrx_word' id='word_1_902' title='bbox 2852 5750 3103 5810; x_wconf 85' lang='lat' dir='ltr'>civitatis</span> <span class='ocrx_word' id='word_1_903' title='bbox 3124 5751 3499 5810; x_wconf 79' lang='lat' dir='ltr'>Aurelianen-</span> 
     </span>
    </p>
   </div>
   <div class='ocr_carea' id='block_1_125' title="bbox 3111 5843 3179 5897">
    <p class='ocr_par' dir='ltr' id='par_1_125' title="bbox 3111 5843 3179 5897">
     <span class='ocr_line' id='line_1_125' title="bbox 3111 5843 3179 5897; baseline -0.015 0"><span class='ocrx_word' id='word_1_904' title='bbox 3111 5843 3179 5897; x_wconf 85' lang='lat'><strong>29</strong></span> 
     </span>
    </p>
   </div>
  </div>
