3892 6444
459 325 559 375 907
1648 318 1939 374 ROBERTI
1979 314 2087 369 ΗΕ(

2268 314 2661 373 BANCORUM.
3816 328 3871 377 9οτ

460 442 639 508 sium,
698 457 835 496 eum
864 440 1144 496 domibus
1200 440 1457 512 desuper
1494 440 1718 512 positis,
1777 438 2096 495 accolabus
2128 430 2176 483 Α
2214 438 2300 489 est
2326 441 2725 494 constructum
2784 440 3062 508 Floriaco,
3094 440 3359 513 duplum
3398 442 3606 515 quod
3643 442 3723 498 ad
3774 443 3871 515 ipsa:

458 531 686 586 ibidem
715 527 1229 598 residentibus,vel
1260 528 1462 583 vineas
1487 530 1563 583 ad
1590 529 1879 601 oppidum
1913 526 2098 598 ipsius

460 619 705 675 civitatis
757 619 1132 693 pertinentes,
1183 635 1285 672 seu
1344 622 1399 672 et
1439 618 1644 672 locella
1686 618 1977 679 villarum,
2010 631 2103 669 co-

458 707 804 778 gnominata
834 711 1053 773 Curun,
1086 707 1462 775 Canavarias,
1500 707 1871 779 Simpliciano
1904 709 1957 760 et
1996 707 2101 759 Ga-

454 797 599 853 liace
655 797 811 854 ultra
886 796 1136 852 fluvium
1197 796 1436 865 Ligeris,
1494 796 1659 869 quod
1712 796 1849 851 dato
1914 795 2100 867 pretio

455 891 727 942 anteacto
757 890 1024 958 tempore
1060 886 1220 941 visus
1250 902 1381 941 sum
1415 902 1815 958 comparasse.
1854 883 2014 940 Unde
2047 887 2101 937 et

453 975 512 1030 in
540 975 767 1045 judicio
800 980 935 1031 ante
987 974 1180 1029 virum
1207 974 1597 1047 apostolicum
1646 975 1937 1029 domuum
1983 977 2098 1027 Au-

455 1064 720 1119 doenum
750 1064 1120 1137 episcopum,
1153 1068 1205 1120 et
1236 1063 1518 1118 illustrem
1550 1065 1741 1119 virum
1772 1062 2099 1118 Chrannul-

455 1150 584 1207 fum
615 1153 981 1225 optimatem,
1013 1151 1105 1208 vel
1128 1151 1384 1223 reliquos
1423 1152 1670 1207 abbates
1717 1153 1989 1206 convenit
2015 1155 2094 1217 ut,

455 1257 526 1296 ex
557 1242 838 1297 omnibus
872 1247 992 1298 tam
1026 1240 1087 1297 in
1114 1242 1278 1297 terris
1307 1258 1489 1313 quam
1521 1241 1578 1295 in
1620 1240 1953 1313 mancipiis,
1996 1257 2098 1293 seu

453 1333 508 1384 et
534 1328 1137 1396 vineis,medictatem
1168 1327 1379 1383 exinde
1407 1346 1545 1400 pars
1578 1328 1832 1382 basilicae
1862 1328 2096 1381 douinze

450 1417 639 1473 Maria:
672 1418 962 1486 retineret,
995 1422 1051 1472 et
1081 1417 1259 1472 aliam
1292 1418 1670 1471 medietatem
1714 1416 1771 1470 in
1806 1433 1939 1470 meo
1966 1416 2097 1485 jure

448 1506 508 1559 in
553 1506 778 1572 integro
826 1504 1107 1561 deberem
1150 1505 1426 1579 recipere.
1482 1512 1670 1570 Quam
1724 1505 2098 1559 medietatem

449 1611 655 1650 eorum
681 1595 908 1666 judicio
939 1595 1100 1650 visus
1130 1612 1263 1650 sum
1292 1595 1605 1667 recepisse.
1636 1600 1826 1665 Ipsam
1858 1593 2016 1648 enim
2039 1593 2095 1647 in

447 1683 745 1752 integrum
792 1683 868 1739 ad
919 1690 1319 1740 memoratum
1366 1685 1795 1738 monasterium
1844 1684 1897 1738 S.
1952 1682 2097 1736 Petri

2212 524 2491 581 basilicas
2516 529 2675 599 dedi,
2702 531 2871 598 juxta
2903 531 3063 602 quod
3098 548 3190 585 res
3221 532 3379 602 ipsas
3425 532 3869 589 meliorataafa?

2211 612 2344 682 rint,
2376 614 2518 687 ipsis
2550 618 2869 673 abbatibus
2915 620 3008 673 vel
3036 621 3357 675 monachis
3417 620 3690 677 ibidem
3730 623 3872 677 deser-

2209 703 2827 778 vieutibusrcformet,
2858 714 2912 763 et
2954 710 3079 763 fisci
3116 710 3360 779 juribus
3414 711 3577 766 auri
3634 712 3808 767 libras
3831 732 3871 766 ιν.

2210 794 2437 861 argenti
2466 797 2668 868 pondo
2692 814 2768 851 xx
2801 801 3069 853 teneatur
3102 798 3437 855 obnoxius.
3496 804 3719 866 Quam
3745 803 3871 856 (loni-

2210 881 2453 951 tiouem,
2485 889 2547 938 ut
2575 886 2801 939 firmior
2826 886 3140 955 habeatur,
3184 888 3370 957 gestis
3420 890 3871 962 municipatim

2210 969 2449 1034 alligare
2480 973 2730 1045 decrevi,
2766 979 2820 1029 et
2854 974 3007 1028 duas
3035 976 3323 1047 epistolas
3352 994 3490 1032 uno
3522 982 3745 1033 tenore
3774 998 3872 1034 ροβ-

2210 1060 2459 1129 scriptas
2491 1060 2597 1115 feci
2646 1062 2719 1116 de
2752 1079 2810 1116 re
2863 1066 3134 1134 superius
3176 1065 3511 1121 nominata
3542 1085 3557 1122 :
3618 1084 3745 1123 una
3778 1086 3871 1140 qm

2209 1146 2268 1200 in
2301 1150 2538 1203 arehivo
2565 1150 2770 1204 domui
2797 1152 3053 1206 resideat
3083 1152 3320 1220 Aniaui,
3357 1152 3568 1209 aliam
3608 1172 3752 1211 vero
3775 1173 3872 1229 pars

2212 1237 2557 1291 monasterii
2584 1238 2787 1294 domui
2820 1240 2965 1295 Petri
3014 1258 3120 1312 per
3150 1242 3353 1296 futura
3383 1246 3697 1316 tempora
3727 1263 3872 1301 rescr-

2208 1326 2470 1381 vandam
2528 1328 2789 1399 recipiat,
2839 1330 3090 1402 qualiter
3139 1332 3434 1387 monachi
3488 1335 3745 1391 ibidem
3792 1340 3871 1390 llr»

2208 1413 2547 1481 servientes,
2600 1415 2657 1469 id
2689 1418 2850 1489 quod
2896 1419 2976 1472 eis
3005 1435 3110 1491 per
3139 1419 3338 1491 ipsam
3383 1421 3543 1476 dedi
3588 1423 3871 1481 defensat»;

2207 1503 2462 1557 valeant.
2490 1508 2550 1559 Et
2582 1520 2844 1576 praesens
2885 1507 3274 1563 nihilominus
3303 1525 3339 1563 a
3368 1526 3472 1565 me
3512 1509 3691 1569 facta
3727 1515 3872 1569 dona

2209 1591 2303 1651 tio,
2357 1593 2530 1647 firma
2573 1594 2737 1648 omni
2766 1599 3033 1666 tempore
3081 1600 3138 1651 et
3171 1596 3463 1654 inviolata
3509 1610 3872 1671 permaneat,

2208 1680 2580 1751 stipulatione
2612 1682 2669 1736 in
2702 1683 2983 1738 omnibus
3014 1685 3483 1756 comprehensa.
3528 1692 3763 1746 Actum
3794 1700 3872 1745 Au

450 1773 708 1830 Floriaco
740 1777 1148 1828 constructum
1197 1772 1406 1841 delego
1444 1773 1859 1845 perpetualiter
1904 1770 2094 1844 possi-
2127 1792 2168 1846 Β
2207 1768 2441 1823 ι’ρΙΞέιυὶς
2472 1770 2723 1840 publice.
2754 1772 2903 1826 Addi
2939 1788 3071 1828 vero
3095 1774 3377 1829 convenit
3402 1777 3585 1847 quod
3620 1782 3872 1852 superine

446 1863 728 1919 deudam.
784 1862 1088 1934 Simulque
1132 1866 1187 1917 et
1230 1862 1528 1917 Asinarias
1572 1862 1791 1927 villam,
1833 1878 1966 1933 qum
2008 1865 2096 1914 est

444 1951 504 2006 in
537 1950 684 2006 valle
716 1967 850 2022 quae
882 1950 954 2003 de
993 1950 1221 2004 ratione
1251 1950 1488 2004 illustris
1541 1950 1643 2003 viri
1676 1949 1959 2003 Trodovei
1992 1965 2093 2020 per

446 2038 930 2095 commutatiouis
981 2037 1279 2109 epistolas,
1326 2043 1620 2110 quantum
1670 2043 1857 2093 textus
1888 2054 2094 2093 earum

446 2129 727 2193 declarat,
760 2127 838 2183 ad
868 2144 962 2182 me
1010 2128 1292 2200 pervenit,
1321 2128 1467 2182 dum
1499 2144 1607 2195 ego
1657 2146 1684 2181 e
1712 2132 1916 2183 contra
1961 2145 2092 2199 por-

448 2216 670 2272 tionem
701 2215 885 2283 illam,
915 2232 1050 2286 quae
1082 2220 1168 2271 est
1191 2216 1250 2271 in
1285 2219 1604 2283 Suncauto,
1654 2217 1742 2270 vel
1771 2218 2091 2271 Warentias

447 2304 614 2377 quod
670 2304 743 2359 de
774 2303 1057 2359 Machilde
1109 2303 1329 2359 femina
1372 2305 1683 2375 quondam
1722 2304 1861 2359 dato
1907 2307 2091 2377 pretio

447 2410 553 2466 per
580 2392 936 2448 venditionis
969 2392 1202 2447 titulum
1249 2394 1626 2465 comparavi;
1657 2399 1711 2449 et
1762 2395 1874 2449 hoc
1902 2395 1977 2449 ad
2012 2395 2090 2448 vi-

447 2499 577 2537 cem
607 2479 920 2537 memorati
978 2481 1265 2537 Trodovei
1297 2482 1529 2537 dedisse
1562 2484 1719 2537 visus
1768 2483 1846 2537 fui
1872 2482 1931 2537 in
1961 2483 2091 2554 ipsa

442 2572 583 2627 villa
611 2570 931 2636 Asinarias,
975 2587 1114 2642 pars
1154 2572 1463 2626 memorati
1512 2572 1857 2627 monasterii
1884 2572 2091 2627 domui

442 2660 609 2727 Petri,
637 2659 800 2732 quod
834 2665 919 2714 est
952 2658 1210 2715 Floriaco
1242 2665 1668 2730 constructum,
1703 2661 1760 2714 in
1792 2661 2089 2731 integrum

441 2749 669 2823 absque
693 2748 1011 2819 cujuslibet
1035 2749 1487 2822 impedimento,
1523 2767 1661 2805 eum
1692 2751 1855 2804 omni
1874 2750 2008 2820 jure
2037 2754 2091 2805 et

441 2837 711 2905 termino,
741 2836 891 2892 sicut
919 2853 954 2893 a
990 2854 1085 2893 me
1116 2855 1464 2911 possessum
1510 2843 1614 2904 est,
1649 2855 1945 2911 omneque
1998 2854 2090 2907 ge-

442 2941 554 2980 nus
584 2925 885 2997 pecudum
926 2925 1149 2980 ibidem
1191 2926 1457 2981 residens
1504 2927 1745 3001 recipiat
1785 2927 2091 3001 possiden-

443 3013 609 3068 dum.
643 3017 824 3068 Areas
869 3029 1009 3068 vero
1039 3013 1192 3070 infra
1232 3030 1436 3069 muros
1462 3016 1808 3085 Aureliauis,
1840 3033 1992 3089 quas
2016 3016 2089 3069 de

446 3102 724 3159 Cronulfo
779 3101 989 3157 clerico
1016 3101 1156 3158 dato
1186 3104 1373 3176 pretio
1421 3121 1527 3177 per
1568 3105 1922 3160 venditionis
1965 3106 2090 3159 titu-

440 3190 569 3246 lum
597 3190 761 3245 visus
792 3207 924 3245 sum
953 3207 1360 3263 comparasse,
1392 3192 1495 3248 ubi
1534 3193 1856 3248 Leobastus
1887 3194 2088 3249 accola

443 3295 824 3334 commanere
872 3278 1122 3347 videtur,
1157 3279 1234 3334 ad
1264 3280 1616 3351 praedictum
1659 3283 2087 3337 monasterium

442 3367 649 3423 domui
676 3371 842 3429 Petri.
882 3367 965 3423 vel
996 3368 1307 3424 monachis
1350 3368 1573 3425 ibidem
1600 3369 1974 3441 degentibus,
2007 3371 2089 3425 in-

438 3459 606 3527 tegra
630 3457 933 3513 voluntate
986 3456 1127 3512 dare
1167 3457 1442 3513 de;erno.
1497 3458 1769 3515 Similiter
1797 3462 1855 3515 et
1896 3460 2090 3515 cabal-

433 3544 525 3602 los
549 3562 665 3602 xxx
706 3545 924 3614 bonos,
972 3561 1182 3616 greges
1227 3546 1479 3620 equinos
1508 3564 1547 3603 Χ
1584 3565 1722 3603 cum
1769 3548 2086 3605 emissariis

431 3653 661 3704 eorum,
692 3636 880 3693 boum
937 3652 1144 3709 greges
1187 3653 1284 3705 xx,
1335 3654 1658 3693 vaccarum
1694 3656 1741 3705 v,
1793 3644 2087 3694 armento-

431 3742 569 3784 rum
596 3744 652 3783 Χ.

503 3813 847 3880 Argentum,
879 3810 1043 3883 quod
1069 3810 1147 3866 ad
1176 3810 1374 3884 ipsum
1400 3812 1830 3867 monasterium
1879 3813 2087 3868 domui

432 3899 612 3968 Petri,
640 3899 737 3953 vel
782 3898 1094 3954 monachis
1126 3899 1349 3955 ibidem
1391 3898 1860 3957 deservientibus
1899 3903 2083 3965 dono.

433 4000 545 4058 per
569 3985 752 4055 hujus
793 3986 934 4041 texti
956 3985 1223 4054 vigorem
1275 3988 1660 4044 inserendum
1705 3992 1931 4062 putavi,
1971 3992 2084 4047 hoc

437 4077 526 4130 est
553 4073 914 4130 bacchoaica
939 4091 1091 4147 pura
1119 4075 1370 4143 sigillata
1398 4078 1795 4136 transmarina
1825 4097 2086 4152 pensan-

435 4162 516 4218 tia
544 4162 749 4236 pondo
778 4160 960 4218 libras
992 4180 1050 4233 x,
1099 4180 1357 4237 quorum
1390 4182 1545 4220 unus
1590 4166 1770 4223 habet
1797 4168 1855 4223 in
1886 4170 2084 4225 medio

434 4267 673 4307 crucem
699 4268 963 4307 auream.
1001 4255 1165 4307 Dono
1196 4257 1251 4308 et
1294 4253 1620 4317 scutellam,
1654 4273 1787 4329 quae
1814 4257 1996 4313 habet
2025 4258 2083 4313 in

431 4340 632 4397 medio
681 4340 937 4411 efﬁgiem
981 4341 1188 4414 capitis
1234 4342 1492 4399 hominis
1541 4344 1714 4400 simili
1754 4347 1936 4403 modo
1976 4364 2082 4403 au-

430 4446 632 4509 ream;
662 4430 942 4503 idemque
963 4434 1019 4486 et
1065 4431 1217 4487 duas
1260 4433 1531 4490 scutellas
1561 4435 1821 4491 minores
1868 4438 2079 4493 massi-

429 4519 646 4575 lienses
689 4519 1024 4587 deauratas,
1076 4538 1211 4594 quas
1256 4522 1483 4579 habent
1524 4524 1584 4578 in
1630 4525 1830 4581 medio
1878 4544 2080 4582 cruces

429 4609 718 4666 niellatas.
753 4611 893 4675 Qum
947 4608 1173 4683 species
1204 4611 1433 4680 argenti
1484 4611 1543 4668 in
1561 4613 1693 4684 jure
1720 4618 1777 4670 et
1812 4614 2082 4672 domina-

429 4699 587 4755 tione
617 4699 927 4755 memorati
958 4700 1303 4755 monasterii
1343 4700 1551 4757 domni
1575 4702 1725 4757 Petri
1746 4705 2081 4775 perenniter

2206 1857 2476 1912 intimare
2507 1859 2927 1927 debueramus,
2964 1867 3028 1917 ut
3051 1862 3352 1934 quidquid
3382 1865 3660 1937 praefato
3697 1885 3872 1924 mons.

2206 1946 2378 2000 sterio
2419 1947 2625 2001 domui
2656 1949 2801 2002 Petri
2837 1949 3241 2018 Floriacensis,
3289 1952 3459 2024 quod
3492 1969 3618 2009 nos
3675 1973 3715 2013 a
3747 1975 3871 2013 now

2204 2037 2662 2105 construximus,
2689 2037 3097 2105 delegavimus
3125 2044 3182 2094 et
3206 2053 3242 2094 a
3265 2039 3579 2097 tlmoratis
3614 2044 3768 2101 viris
3806 2048 3872 2099 de:

2201 2124 2463 2191 legatum
2492 2126 2660 2179 fuerit
2689 2125 2748 2179 in
2802 2132 3143 2197 posterum;
3178 2128 3483 2201 quidquid
3531 2133 3773 2205 abbas,
3799 2137 3872 2208 qui

2200 2213 2422 2267 ibidem
2452 2214 2767 2285 praefuerit,
2821 2215 3033 2270 exinde
3073 2216 3325 2272 voluerit
3352 2218 3585 2292 facere,
3635 2240 3759 2296 pro
3789 2243 3872 2279 usu

2203 2303 2443 2357 utilitate
2490 2304 2831 2358 monasterii
2877 2304 3086 2376 ipsius,
3126 2305 3220 2361 vel
3276 2305 3447 2363 lucro
3509 2313 3756 2369 animae
3800 2323 3872 2369 aut

2200 2390 2448 2446 fratrum
2505 2392 2869 2455 necessitate,
2926 2392 3179 2449 liberam
3228 2393 3455 2453 habeat
3513 2406 3872 2471 potestatem

2200 2478 2431 2550 absque
2495 2480 2847 2535 detrimento
2899 2486 2954 2535 et
3004 2481 3443 2555 impedimento
3499 2503 3689 2563 saepe
3763 2493 3868 2546 dicti

2200 2567 2561 2621 monasterii.

2275 2656 2661 2711 Leodebodus
2696 2661 2971 2727 peccator
2992 2657 3473 2731 abbas,epistola
3508 2680 3550 2719 a
3585 2681 3700 2722 me
3724 2670 3863 2725 facta.

2270 2745 2592 2799 Audoenus
2618 2750 2892 2815 peccator
2940 2748 3284 2823 episcopus,
3331 2759 3604 2821 rogante
3650 2774 3869 2813 venera-

2200 2832 2297 2887 bili
2331 2834 2475 2903 viro,
2513 2835 2864 2890 Leodebmlo
2907 2836 3148 2904 abbate,
3200 2838 3363 2894 hanc
3419 2842 3773 2913 epistolam
3808 2864 3866 2902 rc-

2196 2920 2307 2987 legi
2343 2928 2397 2976 et
2423 2922 2763 2993 subscripsi.

2270 3009 2681 3077 Leodegarius,
2716 3028 2784 3066 ac
2816 3011 2861 3065 si
2912 3012 3197 3083 indignus
3234 3015 3601 3092 episcopus,
3641 3034 3864 3094 rogante

2197 3097 2549 3152 Leodcbodo
2573 3098 2808 3165 abbate,
2834 3100 2988 3154 hanc
3019 3101 3360 3158 devotionis
3391 3107 3534 3177 ejus
3567 3112 3863 3184 epistolam

2196 3188 2430 3242 ﬁrmavi
2455 3188 2517 3243 in
2543 3189 2750 3243 Christi
2782 3191 3043 3245 nomine.

2266 3277 2618 3332 Beeeelenus
2644 3277 2822 3333 abba.

2272 3366 2398 3421 Αᾱο
2430 3366 2609 3422 abba.

2272 3453 2552 3510 Salomon
2581 3454 2763 3509 abba.

2268 3543 2623 3599 Leutsindus
2653 3543 2833 3599 abba.

2268 3632 2580 3700 Burgulfus
2608 3631 2939 3704 presbyter.

2266 3721 2534 3788 lligeeius
2558 3721 2846 3777 diaconus
2878 3727 2933 3777 et
2961 3721 3410 3781 vicedominus.

2264 3810 2544 3866 Martinus
2574 3810 2883 3866 diaconus.

2264 3901 2417 3954 Boso
2447 3898 2755 3954 diaconus.

2263 3994 2696 4057 Agneramnus.
2724 3986 3115 4058 Dagobertus.

2262 4078 2712 4135 Mummolenus.
2737 4078 3062 4150 Vapiugus.

2266 4167 2572 4236 Sigirigus.
2605 4167 3047 4223 Framesindus.

2262 4257 2596 4312 Autbertus.
2633 4256 2915 4313 Salomon
2943 4256 3064 4312 sive
3096 4258 3275 4315 Boso.

2262 4346 2578 4419 Pappolus.
2614 4345 2960 4403 Sisobaldus
2990 4347 3113 4402 sive
3147 4349 3326 4406 Saxo.

2261 4434 2656 4505 Amuegisilus
2682 4436 2864 4491 testis.

2263 4526 2580 4579 Manasses.
2613 4523 3024 4580 Authacarius.

2260 4617 2468 4671 Nonno
2500 4613 2811 4670 Hildulfus.

2259 4703 2612 4759 Grimoldus.
2650 4702 2957 4773 Segonius.

2257 4797 2426 4849 Anno
2458 4792 2886 4848 lncarnationis
2916 4792 3239 4850 Dominicee
3264 4797 3552 4865 623,data
3572 4801 3637 4856 in
3658 4818 3871 4859 mens.

2182 4881 2376 4952 Junio,
2410 4898 2569 4938 anno
2594 4897 2633 4937 ιι
2683 4882 2890 4937 domui
2943 4882 3221 4939 Clodovei
3253 4885 3637 4943 Francorum
3685 4895 3872 4962 regis

2183 4969 2287 5024 filii
2313 4970 2629 5041 Dagoberti
2661 4970 2936 5040 Seuioris,
2971 4976 3320 5030 sanctorum
3366 4976 3650 5051 Dionysii
3682 4983 3872 5039 socio

2182 5074 2438 5133 rumque
2468 5063 2596 5131 ejus
2623 5059 2737 5115 loci
2767 5059 3001 5116 miriﬁci
3031 5065 3484 5120 constructoris.

2254 5149 2353 5204 Hie
2375 5154 2572 5206 autem
2585 5150 2922 5221 praecipuus
2943 5149 3104 5206 abba
3121 5151 3872 5234 Leodebodus,quantuu

2179 5237 2380 5293 locum
2422 5238 2850 5294 Floriacensem
2880 5238 3166 5308 dilexerit,
3217 5240 3279 5294 in
3320 5241 3729 5314 quibusdam
3766 5254 3871 5307 sui;

2179 5326 2347 5382 factis
2380 5326 2623 5397 agnosci
2649 5327 2822 5382 valet.
2856 5331 3002 5384 Nam
3042 5328 3106 5383 in
3136 5328 3480 5387 Camberon
3512 5338 3579 5390 et
3622 5340 3872 5397 Rosdo:

2178 5415 2329 5470 villis
2356 5432 2391 5472 a
2418 5433 2478 5472 se
2512 5419 2566 5473 S.
2598 5419 2766 5472 Petro
2797 5417 2970 5487 datis,
2996 5416 3154 5473 hanc
3186 5417 3311 5491 ipse
3343 5429 3872 5487 consuetudinem

2179 5505 2363 5559 tenuit
2379 5510 2433 5559 et
2450 5505 2729 5561 fratribus
2742 5506 3218 5562 Floriacensibus
3238 5510 3581 5570 tenendam
3602 5518 3872 5594 reliqui:

2176 5597 2242 5649 ut
2284 5594 2525 5665 quilibet
2568 5595 2879 5663 Ecelesias,
2926 5595 2985 5651 in
3034 5612 3293 5669 quarum
3343 5603 3680 5671 parochiis
3743 5609 3872 5684 ipss

2176 5683 2325 5739 villaa
2358 5686 3070 5757 sunt,possideret,media
3097 5702 3240 5758 pars
3270 5687 3531 5747 decimae
3570 5683 3872 5769 agrorua

2176 5776 2232 5829 et
2258 5773 2567 5835 vinearum
2596 5775 2658 5830 in
2673 5774 3045 5846 quibusdam
3066 5774 3214 5833 locis
3230 5775 3517 5849 ipsarum
3549 5786 3872 5849 villarum

426 4792 820 4861 permaneant
874 4787 1028 4844 volo.
1078 4790 1158 4843 De
1215 4789 1576 4845 vestimentis
1626 4808 1789 4859 vero,
1840 4809 1974 4865 quas
2018 4794 2077 4849 in

428 4881 776 4950 paupertate
799 4893 935 4932 mea
964 4876 1183 4932 habere
1204 4877 1427 4944 videor,
1461 4881 1675 4952 praeter
1702 4879 1763 4934 id
1790 4881 1954 4953 quod
1988 4899 2081 4937 su-

427 4966 626 5039 perius
663 4964 924 5021 basilicae
972 4964 1181 5020 domui
1207 4964 1398 5020 Aliani
1441 4965 1729 5035 delegavi,
1780 4969 2077 5043 reliquum

425 5053 593 5128 quod
622 5053 991 5126 superfuerit,
1044 5070 1184 5126 pars
1242 5051 1450 5109 domui
1496 5056 1645 5110 Petri
1697 5056 2076 5115 Floriacensis

424 5142 671 5214 recipiat
701 5142 779 5199 ad
807 5141 1261 5215 possidendum.
1298 5143 1480 5215 Spero
1522 5147 1723 5201 autem
1752 5162 1875 5202 non
1916 5148 2075 5203 futu-

424 5246 583 5291 rum,
612 5247 721 5286 nec
751 5230 1020 5304 quolibet
1068 5231 1250 5287 modo
1298 5230 1424 5286 ﬁeri
1450 5248 1631 5305 posse
1661 5235 1839 5291 credo
1866 5241 1930 5292 ut
1972 5237 2074 5293 ali-

426 5317 560 5390 quis
616 5318 690 5374 de
726 5319 1067 5375 hzeredibus
1116 5321 1284 5378 meis.
1335 5325 1439 5376 aut
1491 5323 1769 5394 quaelibet
1816 5342 2073 5399 persona

424 5410 632 5463 contra
673 5410 1029 5478 praesentem
1078 5410 1275 5464 venire
1309 5414 1484 5467 tentet
1515 5412 1848 5484 epistolam.
1898 5416 2071 5482 Quod

425 5496 474 5552 si
502 5495 701 5551 fecerit
729 5498 785 5550 et
812 5495 1035 5549 factum
1064 5512 1264 5553 meum
1296 5500 1623 5574 irrumpere
1661 5509 1911 5561 conatus
1944 5506 2070 5561 fue-

420 5585 513 5656 rit,
540 5586 599 5641 in
632 5583 839 5657 primis
867 5583 1018 5638 iram
1057 5586 1308 5641 caelestis
1356 5589 1614 5647 incurrat
1652 5593 1962 5661 Trinitatis,
2016 5600 2071 5651 et

417 5674 669 5750 insuper
692 5670 962 5744 partibus
988 5671 1242 5729 basilicas
1265 5676 1471 5732 domui
1493 5679 1787 5749 Aniaui,et
1810 5683 2066 5739 basilicae

416 5765 660 5824 domnae
686 5761 898 5831 Mariae,
926 5760 1019 5819 vel
1063 5764 1425 5820 monasterio
1454 5768 1644 5823 sancti
1692 5770 1863 5837 Petri,
1902 5773 2067 5844 quod
