3980 6410
303 401 392 452 litt
1603 400 1658 452 S.
1701 398 1983 454 HENRICI
2026 399 2500 457 IMPERATORIS
3722 410 3822 456 l92

294 541 392 581 nos
446 528 592 594 ipsos
646 525 936 593 offeramus
982 524 1312 592 pollicentes,
1379 525 1527 594 quod
1589 528 1814 594 propter
1883 524 1998 592 ejus
2030 525 2075 577 Α
2113 524 2427 579 castitatem
2470 524 2628 579 omni
2682 525 2793 578 vite
2838 539 2938 579 sue
2993 529 3255 596 tempore
3311 530 3368 580 et
3409 526 3830 582 abstinentiam

297 629 530 669 amorem
557 613 802 668 omnibus
840 612 1027 666 diebus
1055 613 1166 666 vite
1216 617 1395 666 nostre
1423 612 1639 666 celibem
1684 613 1854 665 vitam
1895 611 1996 664 du-

297 717 518 756 camus:
572 707 623 755 et
663 703 756 755 hoc
826 701 929 754 tibi
970 699 1230 770 polliceor
1259 701 1358 755 sub
1395 702 1694 754 testimonio
1757 701 1994 763 Christi,

297 790 444 858 quod
482 795 533 844 te
571 795 631 844 ut
681 773 1078 857 imperatricem
1128 789 1419 855 gloriosam
1479 802 1684 854 semper
1727 787 1996 840 honorabo

296 883 348 932 et
371 882 432 932 ut
473 881 757 947 proprium
806 891 996 946 corpus
1043 877 1256 943 amabo,
1298 875 1458 941 fedus
1513 876 1792 943 conjugale
1825 879 1997 929 tecum

293 967 528 1034 ﬁrmiter
543 965 786 1030 servabo,
835 968 886 1019 et
930 966 1052 1018 licet
1111 978 1290 1017 amore
1345 964 1557 1016 carnali
1605 967 1652 1016 te
1698 978 1996 1030 numquam

296 1056 626 1122 contingam,
657 1053 829 1107 nichil
857 1059 1036 1107 tamen
1093 1056 1179 1106 tue
1236 1053 1461 1104 caritati
1489 1051 1554 1104 de
1602 1065 1782 1104 amore
1800 1051 1993 1118 conju-

297 1143 413 1211 gali
465 1142 553 1197 vel
595 1143 790 1196 honore
827 1147 914 1195 tue
970 1142 1196 1194 caritati
1237 1154 1468 1205 congruo
1518 1141 1782 1204 minuam,
1825 1139 1918 1193 sed
1949 1143 1997 1192 te

296 1245 394 1299 pre
421 1229 686 1294 omnibus,
711 1233 770 1282 ut
792 1229 1005 1296 justum
1058 1231 1155 1292 est,
1209 1227 1401 1280 amabo
1448 1231 1498 1280 et
1528 1228 1585 1279 in
1611 1226 1854 1280 omnibus
1902 1227 1995 1280 ho-

296 1318 514 1372 norabo.
549 1318 688 1371 Cum
719 1317 823 1370 hec
851 1321 908 1369 et
955 1315 1043 1369 his
1073 1313 1284 1368 similia
1348 1315 1501 1368 inter
1549 1331 1647 1368 eos
1703 1314 1997 1384 perdulcia

295 1405 542 1458 vicissim
571 1405 920 1458 haberentur
972 1403 1276 1474 colloquia,
1337 1403 1517 1457 factus
1566 1406 1650 1456 est
1700 1402 1851 1472 ignis
1897 1419 1995 1457 ex-

298 1499 525 1547 estuans
555 1492 616 1546 in
653 1492 922 1546 cordibus
962 1508 1162 1546 eorum
1203 1491 1466 1562 ipsorum
1511 1496 1713 1544 mutuo
1745 1508 1804 1544 se
1833 1492 1998 1546 vehe-

297 1586 517 1635 menter
543 1581 860 1634 amantium
886 1597 899 1647 ;
934 1596 1066 1634 nam
1098 1596 1246 1633 unus
1276 1579 1510 1650 spiritus
1541 1587 1596 1634 et
1625 1578 1778 1633 idem
1809 1579 1998 1635 fervor

295 1668 543 1724 caritatis
599 1674 722 1723 erat
766 1668 827 1722 in
877 1667 974 1722 eis.
1027 1667 1330 1722 Enimvero
1361 1667 1716 1737 superfluum
1767 1665 1994 1730 estimo,

295 1757 678 1812 describendis
708 1756 997 1826 regalibus
1029 1756 1243 1827 nuptiis
1271 1755 1371 1810 diu
1398 1754 1661 1821 detineri,
1695 1754 1997 1824 presertim

296 1862 426 1900 cum
482 1845 724 1916 quilibet
775 1845 941 1899 facile
985 1844 1164 1916 possit
1217 1843 1501 1908 conicere,
1569 1843 1725 1915 quod
1797 1842 1994 1897 eedem

296 1931 495 2003 nuptie
527 1949 658 1987 cum
697 1949 908 2003 magna
937 1932 1298 1997 liberalitate,
1337 1935 1510 2002 prout
1549 1931 1766 2002 regiam
1806 1930 1998 1984 decuit

298 2021 712 2088 excellentiam,
771 2026 905 2075 sunt
935 2020 1337 2091 sollempniter
1364 2019 1664 2087 celebrate,
1714 2018 1995 2090 episcopis

296 2109 729 2164 honorabilibus
750 2113 807 2163 et
832 2109 1006 2163 totius
1053 2108 1219 2179 regni
1267 2107 1627 2178 principibus
1655 2123 1787 2162 cum
1817 2107 1997 2161 multa

296 2197 596 2252 devotione
624 2197 1116 2258 concurrentibus,
1166 2196 1486 2250 innumeris
1532 2196 1706 2250 etiam
1740 2195 1997 2266 personis

297 2285 596 2356 utriusque
689 2301 854 2338 sexus
903 2289 959 2339 et
1013 2284 1234 2338 diverse
1309 2283 1604 2354 dignitatis
1651 2284 1725 2338 ad
1776 2283 1997 2353 regales

295 2372 526 2442 nuptias
583 2372 857 2426 invitatis.
913 2372 1064 2427 Licet
1115 2375 1306 2426 autem
1369 2372 1430 2425 in
1470 2372 1632 2426 libris
1680 2371 1854 2426 sacris
1885 2387 1999 2426 non

300 2460 630 2530 legerimus,
673 2461 950 2515 audenter
991 2465 1183 2514 tamen
1246 2459 1622 2527 afﬁrmamus,
1670 2461 1822 2531 quod
1851 2461 2000 2515 inter

299 2555 520 2602 ceteros
553 2549 804 2620 hospites
832 2548 1288 2603 honorabiliores
1325 2547 1593 2602 invitatos
1612 2548 1822 2618 hospes
1852 2565 2000 2602 unus

298 2638 646 2708 prestantior
691 2637 957 2692 omnibus
1013 2636 1284 2690 invitatus
1337 2637 1430 2702 sit,
1482 2636 1693 2691 scilicet
1756 2637 2002 2708 Virginis

305 2725 494 2790 Filius,
531 2725 630 2796 qui
659 2725 925 2796 primitus
946 2725 1017 2779 ad
1049 2725 1279 2794 nuptias
1329 2742 1474 2796 aque
1506 2726 1792 2797 liquorem
1823 2726 1882 2779 in
1917 2725 1996 2779 vi-

296 2813 720 2883 nigatissimum
766 2819 1125 2868 converterat
1180 2829 1462 2884 saporem.
1521 2815 1582 2866 Et
1614 2813 1847 2884 quidem
1878 2813 2001 2884 ipse

298 2901 434 2955 licet
478 2901 776 2955 visibiliter
822 2902 883 2956 in
914 2902 1149 2973 propria
1223 2917 1342 2955 non
1405 2900 1567 2954 affuit
1621 2917 1882 2971 persona,
1939 2901 2001 2954 in

301 2989 554 3043 menbris
604 2995 797 3044 tamen
845 2990 962 3044 suis
1013 2991 1146 3045 licet
1199 2989 1415 3044 ultimis
1470 2989 1686 3043 eisdem
1731 2989 2004 3043 intererat

300 3077 535 3147 nuptiis,
564 3076 625 3130 in
663 3077 872 3147 quibus
897 3077 1070 3132 etiam
1100 3076 1335 3148 optimis
1379 3075 1624 3146 dapibus
1671 3081 1756 3130 est
1784 3076 2000 3146 optime
2030 3076 2070 3130 C

299 3164 561 3218 refectus.
585 3165 712 3235 Ipse
768 3165 922 3218 enim
974 3165 1228 3219 dicturus
1257 3168 1389 3218 est:
1425 3163 1581 3228 Quod
1634 3165 1732 3217 uni
1771 3179 1838 3216 ea:
1895 3165 1998 3217 mi-

296 3254 461 3306 nimis
486 3254 616 3306 meis
659 3254 864 3317 fecistis
897 3253 1117 3320 (Matth.
1153 3269 1279 3315 xxv,
1313 3251 1403 3321 40)
1452 3256 1508 3305 et
1535 3256 1747 3304 cetera.
1809 3251 1999 3304 Enim-

297 3356 432 3393 vero
498 3340 810 3410 imperator
893 3340 1178 3410 gloriosus
1250 3340 1507 3394 inclitam
1575 3339 1999 3409 imperatricem

299 3427 462 3498 regni
491 3428 578 3481 sui
613 3429 704 3482 vel
746 3428 988 3483 thalami
1041 3432 1365 3482 consortem
1391 3429 1451 3482 in
1483 3428 1770 3496 omnibus,
1813 3434 1880 3482 ut
1909 3428 2002 3482 de-

297 3515 441 3582 buit,
471 3516 795 3584 honoravit,
840 3521 896 3571 et
924 3517 995 3571 ad
1049 3516 1229 3588 ipsius
1258 3521 1465 3570 nutum
1517 3516 1784 3570 universa
1839 3518 2002 3586 regni

295 3603 746 3674 disponebantur
800 3605 1120 3672 molimina,
1181 3609 1238 3658 et
1276 3605 1401 3674 ipsa
1453 3603 1840 3659 nobilissimus
1898 3605 2002 3658 flos

297 3698 690 3746 matronarum
713 3698 770 3747 et
798 3693 1058 3748 omnium
1117 3693 1426 3748 mulierum
1467 3692 1762 3763 speculum
1815 3693 2004 3746 claris-

297 3779 509 3834 simum
561 3780 719 3835 varia
747 3780 952 3835 virtute
1005 3781 1269 3835 decorata
1314 3781 1383 3834 ad
1431 3780 1612 3834 instar
1663 3779 1866 3834 sideris
1912 3797 2001 3834 ra-

297 3866 505 3940 diabat.
573 3867 645 3921 Ut
708 3872 898 3920 autem
963 3866 1114 3921 beati
1167 3867 1442 3937 conjuges
1505 3865 1600 3919 isti
1667 3866 1888 3920 facilius
1944 3866 2005 3920 in

297 3957 606 4024 conspectu
659 3953 962 4008 hominum
1017 3955 1355 4008 simularent
1418 3969 1478 4008 se
1541 3953 1750 4008 habere
1807 3955 2003 4023 conju-

298 4042 482 4112 gium,
520 4043 835 4096 secundum
894 4057 1114 4096 morem
1170 4041 1487 4096 carnalium
1525 4041 1586 4095 in
1615 4039 2004 4111 uno'pausare

297 4130 554 4184 thalamo
583 4129 860 4190 solebant,
884 4135 942 4184 et
967 4136 1159 4184 tamen
1213 4130 1721 4184 incontaminatam
1777 4147 2007 4184 conser-

297 4218 506 4272 vabant
527 4217 960 4271 continentiam.
997 4219 1103 4271 Res
1151 4217 1294 4271 mira
1327 4221 1385 4271 et
1415 4218 1622 4272 nostris
1652 4219 2006 4289 temporibus

300 4305 576 4360 inaudita.
609 4307 672 4359 Et
715 4305 951 4376 quidem
1003 4321 1176 4376 quam
1224 4306 1418 4376 plures
1465 4305 1524 4359 in
1569 4310 1816 4377 utroque
1869 4323 2000 4361 sexu

301 4399 432 4449 sunt
491 4394 763 4465 virgines,
824 4394 921 4448 sed
970 4399 1034 4448 ut
1075 4394 1328 4465 sigillum
1395 4393 1737 4463 virginitatis
1778 4395 2004 4450 valeant

298 4483 710 4537 intemeratum
769 4499 1013 4546 servare,
1078 4498 1334 4536 seorsum
1382 4499 1570 4536 mares
1639 4487 1696 4537 et
1746 4500 2003 4538 seorsum

297 4570 542 4625 feminas
572 4570 803 4641 expedit
830 4571 1111 4625 habitare.
1132 4571 1270 4635 Quis
1291 4571 1447 4625 enim
1481 4570 1677 4642 ignem
1708 4573 2004 4627 abscondit

300 4657 359 4710 in
391 4659 516 4712 sinu
541 4674 663 4724 suo,
703 4664 762 4714 et
814 4659 1217 4713 vestimentum
1263 4659 1387 4730 ejus
1431 4675 1548 4714 non
1579 4661 1949 4715 comburetur
1978 4660 2006 4715 ?

302 4745 464 4813 Apud
497 4746 760 4800 homines
787 4746 1138 4817 impossibile
1169 4752 1273 4812 est,
1319 4748 1416 4802 sed
1444 4764 1556 4802 non
1586 4750 1739 4819 apud
1801 4752 2002 4805 Deum.

303 4834 460 4887 Unde
490 4833 604 4897 isti,
640 4834 710 4887 de
757 4835 966 4904 quibus
1023 4835 1339 4906 loquimur,
1394 4837 1455 4890 in
1509 4838 1861 4907 protectione
1909 4839 2007 4894 Dei

299 4921 405 4976 celi
440 4936 540 4990 pre
557 4921 758 4975 ceteris
787 4923 1123 4976 mortalibus
1165 4924 1507 4978 familiarius
1563 4933 2003 4992 commorantes,

300 5010 588 5063 interdum
615 5010 1072 5074 commanebant,
1103 5015 1160 5064 et
1203 5016 1397 5066 tamen
1457 5013 1706 5084 virgines
1745 5016 2004 5070 inconta-

300 5097 502 5165 minati
530 5096 946 5168 permanebant
980 5117 996 5163 ;
1049 5103 1106 5152 et
1151 5114 1281 5152 cum
1313 5106 1502 5168 preter
1538 5103 1834 5173 sanguinis
1863 5104 2006 5157 etfu-

301 5188 522 5241 sionem
571 5187 687 5240 duo
745 5186 862 5240 sint
890 5202 1104 5256 genera
1166 5188 1488 5254 martirum,
1539 5190 1753 5244 scilicet
1781 5192 2007 5245 castitas

303 5274 360 5326 in
392 5275 692 5342 iuventute
758 5277 813 5327 et
855 5274 1201 5328 abstinentia
1241 5276 1301 5331 in
1350 5277 1764 5347 habundantia,
1811 5279 2007 5332 beatos

303 5363 598 5430 conjuges,
647 5377 898 5432 quorum
953 5363 1215 5432 preconia
1277 5381 1396 5418 non
1453 5370 1719 5426 tacemus,
1779 5367 2009 5437 gemina

303 5449 552 5502 martirii.
604 5467 813 5504 corona
853 5455 1153 5504 coronatos
1220 5468 1342 5505 esse
1386 5451 1747 5518 confidimus,
1805 5453 1904 5524 qui
1953 5460 2009 5508 et

2105 627 2471 684 summopere
2505 612 2811 668 studebant
2839 628 3194 668 conservare.

2175 705 2228 754 2.
2262 703 2506 768 Qualiter
2533 705 2731 770 ceperit
2759 701 3087 758 claudicare.
3123 702 3181 757 Si
3212 703 3325 772 (66)
3355 703 3482 774 quis
3511 719 3646 758 vero
3677 703 3830 758 scire

2105 787 2407 853 desiderat,
2453 805 2630 860 quare
2683 789 2971 858 gloriosus
3013 789 3119 843 iste
3169 789 3486 859 imperator
3530 791 3828 845 claudica-

2103 878 2269 942 verit,
2304 894 2434 932 cum
2465 877 2720 948 primum
2749 881 2869 930 toto
2896 892 3136 948 corpore
3194 895 3368 932 sanus
3424 878 3621 947 fuerit,
3672 879 3832 932 hanc

2104 981 2333 1019 causam
2363 981 2484 1019 esse
2514 965 2755 1019 noverit.
2791 965 2932 1020 Cum
2992 970 3247 1036 tempore
3277 965 3526 1036 quodam
3569 965 3834 1020 venisset

2103 1052 2164 1107 in
2208 1053 2472 1120 Apuliam
2537 1068 2641 1123 pro
2685 1051 3058 1122 disponendis
3104 1051 3187 1106 rei
3243 1052 3470 1123 publice
3537 1053 3826 1123 negociis,

2104 1140 2363 1211 pervenit
2391 1140 2450 1193 in
2506 1145 2762 1193 montem
2812 1141 3162 1210 Garganum,
3215 1139 3277 1194 in
3331 1141 3495 1211 cujus
3521 1142 3830 1213 crepidine

2104 1229 2210 1284 sita
2240 1233 2325 1284 est
2343 1229 2539 1282 civitas
2565 1233 2621 1282 et
2650 1228 2709 1281 in
2759 1228 2937 1282 latine
2996 1228 3206 1282 montis
3266 1229 3327 1282 in
3384 1245 3525 1300 rupe
3565 1246 3831 1284 concava

2105 1322 2258 1371 extat
2287 1317 2518 1371 basilica
2547 1333 2665 1370 non
2697 1315 2765 1370 ab
2794 1315 3126 1370 hominibus
3167 1316 3459 1383 fabricata,
3489 1333 3678 1388 neque
3711 1335 3830 1389 per

2106 1406 2399 1460 hominem
2423 1404 2702 1472 dedicata,
2733 1405 2831 1458 sed
2859 1404 3193 1474 operatione
3217 1405 3411 1459 divina
3465 1406 3553 1458 vel
3605 1405 3828 1469 virtute

2107 1493 2448 1548 mirabiliter
2496 1496 2768 1557 extructa,
2803 1491 2996 1546 divina
3053 1492 3227 1546 etiam
3274 1493 3671 1547 benedictione
3719 1511 3823 1548 ve-

2107 1582 2435 1636 nerabiliter
2489 1587 2835 1634 consecrata.
2873 1581 3050 1650 Hujus
3079 1580 3311 1634 basilice
3347 1586 3624 1651 patronus
3662 1587 3832 1636 extat

2106 1670 2339 1726 Michael
2369 1669 2766 1740 archangelus.
2816 1669 2878 1723 In
2936 1669 3040 1722 hac
3066 1669 3238 1722 etiam
3297 1669 3533 1723 ecclesia
3562 1669 3832 1740 qualibet

2109 1757 2429 1813 ebdomada
2461 1763 2662 1811 cantus
2716 1756 3008 1827 angelicus
3057 1757 3128 1811 ab
3180 1756 3272 1810 his
3331 1757 3433 1828 qui
3491 1757 3655 1828 digni
3684 1763 3833 1812 sunt

2107 1847 2296 1901 audiri
2333 1846 2691 1916 perhibetur.
2740 1847 2894 1900 Hanc
2944 1846 3136 1916 itaque
3184 1845 3478 1899 basilicam
3538 1846 3830 1900 orationis

2104 1950 2274 1989 causa
2303 1950 2434 1988 cum
2462 1933 2663 1987 ceteris
2694 1933 2900 1988 Christi
2943 1933 3208 1987 ﬁdelibus
3274 1933 3361 1986 vir
3407 1935 3520 1987 Deo
3576 1933 3829 1988 devotus

2105 2027 2190 2078 est
2221 2023 2533 2092 ingressus.
2568 2022 2826 2091 Cumque
2854 2021 3050 2076 laudes
3079 2021 3301 2075 divinas
3333 2021 3476 2075 inibi
3528 2022 3829 2075 celebras-

2105 2117 2233 2166 sent
2262 2117 2316 2165 et
2365 2115 2493 2165 vota
2543 2127 2780 2181 precum
2828 2126 3062 2164 suarum
3119 2125 3250 2164 cum
3293 2110 3473 2163 multa
3511 2110 3827 2164 devotione

2107 2202 2222 2254 Deo
2249 2199 2645 2259 reddidissent,
2710 2203 2936 2268 tempus
2976 2199 3099 2268 jam
3159 2198 3380 2260 aderat,
3427 2214 3540 2268 quo
3591 2198 3829 2252 celestis

2107 2288 2384 2342 exercitus
2415 2287 2485 2341 ad
2522 2287 2716 2341 laudes
2750 2287 2864 2341 Deo
2922 2287 3327 2356 persolvendas
3377 2287 3658 2356 templum
3714 2286 3827 2340 hoc

2107 2391 2330 2430 sacrum
2352 2375 2539 2430 fuerat
2567 2374 2949 2445 ingressurus.
2987 2376 3184 2444 Itaque
3241 2390 3372 2428 cum
3415 2390 3616 2428 omnes
3646 2389 3826 2444 egre-

2108 2465 2402 2531 derentur,
2434 2467 2489 2517 et
2518 2463 2566 2516 si
2595 2462 2695 2531 qui
2725 2478 2946 2516 moram
2993 2462 3265 2529 facerent,
3311 2462 3464 2516 exire
3503 2462 3825 2532 compelle-

2109 2559 2330 2621 rentur,
2369 2551 2457 2605 vir
2512 2556 2740 2605 sanctus
2789 2550 3114 2621 postulabat
3167 2558 3232 2604 ut
3281 2550 3334 2604 ei
3383 2551 3623 2604 facultas
3665 2551 3828 2603 intus

2109 2639 2445 2695 remanendi
2498 2639 2924 2692 concederetur.
2981 2637 3165 2706 Igitur
3231 2637 3499 2692 omnibus
3553 2638 3825 2708 egressis,

2109 2729 2262 2783 solus
2287 2728 2430 2798 ipse,
2462 2743 2696 2797 sperans
2730 2725 2788 2780 in
2819 2725 3212 2780 misericordia
3272 2726 3394 2791 Dei,
3446 2725 3589 2780 inibi
3633 2741 3829 2779 rema-

2113 2831 2248 2870 nere
2277 2813 2647 2885 presumpsit,
2695 2818 2751 2867 et
2809 2829 3005 2884 preces
3058 2813 3320 2882 precibus
3381 2813 3738 2867 continuavit
3770 2819 3831 2867 et

2112 2919 2366 2974 genuum
2408 2902 2682 2956 flexiones
2722 2900 2968 2969 iteravit,
2993 2905 3049 2954 et
3105 2901 3275 2954 modo
3316 2901 3513 2955 multis
3569 2901 3830 2954 lacrimis

2114 2991 2304 3046 divine
2336 3008 2396 3045 se
2441 2990 2731 3044 commisit
2776 2989 3101 3055 clementie,
3152 2989 3321 3043 modo
3355 2989 3606 3043 animam
3657 3006 3829 3044 suam

2109 3079 2278 3134 beato
2311 3078 2569 3133 Michaeli
2617 3079 2960 3147 archangelo
3005 3093 3138 3131 cum
3178 3077 3360 3131 multa
3401 3077 3828 3147 supplicatione

2109 3167 2332 3221 studuit
2347 3165 2774 3221 commendare.
2811 3166 2954 3220 Cum
2980 3181 3125 3236 pura
3150 3165 3233 3234 pii
3258 3165 3409 3233 regis
3462 3165 3645 3218 oratio
3675 3166 3828 3219 sicut

2108 3256 2408 3310 incensum
2460 3254 2792 3308 ascenderet
2841 3269 3036 3307 coram
3099 3253 3364 3321 Domino,
3408 3255 3555 3307 Deus
3621 3255 3823 3320 Israel,

2111 3342 2212 3414 qui
2241 3342 2302 3396 in
2333 3341 2542 3396 sanctis
2569 3341 2686 3396 suis
2713 3357 2940 3412 semper
2964 3345 3048 3395 est
3069 3341 3371 3407 mirabilis,
3420 3341 3747 3396 mirabilem
3769 3342 3825 3396 ei

2111 3430 2378 3502 dignatus
2407 3435 2492 3484 est
2522 3429 2821 3484 ostendere
2853 3429 3159 3484 visionem.
3193 3429 3346 3484 Vidit
3383 3429 3540 3484 enim
3585 3432 3824 3500 angelo-

2112 3535 2242 3574 rum
2265 3518 2696 3574 multitudinem
2741 3517 3034 3588 copiosam
3073 3519 3143 3572 ad
3177 3517 3356 3571 instar
3384 3517 3520 3572 solis
3574 3518 3828 3588 splendi-

2110 3608 2243 3662 dam
2274 3607 2556 3676 templum
2586 3611 2848 3660 sanctum
2890 3606 3333 3677 ingredientem,
3368 3622 3434 3660 ex
3464 3606 3674 3677 quibus
3705 3607 3826 3662 duo

2110 3695 2429 3766 principale
2477 3694 2876 3765 sollempniter
2938 3694 3298 3749 adornabant
3353 3695 3551 3748 altare.
3603 3695 3828 3750 Deinde

2112 3783 2255 3838 vidit
2287 3781 2423 3836 alias
2452 3784 2747 3837 celestium
2775 3783 3057 3838 virtutum
3096 3784 3366 3837 cohortes
3392 3785 3730 3838 innumeras
3764 3784 3831 3839 in

2115 3870 2493 3925 similitudine
2514 3870 2759 3940 fulguris
2811 3871 3159 3925 coruscantis
3211 3871 3498 3940 fulgentes
3547 3875 3605 3925 et
3657 3873 3830 3943 quasi

2114 3960 2417 4028 primatem
2447 3973 2618 4012 suum
2649 3974 2778 4012 cum
2800 3958 2988 4029 gloria
3017 3958 3263 4012 maxime
3293 3959 3638 4013 deducentes
3672 3979 3688 4026 ;
3721 3976 3832 4014 nec

2117 4047 2380 4106 dubium,
2430 4045 2584 4100 hunc
2639 4045 2814 4100 fuisse
2875 4046 3286 4114 archangelum
3342 4047 3565 4101 celestis
3618 4047 3833 4102 militie

2117 4135 2475 4206 signiferum.
2539 4133 2854 4189 Novissime
2930 4151 3062 4189 vero
3115 4135 3303 4189 videre
3367 4134 3581 4188 meruit
3631 4135 3830 4205 ipsum

2118 4240 2310 4294 regem
2341 4223 2700 4292 angelorum,
2745 4223 3055 4277 Dominum
3115 4223 3440 4276 venientem
3496 4239 3627 4276 cum
3659 4229 3830 4292 pote-

2117 4317 2258 4365 state
2285 4326 2492 4380 magna
2520 4315 2578 4364 et
2603 4310 2844 4376 virtute;
2875 4310 2932 4364 in
2965 4310 3127 4380 cujus
3157 4310 3432 4380 obsequio
3462 4310 3569 4364 fuit
3597 4311 3832 4365 celestis

2116 4399 2392 4453 exercitus
2419 4398 2856 4452 innumerabilis
2892 4403 2945 4452 et
2978 4398 3251 4468 splendor
3280 4399 3404 4467 ejus
3459 4398 3830 4468 incompara-

2113 4486 2262 4553 bilis,
2294 4489 2456 4556 cujus
2483 4485 2658 4540 etiam
2688 4489 2830 4539 nutu
2861 4490 3142 4556 reguntur
3193 4485 3390 4538 omnia
3445 4485 3676 4539 celestia
3707 4491 3825 4540 ter—

2112 4575 2336 4629 restria.
2375 4573 2627 4644 Denique
2659 4574 2866 4628 chorus
2925 4590 3072 4627 novo
3127 4575 3440 4628 Jerusalem
3479 4572 3539 4626 in
3572 4574 3832 4642 prodicta

2113 4664 2384 4717 collectus
2445 4662 2680 4716 basilica
2742 4662 3002 4716 divinum
3055 4661 3452 4730 sollempniter
3515 4661 3834 4716 celebravit

2116 4751 2479 4822 obsequium.
2516 4750 2640 4814 Quo
2674 4750 2906 4804 tandem
2933 4750 3243 4819 completo,
3298 4765 3448 4802 unus
3487 4765 3556 4803 ex
3587 4765 3830 4820 presen-

2115 4840 2268 4894 tibus
2299 4839 2518 4908 angelis
2553 4855 2777 4892 sacrum
2806 4838 3099 4908 Evangelii
3124 4843 3340 4892 textum
3397 4854 3530 4892 cum
3577 4837 3834 4893 maxima

2116 4927 2434 4982 reverentia
2467 4927 2758 4981 Dominice
2781 4926 2988 4982 detulit
3009 4942 3274 4997 persone,
3303 4943 3415 4997 que
3454 4926 3554 4980 illo
3588 4927 3830 4982 deoscu-

2116 5017 2229 5070 lato
2264 5015 2454 5068 innuit
2481 5015 2706 5085 angelo,
2727 5021 2792 5069 ut
2818 5014 3086 5068 eumdem
3105 5014 3553 5069 deosculandum
3579 5014 3832 5070 deferret

2116 5104 2449 5174 imperatori
2481 5104 2767 5171 inangulo
2799 5103 3066 5158 latitanti.
3120 5103 3340 5172 Angelo
3368 5119 3500 5156 vero
3525 5105 3686 5172 jussa
3716 5104 3827 5157 sibi

2116 5192 2462 5262 complente,
2507 5191 2810 5261 'predictus
2841 5191 3052 5246 Christi
3099 5191 3349 5245 famulus
3398 5191 3470 5245 ad
3528 5191 3825 5246 insolitam

2116 5284 2273 5334 tante
2297 5279 2610 5349 majestatis
2636 5285 2695 5333 et
2723 5280 2904 5349 glorie
2956 5279 3235 5334 visionem
3289 5279 3441 5348 cepit
3495 5278 3695 5332 animo
3723 5297 3825 5351 pa-

2115 5383 2341 5422 vescere
2381 5373 2436 5421 et
2465 5369 2731 5422 omnibus
2765 5367 3020 5422 menbris
3043 5367 3506 5433 contremiscere,
3531 5373 3825 5438 tamquam

2115 5455 2491 5510 diceretcum
2547 5457 2828 5526 propheta
2875 5457 3003 5525 (Jer.
3060 5472 3218 5520 xxxii,
3251 5456 3303 5524 9)
3337 5473 3352 5508 :
3411 5456 3722 5511 Cont'ritum
3749 5461 3829 5510 est

380 5544 492 5624 (69)
516 5547 630 5599 Hoc
659 5552 830 5624 caput
857 5547 918 5601 in
950 5549 1287 5619 apographo
1311 5548 1439 5603 cod.
1474 5549 1774 5620 Bamberg.
1817 5552 1967 5621 quod
2003 5552 2207 5607 habuit
2237 5554 2464 5607 Gretser
2501 5563 2632 5623 post
2659 5555 2798 5608 Vitae
2829 5571 2876 5608 c.
2906 5556 2975 5608 24
3005 5554 3287 5607 insertum
3317 5553 3443 5624 fuit,
3475 5552 3667 5606 verbis
3695 5556 3825 5624 qni-

313 5614 554 5671 bnsdam
589 5616 836 5672 mutatis.
