3892 6384
34 304 150 354 909

1682 301 1858 356 VITA.

3370 313 3475 368 910

28 419 93 474 in
129 419 437 492 aliquibus
465 435 604 475 vero
634 424 751 476 tota
777 422 853 477 ad
876 424 1212 480 dominium
1237 425 1569 499 perveniret
1594 424 1703 479 fra-
1742 428 1787 481 A
1820 424 1918 479 Dei
1950 424 2209 481 famulus
2231 425 2624 482 Leodebobus
2649 427 2813 484 abba
2838 430 3073 502 exstitit,
3102 431 3333 489 habens
3362 436 3475 492 sub

28 514 225 564 trum.
263 509 373 574 Qui
404 510 672 565 videlicet
706 528 847 566 usus
878 513 1168 568 hactenus
1196 519 1482 570 servatur.
1516 514 1709 579 Quod-

31 614 159 669 que
218 598 415 667 magis
465 615 602 653 eum
647 599 887 655 divitem
936 602 1115 657 fuisse
1155 603 1437 669 declarat,
1473 608 1708 658 nonest

30 686 467 755 omittendum,
502 687 717 742 emisse
770 690 1041 746 videlicet
1084 691 1251 746 illum
1300 692 1707 746 lnereditatem

29 778 310 845 ’l‘homze,
335 778 652 847 cujusdam
681 780 958 835 Parisiaci
989 781 1151 843 civis,
1177 781 1355 837 obrisi
1390 782 1517 837 auri
1549 781 1706 835 mille

32 870 93 918 et
129 865 428 919 sexcentis
460 866 685 921 solidis.
719 870 983 923 Testatur
1011 868 1125 923 hoc
1154 871 1360 925 charta
1392 870 1706 924 memorati

32 954 373 1009 venditoris
404 955 480 1009 ad
511 955 711 1027 ipsum
740 954 1035 1011 domuum
1076 958 1497 1013 LCOthhOdUUI
1530 958 1703 1027 facta,

32 1044 97 1097 in
148 1045 372 1098 nostris
423 1043 679 1099 archivis
722 1046 1048 1115 recondita,
1082 1046 1212 1102 licet
1242 1052 1528 1102 vetustate
1568 1064 1706 1102 con-

35 1138 312 1203 sumpta.
349 1134 529 1203 Cujus
562 1134 921 1190 hzereditatis
954 1135 1014 1190 in
1047 1137 1335 1191 territorio
1358 1138 1705 1193 Aureliano-

34 1238 178 1275 rum
223 1222 349 1276 sitae
380 1222 580 1277 media
613 1240 750 1295 pars
796 1223 873 1278 ab
904 1241 975 1279 eo
1004 1224 1141 1279 huic
1174 1242 1343 1280 sacro
1376 1226 1587 1281 collata
1621 1231 1707 1281 est

32 1312 197 1376 loco,
233 1312 350 1367 alia
396 1313 709 1368 medietate
738 1316 1099 1370 monasterio
1129 1321 1347 1371 sancta).
1389 1316 1577 1373 Mariae
1623 1332 1709 1371 re-

32 1406 349 1467 manente,
368 1403 533 1475 quod
554 1403 803 1475 quidam
827 1406 1108 1472 Joannes,
1124 1410 1187 1461 ut
1214 1422 1397 1478 supra
1420 1406 1707 1479 scriptum

33 1498 150 1560 est,
201 1508 236 1547 a
286 1492 693 1549 fundamentis
748 1500 1179 1562 construxerat,
1215 1497 1508 1569 cujusque
1551 1497 1707 1552 idem

1818 530 1879 568 se
1924 514 2315 569 Fulchaldum
2372 514 2636 571 nobilem
2665 516 2882 573 virum.
2917 520 3202 584 Quartam
3233 536 3477 593 quoque

1817 607 2045 674 partem
2098 605 2170 659 de
2215 605 2516 659 Suncanto
2562 610 2740 678 atque
2772 606 2970 663 villam
2997 609 3414 665 Warentiarias
3442 625 3479 666 a

1817 692 2099 747 Machilde
2131 693 2350 748 femina
2383 709 2478 749 ccc
2511 694 2780 765 probatis
2814 697 2942 751 auri
2975 696 3200 767 solidis,
3232 698 3478 756 Rosdon

1817 780 1895 835 ab
1932 782 2292 837 Auderanno
2344 798 2406 837 cc
2454 782 2729 852 ejusdem
2783 785 3007 841 metalli
3061 786 3203 842 emit
3250 787 3473 844 solidis.

1818 873 1950 942 Ipse
1995 887 2134 925 vero
2184 887 2373 943 usque
2425 872 2501 928 ad
2549 876 2832 929 octavum
2890 874 3193 931 decimum
3245 892 3478 934 annum

1817 960 2130 1015 memorati
2179 962 2331 1029 regis
2389 961 2664 1017 (Ilodovei
2698 962 3053 1035 perdurans,
3086 967 3478 1037 postmodum

1815 1048 2133 1104 laudabilis
2175 1050 2309 1104 vitze
2364 1066 2605 1106 cursum
2655 1057 2862 1107 sancto
2890 1053 3008 1108 ﬁne
3038 1054 3345 1111 conclusit.
3378 1058 3481 1111 Re-

1817 1139 2126 1211 periuntur
2156 1145 2356 1195 autem
2389 1140 2467 1195 ab
2502 1142 2912 1198 lncarnatione
2940 1143 3171 1199 Domini
3197 1160 3321 1201 non
3350 1145 3477 1218 plu-

1814 1244 1909 1283 res
1961 1244 2147 1300 quain
2197 1234 2300 1283 6'20
2348 1230 2702 1301 praeteriisse
2755 1232 2919 1304 anni,
2950 1232 3141 1288 donec
3173 1250 3208 1290 a
3249 1233 3478 1291 domno

1819 1318 2171 1373 Leodebodo
2198 1318 2424 1374 fabrica
2454 1319 2633 1390 hujus
2669 1320 2820 1377 sacri
2851 1326 3046 1394 coepta
3076 1328 3165 1379 est
3195 1324 3473 1395 caenobii,

1817 1408 2135 1463 auxiliante
2183 1408 2435 1463 Domino
2486 1413 2690 1465 nostro
2734 1412 2874 1466 Jesu
2906 1411 3151 1475 Christo.
3187 1414 3290 1485 qui
3338 1413 3479 1470 vivit

1818 1500 1873 1553 et
1901 1502 2130 1567 regnat.

34 1619 319 1687 Erplicit
352 1624 764 1675 testamentum
817 1622 1144 1677 Leodcbodi
1161 1622 1397 1706 abbatis
1428 1622 1779 1706 monasterii
1799 1624 2265 1706 san_cti_{luian;i,
2290 1625 2449 1706 quod
2475 1626 2707 1697 factum
2753 1632 2835 1681 est
2873 1625 2982 1681 sub
3018 1626 3309 1685 Clodoveo
3341 1598 3476 1701 rege

1148 1694 1521 1749 Francorum
1550 1695 1680 1762 ﬁlio
1720 1695 2049 1761 Dagobertz'
2074 1694 2358 1750 b’cnz’orz‘s.

1580 1766 1739 1820 Fiat.
1778 1766 1937 1820 Fiat.

105 2074 659 2192 INiCIPIT
722 2076 1366 2197 ΕΡΙΤΟΜΑ
1546 2079 1642 2195 i'l

1890 2078 2318 2199 REGIS
2380 2078 3111 2201 ROTBEBTI
3174 2085 3414 2204 PII.

1380 2386 2157 2499 PR/EFATIO.

120 2562 383 2617 Caelestis
430 2563 662 2635 imperii
694 2563 977 2631 dignitas,
1012 2564 1103 2619 cui
1138 2565 1379 2636 spiritus
1414 2566 1707 2638 superbiae
1746 2568 1790 2619 B
1822 2566 1945 2621 suis
1968 2566 2146 2621 rebus
2170 2566 2424 2638 propriis
2449 2570 2657 2621 sancto
2683 2568 2853 2623 Petro
2869 2568 3480 2636 Aurelianensi,dom-

43 2652 299 2723 sequalis
328 2652 511 2708 voluit
563 2669 698 2707 esse
745 2658 1027 2725 potestas,
1062 2654 1233 2723 elegit
1262 2655 1321 2709 in
1353 2656 1466 2710 hoc
1496 2656 1709 2711 saeculo

41 2742 368 2815 principes,
401 2742 505 2814 qui
534 2747 801 2809 regerent
856 2743 1038 2813 hujus
1088 2743 1288 2799 saeculi
1338 2749 1569 2816 sceptra
1608 2760 1711 2817 po-

47 2836 258 2888 tentes.
293 2833 359 2886 Et
386 2831 534 2887 sicut
580 2837 786 2887 sancta
814 2832 1087 2899 Ecclesia,
1113 2850 1247 2905 quae
1276 2838 1361 2888 est
1390 2838 1580 2889 mater
1605 2850 1709 2889 no-

47 2927 191 2979 stra.
222 2920 475 2975 obtinuit
506 2921 614 2976 sibi
642 2922 719 2977 ad
749 2922 1081 2985 regendum
1109 2922 1404 2994 populum
1434 2924 1533 2978 Dei
1564 2939 1709 2995 pon-

46 3011 258 3075 tifices,
292 3009 543 3065 abhates
568 3015 623 3066 et
654 3015 897 3065 caeteros
942 3011 1093 3066 sacri
1125 3012 1351 3067 ordinis
1385 3013 1707 3077 ministros,

49 3102 132 3155 ita
177 3102 233 3153 et
279 3098 337 3153 in
388 3100 499 3154 hoc
549 3100 779 3155 mundo
809 3100 983 3169 elegit
1013 3101 1421 3173 imperatores,
1455 3119 1624 3171 reges
1656 3106 1711 3158 et

50 3188 350 3262 principes
382 3208 412 3240 ‹
441 3188 519 3244 ad
540 3189 868 3246 vindictam
898 3190 1351 3247 malefactorum
1382 3216 1408 3241 ››
1435 3197 1489 3248 et
1517 3192 1595 3248 ad
1626 3209 1711 3247 re-

50 3277 430 3351 primendam
472 3281 827 3351 proterviam
874 3281 1239 3353 iniquorum,
1273 3286 1337 3337 ut
1360 3282 1703 3337 laudaretur

50 3373 206 3424 Deus
231 3366 289 3422 in
318 3368 533 3424 saecula
564 3370 941 3425 szeculorum.
968 3374 1028 3426 Et.
1049 3371 1191 3444 quia
1221 3388 1255 3427 a
1285 3372 1554 3444 patribus
1582 3389 1707 3427 mo-

50 3456 292 3513 nasterii
330 3458 540 3513 domni
570 3461 784 3516 Aniani
830 3478 1026 3517 sermo
1071 3462 1328 3534 sumpsit
1377 3463 1708 3529 exordium,

50 3546 457 3603 necessarium
489 3553 576 3603 est
604 3553 659 3605 et
690 3549 828 3605 utile
860 3554 923 3605 ut
958 3566 1113 3605 unus
1145 3551 1342 3605 adhuc
1376 3551 1712 3622 praecipuus

52 3640 220 3709 pater
248 3641 521 3692 sumatur
547 3654 657 3710 pro
682 3637 985 3707 omnibus,
1014 3643 1077 3692 ut
1105 3638 1329 3693 habeat
1358 3638 1431 3692 de
1463 3655 1533 3692 eo
1561 3638 1713 3693 leva-

52 3744 191 3782 men
255 3728 452 3783 omnis
507 3729 796 3798 mundus,
851 3728 997 3799 quia
1046 3744 1187 3782 eum
1240 3728 1470 3783 bonum
1540 3727 1714 3797 elegit

53 3816 265 3874 Christi
294 3817 528 3872 Domini
548 3817 735 3889 pietas
761 3821 817 3872 et
843 3839 869 3865 «
894 3816 1197 3872 constituit
1222 3834 1401 3888 super
1422 3817 1712 3872 familiam

1817 2672 1909 2711 nae
1938 2654 2127 2711 Marize
2149 2660 2205 2710 et
2226 2659 2431 2711 sancto
2454 2657 2619 2710 Petro
2638 2655 2995 2712 F'loriacensi
3012 2657 3288 2725 contulit;
3316 2673 3478 2713 nunc

1816 2745 1954 2799 huic
2005 2744 2225 2817 scripto
2276 2744 2496 2800 addere
2544 2744 2888 2800 curavimus
2934 2746 3121 2818 quod,
3162 2747 3223 2802 in
3266 2762 3479 2803 omnes

1818 2836 2002 2888 terras
2034 2850 2219 2889 sonus
2251 2834 2451 2890 exiens
2484 2834 2719 2906 pietatis
2766 2841 2823 2891 et
2866 2836 3148 2893 bonitatis
3196 2836 3476 2906 Rotberti,

1819 2922 2158 2978 suavissimi
2184 2928 2240 2979 et
2270 2922 2526 2996 piissimi
2554 2923 2711 2993 regis
2742 2927 3126 2994 Francorum,
3152 2925 3257 2981 ﬁlii
3285 2927 3481 2996 Hugo-

1818 3012 1910 3067 nis
1937 3013 2111 3082 regis,
2144 3014 2305 3069 hunc
2336 3017 2633 3082 sanctum,
2664 3014 2726 3070 in
2755 3019 3053 3087 quantum
3082 3016 3293 3088 potuit,
3311 3031 3480 3073 exor-

1820 3102 2002 3169 navit,
2036 3102 2239 3158 dilexit
2285 3107 2341 3157 et
2387 3102 2660 3159 excoluit.
2710 3105 2838 3170 Quo
2878 3104 3262 3172 concedente,
3293 3105 3480 3161 vitam

1820 3191 2001 3261 hujus
2050 3191 2525 3248 excellentissimi
2574 3193 2730 3260 regis
2777 3192 2999 3250 adoriri
3027 3194 3303 3267 cupimus
3333 3209 3480 3267 pre-

1825 3280 2100 3335 sentibus
2116 3285 2171 3336 et
2196 3281 2407 3337 futuris
2428 3282 2798 3339 imitabilem.
2831 3286 2979 3339 Nam
3006 3283 3101 3339 hic
3129 3283 3482 3354 languentes

1821 3371 2039 3425 animae
2085 3371 2443 3443 perspicient
2489 3372 2636 3444 quid
2688 3372 3014 3438 charitatis,
3045 3372 3395 3428 humilitatis
3425 3375 3484 3428 et

1822 3458 2241 3514 misericordia:
2270 3459 2505 3515 valeant
2529 3476 2733 3531 opera,
2764 3461 2889 3516 sine
2920 3460 3141 3532 quibus
3173 3461 3375 3516 nullus
3404 3459 3483 3517 ad

1820 3563 2006 3617 regna
2035 3548 2248 3619 poterit
2272 3547 2580 3619 pervenire
2606 3548 2887 3603 coelestia.
2913 3548 2977 3602 In
3004 3547 3227 3621 quibus
3255 3548 3337 3603 ita
3362 3549 3484 3604 eni-

1822 3637 1947 3703 tuit,
1983 3639 2045 3689 ut
2088 3639 2224 3706 post
2271 3634 2717 3690 sanctissimum
2765 3650 2971 3704 regem
3001 3636 3481 3709 prOphetamque

1822 3722 2008 3778 David
2037 3721 2235 3776 nullus
2266 3722 2317 3777 ei
2346 3727 2703 3794 requaretur,
2728 3723 3027 3796 praecipue
3048 3723 3108 3779 in
3137 3728 3348 3780 sancta
3376 3724 3484 3779 hu-

1821 3811 2087 3881 militate,
2112 3826 2248 3883 quae
2280 3826 2515 3883 semper
2545 3813 2664 3867 Deo
2691 3813 2970 3884 proxima
2999 3816 3297 3870 amatores
3342 3827 3485 3869 suos

53 3923 280 3963 suam»
330 3906 534 3962 divina
583 3907 889 3977 majestas.
934 3906 1025 3960 Ad
1056 3904 1204 3977 quid
1246 3905 1357 3961 ista
1400 3905 1711 3978 protuleri-
1752 3936 1792 3992 Ο
1823 3917 2071 3992 corpore
2115 3901 2292 3992 simul
2334 3904 2451 3992 Deo
2483 3902 2794 3974 conjungit
2823 3908 2879 3959 et
2911 3903 3137 3976 spiritu.
3182 3903 3350 3959 Initio
3377 3918 3485 3961 au-

50 4014 210 4065 mus,
242 3995 536 4051 dicamus.

124 4084 566 4157 Omnipotentia
593 4083 770 4154 igitur
798 4082 1223 4155 omnipotentis
1257 4083 1358 4140 Dei
1388 4082 1623 4140 volente
1658 4088 1714 4141 et

46 4178 229 4234 beato
259 4175 491 4230 Aniano
517 4174 861 4243 auxiliante,
894 4173 1253 4229 memoriam
1292 4175 1501 4231 domui
1531 4178 1587 4231 et
1610 4191 1711 4231 ve-

48 4265 303 4324 nerandi
342 4263 680 4320 Leodebodi
728 4263 964 4319 abbatis
1011 4266 1357 4321 monasterii
1411 4265 1715 4339 saepedicti

49 4355 240 4413 sancti
268 4353 481 4411 Aniani
520 4352 769 4409 fecimus
816 4369 925 4425 per
970 4355 1418 4426 testamentum,
1449 4354 1615 4428 quod
1640 4354 1715 4411 de

1819 3996 1939 4047 tem
1967 3990 2379 4064 descriptionis
2401 4006 2647 4047 omnem
2669 3993 2869 4048 vultus
2890 3992 3047 4049 illius
3068 3992 3487 4049 habitudinem

1821 4082 2161 4155 corporisve
2220 4081 2600 4153 elegantiam,
2656 4087 2835 4155 prout
2882 4084 2999 4157 ipsi
3046 4083 3484 4158 perspeximus,

1820 4172 2236 4248 propalamus,
2266 4173 2593 4245 adjuvante
2626 4174 2879 4230 Domino
2922 4179 3127 4230 nostro
3155 4176 3292 4229 Jesu
3324 4173 3487 4229 Chri-

1823 4268 1933 4331 sto,
1961 4262 2085 4336 qui,
2115 4262 2220 4319 ubi
2252 4263 2394 4333 vult,
2427 4266 2483 4318 et
2512 4262 2823 4335 quomodo
2875 4266 2932 4319 et
2978 4263 3072 4319 cui
3102 4261 3247 4332 vult,
3282 4260 3489 4318 inolita

1824 4353 2087 4410 bonitate
2121 4353 2366 4425 aspirat.

1466 4496 1714 4537 EXPLICIT
1753 4494 2038 4535 PREFATIO
2047 4520 2059 4533 .

1255 4654 1821 4769 INCIPIT
1930 4651 2319 4765 VITA.

129 4848 191 4900 In
224 4847 508 4915 tempore,
526 4860 648 4916 quo
672 4844 930 4917 respexit
953 4848 1105 4899 Deus
1138 4860 1318 4914 super
1345 4843 1498 4899 ﬁlios
1526 4843 1715 4900 homi-
1752 4844 1797 4897 D
1826 4842 2159 4899 admodum
2192 4842 2377 4915 plana
2404 4843 2461 4895 et
2486 4840 2639 4895 bene
2665 4837 2866 4907 ducta,
2899 4838 3055 4893 oculi
3082 4837 3357 4905 humiles,
3387 4854 3491 4894 na—

50 4952 223 5001 num,
255 4939 320 4990 ut
346 4933 591 5004 videret,
624 4933 671 4989 si
702 4938 857 4989 esset
897 4932 1231 5001 intelligens
1275 4938 1377 4989 aut
1406 4934 1714 5006 requirens

54 5033 265 5095 Deum,
293 5024 401 5081 fuit
435 5041 538 5081 rex
570 5027 936 5081 Francorum
966 5023 1303 5091 Rotbertus,
1336 5022 1563 5091 origine
1604 5039 1711 5080 na-

52 5122 151 5173 tus
180 5113 570 5185 nobilissima,
585 5118 750 5186 patre
776 5112 987 5169 illustri
1015 5111 1287 5179 Hugone,
1312 5115 1503 5168 matre
1526 5111 1716 5168 Adhe-

50 5202 210 5261 laide
239 5202 515 5270 vocitata,
548 5220 680 5274 quae
711 5202 865 5258 adeo
920 5201 1075 5257 bene
1126 5198 1373 5256 laudata
1424 5200 1569 5256 tanti
1612 5200 1717 5256 ﬁlii

52 5291 222 5362 digni
252 5292 465 5347 exstitit
497 5291 907 5364 praerogativa.
944 5291 1082 5361 Ejus
1127 5288 1349 5362 inclyta
1378 5290 1712 5361 progenies,

55 5382 229 5441 sicuti
252 5381 378 5454 ipse
412 5382 533 5437 suis
565 5381 783 5437 sanctis
809 5386 866 5437 et
890 5378 1237 5436 humillimis
1260 5379 1565 5436 asserebat
1591 5396 1717 5436 ver-

52 5474 170 5541 bis,
202 5471 279 5527 ab
309 5470 586 5526 Ausoniae
617 5470 890 5543 partibus
938 5468 1348 5525 descenderat.
1391 5469 1592 5525 Probis
1621 5469 1716 5525 hic

56 5560 289 5621 actibus
330 5560 666 5623 decoratus,
716 5559 1020 5615 crescebat
1063 5558 1329 5630 quotidie
1368 5560 1715 5615 meritorum

54 5649 281 5710 lumine
309 5647 413 5721 qui
433 5652 562 5702 erat
585 5647 903 5720 insignitus
933 5648 1110 5704 totius
1135 5647 1392 5703 scientiae
1415 5648 1720 5721 perfectio-

58 5759 156 5800 ne.
184 5739 367 5812 Hujus
387 5737 565 5809 igitur
591 5741 820 5794 statura
842 5737 1107 5813 corporis
1127 5737 1417 5806 eminens,
1442 5738 1713 5795 caasaries

1822 4947 1917 4987 res
1945 4936 2231 5005 porrectae
2264 4934 2321 4986 et
2348 4928 2586 5003 patulae,
2619 4944 2688 4984 os
2721 4943 2905 4983 suave
2935 4932 2992 4983 et
3021 4927 3195 4983 dulce
3226 4926 3305 4982 ad
3336 4926 3487 4983 dan—

1823 5022 1973 5078 dum
2003 5026 2219 5079 sanetae
2249 5020 2416 5094 pacis
2454 5018 2756 5086 osculum,
2786 5017 2980 5074 barba
3028 5017 3168 5073 satis
3210 5016 3484 5087 honesta,

1823 5112 2057 5169 humeri
2086 5112 2267 5182 hujus
2296 5111 2357 5168 in
2388 5108 2576 5165 altum
2607 5108 2880 5182 porrecti.
2911 5110 3145 5163 Corona
3174 5106 3354 5180 capiti
3382 5106 3490 5163 im-

1824 5202 2018 5274 posita
2045 5200 2405 5257 decernebat
2424 5215 2563 5257 eum
2590 5198 2719 5254 avis
2748 5200 2805 5252 et
2832 5197 3018 5254 atavis
3047 5196 3226 5270 stirpe
3248 5212 3490 5269 proces-

1826 5292 1974 5347 cisse
1994 5291 2179 5361 regia.
2209 5290 2432 5347 Sedens
2461 5304 2619 5361 equo
2640 5288 2826 5356 regio,
2850 5286 3119 5343 mirabile
3140 5286 3324 5358 dictu,
3338 5302 3492 5359 pene

1818 5379 2114 5452 jugebant
2136 5378 2362 5450 pedum
2391 5376 2558 5445 digiti
2584 5376 2889 5445 calcaneo,
2916 5375 3103 5430 ethoc
3128 5378 3254 5430 erat
3284 5374 3492 5431 viden-

1822 5469 1983 5524 tibus
2011 5468 2071 5523 in
2105 5467 2324 5523 saeculo
2353 5482 2463 5539 pro
2494 5464 2804 5521 miraculo.
2838 5467 2973 5520 Erat
3021 5464 3083 5520 in
3126 5481 3196 5521 eo
3239 5464 3403 5535 jugis
3436 5467 3495 5523 et

1826 5558 2105 5630 frequens
2136 5556 2218 5611 ad
2254 5558 2441 5611 Deum
2466 5554 2676 5621 oratio,
2707 5569 2975 5623 genuum
3006 5554 3185 5610 ﬂexio
3216 5553 3492 5609 innume-

1825 5646 2028 5703 rabilis
2058 5649 2184 5702 erat
2212 5661 2321 5718 pro
2348 5649 2529 5713 certo,
2557 5648 2634 5712 et,
2668 5647 2732 5698 ut
2752 5642 2947 5699 verbis
2972 5642 3190 5700 Aurelii
3218 5638 3493 5699 Victorini

1825 5736 2060 5811 loquar,
2095 5736 2173 5792 ad
2198 5736 2481 5793 humanae
2503 5732 2982 5790 conversationis
3011 5730 3374 5804 exemplum,
3384 5740 3491 5800 per
