3892 6404
459 305 557 363 911

1641 294 1934 350 ROBERTl
1974 288 2176 346 REGIS
2215 289 2657 345 FRANCORUM.
3809 292 3882 348 915

455 427 680 485 laboris
710 440 929 497 genera
954 422 1246 487 universa,
1273 419 1362 474 vir
1387 421 1700 491 provectus
1728 417 1805 473 ad
1837 430 2095 470 summa.
2128 412 2173 464 A
2212 410 2425 480 verbis,
2457 416 2513 467 et
2543 412 2623 467 sic
2656 428 2757 467 eos
2785 411 3002 467 illaesos
3031 411 3111 469 ad
3156 428 3268 469 sua
3309 412 3585 483 regredi
3613 413 3812 485 jussit.
3839 420 3882 471 In

461 519 684 574 Sistens
712 516 773 570 in
796 511 1139 570 consistorio
1169 509 1437 565 clientem
1469 524 1528 562 se
1556 523 1682 562 esse
1712 504 2097 562 libentissime

457 605 768 662 fatebatur.
802 606 1119 673 Nunquam
1146 597 1364 669 injuria
1410 601 1653 668 accepta
1701 595 1777 651 ad
1815 593 2097 649 ulciscen-

457 697 603 751 dum
632 694 864 749 ductus.
900 689 1156 745 Amabat
1210 686 1663 759 simplicitatem,
1698 683 2004 741 communi
2034 699 2096 737 se

455 784 638 840 aifatu
666 789 720 839 et
749 780 1021 837 convivio
1047 783 1103 834 et
1124 778 1361 833 incessu
1386 775 1707 848 praebebat.
1741 773 2096 847 Eloquentiae

453 877 684 928 tantum
712 868 1086 933 incumbens,
1119 870 1184 921 ut
1210 864 1409 920 nullus
1454 864 1752 919 laberetur
1780 863 1905 917 dies
1950 861 2096 934 quin

452 961 670 1031 legeret
697 956 1067 1023 Psalterium,
1100 960 1155 1010 et
1184 958 1453 1009 exoraret
1478 969 1615 1008 cum
1648 956 1852 1008 sancto
1879 951 2098 1007 Davide

454 1054 643 1107 Deum
698 1047 1074 1104 altissimum.
1136 1043 1359 1099 Exstitit
1408 1043 1586 1114 mitis,
1638 1047 1862 1111 gratus,
1913 1040 2096 1097 civilis

456 1138 640 1195 animi
671 1143 728 1193 et
752 1135 952 1208 lepidi,
976 1133 1166 1203 magis
1195 1132 1497 1187 beneficus
1529 1147 1715 1204 quam
1744 1131 2021 1187 blandus.

527 1227 657 1283 Fuit
683 1226 842 1281 idem
887 1240 991 1279 rex
1034 1220 1502 1294 sapientissimus
1529 1220 1892 1287 litterarum;
1925 1220 2097 1290 cujus

452 1314 911 1389 prudentissimo
942 1311 1104 1366 cordi
1147 1312 1313 1365 erant
1356 1308 1530 1364 insita
1578 1324 1613 1363 a
1661 1312 1774 1364 Deo
1804 1309 1946 1363 data
1970 1323 2098 1380 per-

452 1406 612 1461 fectae
660 1402 914 1459 scientiae
952 1402 1131 1456 dona.
1166 1401 1317 1454 Nam
1348 1414 1384 1453 a
1411 1398 1679 1470 piissima
1708 1402 1896 1453 matre
1929 1398 2096 1452 scho-

450 1490 520 1545 lae
550 1490 822 1545 Remensi
851 1489 1122 1557 traditus,
1154 1488 1380 1543 domno
1425 1486 1687 1542 Girberto
1719 1486 1797 1541 ad
1826 1486 2096 1541 erudien-

450 1579 593 1634 dum
643 1584 731 1634 est
781 1578 975 1643 datus,
1017 1576 1120 1649 qui
1163 1593 1299 1632 eum
1354 1575 1709 1630 sufficienter
1752 1573 2096 1629 liberalibus

449 1669 759 1725 instrueret
786 1666 1131 1739 disciplinis,
1163 1670 1227 1720 ut
1255 1666 1315 1720 in
1342 1664 1622 1720 omnibus
1663 1667 1780 1719 Deo
1828 1664 2097 1735 omnipo-

2204 498 2525 555 latrociniis
2573 517 2714 556 vero
2740 517 3077 573 pauperum
3107 500 3482 558 clericorum
3516 508 3591 559 et
3616 502 3878 560 laicorum

2206 587 2317 642 sibi
2344 587 2537 659 illatis,
2569 589 2824 661 adplene
2852 595 2979 646 erat
3004 590 3412 658 consentiens,
3445 607 3614 665 quas
3648 609 3763 665 pro
3786 610 3876 649 cer-

2206 681 2263 733 to
2294 682 2462 733 erant
2504 679 2564 734 in
2596 695 2743 735 auro
2773 680 2868 735 vel
2905 685 3154 751 argento
3185 685 3245 737 et
3268 681 3770 753 pretiosissimis
3809 700 3873 739 or-

2202 768 2520 823 namentis.
2555 770 2601 822 V
2606 768 2901 825 olentibus
2944 786 3015 825 ea
3059 770 3433 842 investigare
3468 772 3702 828 minas
3732 772 3869 828 dabu

2203 856 2431 925 virtute,
2458 858 2669 928 jurans
2717 858 2949 915 Domini
2996 859 3201 928 ﬁdem,
3235 876 3312 916 ne
3360 861 3729 934 perderent
3774 879 3871 935 que

2204 951 2670 1018 asportaverant.
2713 949 2970 1022 Stampis
3017 954 3211 1006 castro
3261 951 3491 1021 regina
3550 954 3873 1010 Constantia

2202 1034 2493 1106 palatium
2521 1042 2931 1094 construxerat
2954 1038 3178 1109 nobile,
3201 1039 3391 1096 simul
3426 1057 3593 1098 cum
3617 1044 3872 1099 oratorio.

2204 1126 2328 1188 Quo
2390 1125 2715 1181 delectatus
2767 1143 2870 1182 rex
2926 1128 3004 1184 ad
3058 1128 3510 1201 prandendum
3564 1148 3721 1188 cum
3780 1132 3871 1186 suis

2203 1212 2444 1283 assedit,
2468 1214 2701 1286 impleri
2729 1215 2980 1271 domum
3015 1216 3236 1272 sanctis
3265 1219 3684 1291 pauperibus
3710 1221 3871 1291 jussit.

2206 1305 2356 1356 Inter
2376 1318 2531 1373 quos
2561 1303 2637 1358 ad
2669 1303 2850 1375 pedes
2892 1305 3022 1375 ejus
3050 1321 3206 1360 unus
3237 1321 3300 1361 se
3332 1306 3707 1381 collocans,
3733 1310 3805 1365 ab
3824 1326 3871 1363 eo

2204 1389 2316 1443 sub
2346 1406 2554 1445 mensa
2586 1391 2829 1447 satiatus
2855 1396 2961 1448 est.
2997 1393 3106 1458 Qui
3148 1409 3274 1449 non
3305 1394 3680 1453 obliviosus
3714 1397 3874 1453 factus

2202 1484 2644 1551 ornamentum,
2678 1481 2845 1553 quod
2874 1487 3000 1538 erat
3034 1483 3096 1538 in
3127 1500 3232 1538 sex
3260 1484 3463 1540 unciis
3492 1487 3649 1543 auri
3680 1488 3873 1560 depen-

2202 1568 2350 1623 dens
2377 1585 2412 1624 a
2441 1569 2714 1639 genibus,
2746 1575 2802 1626 et
2830 1571 2995 1643 quod
3043 1587 3154 1627 nos
3184 1572 3401 1643 lingua
3433 1576 3690 1634 rustica
3727 1576 3875 1633 labet

2202 1655 2291 1711 los
2339 1673 2642 1725 vocamus,
2698 1661 2828 1731 ipso
2881 1659 3306 1731 conspiciente,
3360 1661 3631 1720 cultello
3682 1665 3871 1736 diripit.

451 1758 589 1814 tenti
610 1757 1006 1830 complaceret
1032 1755 1345 1811 virtutibus
1378 1754 1574 1809 almis.
1602 1757 1960 1824 Factumque
1987 1758 2090 1807 est.
2132 1759 2172 1813 Β
2204 1747 2559 1817 quantocius
2590 1746 2982 1803 discessurus.
3023 1748 3295 1806 Liberata
3324 1758 3655 1810 vacuatur
3683 1754 3873 1810 domus

450 1852 500 1903 ls
531 1847 753 1919 quippe
796 1845 1114 1909 Girbertus,
1148 1859 1256 1915 pro
1304 1842 1569 1897 maximo
1619 1859 1739 1896 suae
1790 1841 2093 1913 sapientim

447 1935 677 2002 merito,
706 1949 829 2006 qua
858 1937 979 1989 toto
1008 1932 1280 1987 radiabat
1326 1931 1387 1986 in
1420 1930 1669 1998 mundo,
1701 1929 1982 1984 donativo
2011 1946 2096 1984 re-

448 2023 537 2094 gis
566 2022 832 2092 Hugonis
881 2036 1127 2076 munere
1157 2019 1529 2091 pontificium
1560 2018 1811 2090 adeptus
1850 2021 2095 2073 Remen-

449 2126 532 2177 se,
562 2126 681 2165 non
711 2108 909 2163 multis
940 2108 1112 2163 annis
1160 2107 1305 2162 illud
1352 2107 1666 2162 adornavit
1696 2105 2004 2178 splendide
2034 2104 2095 2159 in

447 2199 541 2254 his
591 2214 724 2269 quin
778 2198 969 2251 forent
1022 2196 1355 2251 necessaria
1404 2195 1670 2250 Ecclesiae
1725 2199 1963 2249 sanctae.
2017 2197 2094 2247 Eo

449 2301 714 2358 namque
743 2285 1040 2354 derelicto,
1074 2283 1506 2340 Ravennatium
1559 2284 1749 2337 factus
1793 2288 1879 2337 est
1906 2288 2096 2337 rector

450 2375 528 2431 ab
556 2379 761 2431 Ottone
794 2375 882 2429 lII.
908 2377 987 2428 De
1013 2390 1133 2445 quo
1158 2373 1236 2428 ad
1267 2372 1662 2445 apostalatum
1688 2371 1835 2427 Petri
1866 2376 2097 2443 aposto-

447 2464 487 2519 li
517 2463 871 2519 sanctissimi
916 2462 1162 2517 festinus
1213 2462 1641 2527 conscendens,
1684 2460 1872 2515 multa
1918 2460 1978 2514 in
2025 2477 2095 2515 eo

446 2553 726 2608 virtutum
757 2556 1036 2624 operatus
1065 2554 1149 2606 est
1172 2549 1433 2619 insignia
1467 2554 1521 2605 et
1549 2548 1848 2621 praecipue
1870 2548 1929 2603 in
1952 2548 2096 2604 elee-

444 2657 705 2713 mosyna
730 2644 953 2707 sancta,
977 2655 1163 2711 quam
1192 2639 1415 2694 fortiter
1440 2638 1641 2705 tenuit,
1670 2638 1817 2692 dum
1846 2637 2096 2692 ﬁdeliter

444 2729 602 2785 vixit.
636 2732 788 2785 Inter
837 2732 1047 2783 caetera
1091 2727 1165 2782 de
1222 2743 1285 2781 se
1342 2726 1510 2781 laetus
1569 2730 1625 2780 et
1672 2725 1875 2781 hilaris
1915 2725 1994 2780 ita
2034 2724 2095 2779 in

447 2821 510 2875 R.
543 2818 733 2874 littera
761 2817 901 2872 lusit
923 2836 935 2872 :

444 2907 689 2964 Scandit
721 2908 796 2962 ab
824 2909 895 2961 R.
929 2906 1236 2960 Girbertus
1274 2905 1337 2959 in
1368 2907 1436 2960 Β.
1469 2909 1597 2971 post
1637 2918 1800 2972 papa
1838 2905 1991 2972 viget
2023 2904 2091 2957 Β.

447 2999 567 3051 Hoc
593 2999 791 3067 aperte
822 2994 1242 3050 demonstrans
1271 2992 1436 3063 quod
1465 2991 1525 3045 hi
1560 2997 1671 3046 tres
1717 2991 2093 3063 episcopatus

2204 1850 2239 1889 a
2283 1850 2618 1906 pauperum
2650 1841 2907 1905 caterva,
2938 1836 3195 1908 imperat
3234 1836 3423 1909 longe
3476 1856 3521 1897 a
3555 1857 3627 1897 se
3664 1842 3871 1915 expelli.

2201 1922 2305 1994 qui
2347 1923 2475 1992 jam
2529 1924 2721 1978 satiati
2778 1922 3012 1980 fuerant
3088 1925 3366 1982 carnium
3425 1944 3547 1985 esu
3608 1930 3796 1986 simul
3839 1940 3873 1984 et

2202 2011 2436 2083 poculo.
2472 2013 2740 2084 Cumque
2768 2018 3078 2083 surgerent
3098 2030 3134 2069 a
3155 2031 3390 2084 mensa,
3427 2019 3671 2091 aspicit
3695 2021 3871 2091 regina

2204 2100 2522 2155 Dominum
2577 2117 2756 2155 suum
2810 2100 3153 2157 fraudatum
3223 2103 3443 2172 gloria.
3511 2109 3590 2164 Et
3662 2109 3871 2164 turbata

2203 2194 2408 2244 contra
2440 2195 2714 2245 sanctum
2744 2190 2841 2245 Dei
2867 2207 2989 2245 non
3018 2192 3355 2249 constantia
3381 2196 3662 2267 protulit
3682 2198 3870 2253 verba:

2204 2282 2391 2343 «Heu,
2427 2278 2621 2333 senior
2648 2278 2804 2334 bone
2835 2280 2846 2334 !
2898 2280 3032 2352 quis
3079 2280 3475 2339 inimicorum
3515 2287 3632 2343 Dei
3660 2304 3773 2344 vos
3800 2303 3872 2341 δυο

2202 2384 2304 2422 reo
2336 2367 2547 2423 vestitu
2575 2368 2914 2440 deturpavit
2938 2369 3190 2426 honesto
3210 2374 3239 2427 ‘?
3263 2375 3370 2443 Me,
3404 2373 3649 2447 inquit,
3687 2377 3871 2449 aliquis

2203 2471 2323 2509 non
2355 2454 2709 2527 deturpavit,
2744 2456 2848 2510 sed
2885 2456 2964 2511 illi
3021 2457 3126 2529 qui
3169 2458 3419 2516 abstulit
3460 2466 3869 2521 necessarium

2203 2543 2398 2613 magis
2428 2560 2614 2616 quam
2644 2544 2836 2612 nobis,
2866 2545 3100 2601 volente
3131 2549 3271 2615 Deo,
3306 2550 3629 2621 proﬁciet.
3661 2577 3693 2605 ια
3727 2553 3870 2612 Seda-

2204 2632 2275 2687 tis
2300 2633 2391 2687 his
2448 2632 2714 2701 vocibus,
2770 2633 3019 2689 collocat
3069 2652 3131 2691 se
3183 2636 3245 2691 in
3293 2640 3582 2698 oratorio
3634 2660 3770 2715 rex,
3800 2644 3868 2699 Dei

2203 2720 2364 2775 dono
2388 2720 2695 2775 laetiﬁcans
2725 2738 2786 2776 se
2818 2721 2891 2776 de
2923 2738 3031 2777 suo
3059 2722 3292 2794 perdito
3322 2730 3381 2781 et
3408 2726 3492 2783 de
3530 2746 3675 2787 suae
3696 2732 3870 2801 conju-

2204 2808 2292 2878 gis
2321 2808 2498 2878 dicto,
2530 2808 2863 2864 astantibus
2916 2809 2995 2864 ibi
3033 2810 3261 2867 domno
3310 2814 3658 2876 Guillelmo
3714 2820 3872 2876 Divio

2203 2897 2482 2952 nensium
2511 2897 2748 2969 abbate,
2773 2897 2950 2953 simul
2972 2904 3030 2954 et
3056 2899 3263 2956 Odone
3283 2904 3518 2961 comite
3553 2912 3619 2964 et
3639 2924 3770 2966 non
3795 2909 3874 2964 mi-

2204 2985 2378 3041 nimis
2410 2990 2768 3041 Francorum
2799 2987 3181 3058 primoribus.
3217 2991 3526 3055 Quaedam
3583 2997 3795 3054 adhuc
3820 2998 3872 3053 de

448 3083 726 3150 honores,
748 3099 901 3154 quos
924 3081 1297 3154 professione
1323 3079 1607 3147 regularis
1632 3080 1761 3134 vitae
1791 3079 1974 3151 patris
1996 3081 2096 3134 Be-
2135 3078 2176 3134 C
2204 3075 2332 3145 ejus
2382 3092 2505 3131 non
2552 3075 2802 3131 minima
2840 3077 3053 3148 pietate
3085 3080 3394 3136 narranda
3440 3090 3622 3142 sunt.
3658 3086 3873 3143 Prsesuli

449 3171 668 3227 nedicti
698 3171 1031 3226 monachus
1082 3170 1270 3223 factus
1301 3169 1581 3238 suscepit,
1613 3167 1761 3223 rexit
1788 3172 1845 3221 et
1890 3169 2093 3239 tenuit,

450 3260 630 3329 hujus
659 3261 723 3315 Β.
754 3258 957 3313 litterae
1001 3257 1171 3325 signo
1219 3256 1278 3310 in
1312 3254 1501 3326 capite
1533 3260 1669 3309 sunt
1698 3254 1999 3309 declarati.
2036 3260 2093 3310 In

450 3347 833 3404 addiscendis
860 3362 1002 3401 vero
1053 3345 1278 3400 artibus
1329 3344 1423 3398 hic
1474 3343 1561 3397 vir
1600 3342 1699 3398 Dei
1728 3342 2096 3399 humillimus

449 3437 742 3492 domnum
772 3440 1051 3505 lngonem
1083 3433 1375 3501 collegam
1399 3431 1627 3499 habuit,
1652 3447 1831 3502 quem
1854 3432 2096 3488 abbatia

449 3526 504 3579 S.
529 3525 753 3583 Martini
782 3523 1188 3580 Masciacensis
1209 3524 1677 3585 remuneratum,
1695 3525 1832 3592 post
1855 3520 2096 3577 abbatia

448 3617 502 3672 S.
525 3614 796 3672 Germani
816 3611 1228 3668 Parisiacensis
1254 3610 1543 3682 inclytum
1574 3608 1792 3663 saeculo
1820 3609 2092 3679 reddidit,

445 3709 509 3760 ut
535 3703 788 3759 decebat
818 3706 1046 3758 tantum
1077 3701 1291 3755 virum.
1325 3701 1626 3763 Quantum
1678 3702 1877 3752 autem
1926 3697 1985 3753 in
2025 3716 2095 3754 eo

444 3794 660 3848 harum
688 3791 968 3847 virtutum
1001 3790 1364 3844 incrementa
1390 3786 1685 3857 viguerint
1711 3803 1823 3841 nos
1848 3787 2097 3843 brevita-

444 3880 485 3934 ti
513 3880 813 3933 studentes
842 3877 1049 3949 paucis
1079 3876 1365 3930 adnotare
1392 3874 1753 3929 curavimus.

521 3967 794 4032 Quodam
849 3972 1115 4036 tempore
1168 3963 1389 4035 palatio
1444 3962 1812 4033 Compendii,
1864 3964 1959 4019 hic
2008 3964 2095 4018 vir

448 4052 888 4122 misericordias,
931 4052 1020 4106 vir
1068 4050 1320 4123 pietatis,
1365 4050 1613 4120 positus,
1662 4066 1847 4105 unum
1902 4052 2092 4123 quod-

447 4141 590 4196 dam
639 4139 721 4195 ibi
768 4139 829 4194 in
878 4154 996 4193 uno
1036 4142 1313 4208 operatus
1345 4140 1453 4199 est,
1487 4136 1652 4208 quod
1681 4137 1845 4192 omni
1875 4138 2092 4194 saeculo

446 4230 635 4302 patuit
681 4232 737 4284 et
782 4229 1005 4284 cunctis
1053 4243 1161 4298 pro
1200 4226 1330 4299 ipsa
1358 4225 1573 4297 pietate
1604 4231 1659 4281 et
1688 4226 2093 4284 misericordia

442 4319 727 4375 imitabile
756 4318 1006 4390 reliquit.
1042 4319 1322 4373 Sanctum
1353 4316 1579 4371 Pascha
1613 4315 1711 4372 illo
1738 4316 1797 4372 in
1827 4317 1959 4373 loco
1989 4334 2093 4373 rex

2204 3163 2441 3252 cuidam
2491 3165 2856 3235 [Leothorico
2908 3168 3236 3223 Senonensi
3267 3169 3785 3251 archiepiscopo]
3823 3176 3871 3231 de

2204 3254 2453 3309 Domino
2502 3270 2624 3309 non
2674 3254 2826 3309 bene
2880 3256 3150 3312 sentienti
3189 3262 3246 3313 et
3273 3265 3592 3332 quaerenti
3624 3281 3747 3337 pro
3774 3266 3874 3339 qui-

2202 3342 2466 3397 busdam
2510 3343 2705 3398 causis
2744 3344 3163 3415 probationem
3212 3347 3275 3402 in
3326 3364 3601 3422 corpore
3656 3355 3877 3410 Domini

2203 3433 2388 3487 nostri
2413 3437 2549 3489 Jesu
2579 3433 2786 3489 Christi
2813 3433 3059 3506 indigne
3090 3437 3221 3493 tulit
3240 3454 3344 3493 rex
3378 3449 3633 3499 amator
3648 3444 3879 3501 bonita-

2205 3523 2275 3577 tis
2322 3528 2377 3577 et
2405 3522 2639 3595 scripsit
2681 3523 2733 3578 ei
2775 3522 2835 3579 in
2884 3524 2974 3580 his
3006 3526 3241 3582 verbis:
3303 3532 3508 3586 «Cum
3539 3531 3615 3587 sit
3642 3533 3766 3589 tibi
3799 3552 3880 3591 ne

2204 3626 2341 3664 men
2370 3610 2624 3664 scientiae
2658 3615 2713 3665 et
2738 3628 2858 3666 non
2889 3611 3084 3667 luceat
3110 3613 3172 3668 in
3214 3620 3268 3670 te
3297 3615 3513 3674 lumen
3546 3620 3873 3692 sapientiae

2203 3698 2385 3752 miror
2424 3714 2547 3769 qua
2574 3698 2801 3754 ratione
2832 3700 3132 3772 quaesieris
3168 3718 3282 3774 pro
3328 3705 3449 3760 tuis
3480 3706 3877 3781 iniquissimis

2200 3784 2463 3857 imperiis
2493 3789 2549 3839 et
2577 3802 2684 3857 pro
2715 3785 2989 3843 infestato
3038 3788 3177 3844 odio
3226 3791 3399 3862 quod
3448 3808 3612 3865 erga
3648 3799 3762 3853 Dei
3793 3814 3878 3853 ser-

2199 3890 2305 3928 vos
2334 3872 2521 3928 habes
2565 3874 3068 3931 examinationem
3111 3892 3172 3932 in
3202 3894 3460 3951 corpore
3497 3887 3561 3937 et
3594 3888 3875 3958 sanguini

2204 3962 2470 4030 Domini;
2521 3967 2744 4018 etcum
2795 3964 2909 4019 hoc
2959 3964 3031 4020 sit
3081 3966 3245 4038 quod
3280 3984 3316 4022 a
3344 3968 3546 4028 dante
3580 3978 3877 4033 8808Γάῡὲ

2200 4051 2442 4107 dicitur:
2474 4052 2701 4121 Corpus
2732 4054 2967 4109 Domini
2994 4056 3186 4110 nostri
3211 4057 3351 4111 Jesu
3384 4059 3655 4120 Christi
3688 4068 3773 4122 sit
3806 4067 3863 4121 tit

2200 4141 2362 4196 salus
2409 4142 2623 4196 anima
2652 4147 2705 4197 et
2752 4145 3038 4211 corporis,
3072 4160 3177 4199 cur
3207 4148 3270 4199 tu
3309 4149 3669 4209 temerario
3724 4173 3823 4211 ore
3848 4166 3878 4207 εί

2200 4228 2426 4301 polluto
2451 4228 2653 4285 dicas:
2703 4232 2773 4287 Si
2790 4232 3006 4302 dignus
3030 4248 3088 4288 es
3118 4234 3337 4304 accipe,
3373 4251 3527 4293 cum
3561 4242 3659 4299 sit
3709 4245 3879 4301 nulla:

2199 4316 2604 4389 quihabeatur
2622 4318 2878 4388 dignus?
2899 4323 3013 4377 Cur
3035 4320 3322 4377 divinitati
3344 4324 3662 4387 attribuis
3686 4351 3877 4390 aerum.

443 4407 718 4463 amabilis
769 4406 1169 4461 celebraturus
1230 4404 1291 4459 in
1355 4403 1450 4459 die
1509 4421 1691 4460 coenae
1746 4406 2001 4474 Domini,
2056 4423 2093 4461 a
2125 4410 2167 4462 D
2200 4422 2312 4461 nas
2356 4407 2622 4478 corporis
2671 4412 2726 4464 et
2772 4407 3079 4464 infirmum
3111 4410 3332 4466 doloris
3362 4412 3656 4476 humani
3693 4424 3876 4480 divin:

441 4495 759 4551 duodecim
806 4495 1024 4566 iniquae
1055 4492 1511 4566 conspirationis
1555 4493 1810 4549 ducibus
1847 4510 2010 4550 mors
2041 4494 2092 4550 ei

434 4587 775 4658 juramento
836 4584 1212 4657 promittitur,
1271 4583 1389 4639 vita
1454 4582 1836 4653 abstrahitur,
1898 4585 2093 4641 honor

437 4676 635 4746 regius
669 4675 904 4732 tollitur.
947 4674 1088 4746 Capi
1118 4689 1220 4729 eos
1267 4676 1324 4727 et
1374 4670 1594 4727 adduci
1642 4676 1779 4727 ante
1827 4689 1887 4728 se
1920 4673 2092 4743 jubet

436 4780 537 4819 rex
569 4763 960 4819 mittissimus.
994 4763 1377 4816 Percontatus
1421 4774 1523 4814 eos
1569 4759 1819 4815 mandat
1869 4762 2090 4817 servari

435 4852 619 4907 domo
663 4851 853 4907 Caroli
902 4849 1082 4918 Calvi,
1115 4846 1417 4915 regalibus
1471 4846 1731 4918 dapibus
1780 4848 2089 4920 opulenter

432 4940 594 4996 reﬁci
623 4945 681 4997 et
727 4940 788 4995 in
841 4939 935 4994 die
968 4941 1189 4993 sanctae
1222 4934 1682 4990 Resurrectionis
1711 4937 2086 5008 perceptione

433 5028 697 5096 corporis
745 5032 802 5084 et
847 5025 1155 5097 sanguinis
1195 5023 1429 5080 Domini
1479 5023 1665 5079 nostri
1706 5025 1847 5079 Jesu
1876 5025 2088 5082 Christi

430 5116 740 5186 insigniter
792 5114 1172 5190 praemuneri.
1227 5112 1501 5169 Secunda
1579 5117 1780 5168 autem
1844 5113 2085 5171 Sabbati

430 5205 809 5275 proferuntur
856 5205 919 5261 in
964 5204 1252 5275 medium,
1296 5202 1663 5273 judicantur,
1695 5202 2080 5272 damnantur,

432 5297 490 5346 et
545 5309 721 5365 super
773 5310 875 5349 eos
928 5298 1013 5349 tot
1065 5292 1366 5349 sententiae
1424 5296 1573 5364 quot
1617 5292 1908 5348 homines.
1963 5298 2081 5348 Au-

432 5378 576 5435 divit
619 5380 728 5436 ista
778 5380 1054 5452 princeps
1106 5382 1223 5449 Dei,
1264 5381 1401 5454 pius
1457 5385 1516 5437 et
1558 5380 1848 5454 prudens,
1890 5381 2082 5438 sciens

431 5470 491 5523 et
523 5468 872 5538 intelligens,
913 5474 970 5523 et
1018 5469 1180 5540 ipsos
1229 5475 1473 5543 prOpter
1507 5470 1839 5541 benignum
1874 5473 2079 5527 Jesum

431 5554 704 5621 absolvit,
737 5557 943 5611 dicens
974 5571 1096 5611 non
1128 5557 1342 5614 debere
1372 5559 1647 5615 damnari
1693 5559 1798 5631 qui
1845 5559 2080 5615 fuerant

428 5644 767 5714 praemuniti
819 5643 954 5699 cibo
1021 5648 1283 5716 potuque
1339 5648 1579 5702 caelesti.
1634 5648 1747 5704 Sed
1810 5665 1885 5703 ne
1950 5665 2076 5704 am-

426 5730 581 5803 plius
608 5734 743 5791 talia
772 5733 834 5790 in
865 5731 1068 5803 aliquo
1098 5740 1382 5803 gererent,
1410 5735 1533 5791 suis
1565 5736 1785 5792 sanctis
1814 5736 2069 5809 imperat

2186 4939 2508 5009 pinquabit
2552 4940 2733 4996 vobis.
2766 4962 2791 4988 ››

2201 4496 2502 4552 connectis
2531 4501 2756 4552 naturae
2780 4497 2807 4551 ?
2833 4500 3048 4553 Jurans
3080 4499 3312 4554 Domini
3342 4500 3569 4576 ﬁdem,
3609 4513 3877 4583 princep

2202 4584 2322 4652 Dei,
2352 4584 2705 4656 Privaberis.
2736 4585 2947 4657 inquit,
2980 4587 3207 4643 ῒιουοτθ
3253 4589 3605 4668 Imaum“,
3660 4603 3794 4659 nisi
3834 4601 3875 4656 ai

2198 4671 2290 4727 his
2312 4672 2651 4746 resipueris,
2676 4678 2733 4729 et
2752 4674 3139 4731 damnaberis
3169 4692 3306 4731 cum
3336 4676 3429 4731 his
3452 4683 3578 4752 qui
3616 4688 3880 4748 dixerug‘

2200 4762 2482 4817 Domino:
2510 4763 2733 4819 Recede
2760 4777 2796 4819 α
2828 4764 3014 4831 nobis,
3041 4769 3098 4819 et
3124 4780 3245 4820 non
3274 4774 3798 4836 communicatis
3823 4780 3877 4833 ius

2197 4850 2715 4940 quibusidicitur:
2773 4852 3272 4925 Appropinquate
3338 4854 3489 4927 Deo,
3560 4870 3636 4919 et
3690 4886 3878 4940 appr;-

2853 4940 2952 4994 His
3001 4941 3195 4996 verbis
3247 4942 3470 5014 praesul
3532 4963 3699 5011 non
3768 4958 3873 5012 her:

2193 5025 2428 5099 doctus,
2482 5045 2519 5084 a
2574 5044 2711 5099 rege
2771 5029 2871 5101 pio
2936 5033 2993 5084 et
3051 5029 3216 5085 bono
3282 5030 3613 5103 sapienter
3678 5045 3877 5104 inst-ﬁ.

2192 5120 2340 5183 ctus,
2388 5116 2630 5211 quievit,
2662 5117 2963 5211 obmutuit
2998 5123 3055 5211 et
3105 5119 3264 5175 siluit
3318 5120 3753 5211 a‘dogmate
3798 5149 3878 5211 per

2191 5219 2384 5271 verso,
2412 5205 2578 5277 quod
2621 5209 2747 5260 erat
2797 5205 3162 5262 contrarium
3216 5206 3383 5263 omni
3417 5208 3610 5272 bono
3674 5231 3763 5282 et

2191 5293 2497 5349 crescebat
2519 5294 2582 5349 in
2615 5294 2854 5350 saeculo.

2263 5385 2325 5436 In
2339 5381 2475 5436 sinu
2495 5382 2702 5437 matris
2720 5383 2991 5439 Ecclesiae
3013 5383 3337 5440 collocatus
3358 5384 3471 5442 iste
3499 5390 3627 5452 Dei
3664 5417 3872 5460 Serm.

2195 5469 2385 5525 factus
2401 5475 2491 5526 est
2518 5471 2806 5528 Dominici
2831 5472 3099 5544 corporis
3127 5477 3184 5529 et
3212 5474 3533 5543 sanguinis
3562 5499 3870 5551 vasoru:

2194 5573 2309 5655 que
2339 5559 2468 5628 ejus
2498 5563 2698 5655 custos
2729 5560 3105 5655 fortissimus.
3125 5562 3523 5655 Ad_unguem
3559 5571 3667 5634 ita
3706 5598 3881 5655 pen».

2191 5647 2409 5702 dinans
2439 5653 2673 5717 cuncta,
2691 5649 2865 5720 quasi
2894 5649 3190 5705 videretur
3214 5652 3368 5706 Deus
3398 5659 3655 5734 suscipi
3690 5647 3873 5729 ᾗοω

2187 5736 2250 5792 in
2271 5736 2529 5804 alterius,
2550 5737 2653 5793 sed
2683 5736 2745 5793 in
2769 5739 3014 5811 propria
3039 5744 3262 5797 sanctas
3287 5742 3653 5812 majestatis
3680 5760 3878 5829 εισι-ρ
