3892 6392
401 249 506 300 915
1588 244 1897 303 BOBERTI
1939 243 2145 300 REGIS
2184 244 2627 301 FRANCOBUM.
3777 252 3855 304 9H

400 368 681 425 bentibus
702 369 830 438 jam
861 369 1050 424 noctis
1080 368 1356 438 tenebris,
1389 368 1538 427 dum
1557 370 1635 426 ad
1656 371 2042 443 complenda,
2068 368 2118 424 Α
2156 368 2412 440 palatius
2433 368 2578 423 illud
2618 369 2909 439 frequenti
2933 368 3097 439 regio
3152 374 3491 424 conventu
3560 370 3645 427 sit
3692 371 3858 427 hono-

403 462 624 529 etquae
651 461 788 512 sunt
816 460 929 512 Deo
952 457 1257 512 reddenda
1305 457 1607 526 cogitaret,
1668 460 1744 515 ad
1792 461 2043 514 domum
2154 456 2434 523 randum,
2466 458 2627 528 quod
2656 458 2856 512 divina
2900 457 3085 513 virtus
3122 457 3223 513 tali
3271 458 3637 516 decoravit
3706 463 3855 519 mira-

406 546 506 601 Dei
537 546 610 601 de
641 562 806 600 more
828 546 1131 615 processit,
1166 547 1568 618 praeeuntibus
1598 554 1732 603 ante
1775 566 1834 604 sc
1880 548 2046 603 cleri-
2155 547 2288 600 culo
2319 551 2374 600 et
2402 546 2605 616 populi
2639 546 2893 601 sacravit
2944 546 3161 616 jubilo,
3221 546 3388 603 dum
3442 549 3637 604 vesci
3694 552 3851 606 voluit

408 636 491 690 cis
530 652 665 689 cum
691 635 1055 690 ceroferariis
1079 650 1203 690 non
1226 635 1457 691 minimi
1484 638 1786 709 ponderis.
1823 638 2047 703 Quibus
2154 634 2233 688 ibi
2258 635 2677 689 devotissimus
2704 652 2807 689 rex
2836 635 2930 689 die
2956 636 3173 707 primo.

404 724 629 796 positis,
664 724 1020 793 signiﬁcavit
1046 741 1147 779 rex
1177 724 1417 780 humilis
1442 743 1516 782 ne
1570 730 1917 783 accederent
1971 729 2046 782 ad
2228 723 2430 787 WEJOI‘G
2465 723 2701 791 Ᾰιιδῑίίίίθ
2756 723 2965 792 Vi8911‘s
3017 724 3180 780 idem
3239 741 3355 782 ΓΘΧ
3412 728 3845 783 serenis-“ml”

403 814 652 870 excelsa.
690 817 811 868 Stat
840 814 1031 869 rcxin
1062 814 1303 883 angulo,
1353 820 1409 870 et
1467 818 1643 872 corde
1700 818 1870 872 tacito
1931 821 2046 872 Deo
2156 811 2429 865 studebat
2461 828 2577 864 non
2613 812 2946 866 continuari
2968 830 3036 867 os
3084 829 3266 868 suum
3316 816 3716 879 mendacio.
3769 818 3843 870 sed

405 918 512 955 suo
545 902 737 955 reddit
768 906 903 956 vota
931 902 1219 971 jucundo.
1262 903 1544 959 Meditans
1600 922 1741 972 ergo
1796 907 1854 960 in
1913 924 2047 960 con-
2154 900 2454 954 νθνίῒίιίυω
2480 900 2656 953 υΟΓάθ
2683 906 2738 954 οἳ
2767 917 2867 955 ΟΓΘ
2898 902 3182 971 ΡιὉΪθΓΓθν
3215 903 3484 958 Domini
3526 906 3645 961 υεί
3692 905 3845 960 ﬁdem

407 996 613 1062 spectu
668 992 920 1057 Domini,
978 991 1189 1063 aspicit
1222 993 1349 1062 jam
1374 994 1599 1050 dictum
1630 996 1945 1063 Ogu-criuni
1971 997 2041 1050 ad
2154 988 2364 1057 llll‘imS
2399 989 2657 1042 ίιδείεῖυυο
2696 990 2856 1042 ΓΠί-Ῑυ
2892 990 3177 1045 Nimirum
3202 1006 3380 1059 SUOS,
3414 1008 3452 1047 θ
3494 994 3749 1065 (ΙυΠηιὲ

408 1080 591 1135 altare
614 1080 917 1148 accedere,
946 1096 1182 1135 cereum
1211 1082 1287 1136 ad
1320 1087 1534 1138 terram
1560 1084 1877 1156 deponere,
1912 1102 2047 1138 cau-
2157 1084 2530 1132 crumentum
2561 1078 2901 1148 recipiebat,
2934 1079 3142 1133 volens
3170 1080 3540 1149 justiticare
3566 1084 3848 1155 quemad-

406 1166 721 1222 delabrum
746 1167 881 1222 sinu
911 1173 1239 1237 contegere.
1284 1170 1619 1225 'l‘urbantur
1672 1173 1885 1231 clerici.
1945 1174 2047 1243 qui
2157 1169 2405 1220 modum
2440 1167 2724 1237 seipsum,
2760 1168 2976 1223 fecerat
3007 1183 3197 1224 unum
3224 1170 3726 1241 phylacterium
3751 1174 3848 1229 olo-

406 1257 586 1326 hujus
615 1256 903 1312 latrocinii
953 1258 1283 1314 debuerant
1313 1276 1443 1315 esse
1502 1262 1795 1317 custodes.
1862 1264 2049 1333 tuqui-

2243 1256 2565 1323 stallinum,
2596 1257 2652 1310 in
2687 1272 2836 1327 gyro
2871 1273 3019 1313 auro
3067 1274 3221 1329 puro
3274 1260 3718 1326 adornatum,
3764 1264 3845 1318 ab-

405 1348 541 1400 runt
569 1344 882 1400 dominum
914 1362 1114 1414 regem
1144 1348 1219 1402 de
1242 1348 1393 1403 furto
1425 1368 1436 1415 ;
1471 1351 1689 1421 quibus
1722 1368 1780 1405 se
1807 1367 2047 1421 respon-

2236 1362 2304 1398 ue.
2335 1345 2583 1413 alicujus
2611 1346 2796 1400 sancti
2842 1346 3163 1417 pignorum
3218 1347 3621 1417 inclusione,
3692 1370 3845 1424 super

404 1433 489 1488 dit
522 1434 750 1489 nescire
776 1435 893 1489 ullo
928 1436 1127 1491 modo.
1152 1439 1420 1493 Pervenit
1441 1440 1552 1493 hoc
1594 1440 1665 1494 ad
1695 1457 1867 1495 aures
1897 1446 2047 1497 timi—
2155 1433 2319 1504 quod
2347 1434 2631 1501 iurabant
2658 1434 2747 1487 Sili
2778 1435 3081 1505 primates,
3117 1436 3229 1491 hac
3262 1437 3369 1507 ρίει
3396 1438 3645 1495 {Pande
3663 1442 3844 1496 1188611

405 1522 632 1578 Stantigg
664 1524 880 1591 reg-inm
912 1526 1039 1595 ejus
1067 1526 1197 1595 conj
1212 1528 1359 1595 [ιε-ᾖε,
1393 1528 1466 1582 de
1495 1545 1617 1600 qua
1664 1530 1913 1600 quidam]
1971 1531 2045 1585 ad
2156 1522 2328 1575 Allllti
2362 1538 2600 1593 quoque
2627 1523 2801 1591 jllSSlt
2832 1524 3032 1594 parari
3060 1530 3332 1593 argento,
3359 1529 3425 1581 in
3461 1544 3610 1598 quo
3665 1532 3845 1602 pOSllli

403 1627 621 1666 nomen
650 1613 697 1681 cj
714 1630 777 1667 us
808 1613 946 1668 lusit
975 1615 1180 1670 dicens
1210 1632 1222 1669 :
2157 1627 2337 1663 ovum
2370 1611 2686 1675 cujusdam
2719 1611 2846 1664 avis
2870 1628 3005 1682 qua:
3036 1619 3283 1668 vocatur
3340 1616 3629 1688 grippis,
3688 1635 3848 1690 super

475 1704 765 1757 Constans
796 1706 851 1757 et
876 1704 1061 1770 fortis,
1094 1720 1229 1776 quin
1260 1720 1381 1760 non
1408 1708 1751 1762 Constantia
1780 1708 1947 1764 ludit.

2244 1699 2318 1752 0d
2350 1701 2543 1753 minus
2575 1704 2844 1769 potentes
2873 1704 2929 1753 et
2958 1702 3209 1755 rusticos
3259 1702 3484 1771 jurare
3540 1708 3847 1778 praecipis

479 1789 611 1844 Ηεθρ
646 1806 896 1845 accensa
919 1792 1117 1847 furore
1144 1793 1306 1862 jurat
1358 1810 1465 1865 per
1520 1796 1785 1851 animam
2156 1786 2277 1841 bili.
2312 1792 2353 1839 ()
2387 1804 2568 1857 (1118111
2601 1788 2753 1842 bene
2794 1795 2849 1842 Bt
2896 1805 3160 1855 congrue
3221 1790 3365 1847 [ἰυίο
3424 1800 3670 1849 Sancto
3742 1797 3846 1850 viro

404 1876 484 1931 mi
517 1877 607 1932 sui
638 1879 916 1947 genitoris
947 1881 1299 1935 custodibus
1338 1882 1497 1937 mala
1531 1901 1590 1938 se
1652 1884 2045 1951 irrogaturam

2236 1876 2523 1929 ncordant
2555 1875 2708 1929 illius
2742 1877 2927 1930 sancti
2961 1878 3119 1931 dicta
3146 1878 3473 1949 prophetae
3539 1882 3840 1939 dicentis:

402 1964 551 2035 fore,
578 1964 905 2021 luminibus
936 1969 1155 2039 privari
1182 1974 1237 2024 et
1268 1970 1438 2024 malis
1473 1972 1601 2026 aliis
1641 1972 1960 2045 dcturpari,
1990 1976 2049 2029 ni
2156 1964 2463 2016 Habitu/iit
2500 1966 2557 2017 ιἰι
2590 1966 3080 2019 turbentur-uiam
3120 1967 3451 2039 Allissimi,
3480 1974 3605 2040 qui
3670 1974 3843 2043 tequi-

403 2053 657 2108 reddant
677 2056 840 2125 quod
871 2055 1140 2111 ablatum
1172 2058 1361 2112 fuerat
1390 2059 1463 2113 de
1524 2061 1803 2115 thesauro
1861 2064 2047 2117 sancti

404 2145 460 2194 et
480 2140 644 2210 justi.
678 2146 792 2196 lloc
826 2143 923 2198 ubi
958 2145 1183 2200 audivit
1208 2146 1269 2199 in
1296 2162 1417 2216 quo
1449 2153 1572 2202 erat
1604 2150 1834 2220 requies
1866 2152 2048 2221 pieta-

404 2226 502 2295 tis,
531 2243 668 2284 eum
700 2230 802 2301 qui
850 2236 975 2286 erat
1024 2231 1396 2288 latrunculus
1460 2236 1782 2299 advocans,
1840 2238 1919 2293 ita
1975 2240 2049 2293 ad

410 2330 549 2370 eum
576 2315 809 2371 locutus
840 2324 925 2373 cst
958 2335 970 2372 :
1006 2342 1030 2366 ‹‹
1057 2321 1258 2375 Amice
1292 2322 1520 2389 ()ggeri.
1554 2323 1648 2378 abi
1708 2325 1843 2379 hine
1901 2328 2049 2396 jam,

409 2420 483 2459 ne
516 2408 567 2459 te
599 2412 913 2461 consumat
938 2408 1281 2464 inconstans
1318 2412 1655 2467 Constantia
1711 2430 1857 2469 uxor
1895 2434 2047 2471 mea.

405 2492 725 2549 Sufficiunt
754 2497 910 2549 enim
930 2512 1063 2567 qua:
1095 2497 1304 2564 habes,
1339 2500 1527 2554 donec
1548 2500 1726 2556 intres
1751 2504 1808 2556 in
1838 2509 2052 2559 terram

406 2580 730 2637 nativitatis
784 2588 921 2639 tuas.
976 2585 1056 2640 Sit
1111 2586 1398 2641 Dominus
1459 2594 1651 2643 tecum
1711 2591 2052 2663 ubicunque

406 2671 753 2741 perrexeris.
792 2694 818 2721 ››
855 2672 959 2728 Ubi
990 2675 1103 2729 hoc
1138 2676 1361 2731 audivit
1411 2678 1544 2732 furti
1592 2679 1891 2739 dominus,
1953 2698 2052 2735 ca-

407 2758 555 2813 dens
623 2759 701 2814 ad
762 2761 945 2833 pedes
998 2763 1249 2833 piissimi
1301 2768 1456 2833 regis
1512 2766 1888 2822 volutabatur
1941 2770 2054 2824 cla-

406 2862 581 2901 mans
615 2866 626 2901 :
662 2870 690 2896 ‹‹
726 2850 1011 2905 Succurre
1043 2852 1209 2922 mihi,
1238 2852 1501 2921 domine,
1537 2872 1834 2911 succurre.
1874 2882 1898 2905 ››
1924 2862 2053 2928 lpse

406 2951 548 2990 vero
578 2936 783 2990 volens
814 2954 951 2993 eum
982 2940 1224 3011 eripere,
1255 2942 1526 2997 dicebat:
1564 2968 1589 2991 ‹‹
1624 2946 1847 3010 Transi,
1873 2946 2055 3001 transi

407 3023 531 3079 noli
555 3023 650 3078 hic
675 3040 1045 3095 permanere,
1084 3052 1111 3078 »
1139 3029 1291 3083 dans
1313 3030 1365 3085 ei
1394 3036 1451 3085 et
1476 3032 1592 3087 alia
1621 3050 1759 3088 cum
1798 3035 1889 3089 his
1919 3052 2054 3106 quae

409 3111 882 3183 absportaverat,
912 3129 985 3170 ne
1024 3115 1300 3171 deﬁceret
1356 3118 1417 3171 in
1470 3120 1586 3174 via.
1642 3124 1776 3175 Post
1831 3123 2056 3194 aliquot

410 3199 538 3255 dies
569 3199 728 3255 idem
757 3202 855 3257 Dei
876 3202 1136 3259 famulus
1185 3205 1431 3261 credens
1483 3207 1651 3263 illum
1699 3211 1828 3278 jam
1877 3227 2053 3282 posse

411 3304 589 3342 suum
614 3289 874 3358 attigisse
903 3289 1119 3363 solum,
1152 3309 1472 3349 conversus
1501 3296 1578 3351 ad
1602 3313 1741 3352 suos
1775 3298 1968 3369 lepide
2000 3306 2056 3357 et

406 3376 840 3447 jucundissime
870 3378 1057 3435 dixit:
1091 3403 1118 3429 «
1154 3383 1197 3438 Ο
1223 3380 1380 3437 bone
1425 3383 1666 3439 Theudo
1723 3386 1839 3451 (hic
1895 3390 2052 3443 enim

410 3465 464 3520 ei
494 3469 616 3521 erat
640 3466 967 3539 familiaris)
1000 3473 1061 3526 ut
1090 3470 1235 3542 quid
1267 3474 1498 3526 tantum
1522 3471 1760 3529 laboras
1791 3474 1849 3529 in
1896 3493 2054 3548 qure-

408 3554 595 3609 rendo
642 3556 1024 3628 candelabro,
1081 3576 1220 3613 cum
1262 3562 1415 3614 Deus
1474 3562 1855 3633 omnipotens
1908 3564 2051 3620 illud

407 3662 516 3701 suo
555 3646 887 3703 attribuerit
936 3649 1304 3720 pauperculo
1333 3651 1361 3705 7
1419 3651 1581 3707 Scias
1622 3654 1840 3708 etenim
1881 3660 1941 3709 tu
1997 3661 2054 3712 et

408 3735 491 3791 tui
507 3736 672 3806 quod
700 3736 779 3791 illi
805 3736 941 3809 plus
968 3754 1156 3809 quam
1175 3739 1351 3794 nobis
1377 3742 1814 3796 neccessarium
1843 3744 2049 3812 fuerat,

408 3838 550 3877 cum
581 3824 732 3878 Deus
757 3824 931 3879 nobis
959 3826 1374 3895 peccatoribus
1402 3830 1607 3884 omnia
1634 3846 1767 3901 quae
1800 3838 1936 3886 sunt
1992 3833 2053 3888 in

410 3908 579 3964 terris
610 3911 959 3981 attribuerit,
991 3917 1056 3967 ut
1085 3913 1512 3969 subveniamus
1550 3919 1937 3988 pauperibus,
1961 3938 2052 3975 or-

412 3996 649 4067 phanis,
678 3998 873 4052 viduis
904 4004 959 4053 et
986 4000 1149 4055 omni
1176 4002 1399 4073 populo
1428 4004 1582 4058 Dei.»

486 4084 772 4143 Palatium
809 4086 1065 4155 insigne,
1098 4091 1261 4161 quod
1291 4096 1380 4145 est
1432 4093 1699 4161 Parisius,
1762 4114 1868 4152 suo
1917 4115 2054 4154 con-

414 4178 747 4230 struxerant
771 4175 945 4246 jussu
971 4176 1252 4233 otﬁcialcs
1279 4179 1425 4249 ejus.
1462 4183 1626 4245 Quod
1657 4185 1860 4241 volens
1899 4204 2049 4259 prae-

413 4266 601 4320 sentia
627 4266 717 4321 sui
745 4266 840 4320 die
870 4272 1076 4322 sancto
1101 4268 1341 4323 Paschae
1377 4272 1693 4345 nobilitari,
1746 4292 1910 4331 more
1964 4294 2050 4331 re-

409 4352 527 4422 gali
560 4354 738 4424 jussit
768 4370 1045 4412 mensam
1102 4358 1319 4428 parari.
1382 4364 1649 4431 Cumque
1693 4379 1915 4434 aquam
1976 4367 2050 4421 ad

409 4442 742 4498 abluendas
781 4458 1000 4499 manus
1053 4450 1269 4516 praesto
1327 4447 1589 4515 haberet,
1641 4452 1809 4507 adest
1859 4470 2052 4508 crecus

408 4531 655 4602 quidam
682 4532 835 4588 inter
858 4548 1194 4605 pauperum
1249 4536 1691 4594 multitudinem
1721 4557 1922 4596 coram
1982 4560 2052 4599 eo

408 4621 829 4689 assistentium,
885 4622 989 4694 qui
1039 4622 1199 4679 illius
1249 4630 1416 4681 erant
1466 4629 1811 4685 memoriale
1865 4632 2048 4687 conti-

406 4720 617 4774 nuum,
652 4709 756 4780 qui
786 4714 851 4765 ut
878 4709 959 4765 illi
984 4726 1207 4782 aquam
1229 4713 1479 4781 jactaret
1508 4715 1566 4768 in
1601 4714 1811 4772 faciem
1839 4718 2053 4774 humil-

408 4793 614 4851 limam
646 4812 904 4869 precem.
938 4799 1132 4856 Atille
1187 4800 1492 4869 continuo,
1540 4802 1701 4858 velut
1751 4821 1860 4876 pro
1913 4808 2052 4876 joco

2159 2057 2259 2105 tur
2294 2054 2594 2107 ueritatem
2630 2054 2688 2107 in
2718 2053 2893 2108 corde
2938 2069 3090 2109 suo.“
3135 2057 3240 2125 qui
3282 2072 3406 2112 non
3464 2062 3602 2130 egit
3647 2064 3840 2116 dolum

2158 2141 2217 2194 in
2249 2142 2475 2208 lingua,
2510 2157 2614 2195 nec
2640 2142 2781 2209 fecit
2810 2143 3089 2209 proximo
3132 2159 3239 2198 suo
3295 2147 3576 2215 malum,
3645 2159 3704 2206 et
3760 2168 3842 2219 op-

2150 2231 2463 2297 probrium
2487 2246 2601 2283 non
2637 2233 2863 2298 accepit
2894 2232 3208 2288 adversum
3263 2237 3648 2302 promimum
3684 2257 3839 2295 suum

2162 2318 2493 2384 (1’sal.x1v,
2527 2324 2601 2384 3).
2638 2318 2739 2371 Cui
2789 2320 2987 2390 utique
3042 2320 3207 2375 bono
3266 2321 3441 2378 illum
3510 2326 3841 2383 adhaesisse

2161 2408 2281 2457 tota
2325 2404 2519 2457 cordis
2567 2404 2887 2459 intentione
2952 2407 3350 2463 certissimum
3406 2416 3526 2478 est,
3600 2419 3673 2468 ut
3733 2430 3837 2468 me-

2162 2498 2385 2546 reretur
2414 2509 2544 2547 esse
2575 2493 2632 2547 in
2666 2510 2923 2565 superna
2954 2495 3296 2551 haereditate
3344 2497 3698 2558 beatorum
3757 2518 3837 2556 co-

2163 2581 2371 2635 han-cs.

2234 2674 2462 2734 Quanta
2496 2687 2632 2725 vero
2662 2672 3009 2727 humilitatis
3030 2673 3214 2729 virtus
3234 2674 3292 2730 in
3310 2690 3385 2730 eo
3410 2676 3609 2735 fuerit
3639 2682 3836 2752 paucis

2164 2761 2517 2815 edicendum
2548 2768 2635 2815 est
2666 2762 2881 2816 verbis.
2915 2763 3294 2835 Colloquium
3349 2783 3501 2823 cum
3537 2770 3837 2842 episcOpis

2166 2849 2255 2903 sui
2292 2850 2455 2913 regni
2488 2850 2717 2903 habens
2770 2867 2870 2905 rex
2924 2852 3185 2921 humilis,
3247 2854 3400 2907 inter
3458 2855 3836 2929 colloquium

2165 2951 2657 3007 unumquemque
2686 2938 2999 3007 aspiciens,
3032 2939 3180 2994 vidit
3235 2942 3592 3011 quemdam
3640 2960 3837 2999 eorum

2164 3023 2320 3077 mole
2351 3024 2545 3078 carnis
2578 3032 2913 3095 gravatum,
2942 3043 3015 3097 pe
3046 3027 3127 3082 les
3162 3044 3304 3082 suos
3344 3029 3724 3101 dependere
3774 3031 3835 3085 ab

2164 3111 2300 3167 alto.
2356 3113 2566 3168 Pietate
2618 3114 2832 3168 ductus
2885 3132 2921 3170 a
2972 3116 3148 3186 longe
3204 3134 3493 3188 qumrens
3527 3121 3833 3194 subpedit-

2164 3218 2345 3256 neum
2377 3203 2591 3273 reperit
2620 3220 2826 3260 unum.
2853 3206 3023 3270 Quod
3055 3208 3339 3262 manibus
3363 3211 3493 3264 Deo
3525 3215 3594 3266 et
3653 3212 3835 3267 homi'

2162 3290 2339 3345 nibus
2365 3292 2579 3345 eharus
2611 3294 3089 3363 apprehendens,
3142 3296 3283 3351 illud
3336 3301 3510 3353 tanto
3572 3300 3838 3371 pontifici

2163 3382 2372 3435 oll'erre
2399 3397 2520 3435 non
2544 3384 2836 3438 recusavit
2864 3390 2920 3438 et
2963 3384 3075 3439 sub
3132 3386 3394 3456 pedibus
3440 3388 3581 3457 ejus
3616 3406 3839 3461 ponere

2161 3484 2283 3523 non
2314 3474 2400 3524 est
2424 3469 2803 3538 dedignatus.
2836 3476 2968 3527 Erat
2996 3479 3197 3528 autem
3230 3474 3324 3530 hic
3347 3476 3695 3548 episcopus
3726 3480 3840 3534 Lin-

2163 3560 2467 3626 goncnsis,
2503 3560 2851 3615 Lambertus
2880 3562 3123 3618 nomine
3150 3564 3365 3629 dictus,
3404 3566 3697 3636 scientia,
3764 3587 3840 3622 re-

2161 3647 2377 3715 ligione
2409 3654 2463 3702 et
2491 3649 2753 3705 bonitate
2781 3651 3032 3721 pollens.
3068 3657 3129 3708 ln
3189 3669 3419 3723 magna
3476 3658 3723 3713 etenim
3780 3676 3837 3713 ex

2161 3737 2275 3790 hoc
2303 3738 2692 3793 admiratione
2721 3755 2831 3809 pro
2862 3741 2960 3795 tali
3012 3742 3164 3795 facto
3197 3759 3413 3797 omnes
3474 3746 3765 3819 episcopi
3796 3762 3837 3801 et

2162 3825 2459 3896 principes
2480 3826 2741 3881 habuere
2770 3834 3116 3900 saepel‘atum
3148 3831 3505 3888 Rotbertum
3578 3836 3837 3893 humilli-

2162 3930 2329 3968 mum
2361 3920 2417 3968 ct
2441 3915 2727 3985 inclytum
2770 3934 2988 3979 regem.

2238 4007 2284 4056 Is
2316 4003 2539 4075 quippe
2577 4020 2680 4059 rex
2734 4009 2850 4060 lleo
2912 4008 3160 4062 dilectus
3214 4009 3536 4065 Rotbertus
3601 4032 3838 4088 semper

2160 4092 2430 4146 meminit
2456 4098 2671 4148 sanctae
2704 4094 2870 4162 legis,
2898 4096 3041 4165 quia
3073 4114 3307 4152 memor
3340 4099 3450 4153 fuit
3479 4106 3705 4172 operis
3755 4106 3837 4160 llci

2161 4180 2220 4233 in
2252 4180 2534 4234 omnibus
2574 4182 2683 4236 viis
2714 4184 2860 4238 suis.
2922 4185 3153 4240 Sciebat
3205 4186 3423 4241 etenim
3490 4194 3837 4265 scriptum:

2163 4291 2190 4315 ‹‹
2216 4269 2487 4337 Scientia,
2514 4270 2731 4331 virtus;
2767 4280 2966 4325 eiislos
3000 4275 3249 4337 virtutis.
3311 4276 3645 4337 humilitas
3710 4300 3835 4337 san-

2160 4362 2272 4412 cta.
2310 4381 2336 4406 »
2374 4361 2435 4412 Et
2459 4358 2599 4413 illud
2636 4360 2787 4414 beati
2822 4379 2991 4432 [mpm
3020 4365 3279 4432 Gregorii
3313 4382 3324 4419 :
3358 4388 3385 4414 «
3407 4367 3527 4430 Qui
3562 4369 3708 4426 sine
3740 4373 3839 4426 hu-

2160 4446 2401 4501 militate
2436 4448 2674 4503 virtutes
2707 4458 3049 4517 congregat,
3083 4454 3258 4523 quasi
3281 4453 3341 4508 in
3380 4462 3653 4514 ventum
3720 4462 3839 4532 pul-

2159 4541 2633 4607 vercxuportat.»
2675 4542 2915 4607 Legerat
2965 4542 3111 4611 quid
3170 4542 3385 4597 dixerit
3432 4546 3716 4615 quidam
3779 4569 3837 4605 ei

2162 4625 2474 4680 Patribus:
2537 4644 2566 4677 ‹
2599 4628 2804 4682 Omnis
2851 4628 3021 4684 labor
3072 4630 3198 4685 sine
3236 4632 3587 4690 humilitate
3646 4655 3840 4694 vanus

2161 4720 2247 4769 est
2279 4733 2291 4781 ;
2325 4714 2673 4771 humilitatis
2706 4717 2945 4785 signum
2970 4718 3073 4774 dat
3126 4736 3379 4787 regnum
3437 4723 3785 4785 ccrlorum.
3818 4755 3837 4776 g

2163 4807 2275 4858 Nos
2329 4819 2468 4870 ergo
2524 4821 2765 4860 oremus
2821 4807 3297 4879 omnipotentem
3346 4811 3571 4881 Deum,
3640 4823 3713 4872 ut
3756 4820 3839 4872 hic

2160 4890 2399 4959 electus,
2433 4893 2535 4963 qui
2567 4894 2837 4964 deposito
2867 4896 3033 4950 omni
3067 4900 3296 4952 tumore
3327 4899 3651 4968 superbim
3702 4922 3840 4962 con-

2154 4980 2396 5050 junetus
2424 4986 2514 5036 est
2536 4983 2762 5038 Christo
2785 4986 2902 5038 Deo
2934 4990 3152 5040 sancta:
3181 4986 3538 5043 humilitatis
3594 4994 3839 5051 virtute.

2158 5068 2237 5124 ita
2264 5069 2343 5123 illi
2364 5070 2654 5139 jungatur
2682 5072 2743 5126 in
2771 5072 2988 5127 saeculo
3017 5079 3291 5139 venturo,
3354 5079 3417 5130 ut
3476 5076 3538 5132 in
3599 5082 3837 5151 judicio

2157 5174 2194 5213 a
2220 5157 2451 5213 sinistra
2476 5164 2641 5230 parte
2671 5160 3023 5229 disjunetus,
3052 5178 3178 5218 non
3206 5162 3473 5219 inveniat
3512 5165 3581 5221 in
3615 5188 3701 5228 eo
3763 5178 3840 5229 λετ

2158 5262 2258 5299 sus
2290 5246 2549 5302 Christus
2579 5248 2745 5319 quod
2799 5248 3047 5305 damnet
3103 5250 3163 5306 in
3217 5267 3423 5322 paena,
3488 5257 3613 5313 sed
3673 5264 3838 5334 quod

2156 5335 2371 5405 pietate
2422 5335 2733 5406 multiplici
2778 5338 3070 5408 provehat
3127 5340 3203 5392 ad
3254 5355 3579 5411 coronam,
3648 5366 3839 5421 quam

2156 5424 2423 5492 promisit
2454 5424 2837 5493 diligentibus
2870 5442 2930 5481 se
2970 5426 3049 5482 ad
3098 5428 3373 5495 gloriam.
3440 5431 3548 5487 Hic
3612 5442 3839 5495 etenim

2156 5512 2243 5567 vir
2270 5513 2366 5566 Dei
2394 5516 2589 5568 tantus
2617 5532 2685 5569 ac
2727 5515 2857 5569 talis
2908 5517 3073 5586 quod
3119 5518 3364 5585 amavit,
3411 5524 3597 5591 quod
3631 5533 3838 5603 cupiit

2152 5601 2317 5672 quod
2375 5602 2638 5671 credidit,
2698 5605 2853 5659 Deus
2903 5611 2992 5660 est
3044 5608 3165 5662 Rex
3226 5624 3462 5678 regum,
3530 5601 3837 5677 Domjhus

2151 5690 2539 5747 dominorum
2563 5708 2699 5764 spes
2731 5693 2933 5764 utiun
2971 5699 3130 5753 certa
3157 5693 3451 5753 ﬁdelium.

407 4883 632 4940 ducens
657 4887 941 4959 pauperis
969 4903 1228 4960 precem,
1259 4888 1407 4945 dum
1456 4890 1718 4961 primum
1756 4892 1816 4948 in
1866 4896 2052 4951 mani-

404 4972 519 5028 bus
551 4976 778 5047 accepit
808 4992 1057 5049 aquam,
1080 4976 1235 5033 illius
1272 4978 1521 5050 projecit
1547 4980 1607 5035 in
1652 4980 1883 5037 faciem.
1941 4986 2051 5050 Qui

404 5077 566 5129 mox,
599 5063 938 5122 videntibus
963 5066 1192 5122 cunctis
1213 5067 1598 5139 optimatibus
1627 5070 1729 5143 qui
1748 5074 2047 5143 astabant,

406 5166 544 5205 cum
574 5154 943 5223 respersione
971 5170 1144 5226 aquae
1168 5155 1393 5211 amissa
1422 5156 1735 5213 oculorum
1773 5161 2047 5227 czecitate,

408 5238 958 5301 oongratulantibus
984 5243 1211 5299 cunctis
1237 5243 1297 5298 in
1352 5244 1624 5312 Domino,
1668 5246 1853 5303 laetior
1900 5250 2052 5305 inter

410 5324 690 5378 convivas
717 5326 1015 5383 discubuit
1041 5334 1312 5400 prandio.
1342 5333 1583 5403 Fuitque
1623 5334 2047 5393 discumbenti-

406 5409 526 5466 bus
558 5413 679 5464 tota
707 5412 800 5466 die
832 5414 1078 5482 huju...cc,
1107 5436 1184 5473 l't‘l
1209 5422 1610 5476 confabulatio
1636 5424 1712 5477 ad
1771 5426 2045 5496 omnipo-

410 5498 585 5552 tentis
614 5497 852 5554 laudem
904 5504 1037 5567 Dei;
1088 5523 1145 5575 qi
1173 5525 1339 5561 (tl'tllll
1392 5512 1574 5564 \erba
1626 5513 1770 5566 forte
1801 5513 2049 5571 fuissent

410 5601 563 5639 vana
585 5586 872 5655 etotiosa,
898 5588 1011 5643 nisi
1052 5595 1211 5647 tanto
1258 5596 1480 5650 ltuniuc
1540 5596 1729 5653 forent
1781 5600 2048 5657 illustrati

406 5674 507 5730 illo
537 5672 654 5729 die.
690 5677 799 5731 Nec
830 5676 1123 5733 immerito
1152 5698 1293 5737 sane
1320 5690 1512 5755 potest
1532 5687 1852 5743 existimari
1881 5691 2047 5760 quod
