3892 6390
61 245 171 296 917

1690 238 1874 293 νιτΑ.

3396 242 3498 294 918

38 392 41 427 ξ
134 363 493 419 Jactantiam
542 364 836 436 superbia:
897 364 1113 420 mentis
1146 380 1181 419 a
1208 380 1268 419 se
1300 362 1568 434 rejiciens
1618 376 1719 414 rex
1753 362 1803 417 Α
1842 364 2058 433 amico,
2084 365 2256 421 beato
2281 365 2553 421 videlicet
2584 364 2887 437 Dionysio,
2943 362 3215 419 casulam
3246 362 3396 417 miro
3418 362 3504 418 iti-

60 452 308 507 humilis
339 457 547 508 etcum
574 452 881 524 multiplici
915 454 1129 526 pietate
1162 451 1569 509 nominandus
1593 454 1725 505 Rot-

36 541 270 609 ‘bertus
300 542 577 598 studebat
603 543 683 598 illi
718 560 953 615 semper
1000 543 1235 616 placere
1268 542 1581 598 virtutibus
1625 540 1730 595 bo-

62 632 157 686 nis
189 632 295 704 qui
324 631 553 688 habitat
580 632 637 687 in
680 632 946 689 excelsis.
982 634 1258 689 Devitans
1289 632 1575 695 sublimes
1607 648 1729 685 sus-

36 720 323 793 cipiebat
351 738 505 792 quos
536 726 769 794 poterat
794 723 1070 793 humiles,
1121 724 1222 795 qui
1256 722 1427 779 certis
1458 718 1733 791 tempori-

62 810 179 864 bus
215 826 381 865 veras
412 828 550 866 vero
582 815 701 867 Deo
748 812 1064 868 redderent
1099 812 1329 869 laudes.
1375 809 1642 882 Suscepit
1669 808 1730 863 in

62 900 179 954 hoc
212 904 268 955 et
304 900 650 973 exemplum
698 901 775 957 ab
831 902 1148 958 Ambrosio
1203 900 1728 958 Mediolancnsium

62 990 313 1045 civitatis
344 990 666 1046 venerabili
720 990 1024 1063 episcopo,
1079 991 1181 1063 qui
1236 990 1409 1045 binos
1460 988 1729 1044 Ecclesiae

63 1096 215 1147 sure,
249 1079 343 1134 cui
374 1079 755 1151 prmsidcbat,
792 1079 1035 1135 clericos
1062 1097 1171 1153 pro
1202 1080 1435 1135 incessu
1467 1076 1728 1149 superbo

61 1167 351 1235 gravibus
385 1167 624 1223 tradidit
653 1168 951 1236 lamentis,
992 1170 1204 1229 donec,
1238 1168 1464 1224 calcato
1497 1172 1727 1221 tumore

62 1256 387 1329 superbiae,
465 1256 845 1313 addiscerent
910 1258 1239 1312 humilitate
1302 1272 1569 1329 pergere,
1625 1252 1725 1325 qui

56 1351 233 1401 erant
262 1346 506 1401 correcti
539 1346 704 1415 virga
735 1348 1118 1403 sacerdotalis
1152 1346 1501 1419 disciplinae.
1566 1344 1725 1399 Idem

56 1452 328 1508 namque
349 1435 562 1491 beatus
593 1436 880 1508 pontifex,
909 1437 971 1492 in
1002 1442 1252 1493 tractatu
1304 1439 1384 1492 De
1422 1434 1645 1490 diluvio
1673 1438 1731 1489 et

56 1542 202 1581 arca
230 1529 368 1592 Noe,
399 1525 639 1581 habitus
668 1528 783 1583 hoc
832 1527 1016 1582 modo
1049 1526 1457 1595 arrogantium
1498 1522 1729 1579 curavit

56 1614 541 1685 edicere,scilicet
566 1616 775 1687 quales
804 1615 1278 1671 describitlsaias
1309 1616 1525 1670 Judzete
1549 1614 1721 1682 tilias,

1839 449 1976 506 dem
2011 469 2187 525 opere
2210 454 2427 509 factum
2456 452 2721 508 contulit.
2757 452 2859 509 Cui
2890 457 2947 507 et
2975 451 3158 515 aliud,
3190 455 3251 506 ut
3271 455 3502 506 tantam

1838 539 2087 597 decebat
2125 542 2433 613 feminam,
2488 546 2910 598 ornamentum
2960 541 3281 610 contexuit,
3335 539 3502 613 quod

1838 636 2083 684 vocatur
2106 631 2269 686 orbis
2304 638 2617 698 terrarum,
2650 629 2732 686 illi
2782 630 2973 686 Caroli
3020 629 3176 685 Calvi
3206 627 3504 684 dissimili-

1840 736 2029 773 mum.
2064 722 2352 794 Sperabat
2381 722 2541 777 enim
2573 738 2632 777 se
2662 724 2780 777 Deo
2811 720 3001 775 ﬁdelis
3031 719 3236 789 regina
3266 723 3502 792 partem

1839 807 2177 864 habituram
2204 828 2341 866 cum
2374 828 2464 879 eo,
2512 810 2605 866 cui
2632 809 2993 883 promiserat
3041 812 3193 863 Deus
3222 824 3499 864 sermone

1840 914 1961 952 non
1992 915 2161 954 casso
2190 899 2648 970 impetraturum
2673 915 2782 971 pro
2811 897 3279 970 quibuscunque
3304 896 3502 970 petiis-

1840 994 1944 1042 set.
1982 989 2207 1043 Etenim
2238 990 2391 1044 illius
2425 989 2705 1044 universa
2733 988 3051 1062 progenies
3082 986 3373 1042 famulam
3434 1003 3498 1041 se

1840 1076 1984 1131 tanti
2014 1078 2292 1149 martyris
2320 1079 2379 1132 in
2405 1077 2765 1149 omniopere
2782 1076 3217 1151 proclamabat,
3241 1075 3499 1130 reddens

1840 1166 2090 1221 Domino
2108 1184 2216 1221 suo
2243 1186 2377 1239 quae
2401 1172 2537 1222 sunt
2560 1167 2710 1221 servi
2758 1166 2973 1222 debitte
3001 1165 3296 1221 servitutis
3327 1164 3501 1219 obse-

1837 1255 1996 1326 quia.
2034 1259 2211 1311 Erant
2242 1256 2539 1329 siquidem
2584 1257 2724 1311 huic
2781 1255 3147 1326 generationi
3209 1252 3498 1327 speciales

1837 1345 2033 1411 amici,
2067 1352 2272 1401 sancta
2304 1345 2573 1401 videlicet
2599 1346 2796 1415 Maria,
2843 1348 2899 1401 et
2923 1348 3091 1418 pater
3122 1346 3178 1399 et
3220 1342 3343 1398 dux
3368 1359 3499 1397 mo-

1835 1435 2168 1490 nachorum
2228 1440 2467 1491 sanctus
2514 1435 2884 1502 Benedictus,
2942 1437 3183 1489 sanctus
3252 1448 3496 1504 quoque

1836 1525 2137 1595 Martinus,
2163 1529 2404 1580 sanctus
2432 1542 2540 1581 nec
2571 1541 2645 1582 ne
2670 1524 2938 1581 Anianus
2969 1526 3150 1596 atque
3195 1519 3496 1577 victoriosi

1836 1620 2128 1685 martyres
2160 1615 2371 1671 Christi
2397 1615 2701 1671 Cornelius
2734 1619 2790 1671 et
2839 1613 3210 1688 Cyprianus;
3252 1610 3496 1682 optatis-

56 1705 378 1761 oculorum
411 1705 700 1761 micantes
745 1706 988 1761 nutibus
1020 1712 1075 1762 et
1106 1708 1223 1761 alta
1254 1724 1313 1761 se
1342 1706 1567 1761 cervice
1603 1705 1725 1775 jac-
1756 1717 1795 1773 Β
1837 1703 2025 1758 simus
2050 1720 2187 1759 vero
2219 1704 2511 1774 gloriosus
2542 1709 2769 1776 martyr
2817 1702 3131 1775 Dionysius
3176 1716 3245 1755 ac
3271 1698 3495 1770 inclyta

57 1800 274 1851 tantes.
324 1797 473 1851 Sunt
501 1796 661 1851 enim
686 1796 1036 1866 hujnsmodi
1067 1797 1356 1865 erigentes
1387 1795 1721 1867 supercilia,

52 1886 267 1940 inflato
298 1884 497 1954 corde,
547 1884 703 1939 elato
734 1890 991 1956 pectore,
1016 1887 1239 1941 cervice
1284 1886 1587 1957 resupina,
1620 1883 1724 1956 qui

56 1974 262 2029 solum
292 1973 538 2046 quidem
570 1974 795 2046 pedum
822 1976 1241 2047 prtBSll'lllgitlll.
1288 1975 1568 2043 vestigiis,
1602 1978 1724 2029 toto

56 2068 265 2117 autem
300 2078 362 2117 se
384 2062 872 2135 librantcorpore
904 2069 959 2118 et
979 2063 1140 2118 inani
1173 2064 1549 2136 suspendunt
1571 2068 1724 2118 texa-

54 2151 241 2207 mine.
278 2156 341 2207 ln
401 2152 602 2225 priora
655 2167 865 2222 gressu
913 2153 1230 2225 prodeunt,
1286 2154 1347 2208 in
1397 2153 1726 2225 posteriora

57 2239 342 2294 verticem
365 2240 740 2306 reclinantes,
775 2239 994 2295 coelum
1026 2245 1296 2312 spectant
1330 2258 1341 2295 :
1369 2245 1585 2296 terram
1616 2258 1723 2296 au-

54 2334 179 2382 tem
206 2327 534 2395 fastidiunt,
568 2332 860 2400 tanquam
886 2329 1126 2384 cervicis
1174 2330 1377 2385 dolore
1406 2329 1624 2399 sufﬁxi,
1665 2334 1725 2385 ut

54 2433 198 2472 eam
223 2416 506 2472 inclinare
540 2432 662 2471 non
692 2417 944 2488 possint.
982 2421 1096 2473 H05
1127 2419 1305 2488 igitur
1330 2419 1546 2475 delevit
1570 2422 1723 2475 Deus

54 2506 135 2561 de
165 2505 315 2561 libro
372 2506 529 2574 vitae,
563 2506 770 2561 dicens
805 2525 818 2562 :
855 2508 1055 2563 Omnis
1085 2510 1187 2578 qui
1231 2524 1295 2563 se
1333 2511 1585 2575 exultat,
1620 2511 1726 2563 ltu-

57 2596 397 2652 miliabz'tur
422 2598 585 2666 (Luc.
618 2613 735 2664 xiv,
770 2598 876 2668 Η).
927 2601 1042 2653 Nec
1064 2598 1218 2653 inter
1245 2600 1457 2653 merita
1489 2604 1723 2654 sancto-

58 2703 199 2741 rum
231 2686 586 2742 commentis
620 2688 748 2757 [al.,
791 2687 1176 2750 commeritis]
1232 2687 1373 2743 facit
1421 2689 1723 2744 adhaerere

58 2774 426 2831 cmlestibus.
462 2776 597 2830 Haec
637 2774 859 2831 idcirco
899 2775 1183 2842 divimus,
1242 2782 1306 2831 ut
1359 2783 1726 2846 cognoscant

56 2880 274 2920 omnes
302 2864 436 2937 quis
463 2863 523 2920 in
551 2869 716 2920 tanto
741 2868 1103 2921 Francorum
1132 2866 1489 2939 imperatore
1510 2866 1724 2924 mundi

57 2954 237 3010 fuerit
264 2954 601 3026 despectus,
633 2954 737 3027 qui
789 2954 1119 3010 humilitate
1176 2960 1383 3011 sancta
1434 2957 1723 3014 etelorum

60 3042 332 3116 possedit
354 3058 561 3113 regna.

136 3220 323 3291 Hujus
347 3220 527 3292 igitur
556 3220 761 3294 inclyti
782 3223 940 3293 regis
967 3238 1114 3278 avus
1145 3225 1335 3293 Hugo,
1353 3239 1463 3296 pro
1483 3223 1721 3296 pietate,

58 3309 354 3378 bonitate,
384 3311 730 3368 fortitudine
761 3316 1007 3383 Magnus
1038 3313 1255 3380 dictus,
1290 3316 1724 3369 monasterium

58 3404 115 3457 S.
146 3399 407 3469 Maglorii
437 3402 794 3457 confessoris
834 3404 1043 3460 Christi
1084 3402 1144 3459 in
1176 3403 1408 3458 civitate
1465 3403 1723 3459 Parisius

55 3487 239 3544 simul
273 3504 411 3544 cum
456 3488 579 3545 ﬁlio
637 3494 988 3546 construens
1044 3491 1338 3558 nobiliter,
1389 3493 1723 3547 monachos

56 3578 174 3634 sub
206 3578 413 3649 regula
442 3580 627 3652 patris
659 3581 955 3637 Benedicti
1004 3581 1195 3636 vivere
1225 3584 1469 3652 paratos
1493 3580 1577 3636 ibi
1608 3580 1724 3636 col-

53 3671 234 3740 locat,
262 3674 320 3725 et
349 3670 407 3725 in
434 3687 582 3726 auro
608 3670 698 3727 vel
728 3676 974 3741 argento
995 3670 1197 3726 locum
1226 3669 1425 3741 ipsum
1456 3670 1634 3737 dicat,
1667 3673 1722 3725 et

52 3759 279 3816 caeteris
309 3760 696 3828 ornamentis,
730 3776 840 3832 pro
864 3759 1050 3815 salute
1084 3775 1194 3814 sua
1225 3762 1281 3813 et
1318 3758 1421 3814 ﬁlii
1450 3774 1519 3813 ac
1569 3758 1721 3814 futu-

51 3866 138 3905 rae
191 3848 570 3921 posteritatis.
628 3851 807 3905 Mater
874 3863 1116 3920 quoque
1174 3848 1302 3917 ejus
1376 3846 1720 3919 supradicta

51 3936 423 4005 Adhelaidis,
486 3937 844 3994 admiranda
895 3937 1037 3993 satis
1068 3936 1128 3992 in
1160 3939 1371 3992 sancta
1401 3935 1719 3991 devotione

48 4028 281 4099 regina,
313 4028 447 4084 fecit
478 4028 908 4084 monasterium
940 4026 1129 4082 sancti
1183 4024 1523 4082 Frambaldi
1541 4024 1604 4080 in
1638 4024 1716 4080 ci-

48 4120 230 4177 vitate
261 4116 705 4189 Silvanectensi,
741 4117 840 4173 ubi
870 4116 1192 4173 duodecim
1221 4114 1301 4171 ad
1331 4115 1716 4172 serviendum

45 4207 308 4264 Domino
330 4206 577 4262 clericos
610 4206 770 4263 misit
794 4211 850 4262 et
874 4206 948 4262 de
980 4205 1202 4279 quibus
1232 4205 1499 4262 viverent
1522 4205 1715 4262 abun-

44 4295 125 4351 de
158 4295 652 4352 subministravit.
705 4296 1042 4353 Construxit
1090 4300 1146 4352 et
1164 4296 1599 4352 monasterium
1654 4296 1715 4351 in

46 4382 341 4441 territorio
374 4385 708 4456 Parisiensi,
737 4386 873 4442 villa
902 4402 1037 4457 quae
1064 4385 1279 4442 dicitur
1315 4385 1712 4455 Argentoilus,
1746 4430 1787 4483 Β

44 4474 156 4530 ubi
184 4490 509 4531 numerum
560 4475 913 4532 ancillarum
941 4476 1042 4532 Dei
1070 4492 1192 4532 non
1233 4475 1553 4531 minimum
1598 4474 1712 4531 sub

44 4579 266 4619 norma
293 4563 482 4619 sancti
530 4565 829 4621 Benedicti
884 4565 1073 4622 vivere
1104 4569 1345 4638 paratas
1377 4564 1665 4620 adunavit
1696 4582 1710 4632 ;

44 4650 124 4708 ad
159 4649 403 4706 laudem
427 4658 483 4707 et
530 4652 787 4723 gloriam
830 4654 1132 4710 bonorum
1154 4652 1427 4709 omnium
1458 4652 1712 4725 Inspira-

43 4740 192 4798 toris
216 4744 271 4794 et
294 4740 406 4795 sub
430 4742 660 4798 honore
692 4750 914 4799 sanctae
958 4744 1056 4799 Dei
1084 4742 1381 4813 genitricis
1427 4745 1711 4814 etperpe-

44 4838 165 4888 ture
199 4829 443 4899 virginis
474 4831 663 4888 Mariae
697 4832 1094 4906 omnipotenti
1146 4831 1400 4888 Domino
1448 4830 1713 4888 dedicari

39 4926 100 4977 et
127 4921 462 4976 consecrari
486 4920 688 4978 voluit.
724 4922 881 4978 Fecit
902 4921 1292 4978 nihilominus
1319 4926 1526 4977 sancto
1557 4937 1710 4995 pon-

40 5009 189 5067 tiﬁci
245 5010 489 5066 Martiae
555 5011 825 5067 casulam
882 5028 1031 5067 auro
1100 5014 1412 5082 operatam
1458 5011 1707 5082 optimo,

38 5101 198 5154 inter
228 5097 508 5171 scapulas
553 5100 935 5171 majestatem
982 5098 1105 5155 veri
1160 5098 1463 5171 pontiﬁcis
1522 5099 1709 5155 conti-

38 5191 311 5250 nentem,
344 5187 665 5244 Cherubim
690 5205 934 5262 quoque
966 5204 1035 5244 ac
1082 5186 1392 5260 Seraphim
1422 5186 1575 5243 colla
1598 5189 1710 5244 Do-

40 5274 325 5335 minatori
374 5277 649 5333 omnium
701 5277 1129 5334 submittentia.
1183 5277 1248 5331 In
1292 5281 1529 5349 pectore
1567 5293 1707 5333 vero

36 5374 285 5435 Agnum
317 5364 437 5434 Dei,
470 5372 691 5422 nostra:
745 5367 1174 5439 redemptionis
1224 5366 1524 5433 hostiam;
1555 5383 1706 5439 qua-

39 5463 177 5512 tuor
207 5471 237 5509 e
277 5454 519 5523 regione
566 5455 884 5527 praeﬁgens
915 5455 1201 5512 animalia
1232 5455 1551 5512 Dominum
1585 5456 1706 5526 glo-

34 5546 142 5601 riae
171 5540 506 5597 adorantia.
544 5545 695 5598 Fecit
724 5548 781 5599 et
801 5544 994 5600 eidem
1016 5545 1192 5599 beato
1223 5543 1547 5601 confessori
1569 5562 1705 5618 cap-

36 5648 189 5709 pam
215 5646 403 5686 unam
428 5630 719 5689 intextam
737 5649 886 5690 auro
917 5653 929 5702 ;
963 5634 1117 5690 duas
1150 5649 1288 5689 vero
1309 5648 1383 5689 ex
1431 5639 1699 5705 argento.

35 5718 293 5799 Speciali
356 5724 559 5779 autem
619 5738 730 5780 suo
794 5727 935 5799 post
994 5723 1316 5781 Dominum
1366 5724 1702 5782 amicorum

1834 1794 2001 1863 virgo
2024 1793 2202 1849 beata
2252 1793 2568 1863 Genovefa,
2613 1798 2814 1852 Fertur
2863 1797 3063 1850 autem
3111 1788 3335 1846 dixisse
3367 1805 3494 1844 mo-

1833 1883 1990 1938 riens
2013 1882 2213 1938 bonus
2240 1886 2408 1939 Pater
2441 1903 2452 1939 :

1906 1995 1929 2019 ‹‹
1959 1976 2000 2028 Ο
2024 1973 2248 2044 optime
2278 1972 2381 2041 ﬁli,
2404 1989 2511 2047 per
2532 1976 2805 2029 sanctam
2830 1975 2887 2027 et
2915 1970 3294 2027 individuam
3308 1966 3494 2026 Trini-

1836 2068 2013 2119 tatem
2046 2069 2096 2119 te
2119 2064 2401 2131 obtestor,
2435 2079 2509 2119 ne
2536 2063 2784 2135 quando
2815 2062 3052 2117 animus
3078 2060 3367 2134 subripiat
3398 2076 3493 2116 ac-

1833 2154 2139 2225 quiescere
2168 2153 2426 2209 consiliis
2457 2152 2859 2219 adulantium,
2888 2151 2979 2207 vel
3009 2150 3365 2207 muneribus
3385 2148 3493 2204 do-

1832 2246 2048 2315 nisque
2074 2242 2382 2299 venenatis
2406 2248 2459 2297 te
2499 2244 2579 2300 ad
2599 2246 2739 2299 vota
2768 2258 2878 2299 sua
2907 2241 3175 2311 maligna
3197 2239 3495 2297 adducere

1834 2333 2199 2404 cupientium
2220 2349 2291 2388 ex
2314 2332 2407 2387 his
2431 2331 2687 2388 abbatiis
2712 2348 2847 2405 quae
2882 2330 2985 2387 tibi
3009 2334 3145 2403 post
3166 2332 3351 2386 Deum
3369 2345 3497 2402 per-

1832 2423 2145 2494 petualiter
2171 2422 2383 2491 delego
2408 2441 2421 2491 ;
2454 2438 2601 2478 neve
2632 2421 2818 2478 animi
2848 2421 3082 2477 levitate
3103 2421 3319 2476 ductus
3345 2435 3495 2492 quo-

1832 2512 1973 2567 libet
1999 2511 2182 2568 modo
2204 2511 2526 2580 distrahas,
2558 2509 2804 2583 diripias
2825 2514 2929 2567 aut
2941 2509 3031 2566 ira
3052 2509 3343 2565 excitante
3373 2508 3495 2563 dis-

1835 2601 2010 2671 sipes.
2038 2599 2378 2672 Specialiter
2397 2615 2538 2654 vero
2584 2598 2689 2655 tibi
2715 2598 2952 2653 inculco
2981 2596 3147 2653 nullo
3175 2601 3351 2670 pacto
3380 2596 3493 2652 du-

1833 2706 1964 2745 cem
1988 2688 2284 2758 omnium,
2312 2691 2544 2744 Patrem
2574 2687 2709 2743 dico
2741 2685 3146 2754 Benedictum,
3171 2690 3283 2741 ate
3308 2684 3497 2757 patia-

1831 2780 1910 2834 ris
1939 2778 2158 2849 divelli,
2189 2778 2356 2833 illum
2388 2778 2552 2850 apud
2574 2792 2961 2833 communem
2988 2775 3254 2831 Iudicem
3288 2771 3494 2831 salutis

1832 2868 2083 2934 aditum,
2115 2866 2556 2939 tranquillitatis
2584 2869 2825 2940 portum
2853 2871 3109 2938 postque
3136 2863 3331 2920 carnis
3363 2862 3492 2919 obi-

1832 2963 1962 3015 tum
1993 2957 2321 3012 securitatis
2352 2956 2610 3028 asylum.
2648 2979 2676 3006 »

1762 3074 1802 3129 C
1904 3052 2044 3114 Quae
2077 3053 2278 3104 autem
2299 3047 2425 3102 litec
2454 3045 2668 3101 ancilla
2690 3044 3017 3116 Dei,mater
3041 3040 3495 3118 prudentissimi

1831 3139 1987 3207 regis
2020 3137 2296 3206 Hotberti,
2318 3153 2503 3211 opera
2530 3136 2695 3192 bona
2724 3134 2941 3199 fecerit,
2974 3136 3183 3208 paucis
3204 3133 3494 3189 adnotare

1831 3228 1992 3283 libet.
2051 3232 2178 3299 Ipse
2203 3226 2439 3297 juvenis
2485 3224 2803 3281 laborabat
2832 3223 2966 3280 forti
2994 3222 3336 3281 inﬁrmitate
3363 3237 3494 3277 cor-

1831 3318 2013 3392 poris,
2048 3319 2121 3373 dc
2150 3334 2274 3390 qua
2308 3322 2434 3372 erat
2464 3316 2617 3388 patri
2643 3319 2700 3371 et
2723 3315 2900 3371 matri
2928 3314 2991 3370 in
3020 3314 3230 3371 timore
3259 3311 3493 3386 pericu-

1831 3406 1977 3462 lum.
2010 3409 2120 3461 Pro
2141 3422 2262 3477 quo
2286 3405 2420 3459 fecit
2439 3404 2499 3459 in
2528 3403 2746 3458 seniori
2767 3402 3015 3459 ecclesia
3044 3401 3492 3458 Aurelianensis

1831 3495 2101 3563 civitatis,
2131 3511 2319 3567 quam
2343 3498 2586 3548 sanctus
2617 3492 2891 3548 Evurtius
2914 3507 3021 3565 per
3050 3491 3150 3546 Dei
3181 3491 3492 3549 dexteram

1830 3583 2105 3639 fundavit
2129 3587 2185 3638 et
2216 3598 2380 3636 more
2412 3580 2808 3635 ecclesiastico
2846 3580 3150 3635 benedixit
3172 3579 3231 3635 in
3265 3583 3489 3635 sanetae

1829 3676 1885 3728 et
1912 3672 2158 3727 viviticae
2193 3670 2392 3726 Crucis
2423 3671 2650 3724 honore
2673 3668 3002 3738 imaginem
3031 3668 3264 3724 Domini
3292 3667 3490 3723 etSal-

1828 3759 2050 3816 vatoris
2077 3757 2261 3814 nostri
2294 3761 2433 3813 Jesu
2474 3756 2684 3813 Christi
2726 3756 3044 3831 pendentis
3088 3757 3151 3813 in
3181 3771 3377 3825 cruce,
3410 3772 3488 3813 ex

1829 3864 1976 3905 auro
2009 3863 2184 3919 puro,
2215 3850 2281 3902 ut
2308 3846 2659 3901 liberaretur
2682 3862 2718 3902 a
2748 3846 2954 3902 mortis
2982 3845 3270 3919 periculo,
3301 3860 3487 3918 quem

1830 3941 1982 3994 Deus
2029 3937 2411 4010 omnipotens
2436 3936 2566 4007 jam
2595 3935 2761 4010 apud
2800 3953 2864 3993 se
2902 3936 3248 3993 decreverat
3273 3951 3487 4006 regna-

1828 4034 2028 4087 turum
2079 4028 2140 4085 in
2192 4028 2442 4085 mundo.
2496 4031 2646 4085 Nam
2676 4032 2732 4084 et
2780 4028 2910 4099 ejus
2939 4029 3153 4085 virtute
3196 4026 3483 4083 liberatus

1826 4126 1932 4177 est.
1952 4119 2204 4176 Dederat
2233 4122 2434 4176 autem
2456 4123 2513 4175 ct
2538 4123 2709 4192 pater
2752 4135 2861 4192 pro
2885 4118 3010 4175 ﬁlio
3035 4117 3213 4174 unico
3262 4121 3483 4175 sanctae

1826 4210 2030 4266 Crucis
2049 4208 2183 4265 loco
2228 4225 2477 4264 urceum
2507 4212 2858 4279 argenteum
2900 4210 3258 4280 pensantem
3285 4222 3358 4261 LX
3412 4205 3483 4263 li-

1824 4298 2105 4370 bras,qui
2130 4313 2320 4369 usque
2350 4297 2428 4351 ad
2459 4297 2583 4352 haec
2611 4300 2818 4353 nostra
2848 4301 3120 4369 tempore.
3147 4292 3486 4367 permansit

1822 4387 1883 4443 in
1905 4387 2090 4442 domo
2121 4386 2219 4441 Dei
2251 4389 2476 4441 sancta.
2512 4388 2791 4442 Crescens
2831 4386 3056 4458 quippe
3088 4386 3257 4440 {etate
3303 4385 3362 4439 et
3394 4381 3482 4439 vir

1822 4476 2012 4532 factus
2040 4475 2248 4530 virtute
2299 4478 2484 4530 totam
2513 4478 2733 4530 terram
2773 4478 2993 4531 sancta-3
3025 4472 3248 4539 Crucis,
3290 4485 3480 4543 quam

1824 4565 1997 4622 Fulco
2027 4564 2344 4636 episcopus
2375 4578 2484 4635 pro
2536 4563 2832 4634 adjutorio
2863 4563 2954 4619 sui
2988 4561 3222 4631 Hugoni
3273 4565 3481 4633 poten-

1821 4653 2049 4709 tissimo
2081 4650 2421 4706 Belvacensi
2446 4650 2693 4705 dederat
2723 4668 2736 4718 ;
2767 4650 2863 4705 hic
2893 4650 2982 4705 vir
3004 4650 3122 4717 Dei,
3173 4649 3279 4721 qui
3297 4648 3476 4704 laude

1820 4748 1877 4801 et
1927 4741 2111 4798 verbo
2162 4740 2555 4813 omnipotenti
2610 4739 3025 4813 complacebat
3064 4742 3203 4809 Deo,
3259 4742 3475 4797 mmsto

1820 4834 2009 4889 factus
2039 4830 2264 4900 animo,
2314 4846 2421 4904 per
2476 4829 2697 4886 saecula
2744 4829 3105 4886 celebrando
3159 4828 3474 4886 salutiferae

1820 4921 2021 4980 Crucis
2045 4920 2179 4977 loco
2207 4937 2318 4976 suo
2342 4919 2601 4977 reddidit
2636 4919 2819 4976 dono.
2874 4920 3046 4975 Hunc
3083 4918 3342 4990 denique
3391 4916 3478 4974 lo-

1819 5028 1980 5082 cum,
1996 5010 2486 5067 Aurelianensem
2503 5010 2722 5067 scilicet
2739 5009 2967 5077 sedem,
2994 5007 3310 5082 specialius
3322 5022 3476 5065 sem-

1817 5116 1924 5173 per
1953 5100 2178 5172 dilexit,
2206 5100 2350 5173 quia
2373 5099 2433 5156 in
2459 5116 2531 5156 ea
2556 5102 2736 5157 natus
2761 5098 3039 5167 adolevit,
3073 5104 3130 5156 et
3148 5100 3288 5171 post
3312 5108 3476 5169 regeL

1817 5193 2060 5246 neratus
2091 5206 2165 5245 ex
2194 5205 2354 5261 aqua
2381 5193 2438 5245 et
2465 5189 2683 5263 Spiritu
2727 5192 2956 5256 sancto,
2987 5188 3069 5245 ibi
3107 5186 3477 5259 assumptio-

1817 5278 1909 5333 nis
1937 5293 2059 5333 suae
2087 5277 2149 5333 in
2177 5294 2381 5347 regem
2414 5278 2742 5334 solemnem
2778 5277 2982 5350 utique
3001 5277 3266 5351 percepit
3290 5276 3473 5334 bene-

1816 5367 2162 5423 dictionem.
2224 5371 2491 5422 Domnus
2533 5367 2711 5423 etiam
2751 5366 3146 5423 Theodericus
3198 5367 3474 5438 ejusdem

1815 5457 2066 5513 civitatis
2130 5457 2473 5529 episcopus,
2528 5457 2703 5527 cujus
2759 5473 2878 5513 vox
2936 5457 3183 5514 laudem
3240 5456 3473 5514 Domini

1813 5548 1992 5620 digne
2022 5552 2080 5603 et
2106 5547 2484 5604 laudabiliter
2513 5547 2840 5617 eructabat,
2863 5549 3069 5605 volens
3121 5549 3330 5606 haberi
3352 5564 3473 5605 me-

1812 5639 2071 5694 moriam
2098 5637 2192 5693 sui
2219 5636 2479 5694 nominis
2518 5638 2579 5695 in
2606 5638 2972 5695 monasterio
2999 5644 3220 5696 sanctas
3246 5637 3468 5706 Cruois,

1805 5723 1979 5797 jubet
2000 5738 2110 5780 vas
2130 5722 2256 5780 ﬁeri
2276 5740 2350 5781 ex
2370 5727 2611 5787 centum
2638 5724 2845 5783 solidis
2864 5726 2996 5783 auri
3013 5723 3243 5798 optimi,
3260 5722 3323 5778 in
3344 5735 3470 5793 quo
