3892 6380
396 263 502 318 919

1585 258 1894 318 ROBERTI
1934 256 2136 314 REGIS
2177 261 2620 318 FRANCORUM.

3783 273 3866 325 92E:

397 387 846 440 consecraretur
880 383 1124 454 sanguis
1148 385 1379 440 Domini
1409 386 1592 441 nostri
1617 387 1757 441 Jesu
1811 381 2038 438 Christi.
2085 383 2131 437 Α
2159 398 2195 437 a
2225 385 2450 441 cunctis
2480 391 2537 441 et
2562 403 2798 459 semper
2827 393 3086 446 amatus.
3110 389 3209 446 Die
3236 393 3462 447 autem
3500 391 3732 465 primo
3753 411 3865 467 per-

394 478 680 530 Junxerat
708 490 768 529 se
802 478 963 529 tanto
1010 475 1273 546 pontiﬁci
1298 492 1396 530 rex
1428 481 1622 530 mente
1665 473 1897 532 humili.
1946 471 2049 543 qui

400 578 662 635 superno
702 566 891 617 tactus
916 578 1119 618 amore
1173 563 1306 618 fecit
1334 564 1392 619 in
1422 564 1551 637 ipso
1611 566 1817 618 sancto
1867 559 2048 615 calice

397 656 680 724 patenam
705 650 783 705 ad
805 649 1246 706 conﬁciendum
1274 652 1335 707 in
1352 669 1420 707 ea
1451 669 1666 724 corpus
1696 650 2048 721 Redempto-

395 739 474 792 ris
500 737 732 807 mundi,
764 742 828 791 ut
852 741 1006 793 esset
1035 738 1087 792 ei
1127 740 1316 795 crucis
1351 740 1726 810 signaculum
1773 739 1832 792 in
1880 737 2046 792 auxi-

393 826 540 881 lium
573 829 629 880 et
660 830 870 881 sancta
894 826 1100 898 passio
1131 844 1272 884 vera
1310 828 1525 883 animae
1587 827 1900 899 carnisque
1954 843 2046 882 re-

394 914 679 986 demptio.
714 913 1108 970 Nihilominus
1137 921 1192 971 et
1219 916 1510 972 domnum
1540 916 1878 972 Odolricum
1899 916 2048 988 epis-

395 1018 616 1074 copum
647 1001 710 1056 in
737 1002 1087 1058 sacerdotali
1112 1004 1460 1059 vestimento
1489 1005 1569 1058 sic
1617 1003 1947 1068 honoravit,
1985 1008 2050 1058 ut

398 1095 602 1145 astans
630 1089 688 1144 in
721 1090 1010 1145 sacrificio
1036 1093 1266 1147 Domini
1323 1093 1738 1148 circumtectus
1780 1109 1848 1147 ex
1882 1092 2047 1146 omni

397 1182 566 1250 parte
599 1193 747 1232 auro
803 1182 859 1233 et
912 1193 1177 1250 purpura
1230 1180 1544 1236 videretur.
1606 1180 1916 1235 Urceolum
1975 1196 2046 1234 ex

397 1264 676 1321 onichino
707 1264 951 1334 factum,
982 1267 1145 1338 quod
1178 1273 1628 1340 comparaverat
1679 1285 1780 1323 rex
1831 1267 2048 1322 ditissi-

395 1369 530 1407 mus
559 1351 748 1424 pretio
777 1369 845 1407 1.x
876 1353 1185 1422 librarum,
1217 1355 1428 1410 iterum
1452 1357 1561 1428 ipsi
1589 1360 1805 1410 sanctae
1848 1356 2046 1410 Crucis

391 1441 524 1496 loco
555 1439 800 1494 contulit
831 1441 1009 1496 simul
1033 1459 1171 1497 cum
1189 1443 1304 1499 alio
1335 1449 1615 1513 argenteo
1637 1449 1691 1498 et
1711 1443 2040 1515 manipulo.

396 1528 559 1584 Dedit
588 1528 767 1583 etiam
799 1534 854 1584 et
901 1530 1080 1602 pallia
1111 1532 1221 1586 tria
1248 1533 1506 1604 pretiosa
1535 1533 1596 1586 in
1622 1537 1836 1588 ornatu
1866 1533 2045 1587 eccle-

393 1615 512 1686 siae,
547 1633 656 1688 pro
687 1633 795 1672 sua
849 1634 1218 1690 suorumque
1274 1620 1532 1674 ﬁliorum
1581 1622 1785 1687 salute,
1816 1625 1872 1676 et
1928 1621 2044 1676 alia

2154 471 2304 528 fecta
2333 473 2743 532 benedictione
2770 477 3046 544 mirabili,
3079 485 3250 552 pater
3296 481 3494 536 [fetus
3533 481 3752 538 factus
3804 484 3859 538 de

2153 559 2293 627 ﬁlio,
2327 564 2662 620 exsultabat
2699 566 2920 635 gaudio
2972 567 3292 625 immenso.
3338 569 3743 628 Admonitio
3771 589 3859 646 pa-

2155 649 2255 704 tris
2285 667 2354 705 eo
2377 651 2471 707 die
2505 653 2635 708 talis
2669 655 2822 711 facta
2851 661 2941 711 est
2963 655 3024 711 in
3055 657 3177 712 ﬁlio
3208 658 3383 714 bono
3420 676 3435 713 :
3480 683 3516 708 ‹‹
3555 660 3737 728 Vide,
3771 663 3851 720 ﬁli.

2157 755 2390 812 semper
2421 741 2498 795 sis
2528 759 2758 799 memor
2783 744 2902 810 Dei,
2926 745 3030 817 qui
3061 749 3113 801 te
3143 746 3325 802 hodie
3356 748 3762 822 participem

2153 826 2290 882 fecit
2318 830 2504 898 regni,
2537 835 2601 885 ut
2629 832 2920 903 aequitatis
2950 838 3006 890 et
3027 834 3270 905 justitiee
3299 835 3366 890 in
3401 837 3672 893 semitis
3713 839 3852 895 dele-

2155 917 2343 971 cteris.
2370 920 2559 984 Quod,
2584 937 2804 991 quaeso,
2824 923 3106 979 attribuat
3127 924 3460 982 mibiDeus
3484 933 3564 984 ut
3595 929 3850 985 videam.

2153 1009 2207 1059 et
2241 1005 2340 1060 tibi
2373 1011 2435 1061 ut
2461 1007 2642 1063 facias
2664 1009 2838 1079 juxta
2868 1011 2917 1081 ej
2931 1028 2998 1066 us
3026 1011 3437 1082 voluntatem,
3475 1033 3641 1088 quae
3671 1020 3852 1074 omni-

2151 1092 2266 1147 bus
2299 1094 2776 1153 desiderantibus
2802 1114 2935 1154 eam
2961 1116 3199 1173 semper
3223 1102 3424 1160 adest.
3462 1128 3496 1153 ››
3536 1106 3713 1162 Inter
3740 1108 3852 1162 iure

2153 1180 2359 1236 festiva
2388 1184 2677 1240 solemnia
2698 1187 2946 1258 quidam
2981 1188 3359 1262 clericorum,
3390 1208 3659 1250 vesano
3688 1198 3850 1252 corde.

2156 1270 2472 1326 meditatus
2501 1289 2799 1344 perversa,
2815 1276 3104 1332 accelerat
3125 1277 3420 1350 perﬁcere
3442 1297 3556 1338 ea.
3583 1285 3847 1358 Speciem

2152 1359 2308 1413 cervi
2339 1376 2408 1415 ex
2441 1366 2684 1430 argento
2716 1379 2882 1418 mero
2911 1365 3049 1420 facti
3087 1366 3178 1421 vir
3208 1367 3311 1423 Dei
3340 1368 3612 1426 habens
3647 1373 3712 1428 in
3743 1377 3845 1430 the-

2154 1447 2342 1502 sauris
2374 1449 2496 1502 suis
2525 1466 2595 1505 eo
2646 1451 3056 1509 delectabatur
3085 1455 3476 1513 solemnibus
3513 1461 3720 1518 festis.
3751 1467 3847 1518 Ac-

2153 1541 2389 1604 ceperat
2419 1535 2530 1591 hoc
2558 1553 2777 1592 munus
2809 1555 2844 1594 a
2876 1539 3027 1595 duce
3059 1544 3578 1602 Normannorum
3610 1548 3847 1606 Richar-

2151 1621 2229 1675 do
2251 1622 2328 1676 ad
2351 1639 2494 1677 usus
2523 1624 2841 1692 humanos,
2857 1628 3021 1699 quod
3042 1629 3347 1700 benignus
3380 1648 3523 1703 ore,
3543 1636 3846 1708 benignus

391 1704 580 1760 multa
607 1721 740 1777 qum
772 1721 894 1760 non
919 1712 1171 1778 possunt
1201 1707 1390 1764 littera
1435 1709 1625 1764 notari
1653 1725 1760 1764 nec
1790 1726 2043 1764 numero
2074 1730 2114 1783 Β
2151 1709 2347 1775 corde,
2381 1710 2640 1781 benigno
2671 1730 2791 1769 non
2823 1715 3046 1772 distulit
3067 1719 3337 1776 conferre
3370 1704 3843 1783 Deo.Eratvhuic

391 1793 837 1864 comprehendi.
871 1796 1223 1850 Sanctorum
1242 1796 1399 1851 enim
1431 1813 1683 1870 corpora
1713 1802 2043 1869 martyrum

389 1883 782 1954 pretiosorum
809 1884 1107 1939 Saviniani
1141 1891 1196 1940 et
1220 1887 1564 1954 Potentiani,
1588 1888 1690 1958 qui
1722 1887 1883 1958 passi
1907 1892 2046 1943 sunt

391 1971 676 2027 acerrime
697 1972 756 2026 in
788 1974 1118 2028 Senonensi
1167 1975 1330 2041 urbe,
1360 1992 1526 2041 auro,
1579 1981 1847 2045 argento,
1881 1993 2044 2044 gem-

386 2059 501 2113 mis
531 2059 612 2113 ita
640 2059 868 2113 vestivit
898 2064 963 2114 ut
986 2060 1048 2114 in
1077 2061 1168 2115 his
1198 2062 1584 2117 delectaretur
1641 2065 1836 2118 omnis
1867 2080 2041 2117 mun-

389 2146 523 2211 dus,
558 2162 712 2217 quos
734 2146 792 2200 in
825 2148 991 2202 terris
1024 2164 1124 2202 rex
1184 2149 1699 2217 honoriticaverat,
1753 2151 1927 2206 laude
1958 2151 2042 2205 di-

390 2234 542 2304 gnis.
575 2237 856 2290 Praeterea
885 2236 1039 2291 Patri
1070 2238 1380 2292 Benedicto
1412 2245 1469 2293 et
1497 2239 1639 2303 suis,
1674 2241 1767 2294 cui
1809 2256 2044 2312 semper

388 2323 524 2378 totis
550 2323 884 2378 adhzeserat
912 2326 1271 2396 praecordiis,
1322 2343 1432 2399 pro
1465 2344 1572 2383 sua
1595 2328 1657 2383 in
1687 2333 1805 2384 tota
1831 2330 2041 2385 mundi

386 2410 695 2466 latitudine
726 2411 1064 2468 admirabili
1093 2413 1622 2486 vita,piscatoriam
1655 2417 1907 2485 Ligeritti
1935 2418 2041 2472 ilu-

384 2499 564 2554 minis
611 2498 1074 2568 benignissimus
1124 2503 1406 2572 attribuit,
1449 2505 1672 2576 scripto
1696 2504 1956 2561 ﬁrmavit
1983 2511 2040 2562 et

385 2602 457 2643 ex
488 2588 581 2642 his
611 2588 693 2643 nil
719 2589 882 2644 aliud
903 2606 1087 2662 quam
1119 2591 1556 2648 intercessionis
1576 2593 1732 2649 illius
1760 2594 2039 2667 quaesivit

383 2676 685 2747 suffragia.
706 2678 816 2734 Sed
839 2683 895 2734 et
922 2685 1288 2752 praeceptum
1305 2681 1762 2739 deimmunitate
1788 2683 2036 2740 Floriaci

379 2765 515 2832 loci,
550 2782 653 2822 seu
680 2767 754 2822 de
783 2768 875 2822 his
905 2784 1038 2840 quae
1071 2771 1414 2826 monasterii
1443 2778 1790 2844 competunt
1819 2774 2035 2830 utilita-

383 2853 560 2921 tibus,
597 2856 941 2911 auctoritate
993 2858 1155 2927 regia
1184 2860 1443 2915 ﬁrmavit
1489 2867 1545 2916 et
1574 2862 1762 2931 sigillo
1821 2880 1928 2919 suo
1973 2869 2038 2920 ut

379 2942 580 2998 bonus
616 2947 673 2997 et
697 2944 936 3015 sapiens
965 2945 1286 3015 insignivit.
1319 2950 1381 3003 In
1413 2952 1777 3006 ornamentis
1810 2952 2034 3024 quippe

380 3028 794 3084 ecclesiasticis
828 3033 1056 3088 Patrem
1117 3035 1492 3091 Benedictum
1540 3039 1866 3102 lionorans,
1910 3056 2032 3112 quo

381 3132 452 3172 eo
479 3133 683 3172 amore
742 3117 1006 3175 dilexerit
1059 3123 1535 3180 manifestissime
1577 3127 1824 3199 aperuit.
1886 3132 2031 3184 Nam

384 3204 571 3260 altare
604 3211 822 3260 sanctae
849 3207 947 3262 Dei
976 3210 1272 3279 genitricis
1303 3213 1489 3267 Mariae
1518 3215 1699 3286 pallio
1739 3215 2036 3287 pretiosis-

382 3292 537 3348 simo
563 3299 699 3364 post
726 3294 946 3365 ignem,
977 3299 1081 3370 qui
1113 3299 1219 3353 fuit
1248 3300 1545 3357 immensa
1601 3303 1786 3358 nostri
1846 3305 2034 3360 sancti

377 3379 495 3435 loci
523 3380 850 3451 calamitas,
885 3385 1190 3457 cooperuit
1217 3391 1273 3441 et
1299 3387 1780 3458 thymiamaterio
1813 3408 2034 3464 usque-

380 3482 623 3541 quaque
654 3471 796 3526 satis
822 3471 1099 3539 mirabili,
1125 3491 1272 3530 auro
1303 3481 1359 3530 et
1382 3478 1633 3546 gemmis
1661 3479 1814 3535 bene
1845 3481 2031 3537 eleva-

378 3559 438 3613 to
466 3557 528 3612 in
548 3557 810 3625 sublimi,
841 3559 1002 3616 hunc
1033 3567 1305 3618 sanctum
1353 3565 1732 3622 devotissime
1758 3569 2031 3625 nobilita-

376 3643 478 3699 vit.
506 3647 644 3701 Erat
671 3647 833 3702 enim
863 3651 920 3703 et
943 3649 1059 3704 hoc
1104 3650 1355 3723 adpleue
1387 3656 1748 3710 conveniens
1779 3657 2032 3728 thymia-

375 3733 693 3788 materium
730 3734 1030 3792 thuribulo
1055 3753 1235 3793 aureo
1268 3756 1303 3794 a
1350 3742 1634 3797 Gauzlino
1684 3744 1900 3799 abbate
1927 3746 2034 3800 mi-

374 3817 658 3873 rabilium
706 3820 925 3876 factore
953 3828 1209 3893 patrato,
1259 3829 1429 3897 cujus
1481 3846 1634 3900 opus
1678 3831 2034 3902 splendescit

377 3920 502 3976 prae
527 3906 811 3962 omnibus
841 3923 978 3979 quae
1006 3910 1266 3968 vidimus
1286 3915 1398 3986 ipsi
1426 3917 1530 3986 qui
1550 3919 1678 3972 haec
1697 3919 2028 3992 scribimus,

377 3991 442 4046 in
471 3989 734 4047 Floriaco
762 3991 914 4049 loco.
960 3996 1383 4056 Monasterium
1435 4004 1488 4058 S.
1523 4004 1786 4061 Cassiani
1811 3989 2033 4064 confes-

381 4078 533 4134 seris
568 4080 790 4135 summi
819 4080 882 4136 in
911 4084 1114 4140 Hedua
1143 4086 1394 4152 civitate,
1417 4106 1549 4162 quae
1576 4097 1632 4148 et
1655 4097 2029 4165 Augustodu-

379 4181 518 4236 nus,
548 4168 734 4224 nimia
757 4169 1022 4227 dirutum
1050 4179 1342 4234 vetustate
1371 4195 1406 4234 a
1431 4196 1587 4237 novo
1641 4184 1945 4244 aediﬁcavit
1975 4193 2031 4244 et

378 4254 441 4312 in
461 4271 534 4312 eo
560 4258 659 4313 Dei
682 4259 987 4316 ministros
1005 4263 1304 4322 collocans
1323 4267 1651 4345 abbatiam,
1669 4273 1818 4330 sicut
1837 4276 2025 4348 prius,

379 4347 729 4433 construxit,
763 4349 1040 4421 praebens
1086 4361 1357 4429 sumptus
1388 4359 1478 4414 his
1502 4361 1606 4433 qui
1659 4347 1882 4420 ibidem
1908 4368 2029 4423 Deo

377 4418 910 4525 inservirent—Hoc
941 4439 994 4495 ei
1024 4418 1307 4516 studium,
1336 4446 1462 4503 haec
1491 4418 1618 4520 ejus
1649 4418 1885 4525 sempe—r
2050 4418 2097 4474 Β

376 4519 439 4577 in
466 4538 646 4594 opere
667 4524 770 4580 Dei
798 4526 1093 4587 voluntas.

447 4698 671 4787 Dalaﬁo
699 4705 1048 4778 Compendii
1073 4709 1368 4769 damnum
1400 4716 1615 4772 accidit
1642 4719 1768 4787 regi
1793 4719 1854 4775 in
1875 4719 2030 4778 furto

377 4785 583 4844 nobili.
618 4792 883 4880 Instabat
908 4797 1049 4852 tunc
1073 4798 1202 4854 dies
1221 4803 1610 4877 Pentecostes,
1642 4785 1764 4878 qu‘o
1781 4808 2029 4880 Spiritus

377 4880 622 4966 sanctus
654 4879 891 4950 replens
921 4885 1155 4941 animas
1175 4890 1427 4946 mundat
1446 4892 1712 4950 ﬁdelium
1743 4879 1945 4966 corda,
1965 4904 2032 4956 ut

371 4960 652 5055 placeant
665 4967 816 5024 Patri
841 4973 897 5026 et
928 4971 1086 5042 Filio,
1118 4976 1339 5048 quibus
1354 4982 1600 5052 aequalis
1617 4984 1866 5055 Spiritus
1897 4960 2028 5043 san-

368 5489 514 5562 quia
541 5491 948 5556 delectabatur
980 5503 1036 5558 in
1071 5504 1305 5566 talibus.
1369 5513 1492 5569 Fuit
1516 5516 1670 5572 enim
1701 5518 1796 5574 hic
1826 5489 2022 5576 bonus

361 5576 600 5682 juvenis
631 5585 1136 5682 excellentissima;
1168 5599 1496 5672 probitatis,
1521 5621 1729 5662 omnes
1759 5609 2020 5682 comple-

366 5669 550 5735 etans,
581 5685 794 5728 omnes
821 5673 1094 5748 diligens,
1126 5684 1356 5747 nullum
1385 5669 1741 5765 despiciens,
1764 5669 2012 5755 dilectus

2151 1804 2504 1855 ornamento
2535 1801 2854 1872 adjunctus
2888 1806 3153 1877 scyphus
3185 1824 3478 1879 corneus,
3529 1829 3671 1886 quo
3704 1817 3844 1872 defe-

2151 1886 2390 1941 rebatur
2413 1888 2619 1944 vinum
2671 1891 2745 1945 ad
2779 1892 3203 1952 celebrandum
3247 1898 3670 1958 sacriﬁcium.
3728 1909 3841 1960 Haec

2151 1976 2445 2047 aspiciens
2475 1978 2723 2050 quidam
2753 1982 2993 2053 pestifer
3016 1989 3074 2039 et
3100 2000 3371 2058 nequam
3423 1989 3733 2065 clericus,
3761 2011 3838 2050 ar-

2151 2065 2304 2137 ripit,
2337 2066 2541 2135 caligis
2581 2071 2868 2140 recondit,
2927 2073 3044 2128 huc
3093 2074 3356 2148 illucque
3410 2080 3677 2138 vadens
3733 2101 3838 2140 non

2150 2151 2375 2208 invenit
2427 2156 2521 2209 cuii
2579 2173 2648 2212 ea
2687 2158 3023 2216 venditione
3081 2165 3528 2239 contribueret,
3568 2173 3674 2228 vel
3703 2191 3838 2248 quo-

2149 2241 2332 2297 molo
2361 2242 2520 2299 illam
2557 2247 2815 2317 speciem
2857 2250 3014 2304 cervi
3067 2251 3375 2312 destruere
3405 2267 3662 2329 posset.
3720 2241 3837 2321 Dre-

2149 2329 2415 2387 dendum
2442 2338 2529 2388 est
2557 2336 2780 2390 cunctis
2836 2353 2906 2392 ea
2935 2338 3017 2410 pii
3060 2341 3218 2410 regis
3275 2352 3534 2404 servata
3593 2354 3833 2422 meritis,

2148 2419 2249 2490 qui
2274 2425 2391 2475 toto
2423 2423 2599 2477 corde
2631 2429 2754 2480 erat
2785 2427 2902 2481 Deo
2930 2428 3143 2484 ﬁdelis.
3181 2435 3331 2488 Nam
3371 2438 3569 2494 tertia
3595 2419 3833 2499 Sabbati

2146 2507 2206 2562 in
2238 2511 2492 2565 oratorio
2525 2511 2725 2568 Turris
2756 2515 2945 2570 Caroli
2986 2517 3338 2592 colloquens
3369 2539 3528 2582 cum
3565 2533 3828 2602 quodam

2145 2595 2537 2654 familiaritate
2567 2601 2825 2670 perfecta
2878 2603 2990 2659 sibi
3020 2608 3368 2678 conjuncto,
3424 2595 3720 2675 ecce-fur
3750 2638 3828 2676 ve-

2145 2685 2312 2740 niens
2341 2693 2475 2742 ante
2507 2687 2687 2744 altare
2720 2706 2780 2744 se
2813 2691 3082 2760 collocat,
3116 2712 3326 2768 preces
3366 2700 3640 2762 inutiles
3674 2726 3828 2782 spar-

2144 2774 2226 2843 git
2253 2780 2309 2830 et
2338 2775 2518 2844 longa
2547 2780 2902 2848 protrahens
2935 2783 3213 2855 suspiria,
3241 2787 3614 2863 facistergio
3639 2774 3826 2854 altaris

2141 2864 2372 2935 prolixo
2402 2866 2608 2937 operit,
2641 2868 2815 2924 simul
2846 2887 2985 2926 cum
3017 2875 3272 2946 scypho,
3327 2883 3388 2934 et
3417 2881 3510 2937 sic
3543 2901 3829 2943 verecun-

2140 2950 2254 3006 dus
2279 2951 2439 3017 abiit,
2474 2955 2742 3009 nesciens
2771 2957 2952 3013 miser
2979 2976 3242 3032 quorum
3270 2966 3436 3022 oculi
3468 2987 3677 3045 super
3702 2992 3824 3031 eum

2064 3075 2104 3129 Ο
2140 3044 2308 3094 erant
2334 3040 2532 3096 deﬁxi.
2569 3046 2816 3100 Cessans
2833 3062 2937 3101 rex
2957 3063 2993 3103 a
3009 3049 3310 3124 colldquio
3339 3057 3522 3114 vadit
3537 3040 3624 3117 ad
3655 3064 3822 3120 altare

2139 3129 2291 3200 pede
2322 3129 2436 3184 levi
2457 3147 2595 3186 cum
2625 3134 2819 3189 amico
2849 3152 3011 3205 vero,
3045 3144 3102 3194 et
3133 3157 3245 3197 sua
3285 3145 3617 3218 accipiens
3644 3154 3822 3209 reddit

2139 3217 2309 3272 laetus
2339 3218 2632 3290 ministro,
2662 3221 3054 3281 interminans
3105 3229 3270 3286 socio
3327 3217 3441 3301 ne,
3462 3236 3635 3296 dum
3668 3243 3823 3298 advi-

2138 3310 2318 3373 veret,
2350 3322 2571 3363 nomen
2593 3310 2721 3380 ejus
2751 3313 2968 3369 saeculo
2998 3314 3402 3378 innotesceret
3423 3329 3484 3380 et
3506 3331 3687 3386 tanto
3709 3331 3822 3386 viro

2137 3397 2563 3452 verecundiam
2594 3399 2829 3456 faceret.

2209 3487 2421 3541 Verum
2452 3487 2594 3559 quia
2619 3490 2869 3562 opponit
2919 3509 2979 3547 se
3011 3501 3230 3553 nostrae
3285 3506 3644 3564 narrationi
3685 3529 3824 3585 quo-

2139 3573 2417 3630 rumdam
2448 3592 2741 3648 perversa:
2763 3582 2978 3636 mentis
3013 3583 3283 3658 intentio,
3312 3592 3422 3663 qui
3463 3611 3665 3655 omne
3707 3573 3826 3657 ’δο-

2140 3678 2284 3717 num
2315 3665 2480 3736 quod
2509 3665 2622 3738 ipsi
2652 3677 2960 3741 nequeunt
2989 3677 3231 3747 assequi
3284 3679 3420 3735 aliis
3453 3683 3750 3747 invidere
3777 3696 3825 3748 et

2137 3750 2518 3821 malignitatis
2548 3755 2853 3822 calcaneo,
2881 3768 3059 3831 prout
3078 3773 3354 3838 possunt,
3385 3786 3690 3842 premere
3711 3795 3826 3837 non

2139 3839 2514 3911 erubescunt,
2567 3845 2809 3918 quique,
2841 3848 2888 3902 si
2919 3851 3063 3922 quid
3121 3839 3410 3913 excessus
3458 3861 3826 3926 humanitus

2138 3929 2474 3986 admissum
2503 3937 2612 4000 est,
2645 3950 2716 3989 eo
2747 3942 2960 3993 cuncta
2988 3940 3133 3997 boni
3181 3947 3380 4017 operis
3426 3958 3826 4016 succedentia

2139 4019 2408 4086 germina
2461 4021 2675 4078 canino
2705 4023 2878 4081 dente
2933 4028 3234 4089 oblatrant
3283 4037 3609 4111 suffocari,
3671 4048 3825 4104 hunc

2138 4107 2586 4165 sanctissimum
2608 4111 2803 4168 virum
2833 4114 3093 4174 lacerare
3120 4136 3244 4178 non
3269 4107 3791 4196 pertimescentes
3815 4153 3827 4191 :

2137 4200 2284 4264 Non,
2315 4197 2611 4270 inquiunt,
2645 4201 2771 4258 hinc
2814 4221 2946 4277 quae
2980 4209 3214 4280 prolata
3260 4221 3402 4271 sunt
3441 4218 3625 4280 bona
3653 4227 3735 4283 de.
3766 4244 3829 4285 eo

2137 4299 2320 4356 opera
2345 4285 2422 4340 ad
2476 4287 2728 4344 salutem
2778 4291 2930 4348 illius
2987 4300 3338 4367 provenient
3386 4307 3652 4379 animae,
3689 4332 3833 4389 quo-

2137 4373 2302 4428 niam
2340 4390 2462 4430 non
2501 4378 2805 4435 exhorruit
2856 4383 3087 4440 facinus
3132 4391 3548 4462 copulationis
3584 4373 3827 4470 illicitae,

2137 4461 2283 4517 dum
2313 4470 2703 4522 commatrem
2747 4474 2804 4525 et
2832 4470 2941 4527 sibi
2975 4461 3527 4548 consanguinitatis
3581 4461 3828 4549 vinculo

2138 4565 2356 4606 nexam
2383 4553 2552 4610 duxit
2581 4571 2848 4613 uxorem.
2905 4563 3172 4626 Quorum
3221 4567 3829 4639 irrationabilitatem

2137 4637 2332 4710 placet
2357 4640 2609 4697 evidenti
2653 4651 2872 4702 sanctae
2925 4651 3242 4723 Scripturaa
3297 4657 3532 4719 indicio
3568 4637 3827 4727 convin-

2138 4744 2288 4817 cere.
2321 4729 2455 4799 Sed,
2488 4747 2561 4786 ne
2620 4731 2765 4790 forte
2815 4734 3103 4810 loquendi
3141 4746 3530 4815 proclament
3585 4760 3826 4817 aditum

2138 4816 2608 4922 sibi‘interclugi,
2641 4822 2782 4879 dent
2810 4827 2986 4883 nobis
3013 4829 3278 4904 aliquem
3310 4837 3440 4895 sine
3470 4845 3826 4922 prolapsio

2135 4921 2209 4962 ne
2235 4905 2470 4964 dedicti.
2503 4909 2642 4972 Quis
2662 4927 2802 4968 vero
2833 4922 3070 4974 castum
3101 4937 3165 4976 se
3191 4921 3418 4981 habere
3448 4905 3565 4987 cor
3597 4905 3824 5006 glbria-

2135 4994 2509 5051 bitur?cum
2533 5013 2642 5054 nec
2696 5001 2872 5058 unius
2929 5006 3044 5062 diei
3092 5008 3291 5067 infans
3347 4994 3644 5079 mundus
3699 5043 3823 5084 esse

2138 5084 2816 5178 Scripturae_testimonio
2843 5097 3271 5168 eomprobetur
3299 5103 3327 5159 ?
3376 5104 3727 5178 Siquidem
3757 5116 3824 5172 ob

2135 5169 2408 5228 inertiam
2438 5174 2860 5248 desipientium
2909 5188 3436 5259 comprimendam
3458 5169 3616 5256 hinc
3664 5206 3824 5262 dixe-

2131 5257 2264 5352 rim,
2298 5276 2419 5352 non
2441 5268 2507 5318 ut
2533 5265 2643 5321 viri
2671 5266 2824 5324 ultro
2853 5257 3194 5342 paenitentis
3210 5279 3458 5352 culpam
3475 5257 3822 5351 occulte—1n.

2134 5346 2292 5445 Sicut
2320 5350 2479 5406 enim
2510 5359 2750 5445 sanctus
2772 5360 2979 5429 David,
3004 5360 3133 5431 lege
3177 5346 3622 5445 prohibibitus,

2132 5434 2311 5490 sabee
2338 5446 2544 5495 contra
2570 5440 2658 5496 fas
2715 5447 3054 5518 concupivit
3107 5434 3408 5525 etfrapuit,
3457 5460 3549 5518 ita
3591 5434 3823 5537 ét'i'sié,

2129 5529 2337 5581 contra
2365 5543 2546 5584 sacra:
2570 5530 2708 5587 ﬁdei
2733 5533 2871 5604 jura
2900 5552 3106 5608 agens,
3139 5544 3459 5612 praefatam
3481 5529 3822 5616 mulierem

2130 5611 2351 5669 nefarie
2385 5615 2495 5671 sibi
2533 5621 2833 5692 copulavit
2860 5611 3159 5684 uxorem:
3193 5631 3277 5686 llli
3329 5651 3458 5692 non
3485 5611 3724 5706 solum

2129 5700 2200 5757 tis
2229 5703 2334 5760 fuit
2359 5704 2416 5760 in
2451 5707 2760 5766 mulierem
2805 5729 3112 5787 peccasse,
3168 5719 3276 5776 sed
3299 5726 3520 5788 molita
3571 5700 3720 5796 vi;
