3892 6414
14 350 25 358 .
69 306 184 359 921

1653 309 1832 365 VITA.

3406 322 3509 377 922

66 429 252 483 noxii
276 443 421 484 nece
442 428 686 484 incurrit
715 428 937 502 duplex
966 435 1301 505 peccatum.
1345 431 1488 488 Huic
1518 432 1742 506 profee-
1772 437 1820 491 A
1852 433 2089 491 sultavit
2113 437 2242 507 ejus
2270 436 2479 508 lingua
2503 438 2730 509 justitia
2759 440 2833 495 de
2877 440 3028 497 caelo
3072 442 3507 515 prospicientis,

69 522 139 572 to
176 517 372 586 magis
405 517 575 573 libuit
606 520 790 574 Deum
820 519 1160 587 offendisse,
1194 538 1379 593 quam
1430 538 1464 576 a
1495 522 1739 576 muliere

66 606 312 679 duplici
336 606 445 662 sibi
465 607 594 676 lege
624 608 923 681 prohibita
956 614 1149 665 torum
1185 627 1418 666 servare
1449 611 1739 666 immacu-

64 696 296 752 latum.
332 697 444 752 Sed
466 698 772 770 utriusque
795 700 1022 770 peccati
1044 700 1262 754 vulnus
1292 717 1465 756 verus
1492 701 1741 755 humani

65 786 321 856 generis
352 785 615 854 benigna
646 786 1036 859 dispositione
1064 789 1298 843 sanavit
1327 789 1581 844 Medicus
1616 806 1627 842 :
1674 788 1739 843 il-

64 875 210 931 lum
242 891 349 948 per
374 875 603 931 Nathan
633 876 985 948 prophetam
1020 894 1218 947 suum,
1265 878 1413 934 dum
1457 878 1739 951 pauperis

64 963 193 1019 viri
249 964 425 1019 unius
478 964 719 1019 ονὶουιεε
769 971 825 1020 et
875 966 1067 1021 divitis
1123 967 1326 1022 ovium
1379 967 1741 1033 abundantis

64 1052 463 1107 multitudine
488 1052 899 1124 paradigmate
926 1054 1180 1124 objecto,
1225 1072 1285 1109 se
1333 1071 1502 1110 reum
1552 1070 1739 1124 agno-

65 1157 256 1195 scens
286 1141 433 1196 dixit
463 1157 741 1213 peccasse
770 1161 782 1209 ;
812 1142 991 1198 istum
1021 1160 1190 1216 asque
1220 1160 1328 1216 per
1365 1144 1659 1199 domuum
1686 1149 1742 1199 et

62 1230 483 1285 venerabilem
517 1230 851 1300 Abbonem,
888 1232 1347 1289 Floriaeensium
1379 1250 1413 1289 a
1445 1237 1562 1289 Deo
1588 1250 1739 1307 prae-

62 1319 335 1374 electum
390 1318 691 1385 abbatem,
742 1335 923 1389 nunc,
986 1322 1199 1377 Christi
1254 1322 1487 1377 favente
1528 1322 1737 1393 gratia,

62 1407 385 1463 miraculis
416 1424 752 1475 coruscum,
785 1416 982 1481 spreta
1014 1411 1219 1466 mortis
1250 1411 1565 1466 formidine
1593 1411 1740 1468 dure

61 1498 457 1569 increpatum
488 1497 766 1569 privatim
797 1504 852 1554 et
881 1500 1137 1572 publice.
1173 1502 1353 1572 Cujus
1398 1501 1587 1556 sancti
1631 1500 1740 1557 viri

0 1636 1 1641 η
60 1586 407 1658 increpatio
439 1590 557 1642 tam
591 1585 693 1642 diu
724 1589 971 1659 perstitit
999 1589 1192 1646 donec
1240 1606 1343 1645 rex
1384 1589 1736 1645 mitissimus

0 1702 1 1735 :
60 1680 312 1731 reatum
340 1692 517 1731 suum
549 1682 916 1745 agnosceret,
949 1682 1006 1734 et
1033 1695 1219 1751 quam
1258 1680 1415 1734 male
1475 1680 1584 1735 sibi
1636 1696 1735 1735 co-

60 1765 390 1837 pulaverat
410 1765 718 1821 mulierem
745 1782 990 1838 prorsus
1019 1768 1472 1841 derelinqueret,
1514 1774 1570 1825 et
1597 1785 1737 1842 pec-

61 1854 191 1911 cati
244 1855 548 1911 maculam
599 1861 766 1925 grata
827 1859 943 1911 Deo
1001 1858 1404 1914 satisfactione
1466 1859 1732 1914 dilueret.

63 1948 334 2016 Uterque
364 1945 540 2014 igitur
562 1962 663 2000 rex
694 1949 809 2001 Deo
839 1953 1139 2021 acceptus,
1172 1954 1375 2021 utpote
1405 1949 1483 2005 ab
1512 1949 1613 2005 illo
1642 1965 1738 2005 co-

60 2038 344 2091 ronatus.
380 2036 540 2101 Quos
572 2035 769 2091 nudos
800 2037 1028 2108 peperit
1056 2043 1271 2095 natura
1302 2039 1552 2108 mundo,
1605 2054 1739 2094 san-

60 2127 168 2180 cta
198 2122 590 2196 dispositione
623 2124 714 2179 sui
741 2124 1035 2194 gloriosos
1074 2126 1296 2183 habere
1327 2127 1513 2183 voluit
1542 2132 1599 2183 et
1645 2127 1736 2182 in-

61 2211 267 2284 clytos
299 2212 536 2268 saeculo.
572 2216 639 2268 Et
662 2213 825 2285 quia,
873 2219 937 2269 ut
966 2214 1045 2270 ait
1077 2215 1397 2288 Scriptura,
1453 2214 1739 2289 permittit

63 2304 232 2357 Deus
260 2299 387 2355 ﬁeri
415 2301 582 2374 quod
603 2316 730 2357 non
761 2302 906 2371 vult,
933 2303 1202 2374 permisit
1218 2304 1481 2375 benigna
1501 2304 1739 2377 dispen-

62 2389 227 2445 satio
259 2390 341 2445 sic
370 2406 471 2446 eos
493 2391 851 2447 occumbere
880 2398 1147 2465 peccato,
1180 2398 1244 2449 ut
1272 2410 1334 2449 se
1366 2394 1737 2450 humanitate

60 2478 336 2552 aequales
366 2480 648 2551 subjectis
674 2486 1188 2550 recognoscerent,
1222 2486 1279 2538 et
1306 2483 1604 2556 reliquum
1648 2482 1735 2537 vi-

61 2573 142 2625 tae
182 2573 420 2639 tempus
452 2568 667 2638 vigiliis
697 2574 753 2625 et
781 2572 1151 2627 orationibus
1182 2571 1530 2627 inhaerendo
1582 2576 1738 2627 tran-

64 2660 357 2729 sigerent,
390 2658 587 2715 varias
614 2675 935 2731 corporum
989 2661 1305 2733 passiones
1356 2662 1731 2732 sustinerent,

63 2754 133 2804 ut
157 2745 601 2820 adempleretur
628 2748 689 2803 in
739 2748 822 2804 eis
873 2765 1057 2805 sacrae
1108 2750 1422 2823 Scripturae
1469 2750 1733 2805 testimo-

60 2838 263 2903 nium,
292 2853 427 2909 quae
460 2837 540 2892 ait
571 2857 583 2893 :
619 2838 885 2907 Corripit
915 2841 1072 2895 Deus
1093 2856 1263 2910 quem
1293 2840 1514 2910 diligit,
1529 2840 1735 2910 ﬂagel-

67 2930 160 2984 lat
196 2932 394 2982 autem
425 2943 653 2983 omnem
683 2929 875 2995 ﬁlium
908 2944 1079 2999 quem
1110 2930 1321 2998 recipit
1380 2929 1579 2999 (Hebr.
1630 2944 1731 2996 xu,

63 3020 142 3089 6).
184 3020 436 3088 Uterque
464 3017 752 3089 peccavit,
784 3018 949 3090 quod
982 3018 1174 3073 solent
1196 3034 1399 3087 reges;
1431 3019 1535 3073 sed
1558 3034 1593 3073 a
1616 3021 1734 3074 Deo

60 3106 286 3162 visitati
317 3106 741 3179 poenituerunt,
776 3107 1086 3176 ﬂeverunt,
1107 3109 1546 3179 ingemuerunt,
1567 3108 1733 3181 quod

60 3213 191 3253 non
225 3195 416 3252 solent
442 3211 630 3267 reges.
667 3197 973 3270 Siquidem
1001 3199 1276 3272 exemplo
1316 3199 1472 3255 beati
1523 3198 1730 3267 David,

62 3287 333 3342 domnus
385 3285 496 3341 iste
547 3291 749 3343 noster
802 3288 1116 3345 Rotbertus
1147 3289 1459 3345 confessus
1493 3293 1581 3344 est
1610 3288 1733 3343 cul-

62 3392 237 3449 pam,
290 3374 625 3432 obsecravit
665 3376 1124 3448 indulgentiam,
1159 3378 1494 3451 deploravit
1524 3395 1739 3433 aerum-

63 3482 237 3535 nam,
293 3464 606 3535 jejunavit,
662 3466 853 3522 oravit
905 3472 961 3522 et
1013 3468 1401 3523 confessionis
1470 3483 1593 3521 suae
1650 3473 1733 3522 te-

66 3554 423 3611 stimonium
477 3554 538 3610 in
590 3561 879 3628 perpetua
936 3557 1158 3612 szecula
1222 3557 1464 3625 vulgato
1529 3556 1737 3611 dolore

62 3644 413 3701 transmisit.
477 3645 648 3710 Quod
706 3660 827 3700 non
889 3646 1249 3701 erubescunt
1296 3645 1488 3700 facere
1521 3643 1736 3715 privati

64 3752 173 3792 rex
225 3750 349 3790 non
401 3734 640 3790 erubuit
704 3734 990 3790 conﬁteri.
1072 3734 1181 3797 Qui
1253 3738 1525 3788 tenentur
1598 3730 1737 3801 legi-

65 3825 186 3881 bus
242 3823 467 3880 audent
525 3840 701 3878 suum
758 3839 978 3893 negare
1021 3825 1358 3895 peccatum,
1405 3820 1737 3889 dedignan-

0 3966 1 3997 ἐ
66 3916 165 3968 tur
238 3927 452 3981 rogare
528 3910 962 3981 indulgentiam
1047 3926 1232 3982 quam
1312 3908 1553 3981 petebat
1632 3908 1738 3997 qui

0 4062 1 4073 χ
64 4001 248 4057 nullis
274 4000 506 4070 legibus
536 4000 850 4056 tenebatur
877 3998 1180 4054 humanis.
1241 3997 1413 4063 Quod
1471 3995 1741 4069 peccavit

68 4089 431 4145 conditionis
459 4092 545 4144 est
574 4107 586 4157 ;
620 4089 784 4162 quod
818 4087 1179 4160 supplicavit
1210 4085 1591 4142 correctionis
1634 4088 1737 4141 La-

0 4236 3 4253 ,
68 4196 219 4252 psus
250 4179 614 4247 communis,
657 4178 759 4233 sed
789 4177 1085 4233 confessio
1137 4176 1429 4249 specialis.
1486 4175 1735 4249 Culpam

0 4262 1 4267 “
66 4270 272 4341 itaque
300 4268 584 4324 incidisse
616 4272 844 4323 naturae
874 4271 980 4337 est,
1032 4266 1275 4322 diluisse
1334 4266 1587 4322 virtutis.
1649 4264 1737 4322 Ob

0 4352 3 4353 ⁷
68 4360 188 4414 hoc
244 4358 526 4413 nimirum
580 4357 691 4412 ista
734 4356 926 4412 facere
988 4372 1113 4412 non
1191 4355 1503 4428 despexit,
1594 4354 1739 4428 quia

73 4445 303 4502 sciebat
357 4448 543 4501 Deum
592 4445 821 4518 pusillis
874 4450 931 4501 et
985 4445 1222 4515 magnis
1252 4445 1373 4499 fore
1404 4443 1737 4499 timendum

72 4541 132 4592 et
181 4540 485 4607 potentem
541 4551 843 4607 quemque
928 4535 1133 4589 divina
1197 4533 1511 4589 admoneri
1588 4531 1737 4589 Scri-

71 4628 254 4696 ptura
294 4640 307 4677 :
353 4622 587 4689 Quanto
640 4639 894 4693 magnus
950 4640 1028 4689 es,
1091 4623 1343 4679 humilia
1404 4628 1459 4677 te
1499 4623 1557 4675 in
1616 4636 1738 4675 om-

73 4710 251 4767 nibus
303 4716 356 4766 et
413 4727 615 4767 coram
666 4714 786 4768 Deo
835 4714 1094 4768 invenies
1137 4713 1423 4782 gratiam.
1489 4710 1587 4764 His
1632 4709 1738 4778 igi-

76 4805 175 4857 tur
220 4818 324 4855 rex
368 4800 630 4869 humilis,
683 4801 917 4870 legibus
971 4800 1302 4868 absolutus,
1361 4816 1482 4854 suae
1540 4803 1742 4855 tamen

75 4907 216 4947 reus
249 4890 356 4945 fuit
386 4890 783 4946 conscientiae.
820 4891 1050 4956 Quibus
1081 4889 1334 4944 vinculis
1367 4905 1428 4944 se
1458 4888 1741 4943 edomare

76 4979 455 5049 desiderans,
484 4979 756 5035 divinum
790 4979 903 5035 sibi
932 4983 1207 5051 precatur
1232 4977 1544 5046 auxilium,
1574 4982 1636 5031 ut
1663 4976 1741 5031 ab

78 5068 248 5123 omni
277 5067 542 5123 criminis
573 5067 708 5124 labe
740 5068 1082 5124 mundetur.
1119 5069 1185 5121 Et
1212 5081 1437 5133 revera,
1472 5081 1611 5121 cum
1634 5065 1741 5119 mi-

80 5156 153 5212 tis
184 5162 240 5212 et
268 5157 446 5213 corde
480 5162 832 5214 mansuetus
883 5156 1123 5227 egregia
1182 5170 1419 5227 semper
1470 5152 1745 5209 habuerit

82 5251 329 5302 sanctus
358 5263 464 5303 rex
494 5264 617 5303 sua:
665 5244 1146 5303 mansuetudinis
1200 5247 1259 5299 et
1312 5244 1549 5317 pietatis
1607 5243 1743 5299 insi-

82 5336 243 5405 gnia,
278 5337 359 5391 ita
390 5340 452 5391 ut
479 5337 837 5392 adversariis
887 5335 1009 5391 suis
1066 5334 1405 5407 frequenter
1452 5332 1746 5405 ignoverit

83 5431 261 5498 atque
293 5426 371 5482 ab
397 5442 607 5482 eorum
637 5443 780 5481 nece
813 5425 1241 5482 abstinendum
1268 5425 1585 5497 putaverit,
1624 5440 1743 5479 non

82 5521 171 5572 est
200 5516 421 5570 mirum
448 5515 615 5587 quod
647 5521 768 5571 tam
796 5517 1055 5584 graviter
1083 5514 1283 5571 doleat
1331 5515 1578 5570 noxium
1634 5514 1745 5570 sibi

83 5604 419 5676 Obrepsisse
446 5609 781 5676 peceatum.
818 5609 880 5661 Et
916 5605 1050 5661 ideo
1102 5621 1137 5661 a
1182 5605 1441 5678 peccatis
1491 5604 1749 5661 mortali-

84 5696 199 5751 bus
255 5693 493 5750 liberari
548 5712 611 5751 se
659 5696 1009 5769 postulavit,
1085 5696 1358 5752 laudavit
1426 5697 1747 5751 Dominum

87 5787 275 5842 Deum
302 5802 502 5853 suum,
530 5786 823 5857 justitiam
871 5787 1100 5843 Domini
1130 5786 1491 5859 praedicavit,
1544 5790 1598 5841 et
1642 5802 1743 5841 ex—

1848 541 1983 597 quin
2010 528 2302 599 processit
2322 528 2396 583 de
2428 534 2591 584 utero
2623 530 2856 586 intactae
2890 532 3159 602 Virginis.

1922 618 2116 671 Unum
2149 633 2287 673 vero
2309 618 2601 691 quiddam
2628 622 2918 676 memoria
2966 621 3219 691 dignum
3259 640 3295 679 a
3344 629 3511 697 patre

1847 704 2030 775 hujus
2064 705 2265 779 inclyti
2293 708 2446 777 regis
2474 713 2530 764 et
2561 724 2596 763 a
2632 712 2747 765 Deo
2777 710 2943 765 electi
3003 716 3326 783 patratum,
3371 716 3510 771 huic

1846 792 2083 850 lectioni
2114 795 2371 852 inserere
2401 797 2653 867 dignum
2681 798 2844 854 duxi.
2905 804 2968 855 In
3017 817 3087 856 eo
3113 818 3377 875 namque
3418 822 3510 862 sa-

1847 882 2114 939 cerdotes
2135 884 2401 949 veridici,
2432 886 2683 942 abbates
2716 892 2771 942 et
2800 890 3101 960 monachi,
3130 896 3347 947 sanctae
3372 908 3510 948 nor-

1847 987 1962 1026 mae
1994 988 2117 1027 non
2137 974 2341 1043 nescii,
2375 975 2682 1046 exemplar
2704 976 3009 1042 virtutum,
3043 979 3208 1050 quod
3247 997 3371 1036 non
3418 998 3512 1037 so-

1845 1060 1973 1116 lum
2004 1061 2239 1129 imitari,
2260 1063 2363 1118 sed
2393 1064 2568 1119 etiam
2600 1064 2886 1122 admirari
2901 1067 3156 1135 valeant,
3184 1069 3506 1127 invenient.

1848 1153 1997 1206 Ante
2028 1152 2232 1207 omnia
2262 1158 2461 1209 autem
2493 1154 2726 1226 pietatis
2779 1162 2835 1211 et
2873 1157 3293 1215 misericordiae
3343 1161 3510 1217 omni

1845 1240 2024 1296 laude
2053 1241 2387 1299 extollenda
2417 1243 2692 1313 insignia.
2728 1247 3001 1311 Quodam
3048 1264 3313 1321 namque
3369 1255 3512 1305 tem-

1847 1347 1992 1403 pore
2027 1336 2305 1388 sanctum
2348 1333 2507 1388 diem
2564 1336 2805 1390 Pascha:
2856 1336 2915 1390 in
2974 1336 3203 1393 civitate
3254 1339 3509 1394 Parisius

1848 1420 2191 1476 solemniter
2220 1421 2548 1492 celebrans,
2588 1424 2855 1481 secunda
2886 1426 3127 1481 Sabbati
3155 1427 3231 1482 ad
3254 1428 3507 1483 domum

1850 1526 2027 1566 suam
2057 1510 2223 1583 apud
2255 1514 2539 1567 Sanctum
2574 1514 2920 1586 Dionysium
2972 1516 3140 1571 laetus
3197 1532 3507 1585 regressus

1847 1604 1953 1669 est,
1981 1600 2184 1673 ibique
2216 1601 2513 1658 solemnes
2543 1604 2735 1673 exegit
2758 1605 2900 1660 dies.
2920 1606 3109 1661 Tertia
3135 1612 3334 1662 autem
3368 1607 3511 1663 Sab-

1844 1689 1968 1745 bati
2024 1688 2374 1747 adveniente
2432 1692 2599 1759 hora,
2652 1710 2772 1766 qua
2818 1694 3100 1750 laudibus
3158 1695 3509 1751 laudaretur

1768 1788 1808 1842 Β
1846 1794 1952 1851 per
1976 1779 2181 1835 omnia
2207 1788 2425 1836 saecula
2453 1782 2630 1852 Deus,
2660 1783 2848 1852 surgit
2885 1800 2920 1838 a
2950 1783 3099 1839 lecto
3131 1788 3187 1838 et
3217 1783 3292 1839 ad
3324 1784 3507 1839 eccle-

1847 1867 1997 1923 siam
2024 1868 2105 1922 ire
2137 1868 2437 1941 desponit.
2471 1870 2780 1944 Aspiciens
2838 1888 2979 1942 ergo
3034 1872 3198 1927 videt
3241 1872 3395 1928 duos
3435 1890 3507 1929 ex

1846 1957 2100 2013 adverso
2118 1958 2385 2029 jacentes
2415 1959 2476 2015 in
2507 1960 2751 2030 angulo,
2784 1961 2950 2033 operi
2972 1961 3309 2017 insistentes
3343 1961 3507 2017 nefa-

1844 2046 1952 2101 rio.
1991 2047 2215 2102 Horum
2244 2047 2541 2117 fragilitati
2574 2050 2919 2116 condolens,
2948 2055 3367 2106 ornamentum
3391 2051 3511 2123 pel-

1844 2134 1991 2190 lium
2022 2136 2189 2208 quod
2227 2142 2353 2192 erat
2398 2138 2918 2210 pretiosissimum,
2972 2139 3119 2195 tollit
3173 2156 3208 2195 a
3250 2140 3403 2196 collo
3452 2146 3509 2196 et

1847 2240 2027 2295 super
2052 2228 2396 2297 peccatores
2412 2226 2646 2299 projicit
2673 2228 2851 2283 corde
2876 2228 3156 2298 benigno.
3179 2230 3306 2294 Quo
3331 2228 3505 2295 facto,

1845 2313 2161 2369 ecclesiam
2194 2320 2537 2370 sanctorum
2582 2316 3053 2389 omnipotentem
3109 2320 3294 2372 Deum
3338 2333 3510 2386 roga-

1846 2407 2037 2470 turus,
2068 2403 2328 2474 intravit,
2363 2404 2466 2459 ubi
2499 2420 2608 2477 pro
2634 2404 2778 2477 ipsis
2808 2405 3225 2478 peccatoribus
3256 2422 3330 2461 ne
3362 2406 3512 2479 peri-

1844 2497 1975 2547 rent
2001 2493 2208 2548 oravit.
2242 2493 2599 2564 Prolongata
2645 2510 2787 2549 vero
2837 2495 3103 2550 oratione
3159 2500 3215 2550 et
3259 2511 3509 2567 sperans

1850 2580 1969 2649 iam
2003 2579 2220 2636 abiisse
2270 2586 2540 2637 mortuos
2590 2585 2956 2654 peccatores,
3008 2583 3111 2654 qui
3163 2583 3508 2653 paenitentia

1842 2668 2108 2723 viverent
2138 2671 2277 2734 Deo,
2310 2673 2519 2724 evocat
2546 2670 2635 2724 sui
2667 2668 2932 2741 corporis
2977 2669 3310 2739 custodem,
3358 2674 3415 2725 et
3443 2675 3511 2726 ut

1844 2756 2005 2812 aliud
2038 2757 2151 2812 sibi
2202 2758 2474 2828 ejusdem
2513 2759 2744 2828 generis
2800 2758 3026 2815 deferat
3078 2764 3505 2814 ornamentum

1844 2846 2195 2902 humillimis
2227 2847 2422 2902 verbis
2470 2848 2745 2920 imperat,
2804 2849 3102 2904 mandans
3158 2847 3273 2903 hoc
3327 2847 3507 2903 minis

1843 2935 2275 3007 imperialibus,
2324 2941 2388 2991 ut
2434 2953 2628 3009 neque
2679 2937 2919 3007 conjugi
2962 2937 3254 3006 gloriosae,
3310 2952 3507 3009 neque

1846 3024 2022 3080 alicui
2051 3025 2207 3081 istud
2239 3042 2513 3098 unquam
2540 3026 3037 3082 manifestaretur.
3096 3028 3138 3082 Ο
3162 3042 3348 3098 quam
3379 3041 3511 3098 per-

1845 3112 2052 3173 fectus,
2076 3113 2179 3186 qui
2211 3114 2292 3169 sic
2320 3131 2428 3169 suo
2457 3119 2800 3187 peccatores
2831 3114 3085 3188 protexit
3112 3114 3502 3169 vestimento!

1845 3219 2034 3276 quam
2084 3209 2324 3259 sanctus
2365 3204 2683 3260 sacerdos!
2741 3220 2926 3277 quam
2974 3204 3110 3278 plus
3159 3203 3351 3259 abbas
3380 3202 3512 3258 reli-

1848 3293 2173 3366 giosusque
2203 3295 2538 3349 monachus
2564 3294 2575 3348 l
2608 3310 2792 3366 quam
2823 3294 3155 3349 rectissima
3181 3292 3408 3349 virtutis
3456 3296 3513 3347 et

1846 3384 2227 3456 perfectionis
2259 3400 2495 3454 norma,
2525 3384 2619 3439 cui
2650 3383 2818 3438 inniti
2849 3387 3042 3455 potest
3082 3382 3322 3453 justitias
3373 3398 3512 3437 con-

1848 3472 2161 3544 cupiscens
2193 3473 2435 3526 semitas
2465 3472 2476 3526 !
2511 3471 2631 3526 Tali
2658 3471 2883 3543 quippe
2914 3470 3165 3525 mandat
3186 3470 3513 3525 monacho-

1844 3577 1981 3616 rum
2012 3564 2179 3631 pater
2207 3564 2265 3615 et
2287 3560 2412 3614 dux
2443 3559 2710 3614 conﬁteri
2741 3562 3004 3629 peccata,
3046 3558 3150 3628 qui
3182 3558 3355 3613 sciret
3397 3574 3509 3613 sua

1846 3653 1901 3703 et
1930 3647 2126 3703 aliena
2152 3662 2361 3702 curare
2392 3646 2658 3715 vulnera,
2715 3662 2838 3700 non
2890 3650 3090 3701 autem
3135 3646 3408 3715 detegere
3447 3650 3507 3701 et

1844 3736 2170 3810 publicare.
2214 3735 2415 3791 Ofelix
2448 3734 2899 3807 participatione
2951 3734 3051 3789 Dei
3082 3734 3269 3807 pietas
3318 3739 3375 3790 et
3402 3734 3511 3790 mi-

1847 3825 2187 3892 sericordia,
2221 3841 2355 3897 quae
2390 3824 2470 3880 sic
2502 3824 2829 3879 floruerunt
2850 3824 2909 3879 in
2939 3827 3103 3880 tanto
3127 3828 3185 3880 et
3212 3824 3311 3880 tali
3342 3824 3506 3880 viro!

1846 3932 2000 3990 quas
2033 3920 2088 3970 et
2117 3914 2243 3987 ipse
2293 3915 2603 3971 Rotbertus
2665 3920 2865 3970 noster
2909 3914 3081 3987 quasi
3134 3915 3511 3972 haereditario

1844 4006 1977 4077 jure
2009 4020 2043 4059 a
2076 4008 2242 4076 patre
2272 4003 2503 4060 relictas
2530 4003 2814 4076 possedit.

1918 4097 2061 4164 lngo
2088 4109 2343 4150 summie
2371 4093 2753 4163 ingenuitatis
2802 4093 2892 4148 vir
2922 4098 2978 4149 et
3006 4093 3263 4162 bonatis,
3320 4092 3513 4149 abbas

1851 4182 2046 4239 Sancti
2078 4182 2355 4239 Germani
2393 4182 2648 4237 Parisius
2679 4181 2911 4237 civitate
2968 4181 3267 4237 constituti
3300 4196 3512 4235 mona-

1849 4270 2027 4341 sterii,
2058 4270 2137 4326 ad
2165 4272 2326 4327 hunc
2360 4271 2456 4327 Dei
2489 4271 2784 4327 famulum
2830 4288 2941 4343 pro
2999 4287 3107 4326 sua
3155 4275 3211 4325 et
3258 4268 3513 4323 fratrum

1850 4360 2094 4415 utilitate
2156 4360 2489 4415 Aurelianis
2541 4361 2696 4415 duos
2750 4359 2894 4414 boni
2940 4358 3256 4415 testimonii
3301 4357 3514 4412 direxit

1848 4447 2077 4503 fratres.
2110 4448 2219 4513 Qui
2251 4448 2328 4502 ab
2358 4463 2426 4502 eo
2452 4448 2563 4502 visi
2592 4448 2758 4519 pacis
2789 4447 3065 4502 honorati
3094 4450 3232 4501 sunt
3282 4443 3510 4515 osculo,

1849 4542 1913 4592 ut
1935 4536 2019 4593 eis
2048 4552 2182 4591 mos
2212 4542 2354 4603 erat,
2384 4535 2848 4607 interrogatique
2889 4540 3025 4590 sunt
3083 4532 3513 4602 benignissime

1850 4641 1972 4696 qua
2006 4640 2189 4679 causa
2218 4624 2297 4679 ad
2327 4640 2465 4679 eum
2497 4627 2942 4696 properassent.
2996 4621 3374 4677 Vocabantur
3410 4636 3513 4675 au-

1850 4718 1967 4769 tem
1995 4712 2252 4785 propriis
2280 4712 2629 4768 nominibus
2656 4710 2975 4766 Herbertus
3006 4726 3181 4775 unus,
3198 4708 3343 4765 alter
3368 4724 3512 4763 vero

1851 4801 2234 4872 Gauzfredus,
2284 4800 2449 4857 haud
2503 4799 2693 4856 inﬁmi
2750 4798 2975 4855 ordinis
3024 4796 3339 4854 monastici
3377 4796 3510 4853 viri.

1852 4890 2079 4957 Quibus
2135 4889 2235 4962 pio
2288 4890 2361 4945 de
2394 4905 2560 4945 more
2608 4888 2863 4961 imperat
2918 4892 2982 4944 ut
3011 4891 3147 4960 post
3187 4885 3515 4941 matutinos

1851 4980 2113 5051 hymnos
2146 4996 2255 5034 sua
2285 4978 2603 5051 praesentia
2656 4977 3004 5033 assisterent
3055 4980 3112 5031 et
3161 4976 3234 5030 de
3288 4973 3513 5046 quibus

1852 5068 2069 5123 vellent
2098 5068 2465 5123 audientiam
2493 5067 2801 5122 haberent.
2855 5066 3083 5131 Quibus
3113 5064 3283 5135 jussa
3311 5062 3518 5117 obser-

1851 5158 2129 5214 vantibus
2157 5157 2402 5226 contigit
2428 5161 2490 5212 ut
2519 5157 2579 5211 in
2606 5156 2737 5228 ipsa
2762 5154 3030 5224 ecclesia,
3062 5154 3124 5209 in
3153 5169 3277 5225 qua
3305 5167 3515 5208 conse-

1854 5247 2084 5314 derant,
2143 5247 2234 5302 his
2294 5245 2693 5312 cernentibus,
2742 5243 2995 5299 candela
3052 5243 3513 5312 extingueretur.

1856 5339 1983 5403 Qua
2010 5336 2322 5402 exstincta,
2354 5335 2699 5405 religiosum
2722 5334 2936 5400 virum,
2964 5333 3309 5389 Teudonem
3354 5330 3519 5387 cleri-

1855 5426 2047 5481 ricum
2072 5426 2415 5499 proximum
2449 5441 2627 5479 suum
2661 5440 2695 5478 a
2724 5423 2877 5479 lecto
2926 5428 3134 5479 evocat
3175 5422 3519 5478 candelam-

1854 5532 1971 5589 que
2003 5516 2314 5588 porrigens
2346 5514 2424 5569 ad
2456 5513 2881 5585 requirendum
2914 5512 3119 5567 lumen
3160 5510 3516 5584 quantocius

1856 5605 2074 5675 dirigit.
2111 5609 2337 5660 Interea
2368 5603 2789 5659 devotissimus
2840 5618 2945 5657 rex
3000 5603 3249 5675 psalmis
3298 5607 3353 5655 et
3391 5613 3520 5654 ora-

1857 5695 2118 5750 tionibus
2148 5709 2391 5763 vacans,
2424 5693 2571 5748 dum
2598 5693 2701 5765 qui
2735 5691 2953 5746 missus
2984 5692 3177 5747 fuerat
3191 5689 3515 5752 revertitur,

1857 5785 2014 5845 videt
2042 5785 2236 5855 virum
2271 5783 2502 5851 Domini
2533 5783 2849 5840 candelam
2888 5782 3199 5841 ardentem
3229 5784 3425 5835 tenere
3456 5773 3516 5826 in
