3892 6372
406 254 510 310 923

1592 248 1889 305 ROBERTI
1925 243 2131 302 REGIS
2169 248 2611 306 FRANCORUM.

3780 241 3864 291 924

405 373 707 441 manibus,
740 374 846 445 qui
872 374 1110 429 tenebat
1139 374 1480 428 charitatem
1500 373 1562 427 in
1582 369 2047 435 moribus.Quod
2078 369 2129 424 Α
2156 370 2368 427 iterum
2398 373 2687 439 doctrina,
2719 386 2907 444 quam
2926 368 3262 442 assumpsit
3290 381 3376 423 ex
3405 364 3616 421 dictis
3650 366 3861 419 sancto-

407 464 715 520 admirans
745 467 802 517 et
844 465 1026 517 Deum
1077 460 1452 533 hymnisonis
1505 460 1753 516 vocibus
1806 459 2049 513 laudare

407 552 674 625 cupiens,
708 551 1071 606 omnimodis
1102 551 1263 606 illum
1293 550 1587 623 prohibet,
1619 554 1682 604 ut
1711 565 1746 603 a
1766 548 2051 617 jactantia

409 640 676 713 superbae
706 639 918 694 mentis
948 656 1019 694 ex
1046 643 1166 695 toto
1198 655 1257 693 se
1287 639 1567 703 liberans,
1627 638 1728 692 Dei
1774 637 1834 691 in
1865 636 2052 691 omni-

405 728 518 783 bus
549 725 894 783 collaudans
921 727 1196 782 virtutem
1226 727 1445 782 diceret
1492 743 1630 782 cum
1662 726 1845 781 David
1877 743 1889 779 :
1924 726 2049 793 Ego

406 834 531 872 sum
565 818 775 872 vermis
806 822 858 872 et
890 834 1007 872 non
1032 817 1221 884 homo,
1264 818 1615 887 opprobium
1646 817 1947 872 hominum
1998 820 2051 869 et

408 906 654 976 abjectio
684 905 869 975 plebis
897 908 1083 975 (Psal.
1112 923 1229 975 xxx,
1262 911 1335 977 f7).
1374 910 1438 961 Et
1465 906 1676 961 iterum
1713 922 1724 958 :
1758 906 2053 959 Humilia-

408 1002 500 1051 tus
531 1012 660 1050 sum
686 1010 1114 1067 usquequaque,
1145 997 1389 1051 Domine
1410 1011 1431 1061 ,'
1456 996 1690 1063 viviﬁca
1727 1011 1817 1049 me
1844 1010 2049 1049 secun-

409 1084 551 1139 dum
584 1084 821 1139 verbum
847 1091 1010 1140 tuum
1042 1086 1226 1155 (Psal.
1257 1100 1448 1152 cxvui,
1483 1084 1622 1155 107).

483 1172 756 1241 Legimus
786 1172 846 1228 in
876 1172 1091 1229 divinis
1148 1172 1552 1227 Voluminibus
1609 1171 1773 1244 quod
1831 1173 2053 1226 servire

409 1262 530 1316 Deo
559 1277 812 1332 regnare
835 1268 938 1318 est.
972 1262 1142 1326 Quod
1167 1277 1274 1333 pro
1301 1266 1457 1316 certo
1506 1261 1781 1331 cognovit
1807 1260 1908 1333 qui
1950 1260 2052 1314 ad-

408 1350 658 1421 monuit,
690 1350 890 1405 dicens
924 1370 937 1406 :
970 1351 1195 1407 Serm'te
1219 1352 1469 1406 Domino
1498 1352 1559 1405 in
1606 1352 1812 1405 timore
1861 1350 2048 1420 (Psal.

408 1454 465 1504 ιι,
495 1438 598 1509 Η).
637 1439 807 1503 Quod
840 1440 1038 1511 utique
1069 1440 1173 1494 iste
1205 1446 1421 1508 noster,
1465 1439 1537 1494 de
1577 1456 1698 1511 quo
1730 1438 2048 1510 loquimur,

407 1525 496 1581 vir
522 1525 734 1582 beatus
766 1527 1111 1600 adimplevit
1138 1545 1247 1601 pro
1295 1544 1469 1600 posse
1518 1533 1573 1582 et
1602 1528 1765 1581 velle.
1810 1530 1873 1581 Et
1904 1528 2053 1581 sicut

408 1616 630 1684 Moyses
662 1614 760 1669 Dei
790 1615 1071 1686 famulus,
1099 1617 1375 1687 precibus
1424 1616 1809 1682 humillimus,
1866 1615 2050 1671 niani-

410 1702 518 1756 bus
542 1704 794 1758 extensis
824 1706 1143 1776 prostravit
1172 1705 1451 1759 Amalech
1478 1723 1490 1769 ;
1546 1704 1627 1759 ita
1676 1710 1731 1759 et
1756 1705 1849 1759 hic
1880 1720 2051 1757 verus
2085 1720 2123 1771 Β

410 1790 507 1844 Dei
536 1791 784 1859 amicus,
827 1792 947 1845 suis
977 1791 1221 1847 devictis
1275 1793 1546 1847 hostibus
1606 1793 1813 1847 virtute
1866 1792 2050 1846 sancti

411 1878 672 1953 Spiritus,
707 1896 940 1951 semper
972 1883 1156 1935 Deum
1182 1880 1391 1936 habuit
1422 1881 1776 1951 adjutorem,
1838 1882 1937 1953 qui
1966 1885 2052 1934 est

408 1967 565 2022 salus
590 1969 879 2025 omnium.
913 1970 1345 2042 Resplendebat
1375 1971 1597 2041 quippe
1646 1971 1705 2024 in
1758 1987 1828 2025 eo
1868 1970 2051 2024 animi

406 2056 679 2124 dulcedo,
712 2074 834 2129 qua
863 2075 1106 2113 omnem
1160 2059 1269 2114 sibi
1321 2059 1675 2114 conciliabat
1724 2060 2047 2114 hominem.

412 2148 541 2202 Erat
564 2146 615 2200 ei
645 2147 936 2218 sapientia
966 2148 1260 2214 salutaris,
1291 2164 1412 2219 qua
1465 2148 1870 2203 delectabatur
1913 2165 2050 2201 cum

408 2233 549 2289 suis.
597 2229 856 2291 Docebat
906 2236 1209 2307 quosdam
1263 2235 1322 2290 in
1377 2235 1748 2303 lectionibus,
1805 2236 1950 2290 alios
1992 2236 2050 2289 in

406 2322 644 2394 hymnis
675 2328 730 2378 et
757 2323 1062 2393 laudibus,
1089 2330 1145 2379 et
1173 2324 1251 2379 ad
1279 2324 1416 2379 talia
1449 2340 1682 2395 semper
1711 2325 2049 2393 exhortans,

406 2426 583 2466 omne
637 2411 967 2467 secundum
1012 2412 1351 2485 apostolum
1398 2412 1678 2467 omnibus
1729 2412 1930 2481 fiebat,
1992 2418 2052 2467 ut

406 2500 629 2556 cunctis
657 2500 1023 2555 lucrifaceret
1054 2503 1107 2571 (Ι
1125 2502 1259 2557 Cor.
1290 2502 1367 2561 ix.
1403 2506 1509 2572 '22).
1569 2506 1857 2556 Caeterum
1888 2501 2051 2571 quod

406 2588 712 2660 pontifices
740 2588 853 2661 ipsi
886 2589 1251 2662 abbatesque
1276 2589 1464 2645 facere
1503 2589 1882 2661 pigritabant,
1906 2606 2052 2660 quo-

407 2693 536 2732 rum
590 2683 677 2734 est
726 2683 985 2735 errantes
1036 2679 1326 2749 corrigere
1381 2684 1437 2734 et
1509 2679 1700 2734 bonos
1780 2695 2052 2750 quosque

406 2768 679 2840 exemplo
708 2785 816 2824 suo
847 2770 925 2825 ad
951 2770 1199 2824 meliora
1226 2785 1571 2840 provocare,
1602 2769 1728 2840 ipse
1756 2785 1927 2822 verus
1954 2768 2054 2823 Dei

407 2856 635 2913 amicus
665 2858 956 2925 audebat;
1013 2859 1088 2913 de
1120 2860 1289 2927 cujus
1321 2858 1514 2912 cordis
1545 2858 1821 2911 thesauro
1853 2872 2055 2926 proce-

408 2942 589 2998 debat
633 2960 751 2999 vox
794 2944 1199 3000 exsultationis
1251 2951 1307 3000 et
1342 2945 1565 3012 salutis,
1610 2961 1731 3015 qua
1778 2944 2055 2999 delectari

410 3030 711 3119 gaudebat
739 3048 876 3087 cum
906 3033 1187 3089 omnibus
1238 3034 1478 3098 sanctis,
1525 3032 1856 3087 secundum
1903 3036 2055 3104 Apo-
2085 3065 2123 3119 ο

410 3118 629 3176 stolum
658 3135 899 3175 carnem
951 3137 1123 3176 suam
1179 3120 1581 3191 cruciﬁgendo
1639 3137 1776 3175 cum
1823 3121 1973 3177 vitiis
2001 3127 2055 3176 et

410 3208 904 3281 concupiscentiis
930 3210 1139 3267 mundi
1162 3211 1340 3281 hujus
1371 3211 1529 3279 (Gal.
1559 3227 1615 3278 v,
1650 3214 1759 3279 24),
1806 3211 2053 3266 delecta-

407 3297 523 3353 bile
579 3313 816 3370 semper
868 3298 1153 3354 divinitati
1206 3300 1466 3370 seipsum
1516 3315 1865 3371 praeparans
1917 3306 2054 3355 tem-

406 3386 596 3458 plum.
625 3386 714 3443 Ad
744 3386 1013 3444 divinum
1067 3387 1329 3444 ofﬁcium
1381 3388 1631 3461 primus,
1690 3388 1765 3443 ad
1806 3388 2051 3443 laudan-

405 3475 552 3529 dum
586 3477 768 3531 Deum
795 3475 1056 3531 sedulus.
1110 3480 1477 3549 Quocunque
1521 3476 1599 3532 illi
1632 3481 1755 3531 erat
1784 3477 2050 3533 eundum

403 3563 853 3637 przeparabatur
882 3565 1241 3631 vehiculum,
1294 3565 1458 3637 quod
1488 3565 1825 3637 deportaret
1869 3566 2048 3620 divini

402 3652 709 3709 ministerii
736 3652 1072 3709 tentorium.
1108 3656 1236 3718 Quo
1265 3653 1327 3710 in
1358 3658 1573 3710 terram
1604 3654 1744 3719 tixo,
1792 3653 2052 3725 depone-

402 3737 621 3796 bantur
643 3740 725 3794 ibi
755 3744 980 3808 sancta,
1014 3745 1077 3795 ut
1103 3741 1246 3812 quia
1277 3741 1608 3797 secundum
1633 3740 2005 3797 Psalmistam
2032 3760 2046 3798 :

405 3828 644 3883 Domini
670 3834 753 3883 est
780 3834 943 3884 terra
975 3833 1027 3884 et
1058 3830 1365 3897 plenitudo
1395 3832 1545 3898 ejus,
1569 3830 1725 3884 orbis
1750 3835 2048 3886 terrarum

408 3920 460 3969 et
488 3915 751 3969 universi
777 3917 875 3984 qui
905 3916 1177 3971 habitant
1199 3918 1260 3971 in
1291 3932 1353 3972 eo
1385 3918 1567 3987 (Psal.
1600 3934 1762 3985 xxui,
1800 3922 1871 3987 1),
1908 3935 2046 3990 pro-

409 4000 575 4057 deret
605 4017 667 4056 se
696 4002 981 4058 devotum
1010 4001 1323 4073 famulum,
1367 4004 1581 4076 quovis
1637 4004 1698 4059 in
1748 4004 1879 4061 loco
1932 4010 2049 4063 Deo

408 4088 654 4144 devotas
683 4090 1016 4163 persolvere
1044 4090 1273 4146 laudes.
1291 4094 1469 4147 Erant
1497 4092 1655 4147 enim
1678 4092 1794 4148 ﬁxa
1822 4099 1877 4149 et
1895 4096 2047 4150 bene

406 4175 671 4248 plantata
720 4177 781 4233 in
835 4178 1012 4233 corde
1057 4179 1517 4235 mansuetissimi
1565 4185 1621 4234 et
1669 4182 1851 4236 Deum
1894 4181 2047 4235 bene

407 4265 661 4321 amantis
686 4266 841 4336 regis
868 4266 1193 4322 beatissimi
1233 4268 1466 4324 Antonii
1516 4267 1698 4324 verba
1731 4287 1742 4324 :
1787 4292 1813 4318 «ι
1845 4272 2047 4325 Jesum

407 4352 699 4413 Christum
729 4370 966 4426 semper
989 4354 1338 4421 desiderate,
1394 4356 1537 4429 quia
1586 4356 1647 4412 in
1697 4356 1862 4413 omni
1909 4356 2047 4412 sede

406 4444 691 4498 terrarum
723 4443 1038 4523 constituta
1069 4449 1209 4500 sunt
1252 4460 1436 4514 regna
1485 4445 1793 4501 ccelorum.
1830 4469 1855 4493 ››
1907 4448 2047 4502 San-

405 4535 526 4588 ctas
549 4537 751 4589 noctes
779 4534 893 4589 hoc
928 4539 1015 4590 est
1042 4534 1360 4591 nativitatis
1400 4536 1654 4603 Domini,
1708 4536 1896 4591 sancti
1939 4538 2045 4590 Pa-

405 4620 559 4675 scha
588 4626 645 4679 et
667 4625 1054 4689 Pentecostes,
1096 4624 1179 4679 sic
1228 4629 1378 4680 totas
1432 4624 1690 4680 ducebat
1738 4624 2044 4679 insomnes

406 4724 593 4781 usque
621 4711 701 4766 ad
729 4727 1038 4767 summum
1068 4727 1244 4768 mane
1276 4716 1340 4768 ut
1366 4728 1475 4768 nec
1503 4712 1717 4767 sedens
1752 4712 1843 4768 vel
1882 4719 2045 4768 stans

405 4814 685 4857 somnum
712 4804 971 4873 caperet,
1003 4800 1194 4856 donec
1222 4815 1409 4874 quam
1440 4800 1826 4872 exspectabat
1863 4806 1920 4857 et
1947 4802 2044 4856 de-

402 4886 699 4945 siderabat
728 4888 1096 4946 salutiferam
1128 4888 1393 4961 corporis
1423 4895 1478 4945 et
1508 4889 1816 4959 sanguinis
1848 4891 2042 4946 Domi-

398 4975 460 5030 ni
512 4977 698 5034 nostri
749 4980 887 5032 Jesu
933 4977 1143 5034 Christi
1188 4978 1631 5050 perceptionem
1698 4980 2038 5050 perciperet.

398 5063 651 5120 Probata
677 5066 750 5121 de
780 5082 851 5121 eo
881 5066 1115 5122 resiste.
1163 5071 1219 5121 et
1258 5066 1319 5121 in
1372 5066 1537 5121 omni
1591 5066 1805 5122 saeculo
1858 5069 2043 5124 mani-

399 5150 627 5209 festata.
659 5154 1034 5213 Solemnitate
1064 5171 1203 5210 vero
1234 5154 1553 5210 nativitatis
1585 5156 1773 5212 sancti
1799 5158 2041 5211 Joannis

404 5238 692 5308 Baptistae,
722 5243 878 5297 hanc
907 5259 1093 5315 quam
1121 5244 1182 5300 in
1211 5244 1514 5300 nativitate
1546 5245 1779 5300 Domini
1809 5246 2045 5303 tenebat

402 5327 891 5383 consuetudinem
921 5335 984 5385 ut
1010 5336 1143 5401 post
1171 5332 1580 5388 laudationem
1612 5333 1861 5397 Domini,
1905 5351 2040 5405 quae

402 5416 492 5469 est
519 5411 580 5467 in
603 5413 830 5483 hymno
861 5417 934 5470 Te
966 5419 1142 5473 Deum
1176 5420 1511 5487 laudamus,
1557 5422 1741 5477 missa
1786 5423 2042 5480 celebra-

402 5503 565 5555 retur
591 5497 821 5563 devote,
850 5516 982 5571 quze
1014 5506 1226 5559 sanctis
1256 5512 1344 5562 est
1382 5507 1546 5563 libris
1576 5515 1923 5581 praenotata,
1980 5512 2041 5565 in

401 5588 600 5663 primo
628 5603 827 5645 mane.
858 5589 976 5642 Hoc
1005 5597 1206 5648 sancta
1230 5597 1527 5652 constituit
1551 5600 1870 5655 auctoritas
1913 5602 2043 5655 Gre-

401 5676 555 5750 gorii
581 5676 777 5750 Magni
803 5679 863 5733 et
896 5674 1149 5736 aliorum
1196 5681 1258 5737 in
1311 5685 1530 5758 missa;
1581 5688 1861 5746 Amalarii
1902 5705 2040 5747 vero

2160 472 2293 511 rum
2322 461 2581 515 Patrum.

2230 547 2369 611 Quis
2396 554 2595 604 autem
2623 550 2675 604 ei
2705 565 2838 603 mos
2872 547 3046 603 fuerit
3075 545 3301 600 dandae
3332 542 3791 612 θιθθωοδγηκτ
3820 540 3857 591 in

2160 634 2249 689 sui
2274 637 2439 705 regni
2473 637 2714 691 sedibus
2736 653 2859 692 non
2890 633 3435 709 praetermittimus.
3510 635 3589 686 In
3625 629 3860 685 Parisius

2158 722 2406 794 civitate,
2438 725 2801 791 Silvanectis,
2833 723 3188 787 Aurelianis,
3224 719 3535 788 Divione,
3590 718 3859 773 Antissie

2157 811 2323 880 dore,
2349 813 2629 883 Avalone,
2663 812 2994 877 Meloduno,
3028 809 3317 882 Stampis,
3371 807 3445 863 in
3484 823 3847 879 unaquaqu

2157 900 2373 955 harum
2404 902 2563 967 sede,
2599 901 2889 970 trecentis,
2923 900 3036 966 vel,
3069 897 3240 972 quod
3270 902 3374 952 est
3409 896 3669 967 verius,
3726 895 3853 951 milii

2160 991 2523 1061 pauperibus
2556 991 2813 1045 dabatur
2837 989 3010 1062 panis
3043 994 3099 1043 et
3144 986 3270 1042 vini
3327 985 3780 1051 abundantia,
3824 1000 3859 1037 ri

2158 1080 2270 1133 hoc
2300 1079 2612 1150 specialius
2642 1080 2772 1150 ipso
2806 1094 2928 1150 quo
2975 1077 3053 1131 ad
3109 1077 3305 1132 Deum
3367 1075 3642 1132 transiit
3698 1091 3858 1129 anno.

2158 1169 2261 1240 qui
2282 1175 2372 1223 est
2396 1167 2820 1223 incarnationis
2851 1166 3172 1223 Dominicae
3199 1164 3641 1221 millessimus
3664 1165 3857 1221 tflC€>l~

2159 1274 2295 1312 mus
2325 1258 2641 1312 secundus.
2672 1260 2883 1311 Praeter
2911 1258 3061 1325 htBC,
3115 1272 3241 1329 quo
3294 1255 3433 1311 ibat
3496 1255 3792 1329 quotidie
3818 1255 3855 1307 lL

2161 1351 2365 1402 sancta
2396 1346 2868 1416 Quadragesima
2891 1362 2921 1399 ε
2948 1350 3051 1399 aut
3075 1361 3137 1399 cc
3166 1344 3439 1414 jubebat
3471 1344 3853 1417 pauperibu~

2160 1437 2285 1492 dari
2306 1454 2547 1509 panem,
2577 1437 2831 1509 piscium
2861 1440 2917 1490 et
2948 1434 3070 1489 vini
3105 1434 3360 1489 cibaria.
3421 1438 3495 1489 ln
3525 1435 3639 1490 die
3674 1440 3855 1490 autem

2162 1530 2349 1579 aenae
2381 1525 2634 1591 Domini,
2662 1540 2785 1580 non
2817 1523 3153 1578 videntibus
3203 1522 3621 1594 incredibile,
3672 1522 3856 1578 viden-

2161 1614 2315 1668 tibus
2348 1631 2485 1668 vero
2517 1620 2571 1669 et
2599 1612 2991 1668 servientibus
3020 1612 3082 1667 in
3122 1610 3224 1667 tali
3256 1613 3527 1680 negotio
3564 1613 3723 1668 satis
3777 1611 3854 1665 ad-

2163 1704 2450 1767 mirabile,
2486 1720 2622 1757 cum
2653 1718 2776 1758 non
2819 1702 3018 1756 minus
3048 1717 3237 1773 quam
3281 1701 3556 1757 trecenti
3611 1702 3751 1775 ipsa
3780 1701 3851 1754 die

2162 1809 2270 1847 sua
2297 1792 2670 1863 providentia
2716 1790 3081 1859 congregati,
3115 1789 3192 1843 de
3235 1790 3375 1859 ejus
3410 1796 3653 1846 sancta
3684 1806 3850 1845 manu

2160 1882 2312 1935 ﬂexo
2343 1880 2563 1953 poplite
2603 1882 2662 1934 in
2691 1886 2929 1945 terram,
2958 1878 3389 1951 unusquisque
3420 1878 3761 1949 legumen,
3790 1880 3852 1950 ρι-

2161 1986 2339 2033 seem,
2373 1985 2611 2039 panem,
2643 1968 2960 2022 denarium
2992 1983 3184 2022 unum
3218 1967 3530 2023 sumebat
3562 1969 3631 2023 in
3675 1970 3847 2024 mani-

2159 2058 2291 2111 bus.
2352 2061 2413 2111 Et
2461 2058 2573 2111 hoc
2632 2058 2780 2111 hora
2818 2055 2936 2110 diei
2980 2054 3167 2110 tertia.
3212 2058 3378 2111 Hora
3411 2056 3653 2112 itidem
3684 2068 3844 2113 sexta.

2164 2146 2368 2201 Itidem
2425 2152 2663 2201 centum
2721 2145 2946 2200 clericis
2997 2144 3379 2217 pauperibus
3446 2147 3843 2219 praebenbam

2160 2235 2355 2305 panis,
2387 2234 2645 2306 piscis,et
2676 2234 2797 2288 vini
2824 2232 3191 2288 concedebat
3216 2251 3229 2299 ;
3254 2232 3619 2291 duodecim
3652 2252 3846 2291 unum-

2159 2340 2459 2395 quemque
2490 2325 2793 2378 lionorans
2820 2322 3104 2388 denariis,
3136 2322 3319 2377 corde
3354 2328 3416 2377 et
3462 2340 3581 2380 ore
3640 2325 3844 2381 Davidi-

2160 2428 2261 2466 cos
2294 2428 2528 2484 semper
2556 2412 2883 2467 decantans
2912 2411 3201 2483 psalmos.
3226 2414 3371 2467 Post
3390 2429 3707 2470 mensam
3731 2431 3842 2469 vero

2161 2517 2505 2573 praeparans
2538 2517 2596 2555 se
2628 2502 2704 2555 ad
2734 2500 2833 2556 Dei
2863 2500 3170 2555 servitium
3202 2516 3307 2555 rex
3346 2501 3633 2558 humilis
3682 2521 3841 2576 pone-

2160 2590 2262 2645 bat
2317 2590 2667 2645 vestimenta
2712 2606 2840 2658 sua,
2883 2589 3129 2645 indutus
3179 2589 3259 2644 ad
3325 2606 3607 2647 carnem
3654 2594 3838 2648 cilicio.

2161 2680 2563 2749 adjunctoque
2595 2678 2946 2734 clericorum
2971 2678 3219 2747 collegio
3248 2684 3515 2735 centum
3539 2683 3840 2754 sexaginta

2161 2774 2216 2823 et
2272 2784 2342 2823 eo
2400 2767 2657 2838 amplius
2714 2783 2985 2835 numero,
3047 2767 3124 2823 ad
3178 2768 3556 2840 exemplum
3631 2772 3838 2827 Domini

2161 2874 2368 2911 eorum
2401 2858 2583 2928 pedes
2614 2857 2821 2911 lavans
2854 2857 3084 2929 capillis
3126 2857 3339 2929 capitis
3394 2859 3500 2915 sui
3560 2862 3837 2932 tergebat.

2161 2952 2215 3002 et
2236 2948 2313 3001 ad
2344 2946 2700 3002 mandatum
2729 2946 2961 3001 Domini
2995 2946 3265 3017 singulos
3323 2963 3564 3005 eorum
3621 2951 3839 3007 duobus

2161 3034 2367 3089 solidis
2439 3051 2853 3103 remunerans,
2914 3034 3071 3090 clero
3124 3040 3427 3107 praesente
3493 3044 3559 3094 et
3603 3039 3837 3096 diacono

2162 3128 2410 3192 astante,
2440 3124 2542 3196 qui
2567 3124 2879 3179 lectionem
2910 3123 3133 3193 legeret
3151 3125 3511 3181 secundum
3556 3130 3835 3185 Joannem

2160 3213 2219 3267 in
2248 3217 2428 3269 Coena
2453 3212 2685 3267 Domini
2710 3213 2932 3268 dictam
2977 3217 3034 3269 et
3062 3212 3307 3270 factam.
3357 3214 3638 3273 Talibus
3696 3219 3832 3274 iactis

2158 3302 2493 3374 occupabat
2524 3318 2582 3355 se
2616 3319 2717 3357 rex
2746 3302 2967 3356 meritis
3015 3302 3335 3369 gloriosus,
3404 3302 3559 3361 loca
3630 3316 3835 3363 sancte

2155 3407 2290 3445 rum
2316 3391 2733 3462 perlustrando
2765 3396 2887 3446 toto
2911 3391 3004 3447 die
3039 3396 3248 3447 sancto
3280 3394 3644 3451 Paresceve
3665 3402 3723 3452 et
3741 3414 3835 3451 cru-

2156 3495 2287 3534 cem
2313 3479 2541 3534 Domini
2567 3480 2878 3535 adorando
2913 3496 3105 3550 usque
3133 3480 3194 3534 in
3224 3479 3437 3549 vigilia
3489 3492 3739 3542 sanctee
3767 3490 3837 3541 Re

2159 3566 2557 3635 surrectionis,
2590 3566 2650 3621 in
2680 3583 2801 3640 qua
2828 3567 3180 3623 assumebat
3226 3568 3434 3624 statim
3474 3574 3836 3630 sacriﬁcium

2153 3656 2368 3721 laudis,
2401 3672 2535 3727 qua:
2566 3672 2688 3711 non
2719 3656 2901 3711 defuit
2934 3656 3010 3711 ab
3032 3657 3163 3727 ejus
3185 3673 3288 3713 ore
3319 3658 3384 3713 in
3415 3663 3741 3719 omnibus
3764 3680 3837 3716 sic

2156 3744 2321 3800 culis.
2359 3744 2452 3799 His
2478 3750 2527 3799 et
2560 3745 2976 3814 hujuscemodi
3016 3745 3303 3801 virtutum
3357 3750 3618 3806 meritis
3678 3753 3837 3809 bona

2155 3848 2410 3902 rumque
2456 3849 2708 3904 operum
2759 3833 3230 3889 exhibitionibus
3284 3834 3618 3903 gloriosus
3656 3848 3717 3897 et
3744 3847 3836 3895 toto

2155 3922 2299 3976 orbe
2316 3921 2734 3992 praedicandus
2754 3922 3068 3977 Rotbertus
3086 3939 3191 3978 rex
3208 3939 3269 3978 se
3289 3924 3674 3985 mirabilem
3696 3945 3836 3985 mune

2154 4009 2231 4064 do
2264 4009 2536 4081 praebuit,
2566 4010 2793 4064 cunctis
2824 4010 3078 4081 posteris
3104 4011 3464 4068 imitabilem
3495 4015 3837 4091 dereliquit.

2228 4101 2325 4152 llic
2373 4102 2572 4152 autem
2626 4102 2761 4170 post
2812 4100 2998 4154 Deum
3050 4099 3324 4170 specialis
3366 4100 3581 4170 gloria
3620 4124 3838 4178 regum.

2153 4203 2262 4258 pro
2287 4191 2519 4242 sacrato
2550 4192 2893 4244 sanctorum
2922 4189 3339 4260 apostolorum
3360 4204 3684 4266 numero,
3710 4214 3841 4270 quos

2155 4291 2394 4346 semper
2424 4274 2668 4331 amabat
2710 4276 2888 4331 corde
2916 4275 3181 4346 benigno
3206 4282 3264 4333 et
3293 4293 3581 4351 quorum
3646 4286 3844 4341 solem-

2153 4380 2257 4419 nes
2288 4362 2625 4419 festivitates
2654 4365 2855 4420 votivo
2886 4366 3291 4437 praeveniebat
3305 4366 3588 4438 jejunio,
3640 4375 3731 4430 ad
3758 4376 3842 4430 ho~

2154 4469 2289 4507 rum
2318 4452 2659 4524 exemplum
2692 4453 3013 4509 duodecim
3043 4470 3341 4528 pauperes
3391 4473 3629 4517 secum
3684 4465 3844 4520 duce

2151 4542 2275 4607 bat,
2303 4557 2457 4612 quos
2487 4542 2801 4612 specialius
2858 4543 3163 4613 diligebat.
3219 4543 3458 4610 Quibus
3527 4549 3678 4622 ipse
3737 4562 3842 4610 erat

2152 4646 2288 4684 vera
2319 4629 2550 4701 requies
2578 4634 2713 4701 post
2739 4630 3000 4687 labores.
3031 4637 3181 4688 Nam
3219 4633 3312 4687 his
3344 4638 3599 4696 sanctis
3626 4659 3843 4715 paupe-

2150 4717 2316 4772 ribus
2348 4733 2706 4789 comparans
2730 4718 3085 4776 fortissimos
3109 4722 3423 4777 asinorum
3448 4726 3706 4797 pullos,
3724 4738 3841 4787 ante

2150 4823 2231 4875 se,
2260 4806 2600 4879 ubicunque
2628 4809 2935 4879 pergebat,
2963 4810 3256 4878 laetantes,
3317 4814 3526 4872 Deum
3596 4819 3844 4877 laudan-

2150 4900 2235 4950 tes
2263 4898 2319 4948 et
2343 4894 2609 4951 animam
2660 4911 2836 4951 suam
2888 4898 3311 4954 benedicentes
3374 4901 3736 4975 dirigebat.
3794 4915 3841 4964 in

2148 4984 2240 5038 his
2261 4998 2519 5055 nemque
2557 4990 2613 5039 et
2663 4984 2793 5039 aliis
2841 4986 3391 5045 innumerabilibus
3452 5001 3839 5071 pauperibus

2149 5072 2488 5128 recreandis
2547 5088 2864 5147 nunquam
2909 5076 3121 5132 habuit
3166 5076 3349 5145 nolle,
3410 5083 3533 5139 sed
3612 5104 3839 5162 semper

2148 5160 2314 5215 velle.
2368 5160 2653 5217 Morituris
2706 5162 2798 5217 his
2846 5162 3009 5219 fortis
3066 5168 3192 5221 erat
3240 5167 3553 5240 provisio,
3611 5192 3697 5233 ne
3724 5160 3840 5251 quis

2148 5249 2512 5305 minueretur
2532 5250 2605 5305 de
2631 5266 2906 5320 numero,
2938 5256 3183 5325 eratque
3213 5253 3299 5309 eis
3352 5257 3673 5321 vivorum
3727 5249 3840 5322 suc-

2149 5337 2336 5393 cessio
2366 5343 2421 5393 et
2452 5339 2613 5409 apud
2649 5342 2833 5396 Deum
2860 5342 3006 5396 tanti
3034 5357 3192 5411 regis
3236 5342 3501 5406 oblatio.
3560 5352 3704 5412 Hoc
3738 5364 3839 5411 stu-

2148 5426 2339 5491 dium,
2389 5428 2512 5482 haec
2561 5429 2689 5497 ejus
2747 5447 2985 5502 semper
3037 5431 3145 5487 fuit
3190 5431 3363 5490 bona
3394 5438 3730 5512 voluntas,
3764 5462 3843 5499 cui

2149 5530 2384 5585 semper
2432 5518 2781 5586 adlueserat,
2841 5520 3299 5591 participatione
3361 5534 3614 5589 summi
3666 5536 3841 5592 boni;

2149 5617 2291 5657 vera
2320 5602 2573 5671 bonitas,
2607 5604 2662 5660 in
2691 5622 2815 5678 qua
2871 5606 3240 5664 clarissimus
3295 5616 3707 5680 versiﬁcator
3768 5625 3842 5680 his

2148 5690 2422 5747 versibus
2452 5698 2539 5748 est
2563 5693 2888 5752 delectatus
2922 5715 2933 5752 :
