3980 6370
152 263 254 316 925

148 402 350 471 Major
375 417 524 457 cura
557 402 696 456 boni
721 408 805 458 est
832 402 1103 470 fratrum
1128 406 1397 461 relevare
1422 405 1676 471 labores,

217 493 297 546 Et
317 492 452 559 ﬁeri
484 497 754 559 optat-mn
783 492 1052 546 tristibus
1081 496 1400 549 auaritiam.

147 583 403 636 Poscere
419 584 684 650 jejunos,
717 582 906 636 nudos
938 584 1169 650 vestire,
1206 585 1420 652 ligatos

217 671 477 736 Solvere,
513 670 813 724 discordes
847 672 1175 726 conciliare
1196 673 1324 726 sibi.

147 759 226 812 Et
256 774 641 829 quaecumque
667 760 930 814 homines
959 761 1161 815 miseri
1189 762 1406 816 solatia,
1435 769 1735 832 qmerunt,

217 849 382 918 Eme,
416 855 482 901 ut
499 849 779 916 possibile
808 854 912 916 est,
942 864 1216 917 promere
1245 852 1423 906 corde
1439 853 1556 919 pio.

155 937 228 991 Ut
251 943 408 990 recte
437 952 572 991 vere
597 937 850 1005 cupidus
881 953 1130 1008 vereque
1152 940 1461 1008 benignus.

220 1025 361 1090 Quae
380 1027 543 1079 mala
574 1032 713 1080 sunt
738 1027 962 1095 fugiat,
990 1042 1121 1096 qua?
1155 1029 1306 1084 bona
1329 1034 1470 1084 sunt
1491 1030 1706 1098 faciat.

148 1132 283 1186 Hiec
307 1132 511 1186 omnia
542 1133 602 1186 in
652 1137 818 1187 tanto
875 1132 1002 1188 viro
1050 1134 1229 1189 fuisse
1287 1137 1484 1190 omnis
1534 1137 1812 1207 cognovit

147 1221 431 1287 mundus,
465 1222 607 1292 quia
638 1237 776 1276 eum
810 1238 1047 1294 semper
1075 1224 1280 1280 dilexit
1311 1228 1484 1280 Deus.

215 1331 499 1383 Praeterea
530 1329 922 1384 construxita
955 1345 1115 1386 novo
1169 1332 1229 1386 in
1287 1333 1434 1388 urbe
1492 1333 1810 1390 Aureliana

143 1418 578 1472 monasterium
621 1419 808 1473 sancti
865 1420 1077 1475 Aniani
1127 1421 1445 1490 singularis
1504 1424 1594 1477 sui
1644 1424 1808 1496 apud

145 1508 329 1560 Deum
365 1507 656 1562 advocati.
691 1507 797 1573 Qui
831 1525 1016 1580 quam
1049 1509 1215 1582 pium
1276 1517 1496 1567 SilﬂCltP
1548 1512 1810 1568 devotio-

142 1595 235 1649 nis
267 1611 535 1650 amorem
563 1612 706 1665 erga
730 1597 1012 1652 eumdem
1042 1598 1319 1656 habuerit
1349 1601 1546 1656 nullus
1579 1601 1808 1658 edicere

142 1684 320 1753 valet,
354 1685 498 1758 quia
530 1685 694 1740 illum
721 1704 897 1741 suum
930 1704 1166 1760 semper
1191 1695 1330 1761 post
1361 1693 1546 1746 Deum
1576 1692 1808 1762 adjuto-

142 1790 290 1834 rem,
325 1777 721 1845 protectorem
754 1779 809 1830 et
835 1775 1213 1832 defensorem
1239 1778 1459 1833 habere
1497 1780 1693 1845 voluit,
1729 1780 1806 1836 ad
1841 1747 1882 1799 Β

137 1878 538 1934 quoscunque
568 1863 854 1934 potuisset
885 1881 1130 1936 pergere
1161 1883 1420 1934 gressus.
1476 1873 1622 1924 Nam
1683 1887 1805 1924 uno

139 1951 237 2006 die
271 1967 304 2005 a
335 1952 607 2023 quodam
632 1969 741 2007 suo
767 1954 1008 2025 speciali
1040 1956 1371 2011 amicorum
1404 1958 1598 2014 amico
1627 1959 1803 2014 inter-

138 2041 398 2113 pellatus
425 2046 485 2095 ut
510 2041 657 2113 quid
721 2043 896 2097 talem
946 2060 1014 2097 ac
1074 2049 1304 2100 tantum
1359 2046 1700 2119 pontiﬁcem
1753 2054 1807 2102 et

140 2146 263 2184 non
295 2130 442 2185 alios
475 2132 559 2184 sic
585 2137 823 2186 sanctos
855 2133 976 2186 suis
1006 2134 1225 2190 sanctis
1264 2134 1546 2190 laudibus
1573 2137 1811 2192 extolle-

137 2225 245 2284 ret,
281 2219 663 2291 respondisse
689 2221 1026 2277 humillima
1039 2227 1092 2278 et
1121 2224 1389 2294 piissima
1414 2242 1558 2281 voce
1585 2227 1767 2282 fertur
1792 2245 1803 2282 :

138 2309 285 2374 Quis
308 2315 393 2363 est
425 2309 692 2364 Anianus
727 2311 754 2364 ?
781 2311 1070 2383 Anianus,
1108 2313 1373 2368 Anianus
1401 2332 1508 2386 pro
1531 2321 1689 2370 certo
1721 2321 1810 2372 est

136 2415 283 2453 vera
315 2404 656 2454 nostrorum
690 2401 1039 2464 consolatio,
1069 2401 1479 2458 laborantium
1503 2405 1804 2473 fortitudo,

139 2505 352 2556 regum
402 2490 708 2560 proiectio,
743 2491 1082 2564 principum
1134 2493 1422 2562 defensio,
1456 2495 1806 2566 pontificum

141 2577 480 2646 exsultatio,
533 2579 904 2644 clericorum,
989 2583 1449 2648 monachorum,
1511 2585 1808 2655 orphano-

141 2683 278 2720 rum
305 2671 361 2720 et
390 2667 708 2723 viduarum
735 2670 973 2738 egregia
1005 2674 1059 2725 et
1082 2670 1504 2726 inenarrabilis
1537 2673 1810 2727 subleva-

141 2757 240 2809 tio.
290 2756 352 2809 Et
380 2755 634 2810 illudens
662 2757 736 2810 ad
772 2757 1224 2813 circumstantes
1252 2776 1471 2831 pueros
1506 2761 1585 2816 ait
1615 2780 1627 2816 :
1657 2765 1807 2816 Num

141 2849 193 2898 et
227 2844 354 2904 iste,
389 2844 462 2898 de
495 2861 616 2916 quo
643 2845 966 2918 loquimur,
1003 2848 1274 2914 Arianus,
1311 2865 1345 2903 a
1377 2851 1569 2919 premis
1611 2851 1806 2920 virga-

142 2948 279 2986 rum
315 2933 484 2986 vobis
524 2933 725 3005 pueris
758 2949 879 2989 non
911 2939 998 2990 est
1023 2936 1324 3008 frequens,
1356 2954 1500 2992 vera
1557 2945 1613 2994 et
1667 2955 1805 3011 pro-

149 3021 293 3076 bata
318 3021 587 3078 liberatio
615 3025 642 3079 ’ἶ

211 3130 441 3186 Ardeas
475 3131 620 3186 tanti
648 3132 943 3204 pontiﬁcis
972 3133 1200 3188 honore
1241 3135 1334 3189 hic
1364 3136 1639 3191 redoleas
1695 3137 1808 3191 ﬂos

145 3225 200 3275 et
231 3219 417 3276 decus
450 3221 722 3276 Ecclesiae
752 3228 992 3284 sancite,
1028 3229 1085 3278 et
1116 3225 1307 3291 gratia
1359 3226 1460 3280 Dei
1511 3226 1808 3281 desiderio

141 3325 279 3364 eum
332 3311 392 3365 in
441 3310 634 3366 altiori
689 3311 896 3366 volens
951 3314 1306 3368 constituere
1351 3315 1507 3377 loco,
1553 3316 1806 3370 domum

147 3400 379 3454 Domini
408 3416 588 3471 super
619 3417 758 3455 eum
784 3401 846 3456 in
876 3401 1088 3456 melius
1119 3408 1460 3460 construere
1491 3405 1671 3478 coepit
1728 3410 1803 3471 et,

140 3487 257 3543 Deo
285 3495 645 3561 cooperante
678 3495 734 3545 et
756 3497 960 3546 sancto
988 3492 1221 3547 Aniano
1240 3493 1460 3548 auxilia
1479 3495 1804 3566 praebente,

139 3578 212 3632 ad
246 3578 430 3634 ﬁnem
464 3595 657 3651 usque
689 3580 986 3651 perduxit.
1023 3581 1207 3636 Habet
1237 3597 1502 3654 namque
1531 3583 1663 3655 ipsa
1695 3583 1804 3637 do-

139 3683 272 3721 mUs
306 3668 365 3722 in
397 3668 767 3738 longitudine
817 3674 1016 3725 tensas
1068 3670 1471 3742 quadraginta
1515 3673 1690 3739 duas,
1743 3673 1806 3730 in

139 3754 452 3813 latitudine
486 3758 832 3827 duodecim,
863 3759 922 3813 iu
955 3759 1073 3815 alto
1104 3759 1336 3828 decem,
1361 3761 1650 3816 fenestras
1675 3778 1807 3817 cen-

141 3850 266 3901 tum
297 3847 508 3915 viginti
540 3853 674 3902 tres.
710 3849 863 3903 Fecit
891 3853 947 3903 et
975 3849 1186 3904 altaria
1205 3849 1266 3904 in
1318 3850 1452 3921 ipso
1506 3856 1806 3906 monaste-

138 3935 223 3989 rio
254 3936 334 3990 ad
359 3935 602 3991 laudem
655 3942 1004 3993 sanctorum
1049 3954 1303 3994 numero
1356 3940 1801 4008 novemdccim,

139 4041 400 4094 quorum
459 4027 816 4082 memoriam
867 4027 962 4081 hic
1044 4028 1330 4082 adnotare
1411 4030 1802 4099 curavimus;

141 4115 487 4186 principale,
515 4115 574 4170 in
600 4117 894 4171 honorem
927 4117 1183 4188 apostoli
1213 4117 1384 4186 Petri,
1447 4119 1541 4174 cui
1591 4136 1803 4191 supra-

139 4204 331 4258 dictus
365 4205 786 4261 rexassociavit
827 4207 1243 4278 coapostolum
1296 4208 1542 4263 Paulum
1587 4209 1648 4262 in
1704 4209 1804 4265 be-

139 4293 658 4358 nedictione,cum
692 4310 816 4349 non
865 4300 1043 4350 antea
1097 4295 1178 4350 ibi
1226 4296 1344 4351 nisi
1382 4297 1568 4352 solius
1616 4298 1804 4353 sancti

142 4382 287 4438 Petri
317 4386 470 4438 esset
497 4383 800 4438 veneratio
829 4403 840 4450 ;
873 4384 950 4438 ad
977 4388 1161 4456 caput
1193 4387 1247 4440 S.
1282 4385 1515 4454 Aniani,
1570 4402 1759 4441 unum
1787 4404 1800 4454 ;

140 4471 214 4523 ad
244 4472 428 4543 pedes
445 4471 876 4532 aliud.aliudin
899 4474 1126 4529 honore
1160 4475 1523 4530 S.Benedicti
1550 4493 1561 4540 ;
1591 4480 1805 4531 cratera

141 4565 279 4616 sunt
307 4560 366 4615 in
399 4562 627 4616 honore
659 4577 867 4616 eorum
900 4578 1161 4634 quorum
1214 4563 1465 4618 nomina
1516 4568 1657 4618 sunt
1712 4580 1806 4618 as-

139 4649 347 4720 cripta,
383 4651 570 4706 sancti
601 4650 873 4706 videlicet
909 4652 1145 4718 Evurtii,
1180 4652 1368 4707 sancti
1393 4653 1708 4721 Laurentii,
1745 4655 1800 4708 S.

144 4739 380 4807 Georgii
406 4740 802 4811 omniumque
831 4745 1198 4809 sanctorum,
1245 4740 1382 4795 item
1443 4743 1497 4796 S.
1554 4741 1802 4810 Martini,

145 4827 493 4898 Silam-itii,
524 4831 578 4884 S.
616 4828 920 4900 Stephani,
969 4833 1024 4886 S.
1079 4830 1334 4890 Antonii,
1385 4831 1440 4884 S.
1499 4829 1800 4897 Vincentii,

145 4921 367 4971 sancta:
394 4918 606 4987 Mariae,
654 4921 845 4974 sancti
894 4919 1161 4986 Joannis,
1221 4918 1409 4973 sancti
1464 4917 1799 4986 Salvatoris,

144 5004 197 5058 S.
227 5007 511 5077 Mamerti,
542 5010 596 5063 S.
633 5007 853 5063 Nicolai
884 5013 940 5063 et
1099 5007 1412 5063 Michaelis.
1475 5011 1665 5078 Caput
1704 5024 1805 5061 au-

145 5097 259 5149 tem
288 5096 476 5167 ipsius
503 5097 850 5152 monasterii
878 5097 1016 5152 fecit
1040 5097 1192 5152 miro
1224 5111 1403 5168 opere
1434 5095 1494 5150 in
1540 5095 1804 5151 similitu-

139 5181 341 5238 dinem
377 5185 722 5241 monasterii
750 5191 970 5242 sanctze
1002 5186 1189 5243 Mariae
1220 5185 1426 5240 matris
1459 5183 1693 5240 Domini
1749 5189 1806 5240 et

141 5280 486 5329 sanctorum
524 5276 812 5343 Agricola:
838 5281 897 5331 et
927 5275 1123 5331 Vitalis
1151 5292 1211 5331 1n
1243 5275 1620 5332 Claromonte
1659 5291 1803 5330 con-

141 5361 669 5420 stituti.Lecticam
699 5365 891 5436 ipsius
931 5368 986 5423 S.
1044 5365 1260 5420 Aniani
1314 5382 1349 5419 a
1407 5365 1596 5419 fronte
1657 5380 1804 5420 auro

139 5449 305 5507 bono
328 5458 382 5508 et
413 5454 664 5525 optimo,
707 5460 760 5510 et
791 5455 1095 5527 lapidibus
1126 5453 1400 5526 pretiosis
1448 5457 1504 5510 et
1558 5457 1804 5523 argento

139 5556 310 5597 mero
340 5544 802 5616 prreoccupavit.
837 5544 1126 5600 Tabulam
1158 5545 1236 5599 ad
1294 5543 1476 5599 altare
1531 5545 1584 5599 S.
1633 5542 1802 5613 Petri,

139 5628 201 5683 in
235 5630 408 5700 cujus
437 5633 668 5689 honore
714 5637 907 5689 exstat
953 5633 1144 5701 locus,
1200 5650 1349 5690 auro
1399 5632 1563 5688 bono
1619 5635 1805 5688 totam

143 5721 472 5791 cooperuit,
500 5721 576 5776 de
595 5737 720 5791 qua
742 5721 1107 5790 Constantia,
1130 5721 1347 5778 nobilis
1389 5720 1616 5791 regina,
1675 5719 1725 5790 ej
1737 5736 1806 5774 us

1490 260 1678 314 νΙΤΑ.
1719 285 1794 304 -ι-
1817 262 2234 328 PROCEMIUM.

1838 393 1888 446 Α
1924 392 2142 462 conjux
2173 395 2454 468 gloriosa,
2485 401 2625 468 post
2667 402 2922 453 mortem
2951 398 3060 454 viri
3101 399 3192 455 sui
3224 399 3585 458 sanctissimi

3477 277 3585 332 926

1919 480 2040 536 Deo
2069 488 2348 541 etsancto
2389 486 2655 543 attribuit
2703 487 2936 543 Aniano
2988 505 3312 555 summam,
3363 490 3586 547 scilicet

1916 570 2206 630 librarum
2233 581 2461 648 septem
2495 576 2681 648 ipsius
2710 577 2935 632 metalli
2985 578 3043 633 in
3098 579 3488 636 meliorandis
3547 599 3585 638 a

1918 677 1982 715 se
2012 665 2362 721 monasterii
2392 665 2531 721 facti
2565 665 2762 723 tectis:
2793 665 3014 737 quibus
3041 666 3120 722 ab
3169 668 3306 723 imis
3355 669 3431 725 ad
3487 687 3583 726 su-

1917 750 2154 821 periora
2184 755 2425 826 apertis,
2483 755 2703 812 caelum
2744 755 2959 811 melius
3001 761 3339 813 cerneretur
3393 774 3583 830 quam

1919 842 2092 896 terra.
2122 844 2352 900 Exstitit
2371 845 2433 899 in
2454 861 2524 902 ea
2556 845 2861 917 quantitas
2889 845 3020 901 auri
3042 845 3388 917 quindecim
3406 847 3586 906 libra-

1915 945 2052 984 rum
2077 931 2334 1002 probati.
2370 934 2540 999 Quod
2561 933 2860 1006 reliquum
2889 933 2997 989 fuit
3027 934 3089 990 in
3109 933 3331 1006 quibus
3375 935 3584 998 debuit

1854 1037 1857 1039 ·
1915 1017 2235 1090 distribuit,
2257 1021 2404 1093 quia
2432 1026 2558 1079 erat
2586 1023 2638 1078 ei
2663 1022 3002 1079 sollicitudo
3034 1023 3431 1081 Ecclesiarum
3458 1027 3580 1094 Dei,

1909 1107 2082 1176 juxta
2113 1109 2250 1165 utile
2280 1111 2530 1167 senioris
2561 1111 2651 1167 sui
2677 1111 2846 1167 velle.
2887 1115 3022 1168 Post
3061 1129 3199 1184 quae
3235 1113 3440 1172 omnia
3477 1131 3582 1170 cu-

1916 1197 2094 1268 pidus
2116 1204 2335 1255 sanctae
2357 1200 2788 1256 benedictionis
2834 1217 2938 1256 rex
2993 1201 3312 1258 Rotbertus
3362 1203 3581 1271 glorio-

1918 1303 2043 1356 sus,
2067 1304 2190 1342 suta
2221 1290 2634 1358 ordinationis,
2666 1291 3102 1348 benedictionis
3133 1295 3190 1348 et
3219 1294 3584 1364 assumptio-

1915 1377 2007 1431 nis
2031 1377 2089 1432 in
2120 1394 2322 1440 regem
2353 1396 2515 1436 anno
2538 1380 2836 1436 tricesimo
2864 1385 3052 1448 sexto,
3089 1381 3360 1451 jussione
3389 1382 3582 1454 impe-

1915 1465 2133 1521 ratoria
2160 1470 2423 1523 evocavit
2462 1469 2921 1541 archiprtesules
2981 1468 3333 1526 Gauzlinum
3380 1470 3582 1525 Bituri-

1916 1570 2160 1610 censem
2212 1561 2267 1610 et
2320 1557 2602 1613 abbatem
2660 1558 3117 1623 Floriacensem,
3168 1559 3580 1616 Leothericum

1915 1644 2343 1713 Senonenscm,
2375 1662 2610 1702 necnon
2637 1651 2696 1702 et
2724 1647 3106 1720 Arnulphum
3137 1647 3578 1704 Turonensem.

1917 1735 2177 1796 Quorum
2209 1735 2590 1804 praesentiam
2617 1735 3072 1806 subsequuntur
3104 1735 3390 1807 prae-sules
3409 1735 3583 1792 Odol-

1913 1821 2072 1875 ricus
2104 1823 2569 1891 Aurelianensis,
2599 1825 2999 1882 Theodericus
3028 1824 3428 1886 Carnotensis.
3452 1828 3584 1882 Ber-

1914 1910 2115 1964 nerius
2149 1911 2477 1979 Meldensis,
2509 1913 2803 1968 Guarinus
2835 1913 3231 1980 Belvacensis,
3263 1919 3321 1969 et
3364 1913 3580 1970 Rodul-

1914 1997 2010 2052 fus
2071 2000 2546 2058 Silvanectensis.
2600 2006 2726 2058 Non
2783 2003 2971 2057 defuit
3023 2001 3204 2057 etiam
3267 2003 3582 2074 praesentia

1916 2085 2124 2140 domni
2146 2093 2203 2142 et
2233 2089 2590 2144 venerabilis
2618 2089 2903 2156 Odilonis,
2931 2089 3415 2146 Cluniacensium
3471 2090 3582 2146 ab-

1915 2174 2093 2240 batis,
2119 2180 2176 2230 et
2205 2176 2462 2232 aliorum
2495 2178 2798 2234 bonorum
2848 2179 3117 2234 virorum
3169 2194 3294 2233 non
3347 2179 3585 2235 minimi

1917 2264 2127 2330 meriti,
2191 2282 2328 2321 cum
2387 2267 2609 2337 quibus
2631 2283 2868 2339 semper
2897 2267 3284 2323 desiderabat
3301 2266 3582 2338 colloqui.

1915 2355 2004 2408 Ab
2030 2355 2122 2409 his
2147 2373 2256 2428 pro
2288 2361 2446 2412 certo
2477 2361 2532 2412 et
2562 2357 2692 2412 aliis
2725 2358 2823 2413 Dei
2852 2357 3140 2414 ministris
3168 2358 3398 2412 levatur
3436 2356 3584 2412 illud

1915 2443 2116 2500 nobile
2139 2461 2358 2516 corpus
2381 2446 2559 2501 amici
2590 2447 2689 2502 Dei
2725 2447 2937 2501 Aniani
2969 2445 3330 2504 sanctissimi
3359 2446 3434 2501 de
3492 2461 3583 2502 se-

1914 2532 2125 2603 pulcro
2151 2550 2292 2588 cum
2323 2534 2677 2605 corporibus
2693 2538 3038 2590 sanctorum
3061 2533 3584 2605 Euspicii,Monito-

1915 2621 1994 2676 ris
2015 2626 2071 2677 et
2095 2623 3065 2691 Flosculiconfessorum,Baudelii
3087 2629 3143 2678 et
3166 2623 3406 2681 Scubilii
3428 2638 3585 2678 mar-

1917 2715 2114 2782 tyrum
2134 2717 2190 2766 et
2209 2712 2370 2780 Agim
2395 2713 2600 2767 matris
2624 2714 2678 2768 S.
2699 2713 2842 2784 Lupi
2865 2712 3246 2778 confessoris;
3272 2716 3330 2770 et
3353 2711 3432 2766 ab
3447 2711 3582 2782 ipso

1916 2800 2176 2867 glorioso
2205 2816 2342 2868 rege
2371 2805 2426 2855 et
2453 2801 2603 2867 aliis,
2629 2816 2785 2871 quos
2809 2801 2940 2870 jam
2975 2800 3331 2871 praenotavit
3366 2800 3578 2868 littera,

1915 2889 2020 2959 qui
2032 2904 2144 2960 pro
2157 2888 2258 2944 tali
2272 2889 2512 2956 negotio
2524 2888 3578 2960 advenerant,custoditur,laudatur,

1917 2983 1972 3032 et
2007 2978 2360 3034 decantatur
2387 2978 2448 3033 in
2478 2979 2722 3050 hymnis
2750 2984 2806 3033 et
2835 2977 3117 3033 laudibus
3146 2978 3206 3032 in
3239 2977 3492 3033 ecclesia
3519 2979 3576 3033 S.

1839 3097 1880 3151 ρ
1918 3066 2142 3121 Martini
2173 3066 2574 3138 quoadusque
2597 3071 3079 3138 praepararentur
3105 3065 3271 3121 utilia
3295 3070 3352 3120 et
3380 3081 3580 3120 neces-

1918 3155 2075 3210 saria
2106 3161 2325 3211 sanctae
2356 3155 2776 3212 benedictioni.
2806 3155 3156 3227 Praeparatis
3201 3170 3344 3224 ergo
3393 3155 3581 3211 omni-

1916 3243 2051 3311 bus,
2081 3243 2160 3298 ab
2185 3243 2332 3315 ipsis
2383 3244 2602 3298 sanctis
2659 3243 3074 3300 sacerdotibus
3118 3243 3320 3300 locum
3373 3243 3578 3315 ipsum

1913 3331 2189 3387 benedici
2210 3337 2267 3388 et
2295 3332 2633 3389 consecrari
2659 3333 3002 3389 solemniter
3048 3332 3204 3402 fecit,
3248 3347 3410 3388 anno
3461 3335 3576 3388 Do-

1915 3421 2148 3476 minicee
2201 3420 2630 3476 incarnationis
2678 3421 3000 3476 millesimo
3047 3421 3333 3477 vicesimo
3389 3435 3574 3489 nono,

1912 3509 2234 3565 indictione
2256 3510 2636 3565 duodecima.
2665 3509 2927 3564 Sumitur
2954 3509 3157 3580 itaque
3184 3510 3449 3566 humeris
3490 3509 3579 3566 in-

1915 3598 2054 3669 clyti
2089 3598 2245 3666 regis
2279 3598 2672 3666 gaudentium
2697 3598 2873 3654 simul
2917 3603 2972 3654 et
3002 3597 3331 3653 laetantium
3383 3613 3577 3669 popu-

1912 3688 2110 3744 lorum
2141 3693 2197 3742 et
2221 3687 2569 3744 transfertur
2595 3703 2734 3742 cum
2755 3687 3038 3743 laudibus
3067 3687 3128 3742 in
3159 3687 3449 3759 templum
3466 3701 3574 3742 no-

1912 3794 2078 3844 vum,
2111 3777 2275 3848 quod
2314 3777 2440 3848 ipse
2471 3776 2728 3846 inclytus
2787 3776 3102 3832 Rotbertus
3151 3775 3571 3845 aediﬁcaverat,

1911 3866 2226 3922 laudantes
2261 3867 2580 3921 Dominum
2611 3869 2742 3920 etS.
2776 3865 3077 3921 Anianum
3100 3864 3160 3920 in
3198 3869 3486 3936 tympano
3518 3867 3576 3920 et

1913 3954 2121 4024 choro,
2149 3954 2212 4009 in
2238 3954 2480 4009 chordis
2511 3958 2567 4009 et
2595 3969 2847 4024 organo,
2873 3958 2929 4009 et
2959 3970 3098 4008 eum
3128 3953 3188 4008 in
3214 3953 3348 4009 loco
3400 3952 3578 4010 collo-

1913 4048 2052 4100 eant
2078 4048 2285 4100 sancto
2316 4044 2389 4100 ad
2419 4045 2730 4111 honorem,
2764 4043 3019 4113 gloriam
3049 4048 3104 4098 et
3144 4043 3385 4100 laudem
3437 4045 3574 4098 Jesu

1915 4133 2126 4190 Christi
2155 4133 2394 4189 Domini
2424 4133 2609 4188 nostri
2641 4138 2698 4188 et
2727 4119 2937 4189 famuli
2955 4133 3043 4190 sui
3067 4132 3304 4201 Aniani,
3328 4130 3575 4202 speciali

1913 4222 2102 4292 gloria
2131 4223 2414 4278 decorati.

1987 4313 2229 4384 Expleta
2252 4313 2667 4368 benedictione
2698 4311 2950 4367 solemni
2961 4316 3018 4366 et
3035 4311 3318 4368 omnibus
3337 4325 3474 4380 quae
3493 4309 3574 4364 ad

1914 4401 2353 4456 dedicationem
2383 4401 2570 4456 sancti
2597 4399 2800 4472 templi
2831 4399 3225 4470 pertinebant,
3258 4397 3424 4454 vadit
3442 4397 3573 4467 jam

1915 4505 2052 4544 eum
2069 4487 2395 4544 reverentia
2411 4487 2819 4542 nominandus
2837 4493 3006 4559 pater
3017 4487 3224 4558 patriae
3241 4485 3573 4542 Bodbertus

1916 4583 2052 4632 ante
2084 4576 2266 4631 altare
2299 4575 2660 4631 sanctissimi
2691 4575 2838 4631 Petri
2869 4580 2926 4629 et
2951 4574 3148 4630 dilecti
3168 4573 3375 4630 domni
3399 4573 3573 4630 Ania-

1913 4665 1996 4732 ni,
2021 4666 2081 4720 in
2113 4669 2439 4736 conspectu
2469 4663 2742 4719 omnium
2775 4663 3164 4736 populorum,
3183 4668 3240 4719 et
3260 4677 3485 4717 exuens
3508 4677 3572 4718 se

1910 4755 2266 4811 vestimento
2298 4769 2621 4825 purpureo,
2655 4753 2821 4825 quod
2841 4753 3048 4821 lingua
3089 4753 3313 4808 rustica
3357 4750 3574 4808 dicitur

1911 4861 2109 4911 rocus,
2134 4848 2389 4915 utroque
2416 4858 2576 4910 genu
2604 4841 2724 4898 ﬁxo
2748 4843 2806 4898 in
2835 4847 3075 4909 terram,
3108 4845 3228 4897 toto
3259 4840 3334 4896 de
3393 4840 3573 4898 corde

1912 4935 1990 4990 ad
2019 4937 2205 4988 Deum
2237 4933 2570 5004 supplicem
2600 4933 2752 4988 fudit
2773 4948 3010 5004 precem
3057 4931 3118 4988 in
3176 4931 3269 4986 his
3327 4929 3525 4986 verbis
3555 4947 3568 4986 ς

1911 5044 1943 5077 ι
1974 5023 2224 5091 Gratias,
2255 5021 2466 5094 inquit,
2491 5039 2607 5091 ago
2634 5021 2758 5085 tibi,
2792 5021 2950 5076 bone
2995 5023 3170 5088 Deus,
3203 5019 3308 5091 qui
3360 5019 3438 5075 ad
3487 5019 3572 5074 af-

1912 5112 2132 5168 fectum
2162 5127 2359 5166 meam
2392 5111 2756 5166 voluntatem
2786 5109 2962 5164 hodie
2990 5108 3214 5166 meritis
3257 5108 3311 5164 S.
3357 5107 3574 5166 Aniani

1912 5201 2263 5274 perduxisti,
2280 5200 2588 5255 laetiﬁcans
2605 5200 2873 5256 animam
2895 5214 3094 5255 meam
3116 5199 3191 5254 de
3221 5198 3574 5270 corporibus

1914 5294 2260 5345 sanctorum
2283 5305 2421 5344 cum
2454 5304 2524 5344 eo
2568 5287 2857 5344 hodierna
2906 5287 3000 5343 die
3048 5287 3570 5359 triumphantium.

1913 5382 1998 5434 Da
2022 5394 2185 5446 ergo,
2217 5377 2488 5446 Domine,
2521 5393 2628 5448 per
2656 5377 2768 5432 hos
2792 5383 3032 5433 sanctos
3059 5382 3193 5433 tuos
3241 5377 3392 5433 vivis
3435 5377 3576 5433 deli-

1919 5474 2113 5524 torum
2143 5466 2602 5537 indulgentiam,
2623 5466 2922 5524 defunctis
2951 5466 3236 5523 omnibus
3277 5467 3460 5522 vitam
3520 5472 3577 5522 et

1915 5556 2182 5629 requiem
2215 5556 2663 5628 sempiternam.
2699 5557 3003 5629 Tempora
3034 5560 3260 5614 nostra
3272 5557 3573 5630 prospice,

1913 5663 2191 5718 regnum,
2220 5652 2391 5704 tuum
2407 5647 2575 5720 quod
2596 5651 2697 5706 tua
2714 5648 2952 5721 pietate,
2979 5649 3408 5717 misericordia,
3471 5647 3577 5702 bo—

1914 5737 2097 5800 nitate
2119 5737 2295 5796 nobis
2310 5737 2520 5796 datum
2549 5743 2660 5808 est,
2695 5754 2856 5809 rege,
2901 5738 3177 5811 dispone,
3223 5737 3456 5795 custodi
3492 5733 3572 5790 ad
