3892 6380
391 290 495 347 927

1590 280 1881 339 ROBERTI
1920 275 2122 333 REGIS
2161 277 2585 338 FRANCORUM

3761 277 3872 329 928

393 411 637 468 laudem
667 413 724 465 et
753 408 999 478 gloriam
1043 408 1298 464 nominis
1337 409 1440 479 tui,
1472 409 1526 464 S.
1567 406 1776 463 Aniani
1827 404 2034 459 virtute
2061 403 2112 460 Α
2148 405 2290 458 Jesu
2317 406 2525 461 Christi
2554 403 3068 461 resurrectionem.
3104 406 3240 460 Erat
3264 407 3326 458 et
3389 402 3530 458 hoc
3596 403 3864 457 amatori

396 500 655 557 mirabili
686 499 871 571 patris
889 499 1092 569 patria"
1120 497 1196 551 ab
1217 497 1470 553 inimicis
1498 496 1842 553 mirabiliter
1897 493 2037 548 libe-

395 596 595 646 ratae.»
627 593 862 643 Peracta
893 586 1174 651 oratione,
1219 587 1295 642 ad
1327 603 1434 641 sua
1460 587 1712 658 quisque
1757 585 1924 639 lmtus
1957 597 2040 636 re-

399 678 658 748 greditur
676 681 732 731 et
777 676 850 730 de
898 675 1018 728 suis
1051 675 1315 730 donariis
1359 677 1489 747 ipso
1546 675 1640 729 die
1681 674 1848 728 locus
1900 671 2037 725 insi-

397 766 584 836 gniter
626 763 987 829 nobilitatur,
1039 763 1100 817 in
1150 768 1405 835 quatuor
1449 763 1663 818 scilicet
1683 761 1875 834 palliis
1907 775 2037 832 pre-

397 853 745 918 tiosissimis,
779 857 833 906 et
885 868 1064 906 urceo
1113 857 1392 919 argenteo
1448 857 1504 906 et
1554 850 1804 922 capella,
1853 865 2038 920 quam

396 946 530 1014 post
587 941 814 996 obitum
875 957 1051 994 suum
1103 943 1217 994 Deo
1261 939 1651 1012 omnipotenti
1684 944 1739 994 et
1791 937 2037 992 sanctis-

399 1030 550 1084 simo
619 1029 939 1084 confessori
987 1027 1279 1097 delegavit
1339 1029 1587 1084 Aniano.
1647 1027 1882 1098 Capella
1937 1042 2039 1080 au-

400 1122 519 1172 tem
547 1117 729 1185 hujus
760 1116 1497 1188 piissimi,prudentissimi,
1532 1114 1922 1187 potentissimi
1955 1129 2040 1167 re-

408 1205 497 1274 gis
524 1203 798 1269 Rotberti,
853 1203 982 1258 talis
1013 1203 1119 1258 fuit
1150 1222 1161 1258 :
1196 1207 1412 1275 Cappee
1463 1203 1790 1258 octodecim
1842 1203 2038 1266 bonae,

400 1293 640 1364 optima:
668 1297 724 1346 et
750 1291 901 1346 bene
926 1296 1166 1362 paratae.
1197 1291 1350 1346 Libri
1380 1291 1833 1360 Evangeliorum
1877 1288 2041 1344 aurei

399 1381 541 1446 duo,
575 1379 836 1448 argentei
864 1379 1008 1448 duo,
1042 1384 1098 1434 et
1123 1379 1221 1434 alii
1249 1379 1372 1434 duo
1404 1380 1590 1450 parvi,
1623 1395 1760 1433 cum
1814 1377 2038 1431 missali

398 1485 518 1524 uno
550 1468 968 1538 transmarino,
1000 1468 1150 1523 bene
1195 1473 1403 1540 parato
1455 1469 1633 1522 ebore
1665 1472 1720 1521 et
1771 1471 2036 1535 argento.

397 1557 739 1613 Philacteria
768 1573 949 1612 aurea
975 1557 1313 1611 duodecim.
1350 1557 1542 1612 Altare
1568 1572 1754 1610 unum
1783 1571 1929 1609 auro
1985 1558 2042 1608 et

397 1652 640 1715 argento
671 1647 1015 1702 mirabiliter
1044 1652 1342 1719 paratum,
1393 1646 1699 1701 continens
1739 1645 1796 1699 in
1843 1644 2039 1698 medio

2147 493 2444 549 bonorum
2476 495 2534 549 in
2576 495 2856 564 religione
2911 509 3020 566 pro
3080 508 3332 547 suarum
3385 490 3862 546 emundatione

2147 581 2458 654 culparum
2490 584 2674 654 quod,
2708 600 2743 638 a
2766 587 2973 638 sancto
3007 580 3492 652 Septuagesimo
3532 595 3749 652 usque
3799 579 3854 632 in

2144 672 2369 740 pascha
2398 671 2561 726 nulla
2593 688 2738 725 usus
2769 671 2982 726 culcita
3034 669 3385 741 frequenter
3440 684 3600 723 eun'
3672 668 3854 722 susci-

2145 759 2345 830 piebat
2374 760 2449 814 ad
2477 760 2803 830 jacendum
2859 758 3182 814 fortissima
3228 762 3418 826 terra,
3482 757 3856 812 tendentem

2143 847 2542 903 indesinenter
2567 849 2644 903 ad
2696 849 2930 903 aethera.
2990 848 3174 902 Prosit
3227 851 3444 900 tamen
3481 862 3618 918 pro
3651 846 3752 901 his
3804 853 3856 898 et

2143 935 2274 990 aliis
2307 937 2520 992 animae
2553 939 2681 1007 ejus
2715 937 3054 1008 subscripta
3078 941 3136 991 et
3155 935 3359 991 brevis
3387 935 3611 990 oratio
3645 952 3660 989 :
3693 935 3856 991 Prio-

2143 1039 2276 1078 rum
2308 1030 2549 1079 actuum
2576 1026 2705 1096 ejus
2737 1025 3008 1081 maculas
3037 1027 3192 1080 Deus
3247 1029 3474 1092 tergat,
3549 1024 3853 1080 oblivioni

2144 1118 2442 1183 perpetuae
2477 1112 2689 1179 tradat,
2723 1118 2952 1184 partem
2984 1113 3036 1168 ei
3090 1112 3149 1168 in
3177 1117 3622 1168 resurectione
3651 1114 3854 1186 prima

2147 1201 2434 1256 concedat
2491 1202 2595 1273 qui
2648 1207 2734 1256 est
2781 1201 3133 1256 resurrectio
3191 1207 3608 1256 mortuorum
3679 1205 3851 1256 Jesus

2147 1290 2406 1346 Christus
2436 1290 2639 1346 vivens
2669 1297 2726 1346 et
2754 1307 3012 1360 regnans
3045 1291 3104 1345 in
3145 1289 3370 1346 saecula
3430 1290 3850 1346 saeculorum.

2217 1379 2388 1434 Cordi
2415 1396 2550 1434 meo
2580 1380 2725 1451 quid
2749 1379 3003 1447 dulcius,
3029 1379 3175 1451 quid
3228 1379 3591 1449 jucundius
3651 1385 3852 1453 potest

2147 1467 2311 1535 iungi
2345 1482 2528 1538 quam
2563 1472 2626 1521 ut
2681 1471 3132 1538 praeceptorem,
3184 1467 3545 1537 adjutorem
3611 1485 3852 1535 meum,

2144 1554 2202 1608 in
2236 1555 2516 1609 omnibus
2551 1555 2646 1609 Dei
2680 1555 2963 1627 operibus
3008 1555 3348 1610 collaudem
3381 1555 3411 1608 ?
3465 1555 3718 1625 Redeo,
3765 1573 3851 1610 re-

2145 1643 2258 1697 deo
2283 1648 2356 1706 et,
2389 1643 2538 1697 sicut
2562 1643 2830 1698 solebam
2854 1643 2914 1697 in
2945 1643 3158 1698 diebus
3191 1643 3422 1715 quibus
3487 1659 3621 1700 nos
3668 1645 3848 1700 simul

395 1742 622 1808 petram
650 1735 1036 1801 laudabilem,
1067 1751 1200 1806 quae
1231 1735 1444 1789 dicitur
1465 1734 1797 1790 onichinus.
1829 1736 2040 1788 Cruces
2070 1755 2109 1807 Β
2147 1731 2636 1802 respiciebamus,
2670 1733 2798 1802 ejus
2827 1732 2971 1787 mihi
3017 1731 3344 1787 amabilem
3407 1737 3470 1786 et
3527 1733 3848 1789 desidera-

396 1840 589 1879 aureae
621 1828 753 1878 tres.
779 1824 959 1892 Major
990 1839 1060 1877 ex
1092 1823 1182 1877 his
1215 1823 1474 1878 continet
1502 1823 1562 1877 in
1603 1839 1666 1876 se
1697 1821 1879 1876 libras
1911 1819 2039 1874 auri

393 1913 527 1986 puri
550 1917 797 1984 septem.
834 1913 1014 1980 Signa
1045 1912 1329 1983 quinque.
1379 1915 1571 1966 Unum
1627 1927 1695 1965 ex
1755 1910 1846 1964 his
1902 1907 2041 1962 satis

394 2000 684 2068 mirabile,
708 2000 767 2053 in
794 2016 915 2071 quo
933 2000 1053 2053 duo
1077 1999 1406 2053 millenaria
1431 1998 1650 2053 metalli
1673 2003 1729 2051 et
1751 2001 2039 2050 sexcenta:

393 2089 559 2144 librae
591 2089 842 2153 fuerunt,
877 2089 971 2142 cui
1003 2088 1263 2159 imprimi
1278 2087 1455 2157 jussit
1475 2087 1711 2154 signum
1760 2083 2042 2156 baptismi

395 2177 470 2232 de
501 2177 630 2231 oleo
658 2181 714 2230 et
743 2176 1056 2230 chrismate
1079 2175 1235 2242 facti,
1268 2175 1416 2228 sicut
1441 2176 1588 2229 ordo
1637 2174 1905 2244 deposcit
1955 2188 2043 2226 ec-

397 2264 782 2333 clesiasticus,
814 2268 866 2318 et
899 2268 960 2318 ut
989 2268 1302 2318 vocaretur
1337 2263 1648 2317 Rotbertus
1703 2261 2044 2317 attribueret

401 2351 650 2424 Spiritus
671 2358 928 2407 sanctus.
968 2352 1129 2406 Dedit
1150 2352 1326 2406 etiam
1361 2356 1417 2406 et
1446 2352 1582 2405 huic
1607 2359 1811 2406 sancto
1865 2349 2042 2404 eccle-

399 2442 516 2496 sias
541 2442 713 2510 duas,
749 2441 1124 2496 Sentiliacum
1151 2447 1208 2495 et
1234 2441 1614 2509 Rutinagum,
1644 2456 1780 2494 cum
1808 2439 1955 2493 villis
1989 2443 2043 2492 et

396 2530 677 2587 omnibus
705 2546 840 2601 quae
871 2530 945 2584 ad
974 2529 1135 2601 ipsas
1161 2529 1474 2600 pertinent,
1533 2544 1683 2600 quas
1744 2532 2041 2599 praecepto

393 2615 574 2684 regali
596 2614 855 2670 firmavit
883 2621 939 2670 et
963 2617 1335 2671 corroborari
1361 2617 1558 2687 jussit.
1586 2615 1912 2670 Promeruit
1939 2630 2042 2669 au-

395 2709 510 2761 tem
540 2711 596 2760 et
622 2722 658 2760 a
683 2705 908 2760 domno
934 2705 1297 2760 "l‘heodorico
1324 2705 1645 2760 venerabili
1692 2704 2041 2759 Aureliano-

394 2809 527 2848 rum
554 2793 835 2866 episcopo
865 2794 1074 2848 altaria
1124 2794 1392 2864 ipsarum
1451 2793 1843 2848 ecclesiarum
1901 2808 2040 2846 cum

393 2878 716 2954 pontificali
744 2883 1050 2954 privilegio
1081 2883 1154 2936 de
1185 2883 1330 2953 ipsis
1357 2899 1392 2937 a
1419 2899 1479 2936 se
1503 2881 1848 2952 facto,quod
1875 2896 2044 2934 sanc-

395 2975 456 3024 to
478 2970 723 3024 contulit
746 2970 976 3024 Aniano
1001 2976 1057 3024 et
1087 2970 1466 3040 regiinclyto,
1493 2969 1596 3040 qui
1622 2986 1759 3022 eum
1791 2969 1849 3022 in
1902 2983 2044 3021 voce

397 3059 804 3114 exsultationis
831 3075 1064 3130 semper
1091 3059 1378 3112 dilexerat
1406 3058 1480 3111 de
1512 3059 1688 3112 corde
1718 3058 1901 3111 bono.

477 3149 745 3202 Castrum
779 3145 1112 3216 Crispiacus
1152 3146 1378 3199 dictum
1433 3162 1468 3200 a
1517 3145 1761 3199 Weltero
1820 3145 2045 3215 potenti

395 3233 674 3289 nobiliter
725 3238 1133 3287 constructum
1191 3232 1564 3287 Suessionico
1612 3232 1672 3286 in
1735 3232 2045 3301 territorio,

396 3321 712 3378 Abbatiam
772 3321 959 3376 sancti
1017 3321 1242 3375 Amulli
1309 3338 1344 3375 a
1405 3338 1466 3376 se
1543 3321 1762 3374 factam
1833 3319 2046 3374 nobilis

397 3410 659 3466 nobilem
709 3415 765 3465 et
810 3427 915 3482 per
969 3410 1187 3464 saecula
1235 3411 1488 3464 reddidit
1515 3409 1815 3464 illustrem.
1842 3413 2046 3464 Nostra

397 3499 555 3554 enim
580 3504 748 3554 aetate
795 3499 873 3554 ibi
929 3499 1210 3554 abbatem
1265 3499 1617 3571 quemdam,
1679 3498 2044 3553 Lezcelinum

396 3588 657 3657 nomine,
690 3587 1008 3654 constituit,
1033 3588 1178 3642 boni
1204 3587 1523 3642 testimonii
1550 3588 1763 3652 virum,
1814 3589 2044 3659 profes-

396 3679 560 3732 sione
584 3677 873 3746 regularis
905 3677 1035 3731 vitae
1063 3678 1449 3745 monachum,
1467 3677 1790 3748 quotannis
1809 3677 2045 3732 venien-

396 3771 515 3822 tem
545 3766 623 3820 ad
667 3767 828 3820 hunc
862 3766 960 3819 Dei
986 3766 1202 3820 virum.
1255 3766 1692 3838 Suscipiebatur
1735 3766 1812 3821 ab
1866 3781 1936 3820 eo
1983 3769 2048 3820 ut

399 3853 501 3908 Dei
530 3869 755 3914 servus,
784 3858 841 3906 et
869 3853 1233 3921 colloquium
1260 3854 1546 3909 habentes
1578 3854 1651 3908 de
1684 3854 2042 3922 caelestibus,

400 3944 542 4012 post
570 3940 629 3993 in
661 3938 970 3994 redeundo
1001 3941 1406 3996 honorabatur
1434 3943 1511 3996 ab
1568 3958 1638 3997 eo
1681 3942 2046 3997 honorabili-

400 4029 518 4083 bus
550 4027 897 4082 muneribus
927 4045 1108 4101 quam
1143 4029 1467 4101 splendide,
1497 4047 1632 4102 quae
1657 4036 1825 4086 erant
1840 4031 2048 4100 juncta

403 4116 738 4171 ecelestibus
759 4117 1026 4188 perfectae
1053 4119 1352 4174 charitatis
1385 4120 1613 4174 virtute.
1644 4119 1917 4184 Quodam
1942 4135 2045 4174 au-

402 4209 519 4261 tem
551 4211 816 4277 tempore
839 4212 1053 4262 sanctae
1078 4209 1544 4278 Quadragesinaa
1567 4208 1830 4263 l’isciaco
1853 4209 1930 4263 ad
1959 4223 2045 4264 re-

403 4310 536 4365 gem
566 4295 641 4349 de
671 4311 833 4350 more
865 4311 1217 4369 properans,
1251 4296 1609 4368 temporales
1641 4297 1817 4351 simul
1845 4304 1900 4352 et
1929 4299 2045 4368 spi-

401 4383 598 4439 ritales
629 4391 1017 4456 sumpserunt
1041 4386 1226 4439 cibos.
1261 4385 1433 4438 Avita
1473 4401 1533 4438 se
1590 4385 1850 4456 posthaec
1905 4401 2043 4441 con-

396 4472 716 4542 jungentes
740 4443 1025 4538 bonitate,
1055 4472 1226 4526 offert
1255 4471 1376 4540 regi
1407 4443 1750 4528 charitatem
1794 4475 1891 4529 Dei
1940 4473 2043 4529 ab-
2073 4443 2118 4497 Β

401 4560 510 4617 bas
534 4562 754 4628 bonus,
787 4578 896 4634 pro
926 4561 1284 4616 relevatione
1315 4562 1577 4634 corporis
1605 4563 1733 4633 ejus
1783 4564 2044 4620 humilli-

403 4650 505 4721 mi,
559 4655 625 4705 ut
677 4650 925 4705 haberet
964 4649 1239 4717 levamen
1269 4649 1559 4718 ciborum,
1616 4652 1718 4723 qui
1769 4652 2045 4724 precibus

402 4739 651 4810 pulsans
672 4739 822 4793 ostia
853 4738 1138 4793 caelorum
1168 4737 1332 4795 ﬁeret
1379 4757 1627 4795 conscrs
1679 4745 2042 4796 sanctorum.

405 4827 524 4882 Hoc
581 4842 840 4882 renuens
894 4827 980 4880 vir
1003 4827 1235 4898 pietatis
1263 4833 1319 4883 et
1360 4829 1716 4884 incumbens
1776 4847 1838 4884 se
1883 4830 2048 4885 terris

403 4917 766 4972 omnimodis
795 4915 1092 4971 orabatne
1123 4918 1178 4971 vi
1205 4934 1342 4973 eum
1361 4919 1743 4991 opprimeret,
1771 4919 1914 4989 quia
1969 4925 2048 4973 ta-

402 5003 559 5059 libus
593 5003 878 5059 obediens
909 5004 1139 5060 nullum
1180 5007 1380 5061 ad'iuc
1429 5011 1547 5061 Deo
1601 5006 1810 5076 jejunii
1847 5012 2048 5061 votum

402 5092 734 5147 obtulisset.
768 5092 941 5148 Abba
968 5093 1080 5149 hoc
1107 5095 1357 5150 audiens
1379 5094 1792 5150 taciturnitatis
1813 5096 2049 5151 vincula

406 5180 685 5248 suscepit,
714 5182 772 5232 et
797 5179 1092 5236 meditans
1118 5181 1296 5236 corde
1322 5180 1488 5252 quod
1541 5186 1698 5236 esset
1754 5184 2047 5254 perfectus

405 5264 641 5330 virtute,
666 5280 774 5336 pro
797 5265 1002 5336 jejunii
1025 5271 1157 5338 ejus
1183 5267 1621 5339 observatione,
1637 5271 1896 5343 suscepit
1909 5288 2048 5327 eum

406 5353 468 5407 in
499 5351 913 5411 multimodam
943 5363 998 5412 et
1028 5371 1150 5411 non
1181 5371 1567 5413 numerosam
1602 5360 1918 5416 missarum
1954 5377 2047 5416 ce-

406 5439 818 5510 lebrationem,
849 5450 914 5499 ut
941 5443 1284 5501 attribueret
1313 5445 1365 5501 ei
1395 5449 1548 5502 Deus
1572 5447 1630 5502 in
1683 5449 1774 5503 his
1812 5448 2050 5504 ﬁrmam

407 5527 800 5586 devotionem.
838 5531 932 5585 His
963 5531 1130 5584 lmtus
1156 5548 1256 5586 rex
1287 5533 1459 5588 donis
1480 5551 1515 5591 a
1543 5542 1748 5592 sancto
1765 5539 1893 5592 viro
1923 5553 2050 5609 per-

407 5617 610 5688 ceptis.
646 5620 763 5673 Deo
795 5618 1014 5687 gratias
1043 5619 1160 5686 egit
1187 5626 1244 5676 et
1273 5629 1542 5680 sanctum
1576 5625 1889 5680 celebravit
1913 5642 2052 5682 con-

406 5703 572 5762 tinuo
591 5706 1285 5779 jejunium,exspectans
1333 5712 1434 5766 Dei
1477 5717 1535 5768 et
1582 5714 1817 5770 Domini
1865 5715 2053 5770 nostri

2081 3100 2118 3152 C

2147 1819 2434 1874 tissimam
2462 1820 2680 1891 recipio
2707 1820 3054 1875 bonitaf'em.
3093 1820 3360 1876 Delector
3383 1821 3587 1876 etiam
3622 1823 3692 1877 in
3750 1823 3844 1878 illa

2147 1912 2202 1961 et
2231 1906 2500 1978 experior
2529 1907 2672 1977 quid
2707 1907 2973 1962 utilitatis
3007 1908 3150 1962 mihi
3178 1908 3278 1962 illa
3311 1907 3519 1964 fuerit.
3585 1915 3658 1965 In
3716 1911 3836 1976 illa,

2148 2000 2210 2048 ut
2238 2011 2383 2048 mere
2415 1999 2506 2049 est
2541 1995 2989 2060 recordationis,
3043 1995 3125 2049 nil
3175 1995 3431 2067 accipio,
3493 1997 3588 2051 nil
3653 1999 3840 2053 sentio

2146 2099 2330 2154 quam
2360 2088 2423 2137 ut
2453 2083 2646 2137 bonus
2678 2083 2832 2138 ﬁlius
2866 2084 2938 2138 de
2983 2088 3150 2154 patre
3207 2082 3394 2149 bono,
3454 2085 3717 2142 amicus
3770 2087 3838 2141 de

2148 2172 2361 2239 amico,
2391 2171 2636 2226 dilectus
2664 2172 2737 2226 de
2760 2172 2993 2226 dilecto.
3024 2172 3323 2227 Erubesco
3375 2177 3604 2230 tamen
3668 2175 3839 2230 valde

2146 2259 2206 2312 in
2237 2258 2417 2328 hujus
2443 2258 2809 2313 admirabilis
2834 2259 2941 2313 viri
2973 2275 3226 2330 operum
3253 2259 3579 2316 bonorum
3627 2279 3836 2318 narra-

2147 2347 2324 2412 tione,
2359 2364 2492 2401 cum
2526 2347 2585 2400 in
2615 2364 2684 2401 eo
2718 2363 2954 2420 semper
2981 2348 3292 2402 ﬂoruerint
3321 2365 3460 2420 quae
3521 2357 3680 2407 sunt
3724 2353 3839 2407 ﬁxa

2149 2435 2397 2489 summis
2452 2435 2757 2501 caelorum,
2818 2452 2927 2508 pro
2983 2436 3312 2492 lucratione
3361 2439 3738 2496 animarum
3787 2447 3837 2495 et

2150 2541 2488 2594 corporum.
2548 2525 2901 2596 Quempiam
2959 2525 3169 2580 videns
3224 2526 3546 2584 desudare
3625 2531 3688 2586 in
3742 2531 3834 2586 Dei

2148 2629 2346 2684 Opere,
2378 2613 2536 2667 hunc
2569 2613 2997 2669 exhortabatur
3033 2631 3202 2682 voce,
3237 2615 3531 2672 clanculo
3568 2619 3834 2675 allevans

2149 2717 2416 2768 munere,
2450 2703 2621 2771 cujus
2659 2707 2785 2756 erat
2834 2702 3060 2757 donum
3126 2705 3442 2775 promissis
3505 2709 3831 2782 pauperri-

2150 2807 2337 2856 mum,
2394 2791 2535 2844 dato
2588 2791 3050 2861 permaximum.
3111 2796 3171 2847 In
3234 2793 3428 2848 fundo
3468 2797 3832 2853 monasterii

2151 2879 2539 2934 Flor'iacensis
2572 2880 2684 2934 loci
2742 2885 2992 2952 paterna
3041 2882 3346 2937 imitabilis
3401 2883 3668 2942 abbatis
3727 2886 3833 2942 mei

2151 2968 2411 3022 Gauzlini
2433 2968 2708 3036 jussione
2740 2969 3054 3024 ecclesiam
3084 2971 3240 3042 coepi
3266 2971 3617 3041 aedificare,
3653 2976 3834 3030 modi-

2151 3073 2283 3110 cam
2307 3056 2572 3127 quidem,
2598 3056 2699 3110 sed
2733 3056 3000 3111 festivam
3032 3075 3043 3123 ;
3101 3058 3177 3112 ad
3210 3074 3402 3129 quam
3464 3063 3830 3117 occurrebat

2151 3143 2410 3216 populus
2451 3159 2652 3198 amore
2683 3160 2938 3215 quorum
2982 3150 3107 3200 erat
3164 3146 3468 3202 sacranda
3524 3151 3830 3221 condigna

2151 3231 2582 3286 benedictione.
2623 3233 2774 3286 Licet
2795 3238 2950 3287 esset
2993 3234 3363 3305 imperfecta,
3425 3241 3736 3308 quamvis
3781 3239 3830 3292 li-

2153 3337 2324 3390 gnea,
2361 3326 2556 3375 tamen
2589 3322 2887 3392 promovit
2911 3339 2971 3376 se
2994 3338 3096 3377 rex
3126 3324 3216 3377 vir
3270 3323 3627 3381 cmlestium
3683 3329 3827 3383 desi-

2152 3409 2452 3464 deriorum
2484 3427 2520 3465 a
2543 3411 2793 3466 Vitriaco
2821 3417 3036 3480 castro,
3079 3412 3433 3467 desiderans
3489 3431 3646 3471 eam
3682 3419 3832 3473 vide-

2152 3514 2213 3553 re
2243 3504 2485 3570 aspectu
2517 3499 2911 3554 sanctissimo.
2950 3503 3158 3555 Fuerat
3193 3502 3324 3571 jam
3370 3502 3566 3571 jussu
3627 3506 3832 3562 domui

2153 3592 2209 3642 et
2232 3588 2508 3642 amabilis
2531 3588 2786 3644 Odolrici
2834 3589 3131 3660 pontiﬁcis
3164 3607 3198 3645 a
3227 3591 3573 3648 venerabili
3627 3597 3829 3651 Bituri-

2152 3676 2417 3731 censium
2451 3676 2898 3749 archiepiscopo
2931 3678 3210 3733 Gauzlino
3241 3678 3600 3752 benedicta,
3659 3685 3830 3740 dante

2153 3778 2223 3818 eo
2245 3763 2303 3816 in
2337 3763 2582 3817 circuitu
2605 3763 2946 3835 plenissime
2975 3771 3194 3820 terram
3223 3766 3339 3838 ipsi
3369 3767 3662 3826 ecclesiae
3713 3788 3832 3845 per-

2154 3852 2376 3906 utilem.
2409 3857 2638 3907 lutrans
2669 3854 2727 3907 in
2759 3870 2828 3909 ea
2858 3870 2959 3908 rex
2987 3860 3043 3910 et
3063 3871 3246 3910 orans
3270 3855 3531 3927 pallium
3569 3868 3831 3932 quatuor

2152 3940 2440 3996 librarum
2468 3958 2646 4014 super
2672 3941 2852 3997 altare
2873 3944 3118 4015 posuit;
3173 3944 3340 4016 quod
3394 3947 3552 4016 quia
3617 3951 3687 4006 in
3732 3953 3828 4006 ho-

2153 4046 2296 4085 nore
2354 4037 2690 4086 sanctorum:
2754 4033 3038 4104 Dionysii,
3099 4036 3319 4090 Rustici
3363 4041 3421 4091 et
3482 4037 3829 4102 Eleutherii,

2154 4124 2566 4174 consecratum
2624 4120 2750 4186 fuit,
2811 4121 3019 4193 procul
3063 4122 3251 4178 dubio
3305 4124 3438 4194 ejus
3520 4130 3708 4185 cordi
3763 4131 3835 4184 ita

2154 4208 2368 4263 insedit
2399 4213 2461 4262 ut
2492 4208 2614 4263 suis
2670 4209 2782 4280 piis
2831 4210 3256 4282 aspicientibus
3313 4213 3530 4281 oculis,
3581 4224 3734 4290 post
3768 4217 3833 4273 ad

2154 4312 2292 4351 eum
2321 4296 2581 4351 Parisius
2610 4313 2704 4351 me
2749 4299 3037 4367 veniente,
3099 4299 3172 4354 de
3223 4301 3493 4374 reliquiis
3551 4305 3834 4379 ipsorum

2156 4391 2508 4456 martyrum,
2541 4385 2682 4440 almi
2710 4386 2927 4441 scilicet
2962 4388 3244 4460 Dionysii,
3275 4391 3500 4446 Rustici
3557 4400 3620 4449 et
3683 4397 3838 4451 Eleu-

2156 4473 2372 4536 thertii,
2404 4473 2712 4545 splendide
2745 4481 3078 4546 exornaret,
3112 4477 3664 4538 intercessionibus
3689 4487 3835 4541 dita-

2155 4567 2258 4618 ret.
2291 4563 2667 4618 Protectionis
2694 4581 2899 4620 corum
2926 4566 3086 4622 dona
3112 4567 3240 4622 haec
3281 4574 3462 4623 sunt:
3499 4571 3590 4626 De
3625 4575 3837 4631 casula

2153 4653 2341 4706 sancti
2375 4652 2655 4723 Dionysii,
2698 4652 3021 4709 dalmatica
3051 4656 3244 4711 sancti
3303 4659 3554 4725 Rustici,
3623 4663 3836 4718 casula

2155 4741 2342 4796 sancti
2380 4740 2706 4810 Eleutherii,
2729 4742 2802 4796 de
2835 4743 3200 4798 vestimentis
3248 4761 3460 4800 eorum
3525 4753 3836 4821 sanguine

2154 4831 2438 4901 aspersis,
2489 4831 2562 4884 de
2606 4832 2876 4886 carnium
2939 4848 3147 4888 eorum
3207 4835 3455 4906 pulvere
3539 4844 3601 4893 et
3683 4841 3835 4896 funi-

2155 4919 2288 4973 culo
2313 4917 2541 4990 triplici,
2569 4937 2688 4990 quo
2741 4919 2849 4974 fuit
2881 4922 3155 4977 astrictus
3212 4924 3536 4994 Dionysius
3600 4936 3837 5000 martyr

2157 5007 2387 5063 Domini
2417 5012 2730 5079 pretiosus.
2766 5009 2860 5062 His
2891 5014 2947 5063 et
2987 5009 3115 5064 aliis
3143 5016 3493 5067 sanctorum
3560 5016 3835 5086 pignori-

2155 5097 2267 5152 bus
2307 5112 2342 5151 a
2389 5112 2525 5166 rege
2554 5102 2793 5152 amante
2841 5101 3027 5154 Deum
3076 5099 3353 5156 nobiliter
3381 5101 3730 5171 insignitus
3760 5113 3835 5161 est

2155 5186 2340 5242 locus.
2378 5189 2674 5258 Susceptaa
2708 5193 2845 5242 sunt
2875 5193 3073 5243 autem
3109 5189 3256 5261 ipsae
3314 5197 3691 5253 sanctorum
3752 5213 3834 5251 su-

2155 5289 2266 5347 pra
2294 5273 2589 5329 dictorum
2637 5276 3075 5347 pretiosissimae
3132 5277 3398 5349 reliquiae
3453 5280 3515 5333 in
3563 5284 3835 5340 Floriaco

2156 5363 2588 5418 monasterioa
2627 5364 2854 5419 domno
2903 5364 3184 5420 Gauzlino
3247 5366 3492 5435 abbate,
3562 5371 3631 5426 in
3694 5375 3834 5430 dau-

2156 5451 2236 5506 do
2265 5454 2322 5504 et
2361 5451 2709 5523 accipiendo
2767 5451 2906 5506 satis
2957 5452 3293 5508 honorabili
3337 5454 3492 5524 viro,
3549 5458 3665 5517 die
3730 5464 3834 5516 Ka-

2157 5538 2468 5594 lendarum
2497 5540 2861 5606 Octobrium,
2885 5558 3006 5612 qua
3031 5540 3280 5597 celebris
3308 5546 3510 5612 agitur
3545 5547 3613 5603 in
3654 5551 3836 5607 omni-

2159 5627 2271 5682 bus
2313 5628 2545 5683 saaculis
2585 5632 2932 5683 sanctorum
2983 5630 3281 5700 Germani,
3335 5634 3605 5706 Remigii
3665 5647 3832 5712 atque

2159 5715 2394 5772 Vedasti
2443 5717 2788 5776 solemnitas
2867 5717 3299 5775 confessorum.
3382 5722 3546 5779 Sane
3621 5743 3834 5800 pecea-
