4696 6412
511 346 593 399 l93
1796 353 1988 408 ACTA.
2028 381 2101 395 —
2134 351 2438 409 ADDITAM
2448 350 2701 408 ENTUM.

3886 362 3987 417 194

507 484 583 523 cor
624 485 800 524 meum
847 472 907 523 in
951 469 1127 525 medio
1170 473 1291 538 mei,
1351 476 1779 527 contremuerunt
1826 477 2007 529 omnia
2060 491 2181 530 ossa
2217 477 2257 529 A
2296 489 2484 527 sermo
2504 473 2573 527 de
2604 488 2670 527 ea
2700 472 2883 526 fuerat
2914 472 3170 541 auditus;
3215 477 3272 527 et
3301 491 3499 530 omnes
3539 476 3781 533 invicem
3813 496 3986 549 super

505 573 626 610 mea.
661 559 775 611 Hoc
812 558 1050 627 angelus
1102 558 1198 612 ille
1236 559 1454 626 videns,
1518 562 1771 614 modeste
1824 562 2012 615 femur
2067 563 2192 631 ejus

504 644 681 713 tetigit
710 651 766 698 et
805 646 996 710 inquit
1030 662 1042 699 :
1077 648 1155 701 Ne
1208 648 1415 713 timeas,
1466 642 1623 701 electa
1652 651 1766 713 Dei,
1827 664 1987 717 surge
2046 652 2188 703 velo-

505 734 644 791 citer.
676 734 895 797 signum
926 735 1081 801 pacis
1129 733 1389 787 divinitus
1442 735 1543 788 tibi
1591 738 1969 789 transmissum
2016 740 2187 791 susci-

502 820 645 886 piens
702 820 981 873 alacriter.
1044 821 1335 890 Extemplo
1362 820 1550 874 femur
1598 823 1723 891 ejus
1779 824 2076 891 emarcuit,
2136 828 2192 877 et

505 904 702 959 exinde
750 907 909 959 omni
957 912 1222 977 tempore
1269 908 1381 961 vite
1437 909 1793 963 claudicavit.
1829 910 2047 964 Similis
2085 926 2189 980 per

502 994 690 1046 omnia
729 999 967 1047 eventus
995 995 1065 1048 de
1099 995 1265 1049 beato
1295 996 1466 1049 Jacob
1516 996 1747 1065 legitur,
1793 1001 1953 1067 cujus
2003 998 2191 1051 femur

504 1081 566 1134 ad
615 1086 836 1135 tactum
892 1083 1082 1151 angeli
1132 1098 1326 1136 secum
1369 1084 1633 1137 luctantis
1688 1086 1967 1138 emarcuit
2026 1086 2185 1155 (Gen.

500 1184 659 1233 xxxu,
719 1171 828 1238 3'2).
864 1171 975 1223 Hec
1003 1170 1260 1239 quidem,
1293 1175 1354 1224 ut
1380 1187 1578 1225 verum
1610 1172 1808 1237 fatear,
1840 1173 1899 1225 in
1929 1173 2189 1242 Scriptu-

502 1255 573 1307 ris
609 1271 732 1307 non
759 1256 974 1321 inveni,
1003 1258 1096 1310 sed
1133 1258 1314 1310 relatu
1344 1258 1630 1312 veracium
1682 1266 1738 1313 et
1776 1259 2187 1313 venerabilium

500 1343 777 1403 virorum,
809 1345 914 1397 hec
936 1360 1067 1398 vera
1093 1360 1237 1411 esse,
1270 1345 1329 1398 in
1349 1346 1586 1399 veritate
1614 1346 1888 1415 comperi.
1916 1346 2188 1416 Equidem

499 1436 805 1500 prapotens
857 1433 1232 1486 cancellarius
1314 1439 1372 1487 et
1427 1433 1724 1503 episcopus
1772 1434 2189 1503 Herbipolensis

500 1517 798 1571 Cunradus
860 1519 1116 1583 nomine,
1168 1520 1268 1590 qui
1320 1521 1775 1589 persecutionem
1861 1538 2059 1591 passus
2102 1526 2189 1574 est

498 1607 1052 1676 propterjusticiam,
1098 1608 1203 1660 hec
1234 1625 1346 1678 que
1380 1609 1528 1661 dicta
1567 1614 1701 1661 sunt
1730 1625 1789 1662 se
1822 1610 2024 1677 legisse
2054 1626 2185 1662 con-

499 1699 714 1745 stanter
768 1695 1096 1762 afﬁrmavit,
1124 1701 1181 1749 et
1220 1697 1277 1748 in
1328 1696 1559 1749 ecclesia
1592 1697 2047 1765 Bahenbergcnsi
2079 1713 2186 1766 po-

499 1780 634 1832 situs
667 1782 869 1833 multis
926 1781 1290 1835 audientibus
1331 1783 1631 1847 enarravit,
1684 1800 1749 1836 ex
1781 1784 1988 1853 quibus
2038 1800 2187 1837 unus

508 1866 642 1919 mihi
675 1868 981 1920 familiaris
1013 1874 1070 1921 et
1096 1869 1215 1938 ipse
1245 1869 1332 1922 vir
1360 1870 1528 1937 plane
1559 1870 1841 1923 veridicus
1871 1870 2012 1923 mihi
2042 1870 2187 1923 ﬁde-

500 1954 961 2019 literintimavit,
1011 1962 1067 2009 et
1113 1957 1335 2009 valente
1385 1973 1472 2009 me
1523 1958 1751 2010 silentio
1811 1956 2186 2027 supprimere,

499 2042 704 2095 obnixe
752 2043 982 2111 rogavit
1010 2049 1071 2096 ut
1130 2044 1457 2097 scriberem.
1492 2044 1742 2097 Tandem
1807 2061 1912 2114 ego
1943 2046 2188 2115 petentis

496 2130 767 2182 instantia
799 2137 857 2183 et
906 2130 1208 2183 sedulitate
1255 2132 1544 2184 monentis
1595 2132 1883 2197 inductus,
1938 2134 2186 2186 ﬁdeliter

494 2218 827 2287 conscripsi,
862 2224 1144 2288 quatenus
1173 2220 1276 2272 hec
1308 2225 1648 2273 enarrentur
1686 2220 1744 2273 in
1800 2222 2074 2291 progenie
2099 2221 2187 2274 al-

494 2310 627 2357 tera.
679 2305 907 2358 Mallem
936 2322 1180 2375 sompno
1234 2323 1359 2360 meo
1410 2307 1788 2376 requiescere,
1832 2325 2004 2378 quam
2057 2308 2186 2362 ﬁcta

490 2392 569 2444 vel
603 2392 817 2446 frivola
847 2394 916 2447 de
946 2394 1154 2447 sanctis
1187 2394 1284 2447 Dei
1314 2395 1693 2460 conscribere,
1725 2395 2023 2463 presertim
2055 2412 2185 2449 cum

488 2496 626 2550 cpus
658 2496 784 2534 non
818 2481 1067 2536 habeant
1087 2482 1242 2535 falsis
1268 2482 1533 2537 laudibus
1564 2483 1823 2549 exaltari,
1875 2484 1974 2553 qui
2004 2484 2184 2553 signis

485 2574 539 2619 et
587 2568 882 2638 prodigiis
933 2569 1207 2623 divinitus
1266 2586 1524 2623 meruere
1563 2571 1840 2625 decorari.
1902 2572 2014 2626 Hec
2074 2572 2183 2641 (67)

485 2655 827 2707 omittamus
860 2661 920 2708 et
952 2655 1024 2708 ad
1046 2656 1342 2709 historiam
1366 2656 1685 2710 redeamus.

549 2745 599 2795 3.
648 2742 901 2795 Predicti
932 2747 987 2796 et
1016 2758 1148 2812 sepe
1180 2744 1405 2797 dicendi
1426 2744 1623 2797 ﬁdeles
1653 2744 1859 2797 Christi
1882 2746 2182 2798 unanimes

482 2829 825 2883 habitabant
882 2830 942 2882 in
972 2847 1171 2900 regno,
1215 2832 1422 2900 quibus
1450 2837 1566 2885 erat
1626 2847 1715 2885 cor
1743 2847 1868 2886 num
1918 2837 1969 2886 et
1997 2834 2182 2885 anima

477 2932 603 2982 una,
664 2924 725 2971 et
765 2923 935 2971 erant
982 2918 1094 2971 duo
1128 2934 1241 2971 nou
1273 2918 1475 2972 tamin
1524 2934 1692 2972 carne
1738 2935 1851 2972 una
1898 2935 2071 2989 quam
2120 2921 2180 2973 in

2298 561 2406 614 hoc
2466 560 2612 614 facto
2677 560 3041 625 musitabant,
3099 561 3358 631 quisdam
3389 576 3554 632 super
3604 564 3707 617 hac
3750 566 3987 621 infamia

2298 646 2755 714 condolentibus,
2788 647 2915 700 aliis
2958 653 3150 701 autem
3183 665 3308 702 eam
3345 651 3594 720 maligne
3626 652 3979 708 rodentibus.

2299 738 2397 790 Ille
2426 751 2559 789 vero
2591 735 2953 788 milleartifex
2992 752 3107 789 non
3166 742 3463 791 contentus
3514 738 3619 791 hac
3674 738 3794 792 sola
3841 739 3981 805 vice,

2296 822 2560 893 sequenti
2589 822 2703 887 die,
2745 822 2843 875 sed
2874 828 2931 875 et
2960 824 3129 876 tertia
3155 825 3269 890 die,
3302 828 3481 878 multo
3514 825 3776 895 pluribus
3806 842 3978 896 quam

2295 912 2494 981 prima,
2526 910 2617 963 die
2672 910 3054 973 cernentibus,
3111 912 3179 964 de
3209 913 3460 966 thalamo
3509 919 3766 967 matrone
3810 914 3981 983 pudi-

2294 998 2515 1051 cissima
2542 1014 2600 1050 se
2640 998 2944 1050 simulabat
2969 998 3142 1064 exire,
3175 1004 3232 1052 et
3285 1001 3431 1053 miro
3475 1000 3644 1053 modo
3699 1002 3979 1071 presenti-

2295 1084 2402 1138 bus
2431 1084 2728 1138 videbatur
2775 1085 2930 1154 quod
2982 1101 3113 1139 eum
3143 1091 3541 1155 agnoscerent,
3594 1103 3725 1140 cum
3787 1093 3979 1141 tamen

2296 1173 2423 1243 quis
2447 1178 2593 1226 esset
2620 1172 2902 1242 ignorent,

2480 1276 2753 1339 Extemplo
2787 1276 2993 1340 patulas
3016 1277 3197 1340 populi
3227 1279 3463 1340 pervenit
3492 1277 3557 1326 ad
3581 1291 3735 1327 aures

2478 1347 2643 1395 Velox
2672 1347 2829 1405 fama,
2860 1347 3057 1395 malum
3094 1360 3198 1409 qua
3220 1361 3328 1395 non
3361 1348 3594 1397 velocius
3624 1347 3811 1396 ullum.

3125 1418 3271 1466 Vino.
3305 1418 3420 1466 Ain.
3452 1432 3522 1475 1v,
3548 1420 3655 1476 174,
3684 1421 3792 1467 176.

2297 1522 2507 1576 Exinde
2555 1522 2661 1575 viri
2717 1538 2844 1576 cum
2876 1523 3234 1589 mulieribus,
3262 1539 3426 1577 senes
3453 1539 3583 1577 cum
3631 1522 3977 1593 junioribus,

2294 1610 2485 1678 pusilli
2540 1626 2667 1662 cum
2702 1610 3012 1679 majoribus
3064 1610 3410 1680 imperatrici
3438 1612 3684 1680 gloriose
3709 1611 3979 1664 detrahe-

2298 1698 2464 1762 bant;
2494 1702 2549 1749 et
2578 1697 2721 1749 facta
2760 1703 2843 1750 est
2866 1696 3058 1750 fabula
3100 1698 3388 1764 omnibus,
3448 1697 3790 1767 quibusdam
3850 1699 3977 1769 qui-

2300 1782 2427 1835 dem
2454 1798 2556 1851 pro
2586 1798 2652 1835 ea
2710 1783 3078 1836 vehementer
3130 1784 3452 1838 dolentibus
3509 1790 3741 1855 propter
3790 1786 3976 1839 varias

2299 1869 2531 1923 virtutes
2585 1870 2727 1938 ejus,
2775 1871 3117 1940 quibusdam
3162 1887 3295 1924 vero
3344 1873 3592 1940 maligne
3627 1873 3977 1926 detrahenti-

2298 1957 2434 2022 bus;
2467 1962 2522 2010 et
2550 1973 2582 2009 a
2612 1958 2807 2010 multis
2836 1958 3209 2026 obprobrium
3262 1961 3531 2012 sustinuit
3572 1965 3629 2013 et
3677 1964 3979 2013 contume-

2298 2045 2458 2112 liam,
2509 2046 2717 2114 quibus
2772 2061 3087 2115 numquam
3148 2046 3271 2115 ipsa
3316 2047 3591 2101 intulerat
3632 2048 3971 2101 molestiam.

2298 2134 2428 2185 Erat
2456 2140 2646 2186 autem
2696 2149 2793 2185 cor
2846 2134 2969 2202 ejus
3014 2133 3228 2187 habens
3269 2134 3326 2186 in
3390 2134 3630 2187 Domino
3687 2135 3977 2202 fiduciam,

2296 2219 2432 2290 quia
2486 2236 2646 2273 suam
2697 2221 2909 2274 sciebat
2967 2220 3375 2275 innocentiam.
3461 2222 3708 2275 Previdit
3784 2227 3976 2277 tamen

2294 2305 2401 2359 sibi
2452 2321 2760 2375 gravamen
2787 2312 2843 2360 et
2867 2307 3120 2360 laborem
3146 2308 3469 2375 imminere,
3503 2313 3558 2362 et
3589 2309 3719 2361 licet
3742 2309 3979 2363 haberet

2295 2393 2625 2447 thesaurum
2668 2395 2817 2448 bone
2860 2395 3229 2463 conscientia,
3289 2402 3485 2449 tamen
3531 2412 3563 2449 a
3611 2396 3860 2450 lacrimis
3913 2415 3973 2451 se

2293 2497 2409 2535 non
2441 2486 2665 2551 poterat
2701 2482 3018 2548 abstinere;
3072 2483 3162 2535 cui
3213 2483 3349 2536 boni
3401 2484 3636 2553 quique,
3670 2488 3731 2537 ut
3761 2485 3977 2539 dictum

2293 2575 2394 2635 est,
2445 2568 2805 2631 condoluere,
2856 2569 3111 2622 malivoli
3162 2586 3293 2622 vero
3351 2574 3407 2623 et
3465 2570 3709 2623 maxime
3761 2571 3974 2625 nefarie

2293 2656 2647 2723 muliercula,
2692 2656 2853 2724 quasi
2880 2672 3011 2708 suas
3055 2656 3341 2726 nequitias
3363 2672 3465 2725 per
3515 2672 3640 2710 eam
3665 2657 3974 2723 obtectare,

2292 2742 2668 2796 detrahebant
2706 2744 2758 2795 ei
2820 2742 3071 2796 dicentes
3136 2759 3149 2795 :
3209 2745 3357 2809 Ecce,
3421 2749 3625 2810 quanta
3681 2746 3978 2798 calliditate

2291 2830 2542 2884 hactenus
2592 2830 2691 2883 hac
2736 2834 2911 2898 specie
2966 2832 3315 2884 sanctimonie
3368 2846 3521 2884 suam
3586 2832 3977 2899 turpitudinem

2285 2918 2561 2985 palliavit.
2620 2917 2713 2970 His
2744 2922 2802 2971 et
2866 2917 3189 2987 hujusmodi
3272 2919 3633 2972 contumeliis
3685 2919 3977 2973 innocenti

478 3018 588 3056 uno
623 3005 864 3074 spiritu.
905 3006 1037 3059 Erat
1090 3006 1246 3059 enim
1277 3006 1491 3060 eisdem
1550 3007 1703 3060 idem
1741 3007 1886 3059 velle
1916 3012 1974 3060 et
2025 3007 2175 3061 idem
2209 3021 2248 3074 ο
2291 3004 2735 3067 detrahentibus,
2769 3020 2907 3057 aura
2956 3003 3173 3057 sinistri
3206 3006 3452 3059 rumoris
3517 3022 3683 3060 aures
3726 3005 3974 3076 impera-

474 3092 646 3155 nolle,
680 3093 834 3145 adeo
866 3097 931 3146 ut
979 3093 1250 3164 quicquid
1318 3095 1590 3147 alteruter
1636 3094 1975 3161 inchoasset,
2036 3095 2178 3148 altre

475 3177 577 3231 hoc
635 3180 841 3250 ipsum
899 3180 1181 3249 sagaciter
1235 3197 1631 3234 consummare
1695 3186 2013 3250 satageret;
2075 3199 2178 3252 par

470 3268 621 3322 enim
660 3270 946 3322 voluntas
1002 3274 1126 3322 erat
1157 3268 1238 3322 eis
1284 3269 1350 3322 ad
1383 3285 1552 3323 omne
1583 3269 1737 3339 quod
1783 3273 1903 3322 erat
1930 3270 2174 3339 virtutis,

470 3356 621 3423 quod
698 3356 960 3426 pietatis,
1022 3356 1173 3425 quod
1236 3356 1552 3425 religionis.
1603 3357 1881 3426 Quicquid
1949 3362 2177 3411 acturus

468 3448 587 3496 erat
616 3443 972 3513 imperator,
1008 3444 1211 3498 dilecte
1272 3460 1373 3497 sue
1411 3444 1649 3497 consilio
1678 3444 2089 3510 committebat,
2123 3450 2178 3499 et

465 3532 747 3601 quicquid
801 3536 1006 3605 egerat
1058 3532 1181 3601 ejus
1239 3531 1600 3585 conniventia
1628 3532 2023 3586 conﬁrmabat.
2064 3534 2173 3586 Ita-

461 3634 566 3685 que
597 3636 735 3673 cum
777 3636 846 3673 se
879 3625 998 3673 tam
1029 3626 1226 3673 tenere
1259 3624 1460 3673 mutuo
1509 3618 1818 3688 diligerent
1874 3623 1930 3672 et
1975 3624 2170 3674 tamen

459 3708 811 3776 virginalem
902 3707 1319 3761 continentiam
1400 3712 1820 3772 conservarent,
1901 3707 2172 3778 spiritalis

456 3797 650 3848 eorum
685 3795 941 3849 dilectio
963 3795 1067 3848 soli
1101 3796 1216 3849 Deo
1264 3794 1512 3864 cognita,
1541 3796 1637 3848 sed
1670 3795 2003 3849 hominibus
2028 3812 2171 3866 pene

457 3881 758 3954 incognita
783 3890 938 3937 erat.
976 3884 1277 3938 Enimvero
1328 3883 1555 3936 invidus
1595 3883 1854 3937 omnium
1884 3882 2168 3937 honorum

454 3968 713 4026 diabolus
776 3988 994 4026 eorum
1025 3971 1419 4025 castimoniam
1452 3971 1833 4036 considerans,
1866 3971 2071 4025 invidit
2117 3980 2172 4026 et

450 4058 803 4125 tabescebat,
843 4065 909 4113 et
939 4060 1086 4113 sicut
1133 4060 1293 4113 faber
1321 4059 1593 4113 ferrarius
1621 4074 1835 4128 prunas
1866 4059 2025 4128 operi
2067 4075 2169 4113 suo

452 4148 809 4202 necessarias
845 4148 1038 4217 magis
1069 4154 1127 4201 et
1159 4147 1342 4217 magis
1382 4149 1524 4201 solet
1573 4146 1934 4211 succendere,
1968 4147 2046 4199 sic
2098 4148 2168 4201 ad

449 4234 750 4290 libidinem
774 4251 999 4290 eorum
1010 4241 1164 4289 casta
1185 4240 1412 4305 pectora
1433 4251 1534 4288 sua
1555 4234 1919 4304 suggestione
1932 4233 2168 4288 Satanas

447 4323 743 4393 satagebat
764 4324 1170 4377 inﬂammare.
1195 4324 1338 4377 Cum
1363 4328 1554 4376 autem
1579 4322 1684 4374 hac
1702 4326 1818 4375 arte
1842 4321 2014 4375 nichil
2036 4338 2169 4391 pro-

444 4408 630 4464 liceret
668 4413 772 4465 ille
831 4410 1231 4477 milleartifex,
1274 4426 1420 4480 quos
1450 4410 1520 4463 ad
1552 4408 1902 4479 peccandum
1956 4409 2169 4478 impel-

443 4495 549 4549 lere
577 4515 698 4553 non
740 4504 1012 4570 poterat,
1055 4498 1164 4551 alia
1193 4497 1500 4552 calliditate
1533 4496 1845 4550 conabatur
1894 4497 2169 4565 supplan-

443 4589 575 4639 tare.
630 4589 855 4657 Itaque
909 4585 1285 4655 permittente
1342 4586 1478 4646 Deo,
1540 4584 1639 4654 qui
1694 4600 1828 4637 suos
1887 4583 2167 4653 permittit

438 4674 667 4739 probari
726 4673 1258 4744 temptationibus,
1302 4688 1419 4726 non
1451 4672 1765 4741 reprobari,
1820 4671 2012 4724 beatos
2042 4688 2165 4725 con-

429 4760 609 4829 juges,
644 4763 752 4816 sed
810 4760 1089 4829 virgines
1144 4760 1250 4813 hac
1297 4766 1418 4813 arte
1477 4759 1715 4812 molitus
1746 4764 1830 4812 est
1859 4758 2158 4812 infamare.

434 4846 683 4907 Quadam
736 4850 841 4903 die
909 4848 980 4901 in
1012 4852 1136 4901 ortu
1198 4847 1481 4916 surgentis
1531 4862 1758 4910 aurore,
1820 4861 1947 4898 cum
1998 4847 2165 4899 beata

436 4934 810 5007 Cunegundis
842 4937 924 4991 de
962 4935 1134 4988 thoro
1167 4938 1427 5004 surgeret
1455 4933 1842 4997 immaculato,
1871 4931 1966 4985 ille
2006 4931 2161 4985 calli-

435 5022 695 5079 dissimus
726 5028 1061 5092 assumpta
1106 5022 1295 5075 forma
1326 5021 1521 5074 militis
1550 5021 1620 5074 de
1671 5019 1934 5073 cubiculo
1963 5018 2161 5087 regine

438 5111 575 5166 visus
626 5118 715 5168 est
776 5115 993 5175 exire;
1039 5125 1215 5180 quem
1264 5113 1559 5178 presentes
1604 5106 1982 5177 imperatricis
2034 5122 2159 5158 ver-

436 5200 557 5253 nule
594 5207 924 5256 cernentes
947 5203 1012 5251 et
1040 5212 1175 5250 eum
1199 5212 1329 5249 cum
1355 5196 1521 5249 beata
1546 5194 1895 5263 Cunegunde
1923 5193 2159 5246 cubasse

437 5289 805 5358 suspicantes,
854 5284 1267 5348 mirabantur,
1299 5282 1435 5352 quia
1480 5296 1798 5351 numquam
1829 5278 2158 5350 hujusmodi

496 5411 605 5483 (67)
649 5413 789 5465 Hec
820 5411 1063 5484 datam
1095 5403 1347 5484 glorioso
1377 5404 1652 5484 miraculo
1680 5402 1827 5483 dicta
1843 5401 2153 5484 sufﬁciant:

440 5474 850 5539 Et‘in'evidens
898 5474 1281 5547 hujus'signi
1312 5474 1928 5547 testimonium__ips_ius
1976 5474 2157 5547 sancti

442 5553 642 5607 Henrici
679 5556 890 5621 imago
963 5541 1106 5600 a'nte
1134 5541 1374 5613 ja’nuam
1407 5541 1741 5597 monasterii
1780 5541 1848 5595 ad
1891 5542 2153 5595 dextrum

2286 3091 2426 3143 toris
2455 3091 2649 3160 procul
2678 3090 2846 3160 positi
2874 3091 3189 3160 percalluit,
3220 3092 3379 3161 cujus
3418 3092 3588 3146 etiam
3617 3109 3713 3147 cor
3753 3093 3812 3146 in
3843 3094 3971 3163 ipso

2284 3178 2645 3242 contremuit,
2678 3182 2732 3231 et
2761 3178 2935 3232 tristis
2968 3178 3212 3231 nimium
3233 3179 3421 3250 inquit
3454 3196 3466 3233 :
3501 3181 3681 3246 Absit,
3710 3183 3955 3249 inquam,

2284 3267 2429 3319 absit
2449 3267 2540 3320 hec
2570 3268 2839 3333 iniquitas
2877 3282 2913 3319 a
2947 3267 3185 3335 conjuge
3212 3283 3330 3321 mea
3386 3268 3765 3333 ditectissima;
3788 3269 3969 3339 siqui-

2283 3354 2415 3407 dem
2448 3353 2623 3407 nichil
2673 3354 2971 3408 sinistrum
3019 3356 3087 3408 de
3120 3355 3328 3411 dilecta
3379 3355 3487 3408 sibi
3544 3356 3967 3426 suspicabatur,

2283 3442 2419 3512 quia
2448 3448 2567 3495 tam
2597 3442 2846 3496 sobriam
2878 3447 2935 3495 et
2961 3447 3078 3496 tam
3108 3442 3375 3512 pudicam
3405 3442 3680 3496 feminam
3707 3458 3765 3519 se
3792 3459 3961 3497 num-

2280 3546 2455 3601 quam
2486 3529 2817 3600 cognovisse
2846 3530 3148 3584 fatebatur.
3195 3531 3446 3584 Tandem
3479 3530 3607 3583 aliis
3636 3536 3806 3600 atque
3838 3532 3966 3585 aliis

2280 3620 2525 3672 eundem
2544 3632 2865 3671 sermonem
2887 3617 3381 3681 conﬁrmantibus,
3410 3617 3529 3687 ipse
3553 3617 3829 3671 nimirum
3853 3635 3970 3672 cre-

2279 3705 2466 3771 dulus,
2490 3709 2668 3759 tactus
2697 3709 2779 3758 est
2804 3704 2996 3758 dolore
3018 3705 3201 3758 cordis
3225 3704 3586 3771 intrinsecus,
3615 3710 3670 3758 et
3694 3706 3892 3758 statuit
3908 3706 3967 3759 in

2278 3793 2445 3847 corde
2474 3809 2575 3847 suo
2609 3798 2689 3857 ut,
2717 3792 3086 3862 quoadusque
3117 3792 3349 3857 viveret,
3380 3807 3695 3861 numquam
3728 3793 3965 3846 ulterius

2277 3897 2400 3934 eam
2431 3880 2667 3935 videret.
2690 3881 2909 3933 Interea
2928 3879 3196 3949 negociis,
3229 3896 3330 3949 pro
3356 3879 3564 3950 quibus
3590 3881 3821 3946 exierat,
3857 3880 3964 3934 im-

2275 3974 2505 4038 perator
2542 3967 2685 4021 bene
2716 3966 3023 4037 dispositis,
3085 3966 3416 4035 Babenberg
3468 3970 3551 4019 est
3614 3982 3871 4019 reversus
3907 3967 3965 4019 in

2276 4062 2468 4110 mente
2497 4055 2750 4126 lugubri,
2772 4060 2829 4109 et
2857 4054 3158 4125 conjugem
3189 4055 3326 4108 olim
3358 4054 3465 4107 sibi
3492 4053 3755 4108 dilectam
3808 4069 3964 4107 more

2276 4143 2441 4198 solito
2454 4144 2699 4198 salutare
2720 4143 2992 4214 neglexit.
3019 4144 3211 4213 Itaque
3241 4142 3493 4211 prudens
3516 4141 3849 4211 imperatrix
3871 4157 3964 4210 pa-

2280 4236 2465 4285 tenter
2476 4231 2756 4286 intellexit
2776 4231 2927 4300 apud
2945 4231 3277 4284 auresillius
3290 4246 3412 4283 sese
3436 4228 3783 4283 difi‘amatam
3809 4245 3954 4293 esse;

2283 4326 2633 4390 quapropter
2666 4318 2859 4372 anima
2880 4320 3003 4388 ejus
3030 4319 3258 4371 turbata
3277 4322 3363 4371 est
3375 4317 3558 4384 valde,
3582 4320 3639 4370 et
3665 4317 3963 4369 vulnerata

2281 4409 2515 4461 caritate
2574 4408 2840 4461 dilectum
2866 4421 3057 4471 suum,
3122 4406 3383 4475 quamvis
3442 4405 3563 4457 sine
3630 4419 3799 4458 causa
3856 4404 3963 4457 sibi

2281 4495 2587 4561 offensum,
2618 4493 2841 4548 ardenti
2894 4492 3175 4545 desiderio
3204 4492 3394 4545 videre
3424 4491 3803 4544 desiderabat.
3848 4490 3961 4560 Igi-

2278 4587 2373 4636 tur
2427 4586 2649 4652 captata
2698 4578 3147 4650 opportunitate,
3181 4579 3413 4631 accessit
3474 4578 3542 4631 ad
3597 4594 3729 4631 eum
3790 4579 3959 4649 plena

2278 4668 2510 4722 caritate
2561 4673 2616 4721 et
2700 4665 3025 4730 dilectione,
3077 4681 3248 4734 quem
3306 4665 3478 4717 etiam
3550 4664 3960 4735 benignissime

2278 4756 2526 4824 suscepit
2567 4760 2623 4808 et
2660 4752 3125 4807 affectuosissime
3184 4753 3472 4806 salutavit.
3514 4753 3611 4806 Ille
3658 4769 3791 4807 vero
3832 4769 3956 4806 eam

2278 4858 2395 4896 non
2425 4842 2735 4895 resalutare
2782 4839 3145 4909 dignabatur,
3179 4856 3282 4893 nec
3308 4842 3505 4894 saltem
3537 4840 3843 4911 respicere.
3888 4842 3960 4895 At

2277 4930 2375 4983 illa
2405 4928 2703 4982 mitissima
2735 4928 3015 4981 olfeusum
3073 4927 3180 4981 sibi
3230 4927 3454 4996 placare
3511 4929 3766 4999 cupiens,
3820 4929 3960 4983 dixit

2274 5033 2409 5070 voce
2461 5013 2846 5070 lacrimabili:
2892 5016 3118 5068 Domine
3172 5018 3249 5068 mi
3311 5015 3829 5082 desiderantissime,
3856 5031 3951 5069 cur

2274 5107 2408 5159 mihi
2431 5120 2536 5159 non
2555 5106 2829 5172 loqueris?
2857 5109 2918 5157 ut
2949 5103 3084 5170 quid
3110 5106 3311 5157 avertis
3339 5105 3537 5170 faciem
3569 5110 3717 5157 tuam
3755 5121 3789 5157 a
3828 5118 3910 5156 me
3928 5103 3956 5157 ?

2274 5193 2373 5246 Ille
2398 5191 2642 5246 demisso
2668 5192 2826 5245 vultu
2867 5191 3205 5260 respondit:
3254 5193 3373 5246 Non
3412 5196 3618 5260 oportet
3666 5207 3747 5244 me
3795 5205 3957 5257 super

2274 5281 2373 5332 hac
2394 5294 2451 5332 re
2481 5278 2798 5348 respondere
2826 5278 2930 5332 tibi
2952 5296 2968 5344 ;
2996 5293 3209 5331 recurre
3237 5277 3311 5330 ad
3352 5279 3729 5331 conscientiam
3783 5281 3952 5340 tuam,

2271 5401 2420 5455 latus
2454 5416 2627 5470 penes
2662 5399 2895 5453 chorum
2923 5399 3101 5453 sancti
3124 5398 3349 5467 Georgii
3376 5412 3646 5470 ex........_
3667 5397 3804 5466 pillo
3834 5412 3951 5470 uno

2271 5467 2566 5540 supposito
2599 5486 2668 5523 ex
2696 5470 2957 5540 opposito
2990 5469 3306 5537 imaginum
3355 5467 3486 5518 Adae
3525 5471 3582 5519 et
3610 5467 3737 5520 Eva:
3768 5467 3952 5520 lucide

2270 5544 2526 5610 apparet.
2561 5540 2752 5592 ﬂans.
