3892 6392
69 280 195 336 929
1690 281 1885 342 VITA.
3185 341 3189 345 .
3395 307 3504 361 930

6 426 14 463 ι
68 403 156 458 tis
186 403 572 459 existentibus
620 406 750 479 ipsa
781 408 1026 464 ecclesia
1072 415 1207 481 post
1234 411 1473 481 ignibus
1504 412 1738 477 adusat,
1772 414 1819 467 Α
1849 411 2098 467 noribus
2127 417 2321 472 saeculi
2351 434 2490 475 eum
2519 420 2827 477 honorans
2852 422 3119 478 attribuit
3141 424 3224 480 illi
3246 425 3505 485 honores

6 520 11 553 ι
68 492 304 547 iterum
355 510 389 548 a
438 511 532 549 me
582 496 820 567 misero,
856 498 1221 555 auxiliatrice
1267 518 1455 557 manu
1510 500 1740 557 Domini
1849 517 1971 556 non
2002 502 2307 577 minimos,
2339 508 2647 566 abbatiam
2694 514 2747 568 S.
2776 512 3093 580 Benedicti,
3122 530 3257 586 qua:
3286 521 3377 572 est
3405 534 3504 574 ca-

6 608 11 641 ,
65 588 390 653 operante,
419 590 637 639 sanctae
666 586 853 641 Mariae
876 590 1083 643 matris
1108 590 1363 660 Domini,
1386 591 1566 646 Patris
1594 607 1740 663 quo-

62 688 199 743 que
229 672 523 727 Benedicti
554 678 608 729 et
633 676 984 732 eorumdem
1036 684 1380 735 sanctorum
1410 679 1743 751 adjuvanti-

60 760 195 815 bus
244 761 486 829 meritis,
530 779 665 835 quae
703 768 827 819 erat
878 765 1076 835 lignea
1128 768 1283 824 facta
1342 774 1429 824 est
1481 769 1737 842 lapidea,

60 864 269 919 quam
300 866 535 919 magnae
564 851 848 907 bonitatis
882 853 1182 922 gloriosus
1223 857 1540 929 episcopus
1568 857 1740 913 Odol-

59 938 238 993 ricus
287 956 416 1006 sua,
462 956 581 995 non
621 941 883 1008 alterius,
923 948 987 998 ut
1038 945 1224 1015 prius,
1270 963 1457 1002 manu
1491 946 1739 1022 Domino

63 1030 199 1082 Deo
244 1033 299 1083 et
351 1028 473 1083 suis
527 1032 747 1087 sanctis
777 1032 1039 1088 dedicari
1069 1039 1125 1089 et
1173 1036 1507 1092 consecrari
1537 1037 1732 1092 voluit.

61 1117 237 1172 Fecit
267 1123 329 1172 ut
361 1118 612 1175 decebat
665 1121 841 1176 talem
872 1122 1086 1178 virum.
1119 1125 1349 1197 Quippe
1381 1126 1483 1198 qui
1516 1126 1599 1181 sic
1643 1143 1737 1181 me

58 1207 334 1279 protexit
359 1224 563 1264 amore
591 1210 757 1265 omni
786 1228 908 1283 quo
932 1212 1155 1269 advixit
1180 1218 1470 1286 tempore,
1490 1231 1739 1287 operan-

59 1302 123 1353 te
156 1297 257 1352 Dei
290 1298 523 1364 virtute,
546 1304 609 1354 ut
630 1300 691 1355 in
712 1301 804 1355 his
831 1319 1208 1375 quiscunque
1240 1304 1399 1360 volui
1420 1321 1737 1378 nunquam

57 1387 205 1457 ejus
235 1386 549 1443 habuerim
580 1389 758 1457 nolle,
793 1391 899 1445 sed
928 1408 1163 1464 semper
1200 1394 1364 1466 quod
1418 1399 1505 1450 est
1552 1395 1735 1451 hone-

58 1480 235 1530 stum
255 1480 312 1531 et
338 1477 494 1532 utile.
524 1480 934 1536 Hiereditatem
963 1488 1310 1539 sanctorum
1332 1484 1734 1555 sacerdotum,

54 1582 260 1638 quam
288 1582 524 1637 semper
552 1567 647 1623 hic
675 1570 953 1627 sacerdos
977 1570 1236 1644 inclytus
1257 1573 1483 1629 honore
1504 1575 1735 1645 pontiﬁ-

57 1660 242 1709 catus
294 1658 579 1728 consequi
634 1659 1036 1728 desiderabat,
1076 1664 1234 1718 hanc
1292 1680 1636 1736 quaesumus
1684 1665 1735 1720 ei

1848 597 1957 663 put
1986 594 2161 649 totius
2192 597 2419 653 ordinis
2473 601 2788 657 monastici
2830 607 2886 656 et
2914 602 3330 675 episcopatum
3359 606 3507 663 Bitu-

1847 681 2139 739 ricensem
2170 688 2357 743 sancti
2387 691 2843 763 protomartyris
2874 692 3176 763 Stephani,
3208 694 3506 768 principa-

1848 778 1976 828 tum
2006 777 2256 832 tenentis
2286 779 2462 834 totius
2495 781 2847 853 Aquitaniae,
2876 783 2977 853 qui
3008 782 3117 838 fuit
3166 789 3222 839 et
3272 789 3364 841 est
3401 787 3507 843 ho-

1846 877 1959 917 nor
2009 869 2064 918 et
2112 864 2294 921 decus
2343 870 2620 925 Franciaa.
2672 874 2736 925 In
2773 870 2994 943 quibus
3050 889 3186 945 quae
3235 874 3506 945 peccavit

1847 968 1990 1007 vera
2020 953 2276 1012 charitas
2320 963 2375 1014 et
2423 958 2826 1031 eleemosyna,
2860 977 2994 1033 quae
3020 961 3079 1016 in
3119 978 3256 1017 eum
3289 964 3503 1020 ﬂorue-

1846 1046 1985 1097 runt
2029 1043 2236 1100 virtute
2283 1062 2525 1117 magna,
2582 1055 2882 1121 perpetuae
2940 1050 3175 1106 tradent
3218 1052 3504 1109 oblivioni

1845 1132 2075 1189 actione
2135 1134 2317 1190 felicis
2368 1136 2534 1200 boni,
2568 1138 2734 1210 quod
2783 1139 2996 1195 habuit
3050 1141 3504 1213 participatione

1845 1222 2064 1276 summi
2094 1222 2255 1279 boni.
2290 1225 2353 1279 In
2374 1225 2586 1281 diebus
2612 1226 2837 1300 quippe
2867 1230 3333 1300 Septuagesimee
3362 1231 3502 1287 resi-

1843 1310 1991 1365 dens
2015 1328 2118 1367 rex
2138 1312 2378 1369 illustris
2414 1316 2670 1371 Parisius
2705 1316 2937 1373 civitate
2968 1318 3128 1373 misit
3148 1318 3226 1374 ad
3247 1335 3387 1375 eum
3404 1320 3502 1376 ab-

1842 1399 1951 1455 bas
1982 1400 2221 1455 humilis
2251 1418 2323 1457 ex
2354 1419 2519 1459 more
2550 1420 2658 1475 pro
2689 1405 3072 1461 sacratissimi
3093 1406 3207 1462 loci
3231 1407 3497 1464 utilitate.

1845 1488 1954 1553 Qui
1981 1490 2145 1545 missi
2170 1497 2340 1548 erant
2358 1492 2451 1547 his
2483 1495 2739 1565 propriis
2762 1494 3223 1566 appellabantur
3244 1496 3499 1552 nomini-

1841 1577 1991 1633 bus:
2027 1578 2331 1635 Albericus
2380 1598 2534 1636 unus
2564 1583 2878 1639 sacerdotii
2927 1583 3115 1652 gloria
3158 1584 3495 1653 decoratus,

1842 1665 2128 1735 largiﬂuaa
2178 1668 2477 1725 charitatis
2510 1669 2634 1735 vir;
2684 1671 2776 1725 cui
2832 1672 3151 1741 adjunctus
3190 1672 3290 1728 Dei
3332 1672 3495 1729 dono

58 1744 332 1799 tribuere
363 1745 640 1813 dignetur
662 1750 924 1805 Pontifex
956 1768 1252 1819 summus,
1284 1754 1435 1809 Deus
1456 1760 1513 1809 et
1542 1754 1735 1810 Domi-
1769 1774 1809 1828 Β
1842 1760 1897 1810 et
1944 1756 2425 1813 excellentissimi
2464 1760 2650 1832 patris
2706 1760 2969 1815 Gauzlini
3020 1760 3288 1832 imperio,
3320 1761 3500 1818 frater

56 1850 188 1888 nus
220 1840 420 1890 noster
446 1836 621 1891 Jesus
653 1839 934 1894 Christus.
957 1842 1141 1912 Hujus
1168 1848 1418 1915 peccata
1446 1845 1731 1911 destruat,

57 1922 395 1979 collocetin
423 1925 781 1994 ccelestibus,
806 1928 1023 1999 jungat
1053 1932 1343 1988 caelorum
1374 1934 1601 1989 civibus
1634 1938 1733 1990 He-

56 2014 349 2085 demptor
374 2020 431 2069 et
457 2016 756 2089 Conditor,
784 2024 840 2073 et
870 2025 1215 2077 sanctarum
1247 2023 1589 2080 animarum
1620 2025 1729 2080 mi-

57 2102 335 2158 tissimus
379 2104 679 2161 liberator.
717 2111 1002 2164 lntrantes
1056 2111 1210 2166 hanc
1242 2113 1553 2168 ecclesiam
1607 2130 1731 2186 prae

56 2192 260 2247 oculis
310 2194 535 2249 habent
575 2196 943 2269 subscriptos
991 2200 1330 2271 versiculos,
1374 2202 1732 2259 memoriam

56 2281 261 2337 sancti
290 2283 553 2356 Dionysii
585 2290 642 2340 et
670 2285 908 2342 factoris
938 2287 1052 2343 loci
1084 2290 1425 2358 retinentes,
1458 2309 1612 2365 quos
1642 2292 1729 2347 bi-

56 2372 159 2425 nis
205 2372 476 2444 partibus
533 2374 756 2431 divisos
812 2384 1148 2447 agnoscunt
1200 2380 1429 2449 altaria,
1469 2398 1728 2454 quorum

58 2466 209 2516 sunt
239 2462 465 2518 honore
494 2469 746 2520 sacrata.
782 2465 873 2520 Ad
914 2468 1213 2524 sinistram
1267 2475 1498 2542 partem
1529 2470 1729 2527 altaris

59 2548 260 2604 sancti
293 2550 554 2622 Dionysii
584 2552 643 2606 hi
672 2559 848 2609 sunt:

55 2657 191 2712 Ista
226 2657 539 2727 Dionysius
568 2666 953 2728 penetrantes
985 2664 1195 2719 limina
1223 2671 1485 2735 sanctus,

136 2746 389 2801 Auxilio
422 2754 627 2803 sancto
657 2752 948 2807 consociet
978 2753 1248 2808 Domino.

60 2836 251 2903 Quem
268 2837 604 2909 quicunque
618 2839 773 2907 petis
794 2841 1109 2896 Dominum
1131 2842 1376 2910 deposce
1398 2847 1723 2914 tonantem,

139 2930 445 2991 Quatenus
474 2928 858 2996 Helgaudum
885 2936 1077 2985 servet
1098 2945 1300 2985 amore
1323 2947 1517 2988 suum.

62 3016 260 3084 Cujus
290 3029 460 3069 amor
495 3016 736 3071 Christo
765 3020 849 3073 sic
869 3020 953 3073 sic
976 3020 1310 3076 venerabile
1335 3023 1618 3090 templum

139 3102 495 3159 Construxit
514 3107 764 3161 Domino
796 3114 974 3177 atque
994 3110 1297 3178 Dionysio.

60 3213 212 3264 Item
239 3209 316 3264 ad
346 3210 653 3267 dexteram
681 3229 692 3266 :

56 3317 171 3371 Est
206 3317 412 3372 domus
446 3319 561 3373 ista
590 3320 709 3374 Deo
740 3321 867 3376 sine
890 3322 1011 3390 ﬁne
1039 3322 1239 3378 dicata
1268 3339 1547 3393 superno,

134 3407 444 3476 Helgaudi
464 3409 660 3463 studio
687 3412 1046 3482 consilioque
1069 3412 1223 3467 boni.

60 3497 227 3551 Hinc
252 3497 624 3563 paradisiaci
644 3500 1146 3569 pulsatwrjanua
1176 3503 1389 3571 regni:

134 3586 298 3640 Hinc
322 3587 425 3654 pia
441 3588 611 3655 plebs
642 3589 890 3643 Domino
922 3589 1255 3657 conjubilat
1283 3606 1516 3658 supero.

60 3677 372 3730 latrantes
394 3679 627 3744 pariter
649 3677 923 3732 Christus
956 3684 1255 3733 conservet
1282 3680 1471 3734 Jesus.

61 3765 281 3835 Dicite,
311 3768 530 3835 cuncti,
554 3780 691 3820 voce
717 3766 888 3833 fideli
904 3782 1074 3821 omne
1092 3782 1206 3834 per
1230 3782 1421 3822 sevum
1447 3786 1459 3821 :

64 3870 159 3926 Sic
192 3870 322 3925 ﬁat:
356 3877 559 3938 Amen,
590 3887 788 3938 amen,
823 3887 1021 3926 amen.

137 3980 330 4049 Hujus
384 3985 536 4035 certe
584 3980 971 4052 temporibus,
1010 3981 1181 4051 cujus
1234 3980 1553 4051 adjuvante
1607 3986 1724 4038 Deo

59 4070 223 4125 facta
254 4068 668 4135 describimus,
698 4068 860 4124 fulsit
886 4069 946 4124 in
976 4070 1341 4126 monasterio
1376 4071 1725 4128 Floriacensi

57 4159 198 4214 loco
247 4156 463 4211 celebri
521 4157 871 4229 splendibus
919 4158 1148 4213 mundo
1190 4159 1504 4215 Gauzlinus
1535 4160 1725 4217 abbas

60 4247 296 4312 merito,
354 4246 573 4301 sanctis
638 4247 758 4302 Deo
829 4248 1182 4317 conjunctus
1238 4250 1545 4321 operibus,
1602 4250 1727 4323 pol-

58 4336 192 4390 lens
245 4334 488 4389 scientia
542 4334 789 4407 spiritali
839 4335 1016 4390 simul
1065 4342 1121 4391 et
1165 4337 1454 4394 humana.
1494 4342 1725 4394 Inerant

58 4426 194 4496 ejus
249 4424 411 4479 cordi
464 4424 687 4480 Abonis
728 4425 1000 4494 magistri
1052 4426 1268 4499 prolati
1312 4433 1529 4483 sancta
1578 4429 1722 4485 Scri-

58 4520 253 4587 pturaa
319 4513 497 4567 ﬂores
542 4514 707 4580 boni,
757 4514 831 4569 de
890 4516 1112 4588 quibus
1158 4517 1576 4573 honestissime
1614 4519 1719 4573 im-

56 4604 245 4657 butus
296 4602 376 4657 ita
428 4604 738 4659 eructabat
787 4606 1093 4670 omnibus,
1154 4612 1217 4661 ut
1270 4612 1514 4679 possent
1567 4608 1722 4663 dele-

58 4690 209 4747 ctari
267 4690 328 4745 in
387 4691 748 4749 caelestibus.
800 4698 863 4748 In
921 4696 1141 4750 sanctis
1200 4695 1594 4768 eleemosynis
1642 4697 1723 4752 ita

56 4780 457 4850 largissimus,
517 4786 581 4837 ut
630 4782 760 4855 ipse
817 4784 1048 4856 positus
1112 4784 1173 4839 in
1239 4784 1571 4841 fortissimis
1630 4786 1723 4841 fri-

59 4870 311 4941 goribus
368 4888 403 4926 a
460 4888 521 4926 se
584 4878 775 4928 vestes
833 4873 1076 4945 pellium
1132 4874 1440 4944 abjiciens,
1500 4891 1724 4948 paupe-

57 4976 155 5015 res
196 4960 405 5016 Christi
432 4960 725 5029 indueret,
760 4968 822 5017 ut
855 4979 892 5018 a
936 4968 1380 5018 remuneratore
1418 4964 1720 5021 bonorum

57 5050 380 5121 praemium
409 5052 756 5124 perciperet,
788 5052 862 5107 de
901 5069 1023 5125 quo
1053 5053 1284 5108 audiret
1309 5070 1321 5107 :
1362 5055 1577 5110 Nudus
1599 5057 1717 5124 fui,

57 5146 113 5194 et
150 5155 248 5195 vos
279 5143 593 5209 Operuistis
619 5157 727 5198 me.
757 5142 925 5209 Quod
950 5144 1058 5197 uni
1075 5159 1148 5197 ex
1176 5144 1435 5198 minimis
1464 5146 1606 5200 meis
1631 5146 1719 5213 fe-

57 5231 242 5296 cistis,
274 5232 424 5286 mihi
441 5232 707 5300 fecistis:
748 5233 965 5297 Venite,
1009 5232 1301 5288 benedicti
1336 5235 1543 5289 Patris
1584 5235 1716 5304 mei,

48 5320 347 5389 percipite
412 5335 662 5389 regnum
722 5322 882 5391 quod
945 5321 1105 5377 vobis
1157 5329 1447 5391 paratum
1504 5329 1585 5379 est
1643 5324 1718 5379 ab

55 5408 293 5478 origine
348 5409 561 5463 mundi
603 5408 844 5479 (Matth.
896 5427 1034 5480 xxv,
1096 5412 1306 5482 34-38).
1359 5414 1524 5467 Hunc
1582 5428 1716 5484 per-

55 5496 246 5552 fectus
310 5514 416 5552 rex
480 5498 560 5553 ita
624 5499 747 5553 suis
815 5499 1003 5555 afﬁxit
1062 5500 1386 5571 obtutibus,
1450 5505 1516 5556 ut
1579 5518 1717 5557 cum

55 5603 183 5659 prae
213 5587 436 5643 caeteris
467 5587 720 5656 diligens
757 5588 884 5643 suis
916 5605 1055 5645 eum
1086 5590 1416 5663 specialiter
1445 5590 1718 5647 devince-

56 5683 145 5733 ret
174 5676 458 5745 consiliis,
491 5693 627 5748 quae
676 5678 754 5733 ab
812 5694 883 5734 eo
932 5680 1117 5751 probe
1171 5680 1444 5751 probata,
1480 5698 1717 5753 semper

57 5783 130 5825 ea
156 5767 371 5826 habuit
396 5767 667 5840 honesta,
685 5784 1004 5842 nunquam
1030 5774 1229 5828 tamcn
1258 5770 1497 5843 injusta.
1513 5772 1579 5827 In
1602 5771 1711 5828 ho-

1842 1845 1916 1901 de
1956 1846 2199 1903 nomine
2237 1847 2429 1903 dictus
2480 1848 2838 1919 Helgaudus,
2869 1865 3050 1922 quem
3080 1850 3190 1905 iste
3219 1850 3496 1924 princeps

1845 1935 1943 1990 Dei
1973 1936 2187 1992 affectu
2239 1937 2526 2006 diligebat
2562 1943 2847 2011 paterno;
2897 1939 3133 1994 tertium
3165 1957 3371 1996 secum
3395 1941 3499 1997 ha-

1839 2025 2045 2081 bentes
2092 2027 2152 2082 in
2210 2027 2501 2100 obsequio
2543 2029 2921 2084 fraternitatis
2971 2029 3366 2095 laborantem,
3403 2030 3497 2085 Hi-

1840 2115 2206 2171 sembertum
2254 2115 2516 2186 nomine,
2550 2116 2937 2171 conversione
2982 2116 3234 2186 dignum
3273 2118 3496 2173 factum

1838 2205 2228 2260 monachum.
2257 2205 2385 2259 Dies
2415 2212 2616 2260 autem
2643 2210 2861 2260 sanctae
2895 2205 3381 2274 Quadragesimae
3412 2206 3496 2261 Pi-

1839 2295 2035 2350 sciaco
2066 2294 2494 2363 celebraturus,
2527 2295 2635 2351 iter
2658 2295 2947 2352 accelerat
2976 2295 3292 2351 nobiscum
3319 2296 3497 2367 proﬁ-

1838 2383 2196 2439 ciscentibus
2243 2384 2373 2454 ejus
2426 2384 2739 2457 praeceptis
2787 2383 3216 2456 imperialibus,
3265 2384 3327 2439 in
3375 2400 3496 2456 quo

1838 2479 1963 2530 erat
1990 2473 2281 2529 rationem
2311 2473 2671 2539 redditurus,
2706 2473 2780 2529 de
2825 2473 3044 2545 quibus
3091 2490 3229 2529 eum
3260 2473 3495 2529 adiera-

1838 2580 1995 2618 mus.
2025 2564 2169 2617 Cum
2194 2578 2329 2617 ecce
2357 2563 2661 2617 venientes
2691 2563 2767 2617 ad
2795 2568 3035 2634 portum
3059 2564 3371 2634 Sequanae,
3389 2563 3495 2634 qui

1833 2651 2048 2706 dicitur
2090 2649 2503 2719 Carolivenna,
2546 2651 2660 2705 hoc
2707 2649 3161 2722 estIpiscaturia,
3202 2666 3338 2721 qua:
3367 2653 3494 2706 erat

1833 2738 2177 2795 difﬁcultate
2207 2738 2666 2805 transmeabilis,
2693 2738 2966 2809 jussione
2995 2739 3127 2809 ejus
3156 2743 3366 2794 sancta
3397 2754 3491 2794 so-

1831 2829 1871 2884 li
1928 2828 2269 2884 naviculam
2318 2828 2690 2895 intravimus,
2744 2828 2875 2901 ipso
2907 2826 3228 2899 aspiciente
3268 2831 3326 2883 et
3355 2844 3493 2883 con-

1834 2918 2129 2973 siderante
2181 2917 2315 2991 quis
2363 2918 2499 2973 ﬁnis
2550 2934 2673 2973 non
2727 2920 3075 2983 assumeret,
3107 2932 3260 2989 quos
3308 2917 3387 2972 ad
3429 2933 3491 2973 se

1832 3008 2033 3063 venire
2090 3007 2317 3062 alacres
2371 3011 2427 3062 et
2483 3006 2813 3063 incolumes
2866 3005 3269 3078 exspectabat.
3312 3005 3495 3062 Affuit

1784 3097 2007 3181 :nobis
2078 3096 2311 3152 miseris
2388 3096 2568 3167 hujus
2652 3096 3071 3152 intercessione
3136 3094 3321 3163 regis,
3389 3094 3494 3167 qui

1834 3187 2134 3255 laudatur,
2181 3186 2553 3242 benedicitur
2602 3190 2657 3242 et
2712 3186 2997 3242 adoratur
3042 3184 3266 3257 ubique
3317 3188 3489 3240 Deus.

1836 3277 2262 3347 Navigantibus
2296 3277 2472 3332 nobis
2501 3280 2559 3332 et
2587 3293 2774 3349 equos
2804 3280 3038 3332 nostros
3061 3276 3233 3346 juxta
3261 3275 3495 3331 lintrem

1834 3368 2014 3422 frenis
2046 3367 2440 3435 trahentibus,
2483 3368 2727 3435 contigit
2766 3383 2953 3421 unum
3006 3364 3375 3437 sonipedem,
3410 3364 3496 3420 in-

1834 3455 2129 3511 domitum
2178 3459 2235 3510 et
2283 3471 2600 3526 nunquam
2653 3453 2791 3508 talia
2842 3453 2903 3507 id
2934 3457 3155 3519 actum,
3189 3452 3251 3507 in
3279 3453 3493 3508 mediis

1835 3543 2114 3598 ﬂuctibus
2166 3543 2319 3597 duos
2347 3558 2409 3596 1n
2440 3542 2576 3596 navi
2605 3541 2931 3596 anteriores
2964 3540 3234 3611 posuisse
3266 3540 3450 3611 pedes
3476 3558 3488 3607 ;

1836 3632 2006 3699 cujus
2050 3629 2181 3685 forti
2228 3628 2392 3683 rabie
2422 3628 2589 3683 navis
2620 3626 3082 3699 periclitabatur,
3111 3626 3352 3680 trahens
3380 3642 3491 3681 nos

1828 3719 1957 3789 jam
2010 3717 2068 3772 in
2122 3715 2511 3788 profundum.
2578 3715 2910 3771 lnclamans
2960 3731 3063 3770 rex
3108 3718 3244 3786 post
3303 3717 3490 3770 Deum

1833 3806 2192 3862 altissimum
2242 3821 2380 3860 cum
2413 3804 2537 3860 suis
2567 3809 2623 3860 et
2650 3803 2892 3859 virtutes
2919 3802 3229 3869 caelorum,
3258 3802 3364 3858 dat
3391 3818 3491 3859 vo-

1834 3912 1931 3950 ces
1993 3894 2322 3949 immensas
2377 3893 2453 3949 ad
2511 3893 2730 3949 caelum
2782 3897 2986 3947 nostro
3043 3907 3153 3964 pro
3204 3890 3488 3962 periculo.

1835 3984 2184 4040 Pronuntiat
2210 3984 2422 4053 grandi
2449 4000 2596 4039 voce
2628 3984 2795 4037 frena
2825 3982 3177 4054 relinquere,
3210 3984 3267 4036 et
3304 3996 3492 4053 equos

1831 4074 2009 4144 longe
2060 4090 2096 4129 a
2139 4073 2281 4129 navi
2321 4073 2525 4129 arceri.
2572 4072 2664 4127 Ad
2706 4072 2877 4142 cujus
2918 4069 3241 4126 amabilem
3280 4084 3491 4125 vocem

1832 4164 2043 4220 laxatis
2072 4162 2276 4231 frenis,
2310 4167 2375 4218 ut
2398 4163 2679 4233 jusserat,
2708 4166 2762 4216 et
2793 4160 2930 4232 equi
2957 4159 3214 4232 pedibus
3244 4158 3317 4213 de
3349 4158 3489 4213 navi

1834 4254 2055 4325 ejectis,
2088 4253 2381 4324 coepimus
2412 4252 2487 4307 ad
2518 4252 2678 4307 littus
2710 4250 2900 4305 evehi.
2928 4254 3057 4321 Ipse
3081 4263 3322 4320 quoque
3354 4262 3488 4302 san-

1835 4350 1997 4399 ctum
2030 4342 2378 4413 Dionysium
2414 4346 2811 4411 sanctumque
2844 4338 3225 4393 Benedictum
3272 4340 3328 4390 et
3356 4351 3486 4390 om-

1834 4450 1942 4489 nes
1978 4436 2215 4487 sanctos
2268 4431 2367 4486 Dei
2412 4431 2471 4485 in
2504 4429 2869 4499 adjutorium
2898 4432 3175 4482 nostrum
3206 4440 3490 4497 provoca-

1832 4523 1957 4591 bat,
1987 4520 2269 4593 lacrymis
2294 4519 2572 4592 perfusus
2603 4517 2809 4573 oculis.
2846 4517 3028 4587 Cujus
3054 4531 3293 4587 precem
3323 4513 3489 4569 audi-

1832 4612 1915 4667 vit
1940 4610 1989 4665 is
2018 4608 2122 4682 qui
2160 4613 2250 4663 est
2294 4608 2354 4663 in
2394 4606 2613 4661 seeoula
2654 4605 3004 4660 benedictus
3036 4606 3209 4658 Deus.
3244 4605 3486 4657 Factum

1831 4704 1919 4755 est
1946 4703 2011 4754 ut
2039 4696 2242 4763 voluit,
2276 4700 2333 4751 et
2361 4694 2619 4751 deducta
2665 4692 2800 4749 navi
2845 4692 2924 4747 ad
2952 4697 3191 4757 terram,
3225 4689 3489 4762 suscepit

1829 4804 1941 4845 nos
1973 4804 2079 4860 per
2109 4786 2207 4842 Dei
2236 4785 2487 4856 gratiam
2517 4783 2871 4852 incolumes,
2903 4782 3006 4854 qui
3037 4796 3277 4835 eramus
3309 4779 3487 4835 simul

1830 4894 1968 4933 cum
2000 4892 2069 4931 eo
2102 4874 2437 4930 mirabilem
2489 4876 2673 4928 Deum
2702 4871 3035 4927 laudantes.
3072 4871 3153 4923 Ex
3176 4884 3298 4940 quo
3328 4868 3486 4923 facta

1829 4966 2041 5022 habuit
2061 4981 2170 5020 nos
2200 4968 2350 5019 Deus
2372 4963 2753 5034 omnipotens
2792 4959 2957 5014 omni
2984 4964 3248 5030 tempore
3272 4956 3483 5013 lauda-

1828 5059 2005 5111 tores.
2040 5052 2361 5110 Mansimus
2395 5057 2597 5107 autem
2637 5068 2775 5106 cum
2828 5050 2957 5122 ipso
3010 5047 3110 5102 Dei
3139 5046 3267 5101 viro
3295 5046 3393 5101 illo
3422 5045 3486 5101 in

1828 5145 1960 5200 loco
1990 5144 2204 5208 triduo,
2234 5142 2507 5197 delectati
2541 5140 2701 5196 dulci
2731 5140 2858 5210 ejus
2898 5135 3219 5209 colloquio,
3252 5134 3403 5190 sicut
3430 5138 3487 5190 et

1828 5237 2074 5305 aspectu
2088 5231 2380 5303 jucundo.
2416 5230 2618 5301 Cujus,
2640 5244 3011 5301 quaesumus,
3043 5223 3486 5284 sanctissimam

1827 5322 2093 5380 animam
2148 5338 2256 5377 suo
2304 5319 2552 5377 collocet
2597 5319 2660 5375 in
2695 5333 2903 5387 regno,
2936 5316 3039 5389 qui
3070 5332 3205 5371 eam
3237 5313 3490 5370 redemit

1828 5412 2119 5482 sanguine
2149 5410 2409 5483 pretioso
2435 5410 2446 5463 !

1897 5502 2104 5557 Adhuc
2134 5500 2194 5555 in
2225 5498 2440 5570 majori
2470 5514 2657 5572 quam
2676 5494 2927 5565 ingressi
2953 5511 3165 5551 sumus
3194 5493 3328 5551 loco
3358 5492 3487 5566 pla-

1826 5595 1915 5647 cet
1946 5606 2165 5663 ponere
2198 5588 2439 5661 pedem,
2472 5587 2551 5644 ad
2580 5587 2709 5657 ejus
2756 5585 3085 5657 gloriosum
3140 5583 3486 5640 festinantes

1824 5679 2140 5736 transitum
2162 5678 2222 5734 in
2251 5676 2668 5745 describenda,
2682 5691 2864 5747 quem
2884 5673 3169 5731 laudibus
3185 5668 3489 5729 veracissi-

1824 5770 1939 5827 mis
1964 5774 2021 5826 et
2048 5785 2172 5826 non
2194 5768 2381 5840 falsis,
2406 5766 2623 5842 apertis
2654 5770 2712 5823 et
2738 5781 2863 5824 non
2886 5764 3062 5833 ﬁctis,
3093 5761 3350 5820 Domino
3374 5772 3483 5815 no-
