3980 6380
419 286 517 349 991

1631 287 1929 345 aenean
1965 272 2172 340 necis
2211 282 2653 343 FRANCORUM

3757 287 3875 341 932

420 420 543 474 atro
570 417 935 473 audebimus
964 414 1412 481 commendare,
1446 413 1637 469 sancti
1667 412 1916 486 Spiritus
1960 411 2078 466 vir—
2113 404 2161 465 Α
2273 413 2332 466 ln
2364 412 2864 469 aediﬁcationibus
2886 427 3027 468 vero
3048 411 3436 467 ecclesiarum
3456 410 3557 465 Dei
3588 409 3684 465 hic
3718 414 3871 466 tem-

420 511 543 565 tute
577 512 643 563 ut
667 510 970 563 mereatur
994 504 1247 561 evadere
1273 503 1435 559 diem
1485 503 1724 559 ultionis
1780 520 1847 558 ex
1859 507 2081 567 tremze,

419 595 738 666 insignitus
771 594 1082 664 signaculo
1138 592 1432 649 Trinitatis
1490 598 1728 648 sanctae.
1771 590 1885 646 Sed
1941 590 2085 662 quia

421 686 619 742 adhuc
641 684 922 757 quaedam
946 683 1020 738 de
1052 683 1182 754 ejus
1206 682 1360 738 mira
1386 682 1755 756 operatione,
1778 699 1913 755 quae
1946 684 2083 735 sunt

419 790 575 830 verae
594 772 917 829 humilitati
975 773 1222 841 sociata,
1276 788 1387 827 nos
1435 771 1787 847 scripsimus
1836 776 1893 827 et
1947 786 2085 842 quae

420 862 621 919 multis
649 865 909 935 prosunt
938 865 993 917 et
1019 861 1350 934 proderunt
1379 860 1455 917 ad
1486 860 1761 928 salutem,
1793 864 1975 915 restat
1999 861 2081 923 ut,

418 952 512 1009 his
532 951 947 1017 manifestans,
981 967 1107 1006 non
1128 953 1326 1006 teneat
1354 966 1467 1005 nos
1501 950 1725 1007 otiosos
1766 950 1896 1020 ejus
1943 961 2083 1003 san-

421 1041 722 1097 ctissimus
750 1040 970 1110 obitus,
997 1039 1102 1112 qui
1132 1039 1295 1095 dono
1344 1039 1443 1095 Dei
1492 1038 1710 1094 exstitit
1764 1035 2085 1093 laudabilis

422 1135 480 1187 et
509 1130 823 1199 gloriosus.
854 1130 1093 1185 Habetis
1136 1129 1502 1185 desiderium
1562 1127 1715 1184 mori
1771 1126 1990 1182 saeculo
2030 1128 2088 1179 et

420 1220 619 1276 vivere
642 1220 876 1275 Christo
905 1221 1046 1285 Deo,
1092 1220 1212 1273 Rex
1270 1217 1725 1273 strenuissimus
1785 1232 1945 1282 eum,
1991 1213 2085 1269 cui

421 1314 510 1365 est
538 1323 718 1365 omne
749 1308 915 1380 quod
948 1312 1035 1362 est
1060 1311 1118 1363 et
1147 1307 1244 1362 cui
1275 1307 1656 1362 attribuimus
1689 1321 1869 1361 omne
1921 1302 2088 1376 quod

420 1396 839 1464 scribimus,de
847 1396 1118 1451 siderans
1133 1395 1551 1465 videre,voluit
1568 1395 1737 1451 terris
1759 1393 1983 1450 habere
1996 1407 2087 1447 so-

421 1488 581 1543 cium
602 1502 786 1559 quem
810 1502 931 1541 non
953 1489 1152 1559 potest
1168 1501 1380 1559 capere
1400 1485 1641 1540 caelum.
1666 1483 2087 1540 Proticiscente

420 1591 493 1631 eo
519 1574 790 1649 quadam
818 1573 1295 1643 Quadragesima
1326 1573 1405 1629 ad
1434 1578 1696 1644 sanctos,
1730 1572 1830 1627 Dei
1850 1570 2087 1627 servitio

422 1663 537 1720 sibi
566 1662 1710 1735 conjunctos,adit,orat,honorat,aures
1738 1676 1948 1717 eorum
1960 1674 2089 1732 pre-

2194 500 2385 572 porali
2418 503 2595 557 simul
2622 509 2678 559 et
2706 502 2954 575 spiritali
2978 501 3109 557 oleo
3140 501 3421 556 inunctus
3451 517 3573 566 rex,
3638 504 3867 555 sanctae

2194 587 2626 646 benedictionis
2658 591 2819 647 dono
2853 608 3027 646 suam
3083 589 3415 663 potentiam
3473 594 3529 643 et
3590 588 3871 643 volunta-

2194 682 2316 733 tem
2347 678 2676 753 adimplere
2703 679 3052 736 desiderans
3074 678 3224 735 etad
3255 683 3491 733 aeternas
3538 676 3866 732 beatitudi-

2195 767 2286 822 nis
2318 769 2587 841 palmam
2637 770 3129 843 consequendam
3176 767 3490 835 anhelans,
3542 767 3695 823 inter
3743 767 3867 822 alia

2195 858 2455 925 cogitare
2495 859 2673 932 coepit
2701 864 2757 915 et
2782 863 2918 933 post
2947 860 3207 930 cogitata
3264 858 3342 913 ad
3399 858 3676 913 effectum
3730 872 3871 929 per-

2194 946 2435 1019 ducere,
2470 949 2657 1005 sancti
2680 950 2801 1015 Dei,
2835 951 3008 1021 cujus
3027 947 3426 1011 sublimitatis,
3460 947 3631 1017 cujus
3666 946 3869 1002 meriti

2193 1052 2390 1108 quave
2421 1044 2620 1094 essent
2648 1040 2987 1096 honorandi
3034 1043 3090 1095 et
3137 1037 3460 1094 extollendi
3515 1035 3713 1103 laude,
3786 1035 3868 1091 de

2193 1127 2417 1197 quibus
2447 1128 2612 1185 nulla
2642 1130 2693 1185 ei
2716 1129 2944 1185 cunctis
2986 1128 3355 1202 temporibus
3386 1125 3673 1199 loquendi
3734 1126 3868 1181 lau-

2195 1212 2458 1274 dandive
2480 1217 2589 1275 fuit
2614 1219 2874 1275 satietas.
2910 1219 3229 1274 Enimvero
3288 1216 3603 1290 apparebit
3653 1214 3713 1271 in
3770 1215 3869 1271 his

2196 1322 2331 1377 quae
2354 1307 2558 1363 subter
2579 1314 2720 1364 sunt
2749 1307 3014 1377 adnexa,
3053 1307 3353 1382 descripta
3380 1311 3436 1362 et
3453 1305 3870 1377 superioribus

2190 1396 2419 1466 juncta,
2453 1399 2598 1470 quia
2627 1398 2834 1455 omnia
2862 1415 3101 1471 semper
3124 1398 3364 1453 fuerunt
3414 1395 3465 1451 ei
3526 1412 3702 1465 curae,
3757 1395 3869 1450 sci-

2195 1482 2331 1539 licet
2358 1501 2496 1557 quae
2532 1491 2670 1542 sunt
2695 1486 2938 1559 pudica,
2965 1503 3101 1559 quae
3128 1484 3313 1541 habet
3346 1484 3512 1553 virgo
3541 1499 3680 1539 vere
3736 1498 3869 1538 ma-

2198 1577 2285 1628 ter
2332 1574 2594 1631 Ecclesia
2640 1581 2867 1632 sancta.
2926 1578 3200 1631 Attamen
3258 1586 3575 1646 nunquam
3619 1572 3730 1628 fuit
3782 1571 3873 1627 illi

2199 1664 2352 1716 Deus
2379 1663 2727 1720 obliviosus.
2763 1669 2827 1720 In
2856 1665 2989 1737 ipsa
3020 1669 3223 1720 autem
3256 1661 3490 1718 civitate
3530 1660 3871 1717 Aurelianis

421 1753 591 1810 cibus
607 1752 959 1809 humillimis
974 1752 1411 1808 etsalutaribus
1436 1752 1635 1824 pulsat
1660 1755 1725 1807 ut
1757 1766 1897 1807 cum
1943 1749 2087 1822 ipsis
2124 1770 2165 1824 Β
2199 1752 2515 1809 aediﬁcavit
2539 1754 2977 1811 monasterium
3007 1755 3069 1811 in
3098 1754 3328 1810 honore
3351 1752 3505 1807 santi
3533 1751 3767 1818 Aniani,
3803 1756 3872 1806 ut

421 1848 480 1900 et
498 1842 719 1899 sanctis
748 1840 1033 1897 omnibus
1054 1840 1309 1897 inveniri
1360 1844 1568 1913 posset
1597 1839 1657 1895 in
1682 1838 1782 1895 Dei
1804 1837 2088 1893 laudibus

419 1932 663 2002 dignus.
698 1930 1035 1987 Laborabat
1070 1929 1132 1986 in
1157 1930 1273 1985 hoc
1300 1929 1499 1985 carnis
1522 1934 1579 1984 et
1633 1927 1877 2001 spiritus
1931 1925 2089 1982 forti-

420 2022 650 2092 tudine,
682 2025 748 2077 ut
774 2020 1074 2076 evinceret
1112 2019 1213 2075 Dei
1242 2020 1476 2075 virtute.
1512 2023 1743 2075 lntrans
1792 2017 1944 2072 fines
1998 2015 2087 2071 Bi-

423 2110 681 2167 turicum
712 2107 963 2180 suscipit
1007 2123 1147 2163 eum
1202 2112 1443 2164 sanctus
1501 2110 1908 2180 protomartyr
1963 2106 2085 2161 Ste—

424 2197 668 2272 phanus
723 2212 863 2251 cum
920 2200 1129 2251 sancto
1182 2195 1392 2252 Maiolo
1456 2194 1679 2250 meritis
1757 2193 2084 2266 praecipuo,

425 2290 636 2343 sancta
654 2284 1000 2349 Maria,cum
1030 2283 1248 2340 celebri
1272 2283 1512 2340 Juliano
1539 2287 1803 2355 martyre
1824 2298 2085 2349 summo,

423 2374 642 2430 iterum
671 2373 803 2445 ipsa
832 2372 1103 2446 piissime
1130 2373 1434 2443 virginum
1465 2371 1636 2443 virgo
1690 2372 1888 2439 Maria,
1949 2386 2088 2425 cum

425 2466 637 2519 sancto
690 2462 898 2533 Egidio
936 2462 1278 2519 confessore
1334 2477 1579 2532 magno.
1638 2461 1898 2533 lnrlytus
1946 2476 2088 2516 vero

427 2551 783 2609 Saturninus
814 2567 953 2607 cum
972 2551 1111 2608 forti
1142 2551 1463 2619 Vincentio,
1498 2550 1719 2621 dignus
1752 2550 2089 2606 Antoninus

423 2658 564 2698 cum
594 2641 721 2697 Fidi
742 2646 1026 2714 martyre,
1060 2645 1303 2697 sanctus
1325 2641 1559 2697 Domini
1584 2640 1857 2697 Giraldus
1888 2640 2089 2712 ipsum

419 2731 549 2803 jam
575 2736 971 2787 revertentem
998 2731 1075 2786 ad
1099 2731 1345 2803 propria
1404 2735 1613 2786 sancto
1650 2731 1865 2785 iterum
1896 2727 2091 2784 reddit

423 2820 789 2877 incolumem
850 2820 1156 2892 Stephano
1210 2819 1492 2890 glorioso,
1551 2835 1692 2874 cum
1750 2834 1872 2891 quo
1920 2818 2089 2872 terris

424 2910 625 2967 lutum
655 2909 966 2965 deducens
997 2909 1161 2964 diem
1191 2908 1563 2975 Palmarum,
1599 2911 1881 2980 properat
1904 2912 2086 2961 Aure-

422 2997 618 3065 lianis,
649 2998 734 3053 ibi
753 2997 815 3052 in
839 2997 1067 3053 Pascha
1095 3000 1488 3068 percepturus
1521 3000 1839 3051 Auctorem
1869 3000 2088 3050 nostrae

426 3087 659 3180 salutis.
694 3088 825 3180 Quo
858 3085 1085 3152 itinere,
1147 3086 1337 3180 multa
1384 3085 1463 3140 ab
1512 3102 1583 3180 eo
1632 3085 1872 3139 fuerunt
1924 3084 2091 3139 dona
2123 3125 2163 3180 ϐ

428 3174 652 3231 sanctis
681 3173 844 3239 data,
874 3189 910 3229 a
932 3172 1304 3244 pauperibus
1328 3188 1469 3227 vero
1499 3173 1629 3243 ejus
1671 3188 1891 3227 manus
1932 3186 2087 3226 nun‘

426 3279 617 3338 quam
644 3262 755 3318 fuit
780 3276 991 3318 vacua.
1029 3265 1177 3317 Nam
1208 3261 1339 3333 ipsa
1391 3266 1546 3316 terra
1600 3261 1819 3316 multos
1858 3260 2090 3315 habens

424 3352 702 3411 inﬁrmos
734 3354 792 3406 et
842 3350 1144 3423 praecipue
1193 3349 1488 3422 leprosos,
1516 3350 1628 3404 hos
1674 3349 1764 3404 vir
1817 3348 1917 3403 Dei
1967 3365 2090 3403 non

426 3441 757 3511 abhorruit,
787 3440 932 3511 quia
961 3439 1024 3494 in
1066 3439 1382 3512 Scripturis
1433 3439 1657 3496 sanctis
1707 3438 1848 3509 legit
1891 3439 2089 3494 Domi-

425 3548 575 3589 num
605 3530 903 3589 Christum
946 3528 1335 3585 multotiesin
1395 3529 1657 3601 speciem
1711 3528 2091 3601 leprosorum

423 3622 684 3696 hospitio
715 3625 1083 3693 susceptum.
1116 3620 1206 3675 Ad
1236 3620 1349 3675 hos
1403 3619 1583 3675 avida
1624 3623 1824 3674 mente
1880 3635 2093 3692 prope-

424 3728 567 3770 rans
588 3710 912 3778 etintrans,
940 3725 1128 3766 manu
1178 3709 1425 3782 propria
1468 3709 1655 3765 dabat
1702 3708 2090 3765 denariorum

426 3815 733 3858 summam
759 3803 818 3854 et
858 3815 959 3855 ore
1012 3799 1257 3871 proprio
1308 3799 1501 3867 ﬁgens
1546 3814 1758 3854 eorum
1807 3798 2091 3854 manibus

426 3886 657 3955 oscula,
688 3886 749 3942 in
809 3886 1098 3943 omnibus
1155 3891 1346 3943 Deum
1402 3886 1808 3952 collaudabat,
1856 3903 2093 3943 memor

425 3973 750 4029 verborum
777 3973 1016 4029 Domini
1038 3974 1288 4030 dicentis
1319 3992 1331 4030 :
1365 3977 1660 4031 Memento
1695 3978 1838 4046 quia
1886 3977 2090 4045 pulvis

428 4077 488 4119 es
518 4068 575 4118 et
604 4079 668 4119 ιη
689 4064 1004 4132 pulverem
1036 4065 1352 4120 reverteris
1381 4065 1547 4135 (Gen.
1585 4081 1701 4133 XIII,
1757 4069 1864 4131 t9).
1917 4069 2093 4122 Carte-

427 4152 511 4208 ris
543 4155 747 4208 autem
777 4151 1050 4209 mittebat
1078 4153 1292 4209 devote
1342 4170 1455 4226 pro
1510 4153 1612 4209 Dei
1664 4169 1766 4208 om
1792 4152 2091 4227 '.ipotentis

428 4257 655 4311 amore,
682 4242 790 4316 qni
818 4247 1103 4315 operatur
1123 4258 1350 4314 magna
1379 4243 1483 4299 ubi
1510 4247 1615 4300 est.
1650 4246 1901 4300 Tantam
1921 4245 2093 4317 quip—

425 4344 505 4402 pe
532 4331 875 4401 gratiamin
894 4331 1213 4389 medendis
1261 4333 1616 4406 corporibus
1668 4332 1931 4405 perfecto
1961 4334 2091 4390 viro

428 4419 676 4476 contulit
698 4420 905 4477 divina
924 4423 1113 4477 virtus
1142 4425 1225 4490 ut,
1255 4438 1367 4479 sua
1396 4422 1673 4495 piissima
1702 4438 1893 4479 manu
1932 4422 2092 4479 inﬁr-

426 4508 544 4563 mis
564 4507 768 4565 locum
791 4512 1045 4582 tangens
1073 4509 1339 4567 vulneris
1367 4515 1425 4567 et
1448 4510 1562 4567 illis
1608 4511 1965 4584 imprimens
2012 4512 2090 4567 si-

427 4611 618 4668 gnum
650 4603 871 4655 sanctas
898 4598 1115 4669 crucis,
1145 4615 1393 4657 omnem
1418 4600 1677 4657 auferret
1699 4601 1779 4657 ab
1806 4600 1892 4657 eis
1928 4600 2093 4657 dolo-

424 4700 556 4743 rem
580 4688 960 4746 inﬁrmitatis.
997 4689 1579 4760 Charitatisintegraa
1609 4706 1732 4746 non
1771 4689 2093 4747 immemor

428 4792 637 4834 servus
664 4780 768 4836 Dei
792 4780 1217 4836 considerabat
1269 4780 1533 4853 pretiosa
1580 4781 1836 4852 Martyrii
1884 4798 2093 4839 mona-

426 4868 525 4924 chi
550 4867 727 4938 facta,
745 4870 849 4943 qui
876 4871 1121 4943 proprio
1169 4870 1479 4945 leprosum
1528 4871 1866 4941 esti-ingens
1920 4873 2095 4928 vesti-

425 4962 631 5014 mento
653 4958 944 5032 illumque
967 4975 1079 5015 suo
1100 4959 1305 5016 levans
1334 4961 1608 5028 humero,
1666 4959 1814 5015 dum
1866 4962 1920 5017 ei
1972 4978 2092 5017 ser-

424 5046 627 5103 vitutis
642 5047 842 5106 ofﬁcia
867 5048 1014 5105 dare
1042 5048 1247 5117 voluit,
1281 5055 1524 5123 repente
1554 5050 1631 5106 ad
1663 5050 1885 5109 aethera
1919 5052 2093 5109 rediit

426 5136 482 5191 ei
507 5139 844 5196 ascendens
874 5139 1023 5195 dixit
1052 5139 1339 5207 Christus,
1363 5140 1468 5215 qui
1507 5140 1569 5196 in
1623 5141 1821 5213 specie
1870 5141 2092 5215 leprosi

427 5222 622 5282 fuerat
647 5234 965 5302 susceptus
998 5247 1065 5286 τι(
1096 5231 1353 5304 Martyri,
1381 5235 1443 5287 tu
1483 5246 1581 5286 me
1637 5246 1762 5285 non
1802 5230 2093 5287 erubuisti

429 5324 612 5380 super
661 5319 904 5385 terram,
960 5334 1074 5388 ego
1157 5323 1213 5376 te
1289 5336 1413 5375 non
1480 5320 1834 5376 erubescam
1911 5335 2093 5391 super

432 5396 638 5453 caelos.
671 5420 701 5451 »
733 5404 964 5461 Habeat
990 5407 1108 5477 hic,
1136 5408 1210 5463 de
1240 5425 1365 5481 quo
1385 5409 1714 5483 loquim‘nr,
1769 5412 2091 5482 praestante

435 5484 577 5571 Deo,
636 5493 872 5561 partem
923 5507 1063 5548 cum
1112 5501 1323 5552 sancto
1389 5498 1687 5571 Martyrio,
1737 5498 1841 5570 qui
1872 5497 1996 5553 istis
2037 5501 2094 5552 et

434 5568 565 5711 ἱξιέ
593 5571 769 5629 bonis
793 5579 1077 5653 operibus
1124 5584 1445 5643 festinabat
1489 5568 1552 5644 se
1601 5568 1811 5645 sociari
1862 5587 2092 5644 Christo

2197 1840 2461 1897 diximus
2489 1862 2501 1911 ;
2528 1843 2691 1911 item,
2720 1844 2881 1899 aliud
2908 1844 2969 1900 in
2999 1844 3229 1899 honore
3260 1845 3481 1895 sanctae
3512 1839 3706 1897 Mariae
3738 1856 3870 1895 ma-

2195 1928 2299 1984 tris
2332 1931 2567 1987 Domini
2595 1932 2783 1988 nostri
2811 1935 2951 1988 .lesu
2970 1930 3180 1989 Christi
3210 1933 3267 1985 et
3307 1930 3363 1985 8.
3401 1927 3604 1983 Hilarii
3635 1927 3870 1983 confes-

2198 2019 2349 2075 soris
2380 2021 2624 2077 summi.
2659 2023 2888 2077 Sanctae
2916 2020 3121 2077 itidem
3148 2018 3345 2076 Mariu-
3392 2016 3693 2086 genitricis
3740 2017 3868 2083 Dei,

2196 2116 2601 2179 cognomento
2631 2111 2970 2167 Fabricatae.
3005 2108 3156 2165 Fecit
3175 2106 3323 2163 inibi
3346 2110 3402 2161 et
3431 2105 3871 2162 monasterium

2198 2200 2387 2255 sancti
2417 2201 2698 2257 Vincentii
2730 2200 3012 2272 martyris
3036 2197 3248 2256 Christi
3278 2215 3290 2264 ;
3332 2197 3770 2252 monasterium
3808 2198 3865 2253 S.

2198 2288 2361 2344 Pauli
2391 2289 2670 2363 apostoli,
2726 2290 2787 2345 in
2838 2289 3151 2359 Cantogilo
3201 2286 3380 2355 villa;
3432 2285 3871 2342 monasterium

2201 2378 2567 2450 S.Medardi,
2596 2381 2659 2435 in
2710 2379 2962 2435 Vitriaco
3016 2382 3253 2445 castro;
3307 2375 3746 2431 monasterium
3809 2377 3865 2431 8.

2200 2469 2562 2539 Leodegarii,
2596 2469 2658 2525 in
2680 2469 2829 2525 silva
2850 2467 3129 2541 Aquilina
3163 2486 3175 2533 ;
3234 2464 3673 2521 monasterium
3725 2479 3869 2520 san-

2198 2564 2305 2614 ctae
2335 2560 2526 2616 Mariae
2556 2559 2615 2614 in
2646 2558 2927 2615 Miliduno
2959 2560 3157 2613 castro
3199 2572 3339 2611 cum
3394 2554 3514 2610 alia
3572 2553 3827 2609 ecclesia
3854 2573 3867 2620 ;

2199 2650 2634 2705 monasterium
2663 2651 2718 2706 S.
2754 2648 2903 2704 Petri
2926 2653 2983 2703 et
3015 2649 3071 2704 8.
3106 2645 3333 2715 Reguli,
3365 2644 3427 2700 in
3467 2644 3702 2700 civitate
3756 2643 3870 2701 Sil-

2199 2738 2539 2793 vanectensi
2572 2756 2585 2806 ;
2619 2736 3058 2793 monasterium
3081 2740 3304 2791 sanctas
3335 2734 3527 2791 Mariae
3558 2733 3619 2788 in
3671 2734 3871 2789 Stam-

2198 2829 2370 2900 pensi
2399 2832 2599 2884 castro
2633 2846 2647 2895 ;
2676 2828 2820 2883 item
2842 2828 2903 2882 in
2927 2827 3061 2898 ipso
3091 2830 3312 2896 castro,
3331 2823 3644 2880 ecclesiam
3680 2839 3871 2880 unam

2198 2917 2259 2972 in
2286 2918 2509 2990 palatio
2536 2936 2548 2976 :
2578 2917 2640 2972 in
2667 2917 2900 2972 civitate
2932 2916 3207 2979 Parisius,
3238 2914 3552 2970 ecclesiam
3582 2913 3642 2968 in
3672 2913 3870 2969 hono-

2199 3022 2261 3061 re
2293 3008 2347 3060 S.
2382 3006 2606 3062 Nicolai
2636 3005 2937 3078 pontiﬁcis
2963 3005 3024 3060 in
3051 3004 3275 3076 palatio
3300 3020 3314 3071 ;
3345 3001 3783 3058 monasterium
3812 3003 3869 3059 S.

2200 3095 2478 3150 Germani
2508 3092 3067 3161 Antissiodorensis,
3101 3096 3156 3148 8.
3187 3090 3482 3148 Michaelis
3532 3089 3870 3154 ecclesiam,

2199 3182 2260 3238 in
2293 3182 2438 3237 silva
2465 3182 2890 3252 cognominata
2946 3181 3133 3236 Bieria
3170 3199 3183 3248 ;
3238 3180 3379 3237 item
3430 3179 3872 3236 monasterium

2203 3274 2257 3328 S.
2289 3272 2567 3331 Germani
2596 3271 3015 3328 Parisiacensis
3042 3288 3181 3327 cum
3205 3270 3455 3326 ecclesia
3488 3271 3543 3325 S.
3608 3268 3872 3325 Vincen-

2200 3362 2284 3431 tii,
2317 3362 2378 3417 in
2406 3361 2557 3416 silva
2582 3361 3015 3431 cognominata
3046 3360 3226 3417 Ledia
3259 3378 3273 3428 ;
3305 3359 3368 3416 in
3396 3358 3558 3426 villa,
3604 3373 3745 3430 quae
3776 3357 3868 3412 di-

2202 3452 2352 3507 citur
2382 3451 2703 3519 Gomedus,
2733 3451 3051 3508 ecclesiam
3097 3451 3159 3506 in
3216 3450 3445 3507 honore
3495 3450 3551 3505 S.
3602 3447 3872 3515 Aniani;

2198 3540 2341 3597 item
2362 3541 2422 3596 in
2454 3540 2595 3597 villa
2622 3541 2823 3611 Faida,
2850 3540 3165 3596 ecclesiam
3184 3539 3250 3596 in
3270 3539 3499 3594 honore
3530 3538 3586 3594 S.
3618 3535 3834 3592 Aniani
3858 3555 3870 3602 ;

2200 3630 2634 3687 monasterium
2668 3635 2890 3686 sanctas
2922 3628 3155 3699 Mariae,
3184 3628 3245 3684 in
3298 3626 3560 3683 Pisciaco
3588 3644 3601 3694 ;
3658 3641 3871 3681 mona-

2202 3720 2445 3776 sterium
2481 3722 2536 3778 S.
2562 3720 2828 3777 Cassiani
2855 3719 2917 3776 in
2945 3717 3385 3789 Augustiduno.
3416 3718 3530 3772 Pro
3561 3715 3653 3772 his
3680 3714 3874 3772 omni-

2199 3810 2315 3866 bus
2345 3815 2402 3865 et
2432 3810 2560 3865 aliis
2589 3808 3136 3865 innumerabilibus
3162 3824 3299 3881 quae
3330 3822 3437 3879 per
3466 3805 3705 3861 Domini
3755 3805 3869 3860 vir-

2200 3905 2387 3956 tutem
2418 3903 2700 3972 operatus
2732 3905 2823 3954 est
2850 3898 3047 3968 bonis,
3082 3914 3324 3953 oremus
3352 3895 3591 3967 singuli,
3623 3911 3867 3950 oremus

2200 4006 2411 4045 omnes
2440 3993 2497 4044 et
2521 3989 2797 4044 dicamus
2834 4006 2847 4042 :
2878 4011 2903 4035 ‹‹
2941 3991 3116 4057 Deus,
3139 3986 3243 4059 qui
3266 3986 3418 4042 inter
3450 3984 3865 4041 sanctissimos

2198 4095 2369 4152 reges
2395 4078 2693 4135 famulum
2724 4084 2896 4134 tuum
2926 4077 3253 4133 Robertum
3298 4075 3485 4146 regali
3541 4074 3725 4130 fecisti
3776 4074 3867 4129 di-

2201 4169 2423 4240 gnitate
2452 4168 2673 4238 vigere,
2708 4172 2949 4240 praesta,
2978 4183 3354 4240 quaesumus,
3398 4170 3462 4221 ut
3490 4181 3754 4237 quorum
3784 4164 3873 4219 vi-

2200 4276 2331 4314 cem
2359 4257 2439 4315 ad
2463 4259 2674 4314 horam
2706 4258 2957 4327 gerebat
2986 4257 3047 4312 in
3080 4258 3268 4327 terris,
3300 4254 3699 4312 intercedente
3738 4254 3872 4323 glo-

2197 4348 2359 4404 riosa
2390 4347 2492 4404 Dei
2523 4347 2805 4418 genitrice
2855 4348 3036 4403 Maria
3094 4364 3234 4402 cum
3283 4345 3567 4403 omnibus
3624 4345 3871 4413 sanctis,

2198 4453 2410 4495 eorum
2439 4453 2684 4510 quoque
2722 4441 3013 4510 perpetuo
3053 4435 3354 4493 consortio
3390 4434 3621 4491 laetetur
3666 4436 3726 4489 in
3759 4451 3874 4490 cae-

2199 4526 2291 4582 lis.
2320 4530 2427 4582 Per
2456 4525 2739 4582 eumdem
2772 4525 3094 4581 Dominum
3124 4532 3456 4581 nostrum.»

2273 4617 2423 4671 Ante
2480 4631 2661 4671 suum
2720 4630 2865 4670 sane
2912 4615 3368 4671 sanctissimum
3427 4613 3681 4681 obitum,
3765 4613 3875 4685 qui

2199 4705 2370 4762 tertio
2418 4704 2656 4761 decimo
2704 4703 2983 4761 Kalendis
3039 4704 3289 4775 Augusti
3336 4702 3574 4773 exstitit,
3605 4702 3701 4758 die
3731 4719 3875 4776 pas-

2201 4794 2385 4851 sionis
2442 4795 2855 4868 apostolorum
2941 4799 3287 4851 sanctorum
3366 4793 3515 4849 Petri
3569 4795 3626 4848 et
3680 4792 3871 4862 Pauli,

2201 4886 2291 4941 sol
2353 4886 2433 4942 ad
2506 4884 2954 4941 similitudinem
3025 4891 3257 4958 quarta
3317 4885 3475 4940 lunae
3540 4883 3869 4940 subtractis

2200 4974 2384 5032 radiis
2438 4975 2707 5031 fuscatus
2768 4975 3048 5048 apparuit
3097 4976 3157 5030 in
3213 4980 3333 5031 toto
3402 4972 3657 5042 mundo,
3717 4973 3873 5029 hora

2201 5066 2319 5122 diei
2382 5070 2547 5122 sexta
2597 5064 2929 5138 pallescens
3005 5081 3186 5138 super
3241 5064 3541 5121 homines.
3598 5064 3872 5129 Quorum

2201 5157 2366 5212 visus
2395 5156 2478 5212 ita
2505 5155 2884 5212 obnubilavit
2916 5159 2978 5211 ut
3006 5154 3209 5211 nullus
3240 5155 3425 5211 alium
3482 5169 3874 5223 recognosce-

2199 5249 2311 5310 ret,
2390 5245 2583 5300 donec
2662 5244 2975 5316 quoddam
3046 5243 3520 5314 recognoscendi
3595 5242 3875 5299 transiret

2203 5334 2486 5406 spatium.
2541 5333 2695 5398 Quid
2770 5339 2969 5389 autem
3030 5333 3417 5407 portenderit,
3474 5334 3535 5389 in
3588 5333 3873 5406 proximo

2199 5423 2411 5495 patuit,
2439 5438 2581 5477 cum
2607 5420 2689 5476 nil
2719 5423 2895 5478 nobis
2926 5424 3206 5478 miserius
3237 5422 3385 5478 aluit
3414 5439 3604 5495 quam
3632 5421 3708 5477 de
3761 5437 3874 5476 sua

2200 5516 2392 5567 morte
2448 5510 2721 5565 dolorem
2782 5511 3220 5568 intolerabilem
3294 5512 3621 5583 reliquerit.
3670 5513 3718 5565 Α
3777 5511 3873 5565 die

2200 5600 2361 5657 enim
2387 5601 2442 5656 S.
2476 5598 2624 5653 Petri
2649 5599 2728 5653 ad
2759 5600 2847 5655 sui
2871 5601 3235 5657 sanctissimi
3259 5602 3547 5659 transitus
3590 5599 3755 5656 diem
3786 5600 3869 5655 vi-

2202 5690 2347 5762 ginti
2377 5694 2433 5747 et
2454 5705 2610 5745 unus
2634 5688 2761 5745 dies
2800 5697 3222 5767 supputantur.
3281 5693 3341 5748 In
3379 5691 3603 5765 quibus
3654 5691 3871 5749 diebus
