3980 6374
1735 165 1750 192 ﬁ

162 302 264 354 933

1786 285 1967 348 VI'l‘A.

3487 309 3594 371 934

162 425 370 477 sancta
418 420 604 476 David
659 435 882 475 canens
914 419 1320 474 meditabatur
1350 421 1544 487 legem
1585 418 1827 510 Domini
1851 425 1897 474 A
1932 421 2028 476 Dei
2057 423 2275 494 abjecit
2303 445 2339 483 a
2361 444 2425 484 se
2451 430 2805 499 jactantiam
2832 431 3166 488 inhonesta;
3189 434 3427 503 mentis,
3457 453 3594 510 quae

160 511 255 565 die
289 528 356 566 ac
387 516 581 577 nocte,
616 514 679 564 ut
705 509 914 582 procul
941 510 1127 564 dubio
1159 509 1211 564 ei
1244 509 1593 565 concordari
1647 512 1827 580 queat

162 600 308 654 illud
335 600 501 676 quod
527 601 600 654 de
633 600 1009 654 sanctissimo
1033 603 1196 654 Patre
1226 600 1541 654 Benedicto
1564 597 1829 670 speciali-

157 695 245 745 ter
275 690 501 745 dictum
532 695 618 744 est
653 707 664 743 :

159 780 498 835 Psalmicen
527 779 802 834 assiduus
834 793 1144 848 nunquam
1185 778 1369 833 dabat
1422 780 1544 833 otia
1572 779 1824 848 plectro,

232 873 424 924 Sacra
463 884 682 923 canens
709 869 849 922 obiit
879 868 1206 936 psat-micen
1239 869 1501 922 asuluus.

160 961 531 1025 Cognoverat
559 961 758 1011 autem
789 956 885 1010 hic
919 955 1086 1010 miles
1109 955 1320 1010 beatus
1351 961 1488 1010 tunc
1514 955 1608 1012 Dei
1643 954 1826 1010 servis

157 1062 368 1118 pacem
389 1062 519 1100 esse
550 1044 801 1099 liberam
828 1044 1090 1115 quietem
1139 1043 1543 1114 tranquillam,
1577 1043 1824 1114 quando
1850 1040 1853 1042 ’

158 1136 231 1189 de
263 1136 442 1205 hujus
474 1134 686 1189 mundi
721 1133 1058 1188 turbinibus
1117 1133 1394 1187 abstracti
1430 1133 1507 1187 ad
1539 1133 1742 1187 sedem
1772 1137 1828 1187 et

159 1225 539 1280 securitatem
586 1223 788 1278 aeterni
837 1228 1043 1295 portus
1098 1223 1385 1277 intrarent
1426 1229 1479 1278 et
1538 1222 1824 1293 absorpta

157 1319 349 1368 morte
367 1313 444 1367 ad
471 1311 978 1367 immortalitatem
1007 1309 1642 1365 venirent.Festinabat
1662 1310 1822 1364 enim

157 1419 341 1473 supra
370 1401 693 1456 nominatis
723 1400 1036 1454 virtutibus
1081 1400 1154 1454 de
1183 1400 1456 1470 praesenti
1487 1399 1715 1454 tristitia
1747 1399 1822 1453 ad

153 1490 420 1545 laetitiam
453 1489 650 1544 venire
706 1504 1052 1560 perennem.
1115 1488 1356 1542 Dicebat
1385 1488 1460 1542 illi
1495 1489 1823 1559 perfectum

153 1596 287 1633 esse
329 1578 643 1648 gaudium,
703 1578 806 1648 qui
867 1577 1200 1632 elaboraret
1261 1581 1322 1632 ut
1373 1577 1568 1630 videre
1623 1580 1826 1648 posset

150 1668 452 1722 Christum
489 1670 694 1721 Deum.
732 1667 897 1720 Exire
931 1666 1056 1737 ipse
1077 1666 1152 1720 de
1179 1666 1291 1720 hoc
1315 1666 1532 1720 saeculo
1552 1670 1737 1737 parat:
1771 1683 1818 1718 s.

1930 520 2068 568 sunt
2093 515 2392 572 honorum
2424 518 2728 584 sublimia,
2750 521 2963 574 mundi
2991 521 3244 590 gloriam
3262 529 3318 578 et
3340 525 3400 580 in
3427 527 3592 582 etelis

1930 621 2106 659 suum
2137 606 2439 662 collocans
2462 609 2833 675 thesaurum,
2857 616 3102 682 propter
3119 611 3232 667 hoc
3258 614 3439 684 hujus
3459 633 3596 688 por-

1930 693 2009 747 tio
2042 693 2232 748 factus
2262 700 2348 750 est
2381 698 2555 750 Deus.
2584 699 2830 766 Magnus
2870 697 3034 769 apud
3078 701 3263 754 Deum
3293 700 3424 771 ejus
3467 705 3594 758 the-

1930 796 2164 848 saurus,
2200 784 2474 851 egregius
2516 791 2863 841 sanctarum
2924 786 3261 843 divitiarum
3292 791 3591 859 cumulus,

1930 870 2122 925 cubile
2148 873 2530 944 rcquietionis
2589 880 2808 930 sancta:
2865 881 3243 947 perpetuum,
3285 881 3456 950 c‘ijus
3507 887 3596 937 est

1929 963 2082 1015 Deus
2113 962 2455 1036 propitiatio
2483 963 2584 1034 qui
2616 963 2723 1019 fuit
2755 964 2928 1019 totius
2950 966 3161 1021 mundi
3189 967 3482 1025 liberatio.
3508 975 3594 1026 ln-

1931 1052 2014 1101 ter
2035 1048 2150 1103 alia
2184 1066 2370 1104 unum
2427 1051 2720 1121 quiddam
2773 1051 2999 1107 doloris
3056 1053 3233 1109 nobis
3264 1057 3379 1112 hoc
3423 1058 3592 1114 affert

1927 1136 2091 1207 quod
2123 1137 2252 1192 talis
2280 1154 2348 1192 ac
2380 1143 2578 1193 tantus
2609 1139 2698 1193 vir
2723 1140 2851 1194 sine
2883 1139 3051 1195 titulo
3105 1145 3296 1199 ornati
3351 1145 3589 1218 lapidis,

1928 1224 2052 1278 sine
2075 1225 2337 1291 nomine,
2374 1226 2498 1281 sine
2528 1226 2730 1282 litteris
2753 1229 2932 1298 jacet,
2967 1230 3136 1299 cujus
3167 1231 3226 1285 in
3255 1236 3377 1288 toto
3407 1239 3591 1291 terra—

1926 1329 2061 1366 rum
2091 1313 2234 1367 orbe
2263 1313 2452 1382 gloria
2492 1320 2548 1370 et
2577 1317 2869 1370 memoria
2919 1317 2976 1371 in
3043 1318 3451 1377 benedictione
3481 1328 3586 1379 est.

1927 1402 2180 1456 Proinde
2203 1403 2600 1458 omniseeculo
2617 1405 2838 1476 profuit
2865 1410 2918 1459 et
2945 1408 3208 1477 proderit
3227 1409 3409 1480 hujus
3435 1428 3590 1467 sere-

1924 1491 2154 1545 nissimi
2183 1491 2338 1560 regis
2367 1492 2536 1558 ratio,
2572 1493 2666 1546 cui
2694 1493 3099 1550 indesinenter
3127 1497 3382 1554 adhaesit
3410 1501 3592 1556 eccle-

1925 1579 2194 1633 siasticus
2227 1585 2282 1634 et
2313 1580 2422 1634 sibi
2455 1597 2693 1654 semper
2726 1581 3000 1640 amabilis
3016 1586 3386 1643 monasticus
3416 1589 3586 1646 ordo.

1927 1668 2093 1721 Hunc
2123 1669 2388 1724 Christus
2420 1672 2572 1724 Deus
2595 1670 2826 1725 bonum
2859 1671 3142 1730 omnibus
3189 1676 3434 1734 dederat
3479 1694 3588 1754 pa-

157 1757 479 1812 Dominum
509 1759 711 1811 Jesum
743 1772 862 1810 suae,
891 1755 1098 1810 salutis
1137 1760 1316 1827 atque
1373 1755 1633 1810 utilitatis
1691 1771 1818 1810 ma-
1844 1773 1890 1826 Β
1924 1762 2094 1811 trem.
2125 1764 2398 1816 Attamen
2429 1759 2571 1814 libet
2600 1759 2888 1816 adnotare
2915 1763 3125 1833 paucis
3149 1763 3211 1819 in
3255 1765 3374 1822 fine
3404 1768 3587 1841 hujus

152 1846 405 1917 gistrum
455 1862 693 1917 semper
753 1845 1091 1900 invocabat.
1144 1845 1230 1899 Ad
1288 1844 1610 1900 videndam
1661 1845 1818 1913 regis

151 1935 356 1991 aeterni
386 1934 852 2006 insuperabilem
897 1934 1228 2004 potentiam
1259 1933 1525 2003 angelos,
1572 1935 1822 1989 archan-

155 2025 319 2095 gelos
347 2029 403 2080 et
431 2040 644 2078 omnes
677 2024 777 2079 Dei
810 2029 1048 2078 sanctos
1092 2023 1150 2078 in
1184 2023 1474 2078 auxilium
1507 2040 1686 2080 suum
1720 2040 1814 2078 ve-

154 2115 280 2170 nire
337 2130 504 2183 voce,
567 2114 752 2183 signis
799 2112 1202 2168 indesinenter
1256 2113 1482 2176 orabat,
1537 2114 1814 2169 muniens

157 2221 220 2258 se
254 2220 489 2275 semper
519 2203 577 2258 in
611 2203 799 2258 fronte
850 2208 904 2257 et
957 2202 1168 2270 oculis,
1224 2202 1470 2257 naribus
1513 2207 1570 2258 et
1619 2202 1812 2267 labiis,

154 2297 389 2363 gutture
420 2297 475 2347 et
506 2292 752 2347 auribus
784 2308 890 2363 per
916 2291 1157 2359 signum
1185 2296 1404 2346 sanctae
1437 2291 1646 2357 crucis,
1691 2309 1814 2346 me-

153 2382 348 2438 moria
381 2381 700 2436 Dominicze
725 2381 1174 2446 incarnationis,
1207 2380 1545 2444 nativitatis,
1583 2381 1816 2452 passio-

148 2473 264 2539 nis,
295 2471 738 2527 resurrectionis
766 2475 820 2525 et
851 2471 1219 2525 ascensionis
1239 2474 1304 2524 et
1335 2471 1533 2539 gratize
1570 2471 1817 2542 Spiritus

149 2561 363 2617 sancti.
388 2561 607 2615 Habuit
637 2561 715 2615 bo
737 2577 750 2614 ε
773 2577 842 2615 ex
873 2576 1038 2614 more
1072 2560 1131 2614 in
1165 2558 1303 2624 vita,
1354 2560 1444 2614 cui
1503 2575 1819 2632 nunquam

148 2650 340 2706 defuit
364 2649 668 2704 voluntate
702 2665 863 2720 aqua
893 2648 1228 2702 benedicta.
1266 2648 1364 2701 His
1397 2664 1538 2702 vero
1569 2648 1818 2719 aliisque

146 2739 402 2794 refertus
431 2737 606 2792 bonis
631 2737 970 2801 virtutibus,
1035 2736 1487 2803 sexagenarius,
1536 2741 1599 2791 ut
1629 2737 1817 2791 credi-

147 2843 309 2895 mus,
342 2825 696 2898 opperiebat
754 2830 1007 2879 mortem
1068 2825 1415 2895 intrepidus.
1469 2828 1530 2878 Et
1565 2825 1818 2880 invales-

148 2919 319 2970 cente
351 2913 559 2968 validae
590 2913 770 2969 febris
800 2913 1111 2981 languore,
1141 2913 1302 2984 petiit
1348 2912 1627 2966 viaticum
1663 2913 1816 2967 salu-

150 3010 276 3060 tare
305 3009 359 3058 et
385 3003 621 3058 salubre
655 3003 867 3058 vivifici.
897 3002 1163 3073 corporis
1195 3006 1250 3055 et
1281 3004 1588 3070 sanguinis
1619 3003 1816 3057 Domi-

151 3093 214 3148 ni
246 3092 430 3146 nostri
453 3094 589 3145 Jesu
617 3091 846 3146 Christi.
901 3092 1153 3162 Sumpto
1211 3106 1281 3144 eo
1313 3095 1387 3158 et,
1430 3107 1618 3162 parvo
1649 3091 1818 3147 inter-

149 3181 305 3238 vallo
338 3181 510 3240 facto,
545 3181 622 3234 ad
653 3183 872 3248 Regem
900 3196 1112 3249 regum
1146 3185 1201 3234 et
1249 3180 1567 3235 Dominum
1626 3182 1815 3236 domi-

148 3287 372 3326 norum
420 3270 790 3338 demigrans,
826 3268 960 3323 felix
995 3268 1237 3323 feliciter
1268 3268 1456 3324 felicia
1487 3271 1815 3342 promeruit

147 3377 357 3429 regna.
394 3358 767 3415 Obdormivit
797 3362 1020 3428 autem,
1055 3363 1116 3412 ut
1142 3357 1422 3424 diximus,
1465 3359 1523 3413 in
1561 3360 1810 3415 Domino

149 3451 385 3506 decimo
422 3448 588 3504 tertio
611 3447 734 3503 Kal.
770 3448 1037 3516 Augusti,
1071 3447 1404 3502 lucescente
1455 3464 1674 3503 aurora
1699 3449 1815 3503 diei

151 3539 334 3595 tertize
365 3536 632 3607 Sabbati,
676 3535 956 3592 Miliduno
1009 3541 1252 3602 castro;
1309 3540 1364 3590 et
1412 3537 1671 3591 Parisius
1720 3537 1819 3592 de-

147 3631 422 3700 portatus
452 3625 617 3697 apud
647 3628 700 3680 S.
737 3623 1085 3694 Dionysium
1137 3623 1310 3693 juxta
1346 3627 1576 3695 patrem
1637 3639 1815 3677 suum

149 3717 437 3788 sepelitur
463 3719 598 3770 ante
623 3714 804 3769 altare
830 3718 1050 3768 sanctae
1103 3712 1416 3767 Trinitatis.
1472 3716 1680 3766 Fuerat
1739 3711 1817 3766 tbi

146 3808 364 3876 ingens
386 3806 602 3871 luctus,
628 3803 1020 3859 intolerabilis
1067 3801 1260 3866 dolor,
1294 3801 1441 3856 dum
1486 3802 1814 3857 monacho-

146 3914 285 3953 rum
318 3895 722 3965 ingemiscens
745 3893 920 3948 turba
974 3908 1084 3965 pro
1117 3891 1388 3947 absentia
1411 3892 1556 3947 tanti
1609 3892 1813 3964 Patris,

148 3985 503 4043 clericorum
523 3982 977 4039 innumerabilis
1002 3981 1320 4037 multitudo
1345 3997 1646 4037 aerumnas
1674 3998 1816 4037 suas

147 4077 228 4133 ab
253 4077 388 4149 ipso
420 4079 629 4130 sancto
660 4074 755 4146 pie
798 4073 1091 4129 relevatas
1134 4071 1364 4139 dolens,
1397 4072 1718 4127 viduarum
1761 4077 1818 4128 et

147 4167 566 4240 orphanorum
602 4163 870 4220 inﬁnitus
912 4179 1222 4229 numerus,
1269 4162 1561 4217 beneﬁcia
1616 4162 1694 4217 ab
1747 4179 1818 4216 eo

142 4260 432 4331 percepta
487 4254 830 4327 deplorans,
883 4253 1070 4309 dabat
1100 4269 1278 4308 voces
1339 4252 1417 4307 ad
1449 4252 1666 4307 coelum
1714 4252 1822 4307 Em-

144 4361 414 4402 mensas.
451 4347 578 4400 Una
608 4360 718 4417 pro
745 4347 905 4398 certo
954 4343 1228 4398 omnium
1276 4358 1395 4398 vox
1429 4360 1441 4395 :
1479 4365 1507 4390 ‹‹
1541 4345 1659 4397 Rex
1690 4357 1820 4397 ma-

145 4453 285 4508 gne,
323 4439 476 4491 Deus
497 4436 677 4501 bone,
713 4438 777 4489 ut
806 4432 953 4506 quid
985 4449 1097 4488 nos
1123 4432 1425 4499 interficis,
1465 4449 1603 4488 cum
1641 4432 1819 4487 nobis

144 4529 382 4582 Patrem
414 4523 648 4580 bonum
681 4522 1004 4590 abstrahis,
1039 4527 1094 4578 et
1123 4522 1223 4577 tibi
1253 4521 1536 4593 adjungis
1569 4522 1597 4576 ?
1633 4546 1658 4570 ››
1709 4525 1818 4577 Pu-

144 4615 281 4685 gnis
310 4613 472 4670 enim
501 4618 745 4686 pectora
763 4612 1161 4685 percutientes
1182 4611 1351 4667 ibant
1376 4615 1430 4667 et
1447 4611 1822 4666 reverteban-

143 4710 242 4762 tur
274 4704 354 4760 ad
378 4704 566 4760 sancti
623 4703 942 4767 tumulum,
976 4706 1307 4775 repetentes
1346 4701 1476 4772 jam
1526 4700 1665 4756 dicti
1698 4718 1819 4756 ser-

141 4795 345 4851 monis
396 4793 778 4858 versiculum,
835 4793 1183 4864 adjicicntes
1234 4795 1296 4846 ut
1335 4791 1716 4845 misereretur
1767 4792 1819 4846 ei

143 4887 302 4940 Deus
332 4883 394 4937 in
440 4884 673 4938 bonum
729 4881 1009 4955 precibus
1060 4881 1334 4935 omniurn
1386 4884 1729 4935 sanctorum
1758 4881 1820 4936 in

144 4972 437 5029 saeculum
462 4971 914 5044 sempiternum.
947 4975 1007 5026 In
1040 4971 1212 5039 cujus
1237 4973 1449 5039 morte,
1478 4970 1596 5023 heu
1621 4971 1632 5023 ι
1664 4971 1819 5042 proh

142 5061 375 5118 dolor!
436 5061 819 5131 ingeminatis
886 5060 1136 5116 vocibus
1206 5058 1607 5114 acclamatum
1669 5063 1815 5115 est:

143 5173 172 5201 «
199 5150 483 5206 Rotberto
528 5149 863 5222 imperante
920 5154 975 5205 et
1021 5153 1283 5218 regente,
1318 5145 1510 5201 securi
1534 5145 1814 5214 viximus,

139 5239 452 5296 neminem
477 5239 806 5295 timuimus.
844 5239 994 5295 Patri
1021 5239 1141 5311 pio,
1169 5237 1320 5310 patri
1363 5239 1627 5303 senatus,
1663 5237 1819 5308 patri

139 5329 421 5388 omnium
449 5329 775 5397 bonorum,
818 5329 955 5384 felix
987 5328 1191 5384 anima
1248 5331 1304 5383 et
1335 5326 1518 5394 salus,
1552 5325 1690 5381 felix
1741 5327 1819 5383 ad

141 5435 412 5493 superna
460 5435 769 5488 ascensus,
815 5417 953 5473 felix
1011 5436 1148 5475 cum
1181 5416 1414 5474 Christo
1444 5431 1582 5484 rege
1606 5431 1818 5487 regum

140 5525 251 5584 per
281 5509 507 5566 saecula
535 5508 920 5564 cohabitatio.
955 5530 980 5557 »

215 5601 410 5672 Hujus
432 5599 613 5670 igitur
637 5597 928 5654 mirabilis
974 5598 1129 5667 regis
1158 5597 1352 5670 portio
1377 5597 1439 5652 in
1488 5595 1706 5652 caelesti
1732 5613 1818 5652 re-

142 5705 266 5760 gno
297 5688 410 5745 fuit
440 5687 732 5744 Dominus
754 5688 925 5742 Deus.
954 5685 1181 5740 Etenim
1210 5685 1515 5742 narranda
1541 5689 1647 5740 est.
1676 5687 1813 5739 Fas-

141 5779 290 5851 tigio
332 5778 506 5851 regni
543 5781 775 5834 erectus
806 5777 868 5832 in
899 5773 1162 5847 sublimi,
1190 5775 1287 5831 hic
1324 5773 1697 5831 humillimus
1724 5774 1815 5830 vir

1927 1847 2613 1918 Operisiunumerosam
2669 1850 2852 1921 hujus
2918 1851 3208 1910 mirabilis
3258 1855 3588 1920 bonitatem

1924 1935 2098 2003 regis.
2133 1937 2550 1992 Sermocinans
2575 1937 2709 2010 quis
2731 1955 2870 1994 cum
2901 1955 2970 1995 eo
2992 1957 3115 1997 non
3140 1948 3226 2000 est
3256 1943 3590 2008 ltetiﬁcatus

1927 2025 2150 2092 gaudio
2205 2030 2479 2091 magno?
2527 2043 2739 2099 pacem
2797 2030 2932 2101 quis
2982 2030 3330 2094 desiderans
3368 2035 3586 2108 inejus

1927 2119 2250 2184 conspectu
2273 2131 2394 2170 non
2426 2115 2736 2171 abhorruit
2765 2115 2946 2172 iram?
2970 2118 3174 2174 Vultus
3207 2121 3296 2175 sui
3325 2137 3588 2194 prasen-

1927 2202 2073 2256 tiam
2105 2203 2401 2274 aspiciens
2431 2204 2567 2276 quis
2594 2220 2714 2260 non
2747 2211 2834 2260 est
2857 2205 3074 2262 oblitus
3113 2208 3285 2266 dolos
3311 2210 3338 2264 Τ
3370 2212 3591 2276 Oratio-

1929 2291 2108 2345 nibus
2135 2293 2265 2362 ejus
2297 2292 2432 2363 quis
2462 2293 2900 2347 monachorum
2921 2310 3043 2349 non
3072 2296 3287 2352 habuit
3319 2299 3589 2372 requiem

1930 2386 1986 2434 et
2014 2397 2134 2436 non
2185 2386 2274 2436 est
2330 2386 2589 2450 amatus,
2623 2381 2872 2436 dilectus
2921 2388 2977 2438 et
3028 2391 3342 2442 veneratus
3372 2389 3400 2444 ?
3447 2390 3588 2460 Ejus

1929 2469 2309 2523 sanctissima
2333 2469 2742 2523 admonitione
2773 2469 2907 2541 quis
2951 2470 3302 2529 clericorum
3331 2490 3454 2531 non
3481 2476 3589 2532 fuit

1925 2560 2159 2612 amator
2189 2557 2554 2612 castimoniae
2583 2558 2611 2612 ?
2643 2557 2830 2628 Ipsius
2856 2557 3200 2614 amicabilia
3228 2561 3413 2616 verba
3459 2561 3588 2632 qui-

1924 2647 2036 2701 bus
2067 2661 2190 2700 non
2223 2646 2462 2701 fuerunt
2490 2645 2894 2701 medicamina
2922 2647 2950 2701 ?
2979 2649 3268 2718 Aspcctus
3299 2651 3427 2721 ejus
3456 2651 3585 2722 qui-

1924 2735 2039 2790 bus
2097 2751 2219 2789 non
2268 2736 2491 2806 profuit
2545 2735 2980 2807 insipientibus,
3012 2741 3075 2790 ut
3123 2737 3338 2808 virga?
3370 2739 3584 2795 Oculos

1925 2827 2053 2894 ejus
2083 2825 2338 2881 humiles
2360 2825 2496 2896 quis
2527 2825 2821 2896 aspiciens
2852 2841 2975 2880 non
3007 2831 3094 2881 est
3120 2827 3441 2884 meditatus
3464 2847 3583 2884 coa-

1923 2916 2091 2970 lestia
2117 2917 2143 2970 ?
2169 2917 2397 2986 Pauper
2414 2920 2470 2968 et
2499 2915 2764 2969 esuriens
2793 2913 2930 2986 quis
2952 2931 3075 2970 non
3098 2917 3342 2973 satiatus
3363 2919 3583 2989 abejus

1920 3005 2164 3060 recessit
2193 3020 2404 3058 mensa
2426 3004 2452 3058 ?
2483 3007 2743 3058 Mortuus
2771 3004 2876 3075 qui
2907 3021 3016 3058 suo
3037 3006 3290 3062 termino
3311 3023 3434 3062 non
3454 3009 3584 3078 ejus

1921 3095 2162 3149 vestitus
2194 3100 2281 3147 est
2309 3093 2666 3147 vestimento
2699 3095 2725 3147 ?
2752 3093 2944 3147 Hebes
2968 3094 3105 3164 quis
3136 3111 3258 3150 non
3289 3101 3376 3152 est
3404 3098 3482 3153 ab
3513 3115 3584 3154 eo

1921 3184 2109 3239 factus
2139 3183 2381 3253 sapiens
2402 3185 2428 3238 ἰ)
2457 3181 2658 3236 Vidua:
2688 3186 2744 3236 et
2773 3198 3088 3253 pauperes,
3124 3184 3197 3238 ad
3240 3186 3584 3258 exemplum

1919 3274 2094 3328 bonae
2141 3272 2445 3337 Dorcadis,
2501 3287 2624 3326 non
2695 3271 2772 3325 ab
2826 3287 2897 3326 eo
2966 3272 3139 3327 datas
3198 3275 3586 3332 ostenderunt

1919 3367 2116 3417 vestes
2149 3362 2175 3415 ?
2208 3362 2457 3430 (Ach,
2481 3361 2594 3431 39.)
2621 3360 2828 3416 Omnis
2848 3360 3207 3417 miserorum
3238 3363 3579 3433 multitudo,

1921 3467 2041 3506 non
2073 3468 2214 3506 eum
2240 3455 2471 3522 patrem
2529 3454 2586 3504 et
2639 3448 2960 3504 nutricium
2989 3449 3338 3508 inclamavit
3367 3455 3396 3508 ‘I
3443 3454 3588 3509 Inci-

1922 3541 2070 3596 dens
2096 3540 2231 3612 quis
2260 3540 2322 3594 in
2351 3541 2684 3611 peccatum,
2717 3553 2842 3593 non
2870 3538 3052 3607 hujus
3092 3545 3315 3596 sanctas
3367 3559 3582 3599 conso—

1924 3630 2158 3685 lationis
2221 3628 2433 3684 habuit
2508 3627 2796 3682 auxilium
2826 3628 2853 3681 ‘?
2911 3627 3218 3684 Domitans
3262 3630 3398 3702 quis
3457 3648 3580 3704 prae

1925 3719 2100 3775 taedio
2130 3734 2254 3773 non
2281 3722 2367 3772 est
2419 3717 2733 3786 evigilatus
2762 3732 2797 3771 a
2827 3732 3042 3771 somno
3069 3718 3096 3771 ?
3125 3719 3402 3775 Laudans
3446 3723 3582 3794 quis

1926 3813 2112 3864 Deum
2175 3807 2337 3861 hunc
2393 3821 2517 3861 non
2569 3805 2782 3860 habuit
2838 3805 2900 3859 in
2951 3807 3354 3879 exemplum?
3425 3810 3584 3868 Elec-

1924 3912 2248 3968 mosynam
2277 3895 2413 3967 quis
2433 3893 2626 3950 facere
2653 3892 3003 3949 desiderans
3031 3894 3194 3950 hunc
3221 3912 3343 3952 non
3371 3899 3587 3972 accipit.

1923 3987 2305 4053 imitatorem,
2328 3984 2502 4057 quasi
2527 3983 2711 4040 alium
2734 3986 3026 4039 Joannem
3047 3983 3075 4038 ?
3103 3986 3398 4043 Joannem
3449 3987 3584 4045 dico

1923 4075 2390 4132 Alexandrinum
2422 4074 2829 4146 patriarcham
2845 4073 2948 4145 qui
2970 4088 3080 4145 pro
3110 4074 3241 4145 ejus
3263 4076 3583 4149 immensa,

1922 4183 2057 4239 quze
2089 4166 2197 4220 fuit
2228 4181 2407 4237 super
2433 4164 2686 4219 miseros
2716 4167 2772 4218 et
2799 4177 3098 4234 pauperes
3156 4165 3583 4238 misericordia,

1921 4256 2258 4312 misericors
2289 4254 2406 4310 dici
2436 4260 2491 4310 et
2518 4270 2647 4310 esse
2680 4253 2897 4308 meruit
2923 4268 3030 4307 sua
3078 4252 3139 4307 in
3160 4254 3282 4311 vita
3320 4256 3501 4311 simul
3530 4262 3588 4314 et

1919 4347 1982 4403 in
2015 4346 2183 4403 omni
2211 4350 2384 4401 terra.
2417 4345 2732 4400 Enimvero
2790 4359 2913 4398 non
2951 4342 3058 4397 fuit
3084 4343 3137 4398 ei
3186 4344 3395 4400 similis
3450 4352 3588 4418 post

1923 4441 2200 4493 sanctum
2225 4434 2409 4490 David
2447 4435 2522 4489 de
2549 4433 2776 4489 cunctis
2806 4431 3050 4502 regibus
3081 4435 3247 4489 terra:
3276 4434 3338 4490 in
3364 4436 3585 4491 sanctis

1920 4523 2259 4590 virtutibus,
2284 4521 2636 4590 humilitate,
2676 4519 3336 4592 misericordia,pietate
3366 4527 3423 4579 et
3446 4524 3584 4580 cha-

1921 4611 2110 4680 ritate,
2144 4626 2279 4682 qum
2334 4625 2515 4682 super
2539 4625 2750 4666 omnes
2780 4612 2868 4664 est
2915 4612 2968 4663 et
2997 4605 3122 4663 sine
3147 4625 3270 4681 qua
3293 4627 3474 4667 nemo
3495 4611 3584 4668 vi-

1923 4700 2086 4756 debit
2114 4703 2321 4766 Deum,
2354 4701 2498 4772 quia
2520 4715 2759 4772 semper
2776 4695 3025 4754 adhaesit
3069 4699 3322 4756 Domino
3353 4705 3409 4757 et
3461 4715 3585 4759 non

1924 4790 2166 4845 recessit
2196 4807 2230 4845 a
2258 4789 2560 4845 mandatis
2592 4790 2723 4861 ejus
2774 4785 2952 4843 corde
2995 4787 3274 4859 perfecto.
3340 4793 3581 4860 Catera,

1927 4896 2062 4952 quae
2094 4884 2232 4934 sunt
2261 4879 2334 4934 de
2362 4878 2558 4934 δέεαιιὶ
2591 4877 2835 4945 militiis,
2873 4874 3146 4932 hostibus
3176 4878 3441 4947 dev1ctis,
3473 4881 3584 4936 ho-

1926 4968 2176 5024 noribus
2206 4967 2419 5024 virtute
2451 4974 2507 5025 et
2535 4968 2776 5039 ingenio
2821 4964 3145 5038 acquisitis,
3195 4968 3585 5039 historiogra-

1924 5058 2062 5130 phis
2086 5058 2402 5114 scribenda
2453 5057 2872 5130 relinquimus.
2924 5058 3035 5124 Qui
3091 5057 3138 5111 si
3164 5056 3382 5113 fuerint
3429 5063 3485 5114 et
3513 5076 3586 5116 ea

1924 5147 2400 5219 scriptitaverint,
2431 5147 2736 5204 invenient
2758 5149 2819 5204 in
2840 5149 2923 5204 eis
2953 5151 3186 5222 patrem
3212 5151 3270 5202 et
3288 5146 3442 5203 ﬁlios
3469 5147 3588 5205 bel-

1923 5235 1991 5291 lis
2020 5236 2274 5308 inclytos
2305 5242 2361 5292 et
2386 5236 2606 5306 insigni
2646 5237 2835 5306 gloria
2867 5237 3180 5307 gloriosos.
3241 5238 3373 5293 Jam
3423 5253 3586 5296 nunc

1922 5325 2383 5393 monachorum,
2418 5325 2789 5396 clericorum,
2812 5327 3155 5396 viduarum,
3175 5327 3588 5400 orphanorum

1922 5421 1979 5471 et
2001 5415 2274 5471 omnium
2302 5431 2640 5488 pauperum
2669 5416 2879 5474 Christi
2909 5433 2982 5472 ex
3011 5421 3180 5490 parte
3211 5417 3440 5474 habeas
3460 5435 3590 5492 per-

1921 5510 2171 5578 petuum
2202 5505 2356 5573 vale,
2388 5510 2594 5560 noster
2638 5507 3045 5578 prmcordialis
3087 5524 3259 5564 amor
3287 5508 3584 5576 Botberte,

1921 5599 1978 5649 et
2030 5593 2230 5665 profer
2276 5609 2482 5666 preces
2553 5611 2664 5667 pro
2732 5613 2901 5653 servo
2945 5596 3309 5670 propitiabili
3359 5598 3587 5654 Christo

1921 5688 2060 5752 Deo,
2111 5683 2207 5740 cui
2260 5684 2678 5758 complacuisti
2731 5687 3022 5746 laudabili
3076 5689 3199 5746 vita
3244 5692 3301 5745 et
3348 5686 3586 5744 servitio

1915 5778 1973 5832 et
2026 5791 2134 5848 per
2211 5779 2557 5833 sanctarum
2605 5777 2893 5836 virtutum
2946 5779 3158 5836 merita
3209 5772 3591 5849 promeruisti
