  <div class='ocr_page' id='page_1' title='image "/cluster/home/n/w/nwhite01/storage/ocr_20150623/140-141/uc1.31175018559917/1044.png"; bbox 0 0 3892 6388; ppageno 0'>
   <div class='ocr_carea' id='block_1_1' title="bbox 55 291 191 344">
    <p class='ocr_par' dir='ltr' id='par_1_1' title="bbox 55 291 191 344">
     <span class='ocr_line' id='line_1_1' title="bbox 55 291 191 344; baseline -0.007 0"><span class='ocrx_word' id='word_1_1' title='bbox 55 291 191 344; x_wconf 87' lang='lat'>937</span> 
     </span>
    </p>
   </div>
   <div class='ocr_carea' id='block_1_2' title="bbox 1616 281 1976 337">
    <p class='ocr_par' dir='ltr' id='par_1_2' title="bbox 1616 281 1976 337">
     <span class='ocr_line' id='line_1_2' title="bbox 1616 281 1976 337; baseline -0.003 -1"><span class='ocrx_word' id='word_1_2' title='bbox 1616 281 1976 337; x_wconf 74' lang='lat' dir='ltr'>EPISTOL/E</span> 
     </span>
    </p>
   </div>
   <div class='ocr_carea' id='block_1_3' title="bbox 3400 296 3503 349">
    <p class='ocr_par' dir='ltr' id='par_1_3' title="bbox 3400 296 3503 349">
     <span class='ocr_line' id='line_1_3' title="bbox 3400 296 3503 349; baseline 0 -1"><span class='ocrx_word' id='word_1_3' title='bbox 3400 296 3503 349; x_wconf 89' lang='lat'>938</span> 
     </span>
    </p>
   </div>
   <div class='ocr_carea' id='block_1_4' title="bbox 0 386 3504 482">
    <p class='ocr_par' dir='ltr' id='par_1_4' title="bbox 0 386 3504 482">
     <span class='ocr_line' id='line_1_4' title="bbox 0 386 3504 482; baseline 0.001 -17"><span class='ocrx_word' id='word_1_4' title='bbox 0 412 4 439; x_wconf 67' lang='grc' dir='ltr'>ί</span> <span class='ocrx_word' id='word_1_5' title='bbox 45 411 324 481; x_wconf 82' lang='lat' dir='ltr'>sanguis</span> <span class='ocrx_word' id='word_1_6' title='bbox 353 410 545 481; x_wconf 83' lang='lat' dir='ltr'>erupit</span> <span class='ocrx_word' id='word_1_7' title='bbox 576 410 648 465; x_wconf 87' lang='lat' dir='ltr'>de</span> <span class='ocrx_word' id='word_1_8' title='bbox 683 414 856 477; x_wconf 82' lang='lat' dir='ltr'>terra;</span> <span class='ocrx_word' id='word_1_9' title='bbox 890 413 945 465; x_wconf 88' lang='lat' dir='ltr'>et</span> <span class='ocrx_word' id='word_1_10' title='bbox 974 413 1097 464; x_wconf 91' lang='lat' dir='ltr'>tota</span> <span class='ocrx_word' id='word_1_11' title='bbox 1135 409 1229 464; x_wconf 89' lang='lat' dir='ltr'>die</span> <span class='ocrx_word' id='word_1_12' title='bbox 1286 407 1471 471; x_wconf 79' lang='lat' dir='ltr'>ﬂuxit,</span> <span class='ocrx_word' id='word_1_13' title='bbox 1517 386 1737 475; x_wconf 85' lang='lat' dir='ltr'>signiﬁ-</span> <span class='ocrx_word' id='word_1_14' title='bbox 1765 410 1811 461; x_wconf 85' lang='grc' dir='ltr'><strong>Α</strong></span> <span class='ocrx_word' id='word_1_15' title='bbox 1849 410 1904 460; x_wconf 91' lang='lat' dir='ltr'>et</span> <span class='ocrx_word' id='word_1_16' title='bbox 1932 405 2289 464; x_wconf 79' lang='lat' dir='ltr'>refOcillatus</span> <span class='ocrx_word' id='word_1_17' title='bbox 2311 412 2398 465; x_wconf 90' lang='lat' dir='ltr'>est</span> <span class='ocrx_word' id='word_1_18' title='bbox 2422 410 2707 482; x_wconf 89' lang='lat' dir='ltr'>populus.</span> <span class='ocrx_word' id='word_1_19' title='bbox 2736 414 2887 467; x_wconf 85' lang='lat' dir='ltr'>Arca</span> <span class='ocrx_word' id='word_1_20' title='bbox 2908 412 3069 468; x_wconf 92' lang='lat' dir='ltr'>enim</span> <span class='ocrx_word' id='word_1_21' title='bbox 3091 415 3208 469; x_wconf 89' lang='lat' dir='ltr'>Noe</span> <span class='ocrx_word' id='word_1_22' title='bbox 3230 412 3304 468; x_wconf 90' lang='lat' dir='ltr'>de</span> <span class='ocrx_word' id='word_1_23' title='bbox 3327 413 3504 482; x_wconf 84' lang='lat' dir='ltr'>lignis</span> 
     </span>
    </p>
   </div>
   <div class='ocr_carea' id='block_1_5' title="bbox 44 497 1737 556">
    <p class='ocr_par' dir='ltr' id='par_1_5' title="bbox 44 497 1737 556">
     <span class='ocr_line' id='line_1_5' title="bbox 44 497 1737 556; baseline -0.004 -1"><span class='ocrx_word' id='word_1_24' title='bbox 44 518 219 556; x_wconf 85' lang='lat' dir='ltr'>cans</span> <span class='ocrx_word' id='word_1_25' title='bbox 282 500 755 555; x_wconf 83' lang='lat' dir='ltr'>dominationem</span> <span class='ocrx_word' id='word_1_26' title='bbox 818 499 1145 554; x_wconf 81' lang='lat' dir='ltr'>Gothorum</span> <span class='ocrx_word' id='word_1_27' title='bbox 1204 497 1529 552; x_wconf 82' lang='lat' dir='ltr'>sublatam.</span> <span class='ocrx_word' id='word_1_28' title='bbox 1594 499 1737 549; x_wconf 91' lang='lat' dir='ltr'>Item</span> 
     </span>
    </p>
   </div>
   <div class='ocr_carea' id='block_1_6' title="bbox 46 586 1736 659">
    <p class='ocr_par' dir='ltr' id='par_1_6' title="bbox 46 586 1736 659">
     <span class='ocr_line' id='line_1_6' title="bbox 46 586 1736 659; baseline -0.005 -14"><span class='ocrx_word' id='word_1_29' title='bbox 46 589 326 645; x_wconf 87' lang='lat' dir='ltr'>Historia</span> <span class='ocrx_word' id='word_1_30' title='bbox 346 588 880 657; x_wconf 86' lang='lat' dir='ltr'>Longobardorum</span> <span class='ocrx_word' id='word_1_31' title='bbox 910 587 1063 643; x_wconf 89' lang='lat' dir='ltr'>libro</span> <span class='ocrx_word' id='word_1_32' title='bbox 1097 604 1175 653; x_wconf 90' lang='lat' dir='ltr'>III,</span> <span class='ocrx_word' id='word_1_33' title='bbox 1207 603 1339 659; x_wconf 92' lang='lat' dir='ltr'>cap.</span> <span class='ocrx_word' id='word_1_34' title='bbox 1376 590 1407 641; x_wconf 86' lang='lat'><strong>6</strong></span> <span class='ocrx_word' id='word_1_35' title='bbox 1439 603 1450 639; x_wconf 93' lang='lat'>:</span> <span class='ocrx_word' id='word_1_36' title='bbox 1512 608 1537 633; x_wconf 91' lang='grc'><strong>‹‹</strong></span> <span class='ocrx_word' id='word_1_37' title='bbox 1572 586 1736 639; x_wconf 91' lang='lat' dir='ltr'>Tem-</span> 
     </span>
    </p>
   </div>
   <div class='ocr_carea' id='block_1_7' title="bbox 0 666 1740 752">
    <p class='ocr_par' dir='ltr' id='par_1_7' title="bbox 0 666 1740 752">
     <span class='ocr_line' id='line_1_7' title="bbox 0 666 1740 752; baseline -0.005 -17"><span class='ocrx_word' id='word_1_38' title='bbox 0 666 7 678; x_wconf 74' lang='grc'><em>’</em></span> <span class='ocrx_word' id='word_1_39' title='bbox 46 696 219 752; x_wconf 89' lang='lat' dir='ltr'>pore</span> <span class='ocrx_word' id='word_1_40' title='bbox 256 677 645 733; x_wconf 90' lang='lat' dir='ltr'>Theodeberti</span> <span class='ocrx_word' id='word_1_41' title='bbox 668 676 823 745; x_wconf 84' lang='lat' dir='ltr'>regis</span> <span class='ocrx_word' id='word_1_42' title='bbox 848 677 1215 731; x_wconf 83' lang='lat' dir='ltr'>Francorum</span> <span class='ocrx_word' id='word_1_43' title='bbox 1234 676 1477 745; x_wconf 91' lang='lat' dir='ltr'>signum</span> <span class='ocrx_word' id='word_1_44' title='bbox 1501 670 1740 741; x_wconf 87' lang='lat' dir='ltr'>sangui-</span> 
     </span>
    </p>
   </div>
   <div class='ocr_carea' id='block_1_8' title="bbox 48 762 1734 839">
    <p class='ocr_par' dir='ltr' id='par_1_8' title="bbox 48 762 1734 839">
     <span class='ocr_line' id='line_1_8' title="bbox 48 762 1734 839; baseline -0.004 -16"><span class='ocrx_word' id='word_1_45' title='bbox 48 786 213 824; x_wconf 87' lang='lat' dir='ltr'>nem</span> <span class='ocrx_word' id='word_1_46' title='bbox 244 768 303 822; x_wconf 91' lang='lat' dir='ltr'>in</span> <span class='ocrx_word' id='word_1_47' title='bbox 339 767 487 822; x_wconf 73' lang='lat' dir='ltr'>coelo</span> <span class='ocrx_word' id='word_1_48' title='bbox 527 767 824 839; x_wconf 87' lang='lat' dir='ltr'>apparuit,</span> <span class='ocrx_word' id='word_1_49' title='bbox 853 766 1099 838; x_wconf 89' lang='lat' dir='ltr'>etquasi</span> <span class='ocrx_word' id='word_1_50' title='bbox 1128 767 1310 820; x_wconf 75' lang='lat' dir='ltr'>hastae</span> <span class='ocrx_word' id='word_1_51' title='bbox 1368 762 1734 833; x_wconf 64' lang='lat' dir='ltr'>sanguineae.</span> 
     </span>
    </p>
   </div>
   <div class='ocr_carea' id='block_1_9' title="bbox 50 851 1738 930">
    <p class='ocr_par' dir='ltr' id='par_1_9' title="bbox 50 851 1738 930">
     <span class='ocr_line' id='line_1_9' title="bbox 50 851 1738 930; baseline -0.005 -17"><span class='ocrx_word' id='word_1_52' title='bbox 50 862 150 913; x_wconf 87' lang='lat' dir='ltr'>Eo</span> <span class='ocrx_word' id='word_1_53' title='bbox 214 862 483 930; x_wconf 89' lang='lat' dir='ltr'>tempore</span> <span class='ocrx_word' id='word_1_54' title='bbox 551 856 677 928; x_wconf 87' lang='lat' dir='ltr'>ipse</span> <span class='ocrx_word' id='word_1_55' title='bbox 749 854 1192 911; x_wconf 87' lang='lat' dir='ltr'>Theodcbertus</span> <span class='ocrx_word' id='word_1_56' title='bbox 1263 870 1400 909; x_wconf 91' lang='lat' dir='ltr'>cum</span> <span class='ocrx_word' id='word_1_57' title='bbox 1464 851 1738 908; x_wconf 88' lang='lat' dir='ltr'>Lothario</span> 
     </span>
    </p>
   </div>
   <div class='ocr_carea' id='block_1_10' title="bbox 50 941 1737 1014">
    <p class='ocr_par' dir='ltr' id='par_1_10' title="bbox 50 941 1737 1014">
     <span class='ocr_line' id='line_1_10' title="bbox 50 941 1737 1014; baseline -0.005 -12"><span class='ocrx_word' id='word_1_58' title='bbox 50 946 379 1002; x_wconf 76' lang='lat' dir='ltr'>avunculo</span> <span class='ocrx_word' id='word_1_59' title='bbox 414 961 521 999; x_wconf 91' lang='lat' dir='ltr'>suo</span> <span class='ocrx_word' id='word_1_60' title='bbox 552 944 777 999; x_wconf 91' lang='lat' dir='ltr'>bellum</span> <span class='ocrx_word' id='word_1_61' title='bbox 829 959 1064 1012; x_wconf 83' lang='lat' dir='ltr'>gerens,</span> <span class='ocrx_word' id='word_1_62' title='bbox 1098 944 1225 1014; x_wconf 88' lang='lat' dir='ltr'>ejus</span> <span class='ocrx_word' id='word_1_63' title='bbox 1283 941 1608 998; x_wconf 81' lang='lat' dir='ltr'>exercitum</span> <span class='ocrx_word' id='word_1_64' title='bbox 1638 956 1737 1008; x_wconf 86' lang='lat' dir='ltr'>ve-</span> 
     </span>
    </p>
   </div>
   <div class='ocr_carea' id='block_1_11' title="bbox 50 1030 1737 1091">
    <p class='ocr_par' dir='ltr' id='par_1_11' title="bbox 50 1030 1737 1091">
     <span class='ocr_line' id='line_1_11' title="bbox 50 1030 1737 1091; baseline -0.004 0"><span class='ocrx_word' id='word_1_65' title='bbox 50 1037 386 1091; x_wconf 86' lang='lat' dir='ltr'>hementer</span> <span class='ocrx_word' id='word_1_66' title='bbox 419 1033 641 1089; x_wconf 81' lang='lat' dir='ltr'>afﬂixit.</span> <span class='ocrx_word' id='word_1_67' title='bbox 667 1054 693 1082; x_wconf 85' lang='grc'><strong>››</strong></span> <span class='ocrx_word' id='word_1_68' title='bbox 713 1034 856 1088; x_wconf 84' lang='lat' dir='ltr'>Item</span> <span class='ocrx_word' id='word_1_69' title='bbox 876 1033 937 1087; x_wconf 92' lang='lat' dir='ltr'>in</span> <span class='ocrx_word' id='word_1_70' title='bbox 956 1031 1169 1088; x_wconf 88' lang='lat' dir='ltr'>eadem</span> <span class='ocrx_word' id='word_1_71' title='bbox 1202 1030 1451 1087; x_wconf 85' lang='lat' dir='ltr'>Historia</span> <span class='ocrx_word' id='word_1_72' title='bbox 1484 1047 1496 1084; x_wconf 91' lang='lat'><strong>:</strong></span> <span class='ocrx_word' id='word_1_73' title='bbox 1523 1052 1549 1080; x_wconf 81' lang='grc'><em>‹‹</em></span> <span class='ocrx_word' id='word_1_74' title='bbox 1569 1032 1737 1085; x_wconf 87' lang='lat' dir='ltr'>Tem-</span> 
     </span>
    </p>
   </div>
   <div class='ocr_carea' id='block_1_12' title="bbox 52 1117 1737 1197">
    <p class='ocr_par' dir='ltr' id='par_1_12' title="bbox 52 1117 1737 1197">
     <span class='ocr_line' id='line_1_12' title="bbox 52 1117 1737 1197; baseline -0.005 -17"><span class='ocrx_word' id='word_1_75' title='bbox 52 1124 328 1197; x_wconf 87' lang='lat' dir='ltr'>poribus</span> <span class='ocrx_word' id='word_1_76' title='bbox 356 1122 673 1178; x_wconf 84' lang='lat' dir='ltr'>Justiniani</span> <span class='ocrx_word' id='word_1_77' title='bbox 706 1121 766 1176; x_wconf 89' lang='lat' dir='ltr'>in</span> <span class='ocrx_word' id='word_1_78' title='bbox 799 1120 1107 1193; x_wconf 86' lang='lat' dir='ltr'>provincia</span> <span class='ocrx_word' id='word_1_79' title='bbox 1155 1119 1457 1193; x_wconf 63' lang='lat' dir='ltr'>praecipue</span> <span class='ocrx_word' id='word_1_80' title='bbox 1490 1117 1737 1188; x_wconf 69' lang='lat' dir='ltr'>Liguriae</span> 
     </span>
    </p>
   </div>
   <div class='ocr_carea' id='block_1_13' title="bbox 55 1208 1741 1283">
    <p class='ocr_par' dir='ltr' id='par_1_13' title="bbox 55 1208 1741 1283">
     <span class='ocr_line' id='line_1_13' title="bbox 55 1208 1741 1283; baseline -0.005 -15"><span class='ocrx_word' id='word_1_81' title='bbox 55 1212 346 1269; x_wconf 83' lang='lat' dir='ltr'>maxima</span> <span class='ocrx_word' id='word_1_82' title='bbox 368 1210 702 1283; x_wconf 83' lang='lat' dir='ltr'>pestilentia</span> <span class='ocrx_word' id='word_1_83' title='bbox 731 1215 937 1265; x_wconf 81' lang='lat' dir='ltr'>exorta</span> <span class='ocrx_word' id='word_1_84' title='bbox 967 1214 1071 1265; x_wconf 85' lang='lat' dir='ltr'>est.</span> <span class='ocrx_word' id='word_1_85' title='bbox 1109 1208 1314 1266; x_wconf 87' lang='lat' dir='ltr'>Subito</span> <span class='ocrx_word' id='word_1_86' title='bbox 1341 1208 1500 1262; x_wconf 89' lang='lat' dir='ltr'>enim</span> <span class='ocrx_word' id='word_1_87' title='bbox 1557 1222 1741 1279; x_wconf 84' lang='lat' dir='ltr'>appa-</span> 
     </span>
    </p>
   </div>
   <div class='ocr_carea' id='block_1_14' title="bbox 54 1295 1739 1372">
    <p class='ocr_par' dir='ltr' id='par_1_14' title="bbox 54 1295 1739 1372">
     <span class='ocr_line' id='line_1_14' title="bbox 54 1295 1739 1372; baseline -0.005 -16"><span class='ocrx_word' id='word_1_88' title='bbox 54 1302 292 1356; x_wconf 90' lang='lat' dir='ltr'>rebant</span> <span class='ocrx_word' id='word_1_89' title='bbox 315 1299 600 1372; x_wconf 64' lang='lat' dir='ltr'>quasdam</span> <span class='ocrx_word' id='word_1_90' title='bbox 628 1298 937 1367; x_wconf 79' lang='lat' dir='ltr'>signacula</span> <span class='ocrx_word' id='word_1_91' title='bbox 968 1314 1072 1369; x_wconf 86' lang='lat' dir='ltr'>per</span> <span class='ocrx_word' id='word_1_92' title='bbox 1118 1296 1353 1365; x_wconf 90' lang='lat' dir='ltr'>domos,</span> <span class='ocrx_word' id='word_1_93' title='bbox 1388 1295 1558 1362; x_wconf 90' lang='lat' dir='ltr'>ostia,</span> <span class='ocrx_word' id='word_1_94' title='bbox 1590 1310 1739 1349; x_wconf 89' lang='lat' dir='ltr'>vasa</span> 
     </span>
    </p>
   </div>
   <div class='ocr_carea' id='block_1_15' title="bbox 58 1384 1739 1460">
    <p class='ocr_par' dir='ltr' id='par_1_15' title="bbox 58 1384 1739 1460">
     <span class='ocr_line' id='line_1_15' title="bbox 58 1384 1739 1460; baseline -0.004 -15"><span class='ocrx_word' id='word_1_95' title='bbox 58 1391 167 1445; x_wconf 85' lang='lat' dir='ltr'>vel</span> <span class='ocrx_word' id='word_1_96' title='bbox 201 1390 572 1444; x_wconf 85' lang='lat' dir='ltr'>vestimenta.</span> <span class='ocrx_word' id='word_1_97' title='bbox 606 1389 746 1449; x_wconf 74' lang='lat' dir='ltr'>Quae</span> <span class='ocrx_word' id='word_1_98' title='bbox 768 1387 817 1441; x_wconf 89' lang='lat' dir='ltr'>si</span> <span class='ocrx_word' id='word_1_99' title='bbox 848 1387 982 1460; x_wconf 85' lang='lat' dir='ltr'>quis</span> <span class='ocrx_word' id='word_1_100' title='bbox 1005 1386 1288 1442; x_wconf 89' lang='lat' dir='ltr'>voluisset</span> <span class='ocrx_word' id='word_1_101' title='bbox 1316 1384 1578 1451; x_wconf 87' lang='lat' dir='ltr'>abluere,</span> <span class='ocrx_word' id='word_1_102' title='bbox 1613 1399 1739 1439; x_wconf 89' lang='lat' dir='ltr'>ma-</span> 
     </span>
    </p>
   </div>
   <div class='ocr_carea' id='block_1_16' title="bbox 64 1477 1741 1550">
    <p class='ocr_par' dir='ltr' id='par_1_16' title="bbox 64 1477 1741 1550">
     <span class='ocr_line' id='line_1_16' title="bbox 64 1477 1741 1550; baseline -0.004 -16"><span class='ocrx_word' id='word_1_103' title='bbox 64 1480 168 1549; x_wconf 84' lang='lat' dir='ltr'>gis</span> <span class='ocrx_word' id='word_1_104' title='bbox 198 1477 517 1550; x_wconf 82' lang='lat' dir='ltr'>magisque</span> <span class='ocrx_word' id='word_1_105' title='bbox 546 1477 937 1549; x_wconf 84' lang='lat' dir='ltr'>apparebant.</span> <span class='ocrx_word' id='word_1_106' title='bbox 972 1480 1107 1531; x_wconf 84' lang='lat' dir='ltr'>Post</span> <span class='ocrx_word' id='word_1_107' title='bbox 1161 1492 1390 1532; x_wconf 90' lang='lat' dir='ltr'>annum</span> <span class='ocrx_word' id='word_1_108' title='bbox 1450 1490 1589 1529; x_wconf 88' lang='lat' dir='ltr'>vero</span> <span class='ocrx_word' id='word_1_109' title='bbox 1646 1490 1741 1528; x_wconf 77' lang='lat' dir='ltr'>ex-</span> 
     </span>
    </p>
   </div>
   <div class='ocr_carea' id='block_1_17' title="bbox 0 1564 1739 1655">
    <p class='ocr_par' dir='ltr' id='par_1_17' title="bbox 0 1564 1739 1655">
     <span class='ocr_line' id='line_1_17' title="bbox 0 1564 1739 1655; baseline -0.003 -31"><span class='ocrx_word' id='word_1_110' title='bbox 0 1638 2 1655; x_wconf 29' lang='lat'><em>.</em></span> <span class='ocrx_word' id='word_1_111' title='bbox 60 1570 664 1643; x_wconf 81' lang='lat' dir='ltr'>pletum,coeperunt</span> <span class='ocrx_word' id='word_1_112' title='bbox 700 1567 865 1622; x_wconf 88' lang='lat' dir='ltr'>nasci</span> <span class='ocrx_word' id='word_1_113' title='bbox 906 1567 966 1621; x_wconf 90' lang='lat' dir='ltr'>in</span> <span class='ocrx_word' id='word_1_114' title='bbox 1018 1565 1363 1636; x_wconf 86' lang='lat' dir='ltr'>inguinibus</span> <span class='ocrx_word' id='word_1_115' title='bbox 1422 1564 1739 1619; x_wconf 88' lang='lat' dir='ltr'>hominum</span> 
     </span>
    </p>
   </div>
   <div class='ocr_carea' id='block_1_18' title="bbox 62 1652 1741 1724">
    <p class='ocr_par' dir='ltr' id='par_1_18' title="bbox 62 1652 1741 1724">
     <span class='ocr_line' id='line_1_18' title="bbox 62 1652 1741 1724; baseline -0.004 -11"><span class='ocrx_word' id='word_1_116' title='bbox 62 1657 172 1713; x_wconf 84' lang='lat' dir='ltr'>vel</span> <span class='ocrx_word' id='word_1_117' title='bbox 206 1657 266 1711; x_wconf 91' lang='lat' dir='ltr'>in</span> <span class='ocrx_word' id='word_1_118' title='bbox 290 1656 419 1712; x_wconf 90' lang='lat' dir='ltr'>aliis</span> <span class='ocrx_word' id='word_1_119' title='bbox 451 1654 947 1710; x_wconf 89' lang='lat' dir='ltr'>debilitatioribus</span> <span class='ocrx_word' id='word_1_120' title='bbox 978 1654 1122 1709; x_wconf 91' lang='lat' dir='ltr'>locis</span> <span class='ocrx_word' id='word_1_121' title='bbox 1149 1652 1449 1724; x_wconf 62' lang='lat' dir='ltr'>glandulm</span> <span class='ocrx_word' id='word_1_122' title='bbox 1507 1652 1566 1707; x_wconf 91' lang='lat' dir='ltr'>in</span> <span class='ocrx_word' id='word_1_123' title='bbox 1616 1668 1741 1707; x_wconf 88' lang='lat' dir='ltr'>mo-</span> 
     </span>
    </p>
   </div>
   <div class='ocr_carea' id='block_1_19' title="bbox 1847 494 3504 576">
    <p class='ocr_par' dir='ltr' id='par_1_19' title="bbox 1847 494 3504 576">
     <span class='ocr_line' id='line_1_19' title="bbox 1847 494 3504 576; baseline 0.005 -26"><span class='ocrx_word' id='word_1_124' title='bbox 1847 494 2135 552; x_wconf 84' lang='lat' dir='ltr'>fabricata</span> <span class='ocrx_word' id='word_1_125' title='bbox 2161 498 2307 570; x_wconf 90' lang='lat' dir='ltr'>quid</span> <span class='ocrx_word' id='word_1_126' title='bbox 2339 499 2632 568; x_wconf 89' lang='lat' dir='ltr'>signiﬁcet</span> <span class='ocrx_word' id='word_1_127' title='bbox 2660 516 2783 555; x_wconf 91' lang='lat' dir='ltr'>non</span> <span class='ocrx_word' id='word_1_128' title='bbox 2813 501 3118 570; x_wconf 83' lang='lat' dir='ltr'>ignoratis.</span> <span class='ocrx_word' id='word_1_129' title='bbox 3164 506 3228 558; x_wconf 94' lang='lat' dir='ltr'>In</span> <span class='ocrx_word' id='word_1_130' title='bbox 3282 503 3504 576; x_wconf 90' lang='lat' dir='ltr'>quibus</span> 
     </span>
    </p>
   </div>
   <div class='ocr_carea' id='block_1_20' title="bbox 1847 586 3507 661">
    <p class='ocr_par' dir='ltr' id='par_1_20' title="bbox 1847 586 3507 661">
     <span class='ocr_line' id='line_1_20' title="bbox 1847 586 3507 661; baseline 0.005 -21"><span class='ocrx_word' id='word_1_131' title='bbox 1847 586 2131 642; x_wconf 89' lang='lat' dir='ltr'>omnibus</span> <span class='ocrx_word' id='word_1_132' title='bbox 2160 604 2266 661; x_wconf 90' lang='lat' dir='ltr'>per</span> <span class='ocrx_word' id='word_1_133' title='bbox 2294 588 2525 657; x_wconf 86' lang='lat' dir='ltr'>lignum</span> <span class='ocrx_word' id='word_1_134' title='bbox 2550 605 2675 645; x_wconf 89' lang='lat' dir='ltr'>non</span> <span class='ocrx_word' id='word_1_135' title='bbox 2696 590 2807 645; x_wconf 88' lang='lat' dir='ltr'>nisi</span> <span class='ocrx_word' id='word_1_136' title='bbox 2836 591 3309 648; x_wconf 88' lang='lat' dir='ltr'>misericordiam</span> <span class='ocrx_word' id='word_1_137' title='bbox 3332 610 3507 650; x_wconf 88' lang='lat' dir='ltr'>suam</span> 
     </span>
    </p>
   </div>
   <div class='ocr_carea' id='block_1_21' title="bbox 1847 676 3507 752">
    <p class='ocr_par' dir='ltr' id='par_1_21' title="bbox 1847 676 3507 752">
     <span class='ocr_line' id='line_1_21' title="bbox 1847 676 3507 752; baseline 0.006 -23"><span class='ocrx_word' id='word_1_138' title='bbox 1847 676 2136 731; x_wconf 91' lang='lat' dir='ltr'>Dominus</span> <span class='ocrx_word' id='word_1_139' title='bbox 2165 682 2446 749; x_wconf 85' lang='lat' dir='ltr'>operatus</span> <span class='ocrx_word' id='word_1_140' title='bbox 2472 682 2575 734; x_wconf 90' lang='lat' dir='ltr'>est.</span> <span class='ocrx_word' id='word_1_141' title='bbox 2601 679 2748 743; x_wconf 89' lang='lat' dir='ltr'>Quia</span> <span class='ocrx_word' id='word_1_142' title='bbox 2768 680 2947 750; x_wconf 85' lang='lat' dir='ltr'>igitur</span> <span class='ocrx_word' id='word_1_143' title='bbox 2967 679 3041 735; x_wconf 91' lang='lat' dir='ltr'>de</span> <span class='ocrx_word' id='word_1_144' title='bbox 3069 680 3234 751; x_wconf 91' lang='lat' dir='ltr'>ligno</span> <span class='ocrx_word' id='word_1_145' title='bbox 3260 683 3507 752; x_wconf 88' lang='lat' dir='ltr'>sanguis</span> 
     </span>
    </p>
   </div>
   <div class='ocr_carea' id='block_1_22' title="bbox 1845 762 3508 840">
    <p class='ocr_par' dir='ltr' id='par_1_22' title="bbox 1845 762 3508 840">
     <span class='ocr_line' id='line_1_22' title="bbox 1845 762 3508 840; baseline 0.006 -22"><span class='ocrx_word' id='word_1_146' title='bbox 1845 762 2182 833; x_wconf 85' lang='lat' dir='ltr'>lavabatur,</span> <span class='ocrx_word' id='word_1_147' title='bbox 2215 767 2472 822; x_wconf 87' lang='lat' dir='ltr'>creditur</span> <span class='ocrx_word' id='word_1_148' title='bbox 2500 767 2666 840; x_wconf 91' lang='lat' dir='ltr'>quod</span> <span class='ocrx_word' id='word_1_149' title='bbox 2685 784 2793 840; x_wconf 91' lang='lat' dir='ltr'>per</span> <span class='ocrx_word' id='word_1_150' title='bbox 2821 769 3233 840; x_wconf 68' lang='lat' dir='ltr'>paenitentiam</span> <span class='ocrx_word' id='word_1_151' title='bbox 3264 776 3321 827; x_wconf 90' lang='lat' dir='ltr'>et</span> <span class='ocrx_word' id='word_1_152' title='bbox 3361 772 3508 829; x_wconf 83' lang='lat' dir='ltr'>elee—</span> 
     </span>
    </p>
   </div>
   <div class='ocr_carea' id='block_1_23' title="bbox 1846 857 3507 935">
    <p class='ocr_par' dir='ltr' id='par_1_23' title="bbox 1846 857 3507 935">
     <span class='ocr_line' id='line_1_23' title="bbox 1846 857 3507 935; baseline 0.005 -26"><span class='ocrx_word' id='word_1_153' title='bbox 1846 871 2189 927; x_wconf 78' lang='lat' dir='ltr'>mosynam,</span> <span class='ocrx_word' id='word_1_154' title='bbox 2233 861 2288 912; x_wconf 90' lang='lat' dir='ltr'>et</span> <span class='ocrx_word' id='word_1_155' title='bbox 2345 863 2587 913; x_wconf 67' lang='lat' dir='ltr'>czeteros</span> <span class='ocrx_word' id='word_1_156' title='bbox 2640 857 2865 915; x_wconf 91' lang='lat' dir='ltr'>fructus</span> <span class='ocrx_word' id='word_1_157' title='bbox 2924 860 3366 930; x_wconf 76' lang='lat' dir='ltr'>misericordiae,</span> <span class='ocrx_word' id='word_1_158' title='bbox 3400 862 3507 935; x_wconf 90' lang='lat' dir='ltr'>qui</span> 
     </span>
    </p>
   </div>
   <div class='ocr_carea' id='block_1_24' title="bbox 1844 943 3506 1017">
    <p class='ocr_par' dir='ltr' id='par_1_24' title="bbox 1844 943 3506 1017">
     <span class='ocr_line' id='line_1_24' title="bbox 1844 943 3506 1017; baseline 0.005 -19"><span class='ocrx_word' id='word_1_159' title='bbox 1844 943 1999 999; x_wconf 89' lang='lat' dir='ltr'>intra</span> <span class='ocrx_word' id='word_1_160' title='bbox 2022 944 2219 1001; x_wconf 90' lang='lat' dir='ltr'>sinum</span> <span class='ocrx_word' id='word_1_161' title='bbox 2244 947 2452 1002; x_wconf 87' lang='lat' dir='ltr'>matris</span> <span class='ocrx_word' id='word_1_162' title='bbox 2482 947 2748 1003; x_wconf 81' lang='lat' dir='ltr'>Ecclesiae</span> <span class='ocrx_word' id='word_1_163' title='bbox 2804 955 3171 1017; x_wconf 86' lang='lat' dir='ltr'>exercentur,</span> <span class='ocrx_word' id='word_1_164' title='bbox 3222 952 3506 1007; x_wconf 86' lang='lat' dir='ltr'>severitas</span> 
     </span>
    </p>
   </div>
   <div class='ocr_carea' id='block_1_25' title="bbox 1845 1031 3507 1112">
    <p class='ocr_par' dir='ltr' id='par_1_25' title="bbox 1845 1031 3507 1112">
     <span class='ocr_line' id='line_1_25' title="bbox 1845 1031 3507 1112; baseline 0.006 -25"><span class='ocrx_word' id='word_1_165' title='bbox 1845 1038 1901 1087; x_wconf 93' lang='lat' dir='ltr'>et</span> <span class='ocrx_word' id='word_1_166' title='bbox 1924 1031 2256 1103; x_wconf 82' lang='lat' dir='ltr'>indignatio</span> <span class='ocrx_word' id='word_1_167' title='bbox 2283 1035 2425 1105; x_wconf 91' lang='lat' dir='ltr'>justi</span> <span class='ocrx_word' id='word_1_168' title='bbox 2454 1034 2675 1092; x_wconf 81' lang='lat' dir='ltr'>Judicis</span> <span class='ocrx_word' id='word_1_169' title='bbox 2708 1037 2826 1104; x_wconf 92' lang='lat' dir='ltr'>Dei,</span> <span class='ocrx_word' id='word_1_170' title='bbox 2877 1055 3013 1110; x_wconf 66' lang='lat' dir='ltr'>quae</span> <span class='ocrx_word' id='word_1_171' title='bbox 3044 1040 3253 1096; x_wconf 90' lang='lat' dir='ltr'>merito</span> <span class='ocrx_word' id='word_1_172' title='bbox 3298 1055 3507 1112; x_wconf 89' lang='lat' dir='ltr'>pecca-</span> 
     </span>
    </p>
   </div>
   <div class='ocr_carea' id='block_1_26' title="bbox 1848 1122 3508 1203">
    <p class='ocr_par' dir='ltr' id='par_1_26' title="bbox 1848 1122 3508 1203">
     <span class='ocr_line' id='line_1_26' title="bbox 1848 1122 3508 1203; baseline 0.006 -26"><span class='ocrx_word' id='word_1_173' title='bbox 1848 1122 2075 1178; x_wconf 87' lang='lat' dir='ltr'>toribus</span> <span class='ocrx_word' id='word_1_174' title='bbox 2108 1123 2377 1191; x_wconf 87' lang='lat' dir='ltr'>debetur,</span> <span class='ocrx_word' id='word_1_175' title='bbox 2410 1130 2463 1180; x_wconf 92' lang='lat' dir='ltr'>et</span> <span class='ocrx_word' id='word_1_176' title='bbox 2487 1126 2565 1181; x_wconf 89' lang='lat' dir='ltr'>ad</span> <span class='ocrx_word' id='word_1_177' title='bbox 2592 1127 3066 1185; x_wconf 90' lang='lat' dir='ltr'>misericordiam</span> <span class='ocrx_word' id='word_1_178' title='bbox 3089 1129 3279 1203; x_wconf 89' lang='lat' dir='ltr'>possit</span> <span class='ocrx_word' id='word_1_179' title='bbox 3307 1130 3508 1187; x_wconf 84' lang='lat' dir='ltr'>reflec-</span> 
     </span>
    </p>
   </div>
   <div class='ocr_carea' id='block_1_27' title="bbox 1848 1211 3505 1291">
    <p class='ocr_par' dir='ltr' id='par_1_27' title="bbox 1848 1211 3505 1291">
     <span class='ocr_line' id='line_1_27' title="bbox 1848 1211 3505 1291; baseline 0.007 -26"><span class='ocrx_word' id='word_1_180' title='bbox 1848 1211 1905 1266; x_wconf 89' lang='lat' dir='ltr'>ti.</span> <span class='ocrx_word' id='word_1_181' title='bbox 1933 1212 2254 1269; x_wconf 86' lang='lat' dir='ltr'>Misericors</span> <span class='ocrx_word' id='word_1_182' title='bbox 2281 1218 2372 1270; x_wconf 90' lang='lat' dir='ltr'>est</span> <span class='ocrx_word' id='word_1_183' title='bbox 2397 1215 2556 1269; x_wconf 89' lang='lat' dir='ltr'>enim</span> <span class='ocrx_word' id='word_1_184' title='bbox 2587 1217 2875 1272; x_wconf 89' lang='lat' dir='ltr'>Dominus</span> <span class='ocrx_word' id='word_1_185' title='bbox 2922 1218 3095 1291; x_wconf 88' lang='lat' dir='ltr'>adeo,</span> <span class='ocrx_word' id='word_1_186' title='bbox 3149 1220 3301 1275; x_wconf 90' lang='lat' dir='ltr'>sicut</span> <span class='ocrx_word' id='word_1_187' title='bbox 3349 1220 3505 1276; x_wconf 83' lang='lat' dir='ltr'>Psal-</span> 
     </span>
    </p>
   </div>
   <div class='ocr_carea' id='block_1_28' title="bbox 1847 1301 3501 1374">
    <p class='ocr_par' dir='ltr' id='par_1_28' title="bbox 1847 1301 3501 1374">
     <span class='ocr_line' id='line_1_28' title="bbox 1847 1301 3501 1374; baseline 0.007 -20"><span class='ocrx_word' id='word_1_188' title='bbox 1847 1301 2021 1357; x_wconf 88' lang='lat' dir='ltr'>mista</span> <span class='ocrx_word' id='word_1_189' title='bbox 2043 1301 2324 1373; x_wconf 89' lang='lat' dir='ltr'>loquitur,</span> <span class='ocrx_word' id='word_1_190' title='bbox 2360 1309 2423 1358; x_wconf 82' lang='lat' dir='ltr'>ut</span> <span class='ocrx_word' id='word_1_191' title='bbox 2446 1320 2565 1359; x_wconf 86' lang='lat' dir='ltr'>non</span> <span class='ocrx_word' id='word_1_192' title='bbox 2618 1306 2807 1361; x_wconf 86' lang='lat' dir='ltr'>solum</span> <span class='ocrx_word' id='word_1_193' title='bbox 2841 1307 3124 1374; x_wconf 76' lang='lat' dir='ltr'>homines,</span> <span class='ocrx_word' id='word_1_194' title='bbox 3168 1309 3272 1364; x_wconf 86' lang='lat' dir='ltr'>sed</span> <span class='ocrx_word' id='word_1_195' title='bbox 3322 1311 3501 1365; x_wconf 78' lang='lat' dir='ltr'>etiam</span> 
     </span>
    </p>
   </div>
   <div class='ocr_carea' id='block_1_29' title="bbox 1836 1392 3502 1471">
    <p class='ocr_par' dir='ltr' id='par_1_29' title="bbox 1836 1392 3502 1471">
     <span class='ocr_line' id='line_1_29' title="bbox 1836 1392 3502 1471; baseline 0.007 -28"><span class='ocrx_word' id='word_1_196' title='bbox 1836 1392 2114 1459; x_wconf 79' lang='lat' dir='ltr'>jumenta</span> <span class='ocrx_word' id='word_1_197' title='bbox 2136 1393 2345 1447; x_wconf 73' lang='lat' dir='ltr'>solvet.</span> <span class='ocrx_word' id='word_1_198' title='bbox 2380 1392 2767 1465; x_wconf 87' lang='lat' dir='ltr'>Omnipotens</span> <span class='ocrx_word' id='word_1_199' title='bbox 2783 1398 2934 1450; x_wconf 90' lang='lat' dir='ltr'>Deus</span> <span class='ocrx_word' id='word_1_200' title='bbox 2950 1394 3156 1453; x_wconf 89' lang='lat' dir='ltr'>dilatet</span> <span class='ocrx_word' id='word_1_201' title='bbox 3179 1397 3502 1471; x_wconf 90' lang='lat' dir='ltr'>imperium</span> 
     </span>
    </p>
   </div>
   <div class='ocr_carea' id='block_1_30' title="bbox 1845 1481 3505 1559">
    <p class='ocr_par' dir='ltr' id='par_1_30' title="bbox 1845 1481 3505 1559">
     <span class='ocr_line' id='line_1_30' title="bbox 1845 1481 3505 1559; baseline 0.007 -26"><span class='ocrx_word' id='word_1_202' title='bbox 1845 1483 2128 1547; x_wconf 84' lang='lat' dir='ltr'>vestrum,</span> <span class='ocrx_word' id='word_1_203' title='bbox 2176 1486 2232 1535; x_wconf 90' lang='lat' dir='ltr'>et</span> <span class='ocrx_word' id='word_1_204' title='bbox 2284 1481 2528 1538; x_wconf 82' lang='lat' dir='ltr'>dextera</span> <span class='ocrx_word' id='word_1_205' title='bbox 2572 1500 2679 1538; x_wconf 85' lang='lat' dir='ltr'>vos</span> <span class='ocrx_word' id='word_1_206' title='bbox 2732 1500 2967 1557; x_wconf 88' lang='lat' dir='ltr'>semper</span> <span class='ocrx_word' id='word_1_207' title='bbox 3023 1491 3315 1559; x_wconf 87' lang='lat' dir='ltr'>protegat,</span> <span class='ocrx_word' id='word_1_208' title='bbox 3345 1493 3401 1544; x_wconf 90' lang='lat' dir='ltr'>et</span> <span class='ocrx_word' id='word_1_209' title='bbox 3426 1489 3505 1543; x_wconf 87' lang='lat' dir='ltr'>ad</span> 
     </span>
    </p>
   </div>
   <div class='ocr_carea' id='block_1_31' title="bbox 1846 1571 3502 1647">
    <p class='ocr_par' dir='ltr' id='par_1_31' title="bbox 1846 1571 3502 1647">
     <span class='ocr_line' id='line_1_31' title="bbox 1846 1571 3502 1647; baseline 0.007 -25"><span class='ocrx_word' id='word_1_210' title='bbox 1846 1584 2060 1640; x_wconf 90' lang='lat' dir='ltr'>pacem</span> <span class='ocrx_word' id='word_1_211' title='bbox 2111 1575 2328 1625; x_wconf 66' lang='lat' dir='ltr'>sanctae</span> <span class='ocrx_word' id='word_1_212' title='bbox 2390 1571 2660 1627; x_wconf 79' lang='lat' dir='ltr'>Ecclesiae</span> <span class='ocrx_word' id='word_1_213' title='bbox 2714 1572 2896 1628; x_wconf 89' lang='lat' dir='ltr'>vitam</span> <span class='ocrx_word' id='word_1_214' title='bbox 2946 1574 3114 1630; x_wconf 84' lang='lat' dir='ltr'>vobis</span> <span class='ocrx_word' id='word_1_215' title='bbox 3162 1575 3502 1647; x_wconf 71' lang='lat' dir='ltr'>longaavam</span> 
     </span>
    </p>
   </div>
   <div class='ocr_carea' id='block_1_32' title="bbox 1844 1657 3501 1723">
    <p class='ocr_par' dir='ltr' id='par_1_32' title="bbox 1844 1657 3501 1723">
     <span class='ocr_line' id='line_1_32' title="bbox 1844 1657 3501 1723; baseline 0.006 -11"><span class='ocrx_word' id='word_1_216' title='bbox 1844 1657 2087 1723; x_wconf 89' lang='lat' dir='ltr'>tribuat,</span> <span class='ocrx_word' id='word_1_217' title='bbox 2134 1663 2191 1714; x_wconf 90' lang='lat' dir='ltr'>et</span> <span class='ocrx_word' id='word_1_218' title='bbox 2243 1676 2353 1715; x_wconf 93' lang='lat' dir='ltr'>sua</span> <span class='ocrx_word' id='word_1_219' title='bbox 2407 1677 2515 1717; x_wconf 91' lang='lat' dir='ltr'>vos</span> <span class='ocrx_word' id='word_1_220' title='bbox 2586 1661 3002 1719; x_wconf 78' lang='lat' dir='ltr'>benedictione</span> <span class='ocrx_word' id='word_1_221' title='bbox 3084 1665 3145 1721; x_wconf 92' lang='lat' dir='ltr'>in</span> <span class='ocrx_word' id='word_1_222' title='bbox 3217 1666 3501 1722; x_wconf 88' lang='lat' dir='ltr'>omnibus</span> 
     </span>
    </p>
   </div>
   <div class='ocr_carea' id='block_1_33' title="bbox 61 1740 2114 1821">
    <p class='ocr_par' dir='ltr' id='par_1_33' title="bbox 61 1740 2114 1821">
     <span class='ocr_line' id='line_1_33' title="bbox 61 1740 2114 1821; baseline -0.003 -19"><span class='ocrx_word' id='word_1_223' title='bbox 61 1748 229 1803; x_wconf 85' lang='lat' dir='ltr'>dum</span> <span class='ocrx_word' id='word_1_224' title='bbox 262 1745 432 1801; x_wconf 89' lang='lat' dir='ltr'>nucis</span> <span class='ocrx_word' id='word_1_225' title='bbox 458 1760 563 1799; x_wconf 90' lang='lat' dir='ltr'>seu</span> <span class='ocrx_word' id='word_1_226' title='bbox 601 1743 844 1815; x_wconf 86' lang='lat' dir='ltr'>dactyli,</span> <span class='ocrx_word' id='word_1_227' title='bbox 872 1761 1025 1816; x_wconf 89' lang='lat' dir='ltr'>quas</span> <span class='ocrx_word' id='word_1_228' title='bbox 1058 1760 1199 1798; x_wconf 84' lang='lat' dir='ltr'>mox</span> <span class='ocrx_word' id='word_1_229' title='bbox 1240 1742 1602 1814; x_wconf 89' lang='lat' dir='ltr'>sequebatur</span> <span class='ocrx_word' id='word_1_230' title='bbox 1653 1740 1738 1796; x_wconf 88' lang='lat' dir='ltr'>fe-</span> <span class='ocrx_word' id='word_1_231' title='bbox 1767 1767 1806 1821; x_wconf 78' lang='grc' dir='ltr'><strong>Β</strong></span> <span class='ocrx_word' id='word_1_232' title='bbox 1847 1752 2114 1804; x_wconf 73' lang='lat' dir='ltr'>exornet,</span> 
     </span>
    </p>
   </div>
   <div class='ocr_carea' id='block_1_34' title="bbox 60 1831 1738 1901">
    <p class='ocr_par' dir='ltr' id='par_1_34' title="bbox 60 1831 1738 1901">
     <span class='ocr_line' id='line_1_34' title="bbox 60 1831 1738 1901; baseline -0.004 -9"><span class='ocrx_word' id='word_1_233' title='bbox 60 1836 282 1893; x_wconf 84' lang='lat' dir='ltr'>brium</span> <span class='ocrx_word' id='word_1_234' title='bbox 341 1833 728 1890; x_wconf 88' lang='lat' dir='ltr'>intolerabilis</span> <span class='ocrx_word' id='word_1_235' title='bbox 761 1839 959 1901; x_wconf 68' lang='lat' dir='ltr'>testus,</span> <span class='ocrx_word' id='word_1_236' title='bbox 993 1834 1075 1889; x_wconf 90' lang='lat' dir='ltr'>ita</span> <span class='ocrx_word' id='word_1_237' title='bbox 1122 1837 1182 1888; x_wconf 93' lang='lat' dir='ltr'>ut</span> <span class='ocrx_word' id='word_1_238' title='bbox 1220 1832 1281 1888; x_wconf 91' lang='lat' dir='ltr'>in</span> <span class='ocrx_word' id='word_1_239' title='bbox 1331 1831 1528 1887; x_wconf 87' lang='lat' dir='ltr'>triduo</span> <span class='ocrx_word' id='word_1_240' title='bbox 1555 1832 1738 1887; x_wconf 91' lang='lat' dir='ltr'>homo</span> 
     </span>
    </p>
   </div>
   <div class='ocr_carea' id='block_1_35' title="bbox 61 1921 1737 1995">
    <p class='ocr_par' dir='ltr' id='par_1_35' title="bbox 61 1921 1737 1995">
     <span class='ocr_line' id='line_1_35' title="bbox 61 1921 1737 1995; baseline -0.005 -12"><span class='ocrx_word' id='word_1_241' title='bbox 61 1926 575 1995; x_wconf 83' lang='lat' dir='ltr'>exstingueretur.</span> <span class='ocrx_word' id='word_1_242' title='bbox 612 1923 711 1981; x_wconf 91' lang='lat' dir='ltr'>Sin</span> <span class='ocrx_word' id='word_1_243' title='bbox 743 1940 880 1979; x_wconf 89' lang='lat' dir='ltr'>vero</span> <span class='ocrx_word' id='word_1_244' title='bbox 933 1922 1148 1995; x_wconf 85' lang='lat' dir='ltr'>aliquis</span> <span class='ocrx_word' id='word_1_245' title='bbox 1194 1921 1459 1978; x_wconf 89' lang='lat' dir='ltr'>triduum</span> <span class='ocrx_word' id='word_1_246' title='bbox 1510 1925 1737 1977; x_wconf 86' lang='lat' dir='ltr'>transe-</span> 
     </span>
    </p>
   </div>
   <div class='ocr_carea' id='block_1_36' title="bbox 62 2010 1738 2086">
    <p class='ocr_par' dir='ltr' id='par_1_36' title="bbox 62 2010 1738 2086">
     <span class='ocr_line' id='line_1_36' title="bbox 62 2010 1738 2086; baseline -0.004 -15"><span class='ocrx_word' id='word_1_247' title='bbox 62 2017 279 2086; x_wconf 89' lang='lat' dir='ltr'>gisset,</span> <span class='ocrx_word' id='word_1_248' title='bbox 313 2012 577 2070; x_wconf 91' lang='lat' dir='ltr'>habebat</span> <span class='ocrx_word' id='word_1_249' title='bbox 606 2029 776 2085; x_wconf 89' lang='lat' dir='ltr'>spem</span> <span class='ocrx_word' id='word_1_250' title='bbox 806 2012 1063 2068; x_wconf 79' lang='lat' dir='ltr'>vivendi.</span> <span class='ocrx_word' id='word_1_251' title='bbox 1110 2015 1244 2068; x_wconf 87' lang='lat' dir='ltr'>Erat</span> <span class='ocrx_word' id='word_1_252' title='bbox 1284 2016 1484 2067; x_wconf 90' lang='lat' dir='ltr'>autem</span> <span class='ocrx_word' id='word_1_253' title='bbox 1514 2010 1738 2082; x_wconf 91' lang='lat' dir='ltr'>ubique</span> 
     </span>
    </p>
   </div>
   <div class='ocr_carea' id='block_1_37' title="bbox 60 2101 1741 2177">
    <p class='ocr_par' dir='ltr' id='par_1_37' title="bbox 60 2101 1741 2177">
     <span class='ocr_line' id='line_1_37' title="bbox 60 2101 1741 2177; baseline -0.004 -18"><span class='ocrx_word' id='word_1_254' title='bbox 60 2120 286 2177; x_wconf 88' lang='lat' dir='ltr'>pavor,</span> <span class='ocrx_word' id='word_1_255' title='bbox 316 2102 540 2174; x_wconf 88' lang='lat' dir='ltr'>ubique</span> <span class='ocrx_word' id='word_1_256' title='bbox 569 2102 783 2168; x_wconf 91' lang='lat' dir='ltr'>luctus,</span> <span class='ocrx_word' id='word_1_257' title='bbox 836 2102 1056 2174; x_wconf 92' lang='lat' dir='ltr'>ubique</span> <span class='ocrx_word' id='word_1_258' title='bbox 1102 2101 1405 2173; x_wconf 70' lang='lat' dir='ltr'>lacrymze.</span> <span class='ocrx_word' id='word_1_259' title='bbox 1470 2104 1617 2156; x_wconf 89' lang='lat' dir='ltr'>Nam</span> <span class='ocrx_word' id='word_1_260' title='bbox 1675 2103 1741 2153; x_wconf 89' lang='lat' dir='ltr'>ut</span> 
     </span>
    </p>
   </div>
   <div class='ocr_carea' id='block_1_38' title="bbox 63 2188 1737 2263">
    <p class='ocr_par' dir='ltr' id='par_1_38' title="bbox 63 2188 1737 2263">
     <span class='ocr_line' id='line_1_38' title="bbox 63 2188 1737 2263; baseline -0.004 -14"><span class='ocrx_word' id='word_1_261' title='bbox 63 2193 242 2263; x_wconf 88' lang='lat' dir='ltr'>vulgi</span> <span class='ocrx_word' id='word_1_262' title='bbox 268 2208 475 2248; x_wconf 90' lang='lat' dir='ltr'>rumor</span> <span class='ocrx_word' id='word_1_263' title='bbox 502 2191 765 2247; x_wconf 80' lang='lat' dir='ltr'>habebat</span> <span class='ocrx_word' id='word_1_264' title='bbox 791 2191 1070 2261; x_wconf 85' lang='lat' dir='ltr'>fugientis</span> <span class='ocrx_word' id='word_1_265' title='bbox 1101 2190 1335 2245; x_wconf 89' lang='lat' dir='ltr'>cladem</span> <span class='ocrx_word' id='word_1_266' title='bbox 1366 2190 1520 2259; x_wconf 69' lang='lat' dir='ltr'>vitae,</span> <span class='ocrx_word' id='word_1_267' title='bbox 1561 2188 1737 2244; x_wconf 91' lang='lat' dir='ltr'>relin-</span> 
     </span>
    </p>
   </div>
   <div class='ocr_carea' id='block_1_39' title="bbox 63 2279 1740 2356">
    <p class='ocr_par' dir='ltr' id='par_1_39' title="bbox 63 2279 1740 2356">
     <span class='ocr_line' id='line_1_39' title="bbox 63 2279 1740 2356; baseline -0.003 -18"><span class='ocrx_word' id='word_1_268' title='bbox 63 2283 423 2356; x_wconf 89' lang='lat' dir='ltr'>quebantur</span> <span class='ocrx_word' id='word_1_269' title='bbox 449 2281 668 2337; x_wconf 92' lang='lat' dir='ltr'>domus</span> <span class='ocrx_word' id='word_1_270' title='bbox 697 2281 945 2337; x_wconf 72' lang='lat' dir='ltr'>desertae</span> <span class='ocrx_word' id='word_1_271' title='bbox 975 2280 1437 2347; x_wconf 85' lang='lat' dir='ltr'>habitatoribus,</span> <span class='ocrx_word' id='word_1_272' title='bbox 1476 2279 1616 2335; x_wconf 92' lang='lat' dir='ltr'>solis</span> <span class='ocrx_word' id='word_1_273' title='bbox 1647 2294 1740 2333; x_wconf 85' lang='lat' dir='ltr'>ca-</span> 
     </span>
    </p>
   </div>
   <div class='ocr_carea' id='block_1_40' title="bbox 66 2368 1736 2436">
    <p class='ocr_par' dir='ltr' id='par_1_40' title="bbox 66 2368 1736 2436">
     <span class='ocr_line' id='line_1_40' title="bbox 66 2368 1736 2436; baseline -0.004 -7"><span class='ocrx_word' id='word_1_274' title='bbox 66 2373 219 2429; x_wconf 88' lang='lat' dir='ltr'>tulis</span> <span class='ocrx_word' id='word_1_275' title='bbox 240 2372 459 2427; x_wconf 91' lang='lat' dir='ltr'>domus</span> <span class='ocrx_word' id='word_1_276' title='bbox 484 2370 883 2426; x_wconf 85' lang='lat' dir='ltr'>servantibus.</span> <span class='ocrx_word' id='word_1_277' title='bbox 918 2370 1155 2425; x_wconf 90' lang='lat' dir='ltr'>Peculia</span> <span class='ocrx_word' id='word_1_278' title='bbox 1178 2369 1304 2425; x_wconf 90' lang='lat' dir='ltr'>sola</span> <span class='ocrx_word' id='word_1_279' title='bbox 1319 2368 1736 2436; x_wconf 88' lang='lat' dir='ltr'>remanebant,</span> 
     </span>
    </p>
   </div>
   <div class='ocr_carea' id='block_1_41' title="bbox 63 2457 1739 2534">
    <p class='ocr_par' dir='ltr' id='par_1_41' title="bbox 63 2457 1739 2534">
     <span class='ocr_line' id='line_1_41' title="bbox 63 2457 1739 2534; baseline -0.004 -16"><span class='ocrx_word' id='word_1_280' title='bbox 63 2464 132 2518; x_wconf 91' lang='lat' dir='ltr'>in</span> <span class='ocrx_word' id='word_1_281' title='bbox 167 2461 409 2534; x_wconf 90' lang='lat' dir='ltr'>pascuis</span> <span class='ocrx_word' id='word_1_282' title='bbox 432 2460 595 2515; x_wconf 90' lang='lat' dir='ltr'>nullo</span> <span class='ocrx_word' id='word_1_283' title='bbox 620 2464 850 2515; x_wconf 90' lang='lat' dir='ltr'>astante</span> <span class='ocrx_word' id='word_1_284' title='bbox 882 2464 1143 2531; x_wconf 90' lang='lat' dir='ltr'>pastore.</span> <span class='ocrx_word' id='word_1_285' title='bbox 1178 2460 1460 2513; x_wconf 89' lang='lat' dir='ltr'>Cerneres</span> <span class='ocrx_word' id='word_1_286' title='bbox 1504 2457 1739 2530; x_wconf 90' lang='lat' dir='ltr'>pridem</span> 
     </span>
    </p>
   </div>
   <div class='ocr_carea' id='block_1_42' title="bbox 65 2547 1737 2621">
    <p class='ocr_par' dir='ltr' id='par_1_42' title="bbox 65 2547 1737 2621">
     <span class='ocr_line' id='line_1_42' title="bbox 65 2547 1737 2621; baseline -0.004 -13"><span class='ocrx_word' id='word_1_287' title='bbox 65 2552 251 2608; x_wconf 87' lang='lat' dir='ltr'>villas</span> <span class='ocrx_word' id='word_1_288' title='bbox 308 2565 413 2605; x_wconf 91' lang='lat' dir='ltr'>seu</span> <span class='ocrx_word' id='word_1_289' title='bbox 465 2556 663 2605; x_wconf 87' lang='lat' dir='ltr'>castra</span> <span class='ocrx_word' id='word_1_290' title='bbox 718 2549 945 2621; x_wconf 88' lang='lat' dir='ltr'>repleta</span> <span class='ocrx_word' id='word_1_291' title='bbox 1001 2548 1347 2617; x_wconf 88' lang='lat' dir='ltr'>agminibus</span> <span class='ocrx_word' id='word_1_292' title='bbox 1399 2547 1737 2614; x_wconf 87' lang='lat' dir='ltr'>hominum,</span> 
     </span>
    </p>
   </div>
   <div class='ocr_carea' id='block_1_43' title="bbox 70 2636 1740 2715">
    <p class='ocr_par' dir='ltr' id='par_1_43' title="bbox 70 2636 1740 2715">
     <span class='ocr_line' id='line_1_43' title="bbox 70 2636 1740 2715; baseline -0.004 -19"><span class='ocrx_word' id='word_1_293' title='bbox 70 2646 321 2715; x_wconf 84' lang='lat' dir='ltr'>postera</span> <span class='ocrx_word' id='word_1_294' title='bbox 351 2640 445 2695; x_wconf 91' lang='lat' dir='ltr'>die</span> <span class='ocrx_word' id='word_1_295' title='bbox 476 2638 768 2695; x_wconf 88' lang='lat' dir='ltr'>universis</span> <span class='ocrx_word' id='word_1_296' title='bbox 816 2638 1183 2707; x_wconf 86' lang='lat' dir='ltr'>fugientibus</span> <span class='ocrx_word' id='word_1_297' title='bbox 1242 2641 1456 2693; x_wconf 79' lang='lat' dir='ltr'>cuncta</span> <span class='ocrx_word' id='word_1_298' title='bbox 1506 2652 1634 2692; x_wconf 91' lang='lat' dir='ltr'>esse</span> <span class='ocrx_word' id='word_1_299' title='bbox 1679 2636 1740 2691; x_wconf 90' lang='lat' dir='ltr'>in</span> 
     </span>
    </p>
   </div>
   <div class='ocr_carea' id='block_1_44' title="bbox 73 2725 1743 2799">
    <p class='ocr_par' dir='ltr' id='par_1_44' title="bbox 73 2725 1743 2799">
     <span class='ocr_line' id='line_1_44' title="bbox 73 2725 1743 2799; baseline -0.004 -12"><span class='ocrx_word' id='word_1_300' title='bbox 73 2746 326 2787; x_wconf 86' lang='lat' dir='ltr'>summo</span> <span class='ocrx_word' id='word_1_301' title='bbox 354 2729 605 2785; x_wconf 91' lang='lat' dir='ltr'>silentio.</span> <span class='ocrx_word' id='word_1_302' title='bbox 634 2727 961 2796; x_wconf 86' lang='lat' dir='ltr'>Fugiebant</span> <span class='ocrx_word' id='word_1_303' title='bbox 978 2727 1104 2797; x_wconf 92' lang='lat' dir='ltr'>ﬁlii,</span> <span class='ocrx_word' id='word_1_304' title='bbox 1134 2726 1431 2782; x_wconf 90' lang='lat' dir='ltr'>cadavera</span> <span class='ocrx_word' id='word_1_305' title='bbox 1448 2725 1743 2799; x_wconf 90' lang='lat' dir='ltr'>insepulta</span> 
     </span>
    </p>
   </div>
   <div class='ocr_carea' id='block_1_45' title="bbox 69 2815 1742 2894">
    <p class='ocr_par' dir='ltr' id='par_1_45' title="bbox 69 2815 1742 2894">
     <span class='ocr_line' id='line_1_45' title="bbox 69 2815 1742 2894; baseline -0.004 -17"><span class='ocrx_word' id='word_1_306' title='bbox 69 2824 402 2894; x_wconf 89' lang='lat' dir='ltr'>parentum</span> <span class='ocrx_word' id='word_1_307' title='bbox 432 2819 854 2891; x_wconf 90' lang='lat' dir='ltr'>relinquentes.</span> <span class='ocrx_word' id='word_1_308' title='bbox 898 2818 1200 2885; x_wconf 90' lang='lat' dir='ltr'>Parentes,</span> <span class='ocrx_word' id='word_1_309' title='bbox 1233 2816 1398 2871; x_wconf 88' lang='lat' dir='ltr'>obliti</span> <span class='ocrx_word' id='word_1_310' title='bbox 1419 2815 1653 2888; x_wconf 90' lang='lat' dir='ltr'>pietatis</span> <span class='ocrx_word' id='word_1_311' title='bbox 1680 2815 1742 2870; x_wconf 90' lang='lat' dir='ltr'>in</span> 
     </span>
    </p>
   </div>
   <div class='ocr_carea' id='block_1_46' title="bbox 71 2905 1740 2979">
    <p class='ocr_par' dir='ltr' id='par_1_46' title="bbox 71 2905 1740 2979">
     <span class='ocr_line' id='line_1_46' title="bbox 71 2905 1740 2979; baseline -0.002 -15"><span class='ocrx_word' id='word_1_312' title='bbox 71 2912 329 2979; x_wconf 86' lang='lat' dir='ltr'>viscera,</span> <span class='ocrx_word' id='word_1_313' title='bbox 360 2912 533 2964; x_wconf 89' lang='lat' dir='ltr'>natos</span> <span class='ocrx_word' id='word_1_314' title='bbox 590 2906 1009 2979; x_wconf 89' lang='lat' dir='ltr'>relinquebant</span> <span class='ocrx_word' id='word_1_315' title='bbox 1057 2909 1395 2961; x_wconf 73' lang='lat' dir='ltr'>zestuantes.</span> <span class='ocrx_word' id='word_1_316' title='bbox 1450 2905 1506 2961; x_wconf 91' lang='lat' dir='ltr'>Si</span> <span class='ocrx_word' id='word_1_317' title='bbox 1557 2921 1740 2977; x_wconf 90' lang='lat' dir='ltr'>quem</span> 
     </span>
    </p>
   </div>
   <div class='ocr_carea' id='block_1_47' title="bbox 73 2993 1743 3069">
    <p class='ocr_par' dir='ltr' id='par_1_47' title="bbox 73 2993 1743 3069">
     <span class='ocr_line' id='line_1_47' title="bbox 73 2993 1743 3069; baseline -0.004 -15"><span class='ocrx_word' id='word_1_318' title='bbox 73 2999 229 3054; x_wconf 81' lang='lat' dir='ltr'>forte</span> <span class='ocrx_word' id='word_1_319' title='bbox 262 2997 512 3069; x_wconf 87' lang='lat' dir='ltr'>antiqua</span> <span class='ocrx_word' id='word_1_320' title='bbox 540 2994 731 3069; x_wconf 90' lang='lat' dir='ltr'>pietas</span> <span class='ocrx_word' id='word_1_321' title='bbox 758 2994 1214 3068; x_wconf 88' lang='lat' dir='ltr'>perstringebat,</span> <span class='ocrx_word' id='word_1_322' title='bbox 1248 2998 1313 3049; x_wconf 92' lang='lat' dir='ltr'>ut</span> <span class='ocrx_word' id='word_1_323' title='bbox 1365 2993 1540 3050; x_wconf 87' lang='lat' dir='ltr'>vellet</span> <span class='ocrx_word' id='word_1_324' title='bbox 1578 3010 1743 3066; x_wconf 90' lang='lat' dir='ltr'>sepe-</span> 
     </span>
    </p>
   </div>
   <div class='ocr_carea' id='block_1_48' title="bbox 2445 1842 2904 1898">
    <p class='ocr_par' dir='ltr' id='par_1_48' title="bbox 2445 1842 2904 1898">
     <span class='ocr_line' id='line_1_48' title="bbox 2445 1842 2904 1898; baseline 0.007 -4"><span class='ocrx_word' id='word_1_325' title='bbox 2445 1842 2779 1898; x_wconf 66' lang='lat' dir='ltr'>EPISTOIA</span> <span class='ocrx_word' id='word_1_326' title='bbox 2820 1846 2904 1897; x_wconf 90' lang='lat' dir='ltr'>IV.</span> 
     </span>
    </p>
   </div>
   <div class='ocr_carea' id='block_1_49' title="bbox 1846 1943 3501 1994">
    <p class='ocr_par' dir='ltr' id='par_1_49' title="bbox 1846 1943 3501 1994">
     <span class='ocr_line' id='line_1_49' title="bbox 1846 1943 3501 1994; baseline 0.007 -11"><span class='ocrx_word' id='word_1_327' title='bbox 1846 1943 2109 1983; x_wconf 78' lang='lat' dir='ltr'>FULCONIS</span> <span class='ocrx_word' id='word_1_328' title='bbox 2160 1943 2569 1985; x_wconf 75' lang='lat' dir='ltr'>ANDEGAVORUM</span> <span class='ocrx_word' id='word_1_329' title='bbox 2626 1947 2842 1987; x_wconf 68' lang='grc' dir='ltr'>(ΖΟΜΙΤΙΞ</span> <span class='ocrx_word' id='word_1_330' title='bbox 2876 1950 2946 1987; x_wconf 75' lang='lat' dir='ltr'>AD</span> <span class='ocrx_word' id='word_1_331' title='bbox 2975 1949 3265 1993; x_wconf 77' lang='lat' dir='ltr'>ROBERTUM</span> <span class='ocrx_word' id='word_1_332' title='bbox 3323 1954 3501 1994; x_wconf 67' lang='lat' dir='ltr'><strong>REGE)!</strong></span> 
     </span>
    </p>
   </div>
   <div class='ocr_carea' id='block_1_50' title="bbox 2344 2019 3006 2094">
    <p class='ocr_par' dir='ltr' id='par_1_50' title="bbox 2344 2019 3006 2094">
     <span class='ocr_line' id='line_1_50' title="bbox 2344 2019 3006 2094; baseline 0.008 -21"><span class='ocrx_word' id='word_1_333' title='bbox 2344 2019 2532 2091; x_wconf 90' lang='lat' dir='ltr'>(Circa</span> <span class='ocrx_word' id='word_1_334' title='bbox 2563 2036 2793 2077; x_wconf 87' lang='lat' dir='ltr'>annum</span> <span class='ocrx_word' id='word_1_335' title='bbox 2828 2024 3006 2094; x_wconf 87' lang='lat' dir='ltr'>I022).</span> 
     </span>
    </p>
   </div>
   <div class='ocr_carea' id='block_1_51' title="bbox 1917 2106 3504 2185">
    <p class='ocr_par' dir='ltr' id='par_1_51' title="bbox 1917 2106 3504 2185">
     <span class='ocr_line' id='line_1_51' title="bbox 1917 2106 3504 2185; baseline 0.008 -23"><span class='ocrx_word' id='word_1_336' title='bbox 1917 2106 2170 2163; x_wconf 89' lang='lat' dir='ltr'>Domino</span> <span class='ocrx_word' id='word_1_337' title='bbox 2199 2124 2308 2163; x_wconf 91' lang='lat' dir='ltr'>suo</span> <span class='ocrx_word' id='word_1_338' title='bbox 2338 2109 2462 2178; x_wconf 88' lang='lat' dir='ltr'>regi</span> <span class='ocrx_word' id='word_1_339' title='bbox 2516 2112 2773 2166; x_wconf 77' lang='lat' dir='ltr'>Roaearo</span> <span class='ocrx_word' id='word_1_340' title='bbox 2816 2114 2994 2168; x_wconf 83' lang='lat' dir='ltr'>FULco</span> <span class='ocrx_word' id='word_1_341' title='bbox 3041 2114 3504 2185; x_wconf 83' lang='lat' dir='ltr'>Andegavorum</span> 
     </span>
    </p>
   </div>
   <div class='ocr_carea' id='block_1_52' title="bbox 1847 2196 2982 2255">
    <p class='ocr_par' dir='ltr' id='par_1_52' title="bbox 1847 2196 2982 2255">
     <span class='ocr_line' id='line_1_52' title="bbox 1847 2196 2982 2255; baseline 0.004 -4"><span class='ocrx_word' id='word_1_342' title='bbox 1847 2212 2049 2251; x_wconf 88' lang='lat' dir='ltr'>comes</span> <span class='ocrx_word' id='word_1_343' title='bbox 2076 2196 2331 2252; x_wconf 89' lang='lat' dir='ltr'>salutem</span> <span class='ocrx_word' id='word_1_344' title='bbox 2363 2202 2421 2251; x_wconf 93' lang='lat' dir='ltr'>et</span> <span class='ocrx_word' id='word_1_345' title='bbox 2447 2196 2622 2253; x_wconf 90' lang='lat' dir='ltr'>ﬁdele</span> <span class='ocrx_word' id='word_1_346' title='bbox 2655 2198 2982 2255; x_wconf 88' lang='lat' dir='ltr'>servitium.</span> 
     </span>
    </p>
   </div>
   <div class='ocr_carea' id='block_1_53' title="bbox 1920 2284 3511 2361">
    <p class='ocr_par' dir='ltr' id='par_1_53' title="bbox 1920 2284 3511 2361">
     <span class='ocr_line' id='line_1_53' title="bbox 1920 2284 3511 2361; baseline 0.008 -23"><span class='ocrx_word' id='word_1_347' title='bbox 1920 2284 2267 2339; x_wconf 83' lang='lat' dir='ltr'>Guillelmus</span> <span class='ocrx_word' id='word_1_348' title='bbox 2300 2285 2673 2341; x_wconf 89' lang='lat' dir='ltr'>Pictavorum</span> <span class='ocrx_word' id='word_1_349' title='bbox 2704 2302 2929 2356; x_wconf 89' lang='lat' dir='ltr'>comes,</span> <span class='ocrx_word' id='word_1_350' title='bbox 2958 2289 3139 2346; x_wconf 90' lang='lat' dir='ltr'>herus</span> <span class='ocrx_word' id='word_1_351' title='bbox 3178 2309 3366 2361; x_wconf 91' lang='lat' dir='ltr'>meus,</span> <span class='ocrx_word' id='word_1_352' title='bbox 3426 2294 3511 2350; x_wconf 91' lang='lat' dir='ltr'>lo-</span> 
     </span>
    </p>
   </div>
   <div class='ocr_carea' id='block_1_54' title="bbox 1848 2376 3507 2456">
    <p class='ocr_par' dir='ltr' id='par_1_54' title="bbox 1848 2376 3507 2456">
     <span class='ocr_line' id='line_1_54' title="bbox 1848 2376 3507 2456; baseline 0.007 -25"><span class='ocrx_word' id='word_1_353' title='bbox 1848 2381 2019 2431; x_wconf 92' lang='lat' dir='ltr'>cutus</span> <span class='ocrx_word' id='word_1_354' title='bbox 2042 2380 2132 2431; x_wconf 88' lang='lat' dir='ltr'>est</span> <span class='ocrx_word' id='word_1_355' title='bbox 2161 2376 2307 2431; x_wconf 89' lang='lat' dir='ltr'>mihi</span> <span class='ocrx_word' id='word_1_356' title='bbox 2336 2392 2548 2449; x_wconf 90' lang='lat' dir='ltr'>nuper,</span> <span class='ocrx_word' id='word_1_357' title='bbox 2576 2376 2782 2433; x_wconf 89' lang='lat' dir='ltr'>dicens</span> <span class='ocrx_word' id='word_1_358' title='bbox 2812 2379 2999 2451; x_wconf 89' lang='lat' dir='ltr'>quod,</span> <span class='ocrx_word' id='word_1_359' title='bbox 3024 2387 3351 2456; x_wconf 89' lang='lat' dir='ltr'>postquam</span> <span class='ocrx_word' id='word_1_360' title='bbox 3382 2386 3507 2441; x_wconf 86' lang='lat' dir='ltr'>Itali</span> 
     </span>
    </p>
   </div>
   <div class='ocr_carea' id='block_1_55' title="bbox 1847 2466 3506 2544">
    <p class='ocr_par' dir='ltr' id='par_1_55' title="bbox 1847 2466 3506 2544">
     <span class='ocr_line' id='line_1_55' title="bbox 1847 2466 3506 2544; baseline 0.007 -24"><span class='ocrx_word' id='word_1_361' title='bbox 1847 2466 2248 2521; x_wconf 89' lang='lat' dir='ltr'>discesserunt</span> <span class='ocrx_word' id='word_1_362' title='bbox 2276 2483 2311 2521; x_wconf 88' lang='lat' dir='ltr'>a</span> <span class='ocrx_word' id='word_1_363' title='bbox 2349 2466 2540 2533; x_wconf 90' lang='lat' dir='ltr'>vobis,</span> <span class='ocrx_word' id='word_1_364' title='bbox 2575 2466 2754 2522; x_wconf 80' lang='lat' dir='ltr'>difﬁsi</span> <span class='ocrx_word' id='word_1_365' title='bbox 2785 2470 2950 2541; x_wconf 93' lang='lat' dir='ltr'>quod</span> <span class='ocrx_word' id='word_1_366' title='bbox 2979 2488 3088 2527; x_wconf 89' lang='lat' dir='ltr'>vos</span> <span class='ocrx_word' id='word_1_367' title='bbox 3141 2489 3343 2544; x_wconf 90' lang='lat' dir='ltr'>regem</span> <span class='ocrx_word' id='word_1_368' title='bbox 3401 2476 3506 2532; x_wconf 87' lang='lat' dir='ltr'>ha-</span> 
     </span>
    </p>
   </div>
   <div class='ocr_carea' id='block_1_56' title="bbox 1847 2553 3507 2629">
    <p class='ocr_par' dir='ltr' id='par_1_56' title="bbox 1847 2553 3507 2629">
     <span class='ocr_line' id='line_1_56' title="bbox 1847 2553 3507 2629; baseline 0.006 -20"><span class='ocrx_word' id='word_1_369' title='bbox 1847 2553 2076 2625; x_wconf 86' lang='lat' dir='ltr'>berent,</span> <span class='ocrx_word' id='word_1_370' title='bbox 2106 2555 2404 2627; x_wconf 80' lang='lat' dir='ltr'>petierunt</span> <span class='ocrx_word' id='word_1_371' title='bbox 2434 2554 2621 2610; x_wconf 87' lang='lat' dir='ltr'>ﬁlium</span> <span class='ocrx_word' id='word_1_372' title='bbox 2652 2572 2829 2611; x_wconf 91' lang='lat' dir='ltr'>suum</span> <span class='ocrx_word' id='word_1_373' title='bbox 2862 2558 2937 2613; x_wconf 88' lang='lat' dir='ltr'>ad</span> <span class='ocrx_word' id='word_1_374' title='bbox 2993 2575 3217 2629; x_wconf 89' lang='lat' dir='ltr'>regem.</span> <span class='ocrx_word' id='word_1_375' title='bbox 3279 2563 3507 2628; x_wconf 90' lang='lat' dir='ltr'>Quibus</span> 
     </span>
    </p>
   </div>
   <div class='ocr_carea' id='block_1_57' title="bbox 1847 2642 3506 2724">
    <p class='ocr_par' dir='ltr' id='par_1_57' title="bbox 1847 2642 3506 2724">
     <span class='ocr_line' id='line_1_57' title="bbox 1847 2642 3506 2724; baseline 0.007 -27"><span class='ocrx_word' id='word_1_376' title='bbox 1847 2642 1942 2697; x_wconf 93' lang='lat' dir='ltr'>ille</span> <span class='ocrx_word' id='word_1_377' title='bbox 1972 2642 2191 2698; x_wconf 89' lang='lat' dir='ltr'>invitus</span> <span class='ocrx_word' id='word_1_378' title='bbox 2222 2647 2589 2715; x_wconf 88' lang='lat' dir='ltr'>coactusque</span> <span class='ocrx_word' id='word_1_379' title='bbox 2620 2645 2929 2716; x_wconf 88' lang='lat' dir='ltr'>respondit</span> <span class='ocrx_word' id='word_1_380' title='bbox 2956 2648 3200 2705; x_wconf 88' lang='lat' dir='ltr'>tandem</span> <span class='ocrx_word' id='word_1_381' title='bbox 3231 2652 3506 2724; x_wconf 88' lang='lat' dir='ltr'>acquies-</span> 
     </span>
    </p>
   </div>
   <div class='ocr_carea' id='block_1_58' title="bbox 1849 2732 3506 2803">
    <p class='ocr_par' dir='ltr' id='par_1_58' title="bbox 1849 2732 3506 2803">
     <span class='ocr_line' id='line_1_58' title="bbox 1849 2732 3506 2803; baseline 0.006 -15"><span class='ocrx_word' id='word_1_382' title='bbox 1849 2748 1979 2788; x_wconf 89' lang='lat' dir='ltr'>cere</span> <span class='ocrx_word' id='word_1_383' title='bbox 2011 2747 2071 2787; x_wconf 91' lang='lat' dir='ltr'>se</span> <span class='ocrx_word' id='word_1_384' title='bbox 2102 2732 2394 2788; x_wconf 86' lang='lat' dir='ltr'>voluntati</span> <span class='ocrx_word' id='word_1_385' title='bbox 2424 2748 2653 2803; x_wconf 91' lang='lat' dir='ltr'>eorum,</span> <span class='ocrx_word' id='word_1_386' title='bbox 2688 2734 2735 2789; x_wconf 90' lang='lat' dir='ltr'>si</span> <span class='ocrx_word' id='word_1_387' title='bbox 2758 2737 3158 2795; x_wconf 88' lang='lat' dir='ltr'>consentirent</span> <span class='ocrx_word' id='word_1_388' title='bbox 3179 2739 3290 2795; x_wconf 91' lang='lat' dir='ltr'>illis</span> <span class='ocrx_word' id='word_1_389' title='bbox 3309 2742 3506 2798; x_wconf 90' lang='lat' dir='ltr'>cuncti</span> 
     </span>
    </p>
   </div>
   <div class='ocr_carea' id='block_1_59' title="bbox 1849 2822 3501 2896">
    <p class='ocr_par' dir='ltr' id='par_1_59' title="bbox 1849 2822 3501 2896">
     <span class='ocr_line' id='line_1_59' title="bbox 1849 2822 3501 2896; baseline 0.008 -20"><span class='ocrx_word' id='word_1_390' title='bbox 1849 2822 2227 2877; x_wconf 89' lang='lat' dir='ltr'>marchiones</span> <span class='ocrx_word' id='word_1_391' title='bbox 2254 2822 2430 2877; x_wconf 70' lang='lat' dir='ltr'>Italiae</span> <span class='ocrx_word' id='word_1_392' title='bbox 2460 2827 2517 2877; x_wconf 91' lang='lat' dir='ltr'>et</span> <span class='ocrx_word' id='word_1_393' title='bbox 2545 2823 2830 2896; x_wconf 88' lang='lat' dir='ltr'>episcopi,</span> <span class='ocrx_word' id='word_1_394' title='bbox 2864 2842 2934 2881; x_wconf 89' lang='lat' dir='ltr'>ac</span> <span class='ocrx_word' id='word_1_395' title='bbox 2961 2828 3152 2883; x_wconf 74' lang='lat' dir='ltr'>czeteri</span> <span class='ocrx_word' id='word_1_396' title='bbox 3202 2830 3501 2890; x_wconf 87' lang='lat' dir='ltr'>meliores.</span> 
     </span>
    </p>
   </div>
   <div class='ocr_carea' id='block_1_60' title="bbox 1851 2911 3506 2985">
    <p class='ocr_par' dir='ltr' id='par_1_60' title="bbox 1851 2911 3506 2985">
     <span class='ocr_line' id='line_1_60' title="bbox 1851 2911 3506 2985; baseline 0.006 -17"><span class='ocrx_word' id='word_1_397' title='bbox 1851 2913 1933 2968; x_wconf 90' lang='lat' dir='ltr'>Illi</span> <span class='ocrx_word' id='word_1_398' title='bbox 1954 2911 2357 2985; x_wconf 88' lang='lat' dir='ltr'>promiserunt</span> <span class='ocrx_word' id='word_1_399' title='bbox 2385 2912 2551 2985; x_wconf 91' lang='lat' dir='ltr'>quod</span> <span class='ocrx_word' id='word_1_400' title='bbox 2572 2917 2731 2969; x_wconf 88' lang='lat' dir='ltr'>recta</span> <span class='ocrx_word' id='word_1_401' title='bbox 2756 2913 2875 2970; x_wconf 87' lang='lat' dir='ltr'>ﬁde</span> <span class='ocrx_word' id='word_1_402' title='bbox 2907 2915 3168 2975; x_wconf 87' lang='lat' dir='ltr'>facerent</span> <span class='ocrx_word' id='word_1_403' title='bbox 3196 2919 3327 2976; x_wconf 91' lang='lat' dir='ltr'>illos</span> <span class='ocrx_word' id='word_1_404' title='bbox 3368 2939 3506 2979; x_wconf 87' lang='lat' dir='ltr'>con-</span> 
     </span>
    </p>
   </div>
   <div class='ocr_carea' id='block_1_61' title="bbox 1851 3002 3505 3086">
    <p class='ocr_par' dir='ltr' id='par_1_61' title="bbox 1851 3002 3505 3086">
     <span class='ocr_line' id='line_1_61' title="bbox 1851 3002 3505 3086; baseline 0.007 -29"><span class='ocrx_word' id='word_1_405' title='bbox 1851 3004 2086 3069; x_wconf 87' lang='lat' dir='ltr'>sentire,</span> <span class='ocrx_word' id='word_1_406' title='bbox 2116 3002 2163 3057; x_wconf 91' lang='lat' dir='ltr'>si</span> <span class='ocrx_word' id='word_1_407' title='bbox 2192 3008 2456 3074; x_wconf 90' lang='lat' dir='ltr'>possent.</span> <span class='ocrx_word' id='word_1_408' title='bbox 2490 3007 2655 3059; x_wconf 86' lang='lat' dir='ltr'>Nunc</span> <span class='ocrx_word' id='word_1_409' title='bbox 2686 3020 2827 3074; x_wconf 92' lang='lat' dir='ltr'>ergo</span> <span class='ocrx_word' id='word_1_410' title='bbox 2859 3008 3110 3064; x_wconf 90' lang='lat' dir='ltr'>mandat</span> <span class='ocrx_word' id='word_1_411' title='bbox 3138 3011 3333 3082; x_wconf 87' lang='lat' dir='ltr'>vobis,</span> <span class='ocrx_word' id='word_1_412' title='bbox 3365 3029 3505 3086; x_wconf 90' lang='lat' dir='ltr'>pos-</span> 
     </span>
    </p>
   </div>
   <div class='ocr_carea' id='block_1_62' title="bbox 72 3083 3507 3173">
    <p class='ocr_par' dir='ltr' id='par_1_62' title="bbox 72 3083 3507 3173">
     <span class='ocr_line' id='line_1_62' title="bbox 72 3083 3507 3173; baseline 0.008 -41"><span class='ocrx_word' id='word_1_413' title='bbox 72 3088 184 3143; x_wconf 71' lang='lat' dir='ltr'>life</span> <span class='ocrx_word' id='word_1_414' title='bbox 213 3086 582 3158; x_wconf 70' lang='lat' dir='ltr'>proximum,</span> <span class='ocrx_word' id='word_1_415' title='bbox 605 3084 870 3141; x_wconf 82' lang='lat' dir='ltr'>restabat</span> <span class='ocrx_word' id='word_1_416' title='bbox 897 3083 1024 3156; x_wconf 90' lang='lat' dir='ltr'>ipse</span> <span class='ocrx_word' id='word_1_417' title='bbox 1081 3083 1414 3173; x_wconf 81' lang='lat' dir='ltr'>insepultus</span> <span class='ocrx_word' id='word_1_418' title='bbox 1448 3101 1460 3151; x_wconf 93' lang='lat'><strong>;</strong></span> <span class='ocrx_word' id='word_1_419' title='bbox 1508 3088 1572 3173; x_wconf 83' lang='lat' dir='ltr'>et</span> <span class='ocrx_word' id='word_1_420' title='bbox 1595 3083 1743 3173; x_wconf 75' lang='lat' dir='ltr'>dum</span> <span class='ocrx_word' id='word_1_421' title='bbox 1772 3121 1813 3173; x_wconf 69' lang='grc' dir='ltr'>ο</span> <span class='ocrx_word' id='word_1_422' title='bbox 1850 3093 2049 3149; x_wconf 89' lang='lat' dir='ltr'>tulans</span> <span class='ocrx_word' id='word_1_423' title='bbox 2071 3092 2413 3165; x_wconf 90' lang='lat' dir='ltr'>suppliciter</span> <span class='ocrx_word' id='word_1_424' title='bbox 2437 3093 2691 3163; x_wconf 87' lang='lat' dir='ltr'>gratiam</span> <span class='ocrx_word' id='word_1_425' title='bbox 2753 3100 3019 3153; x_wconf 86' lang='lat' dir='ltr'>vestram</span> <span class='ocrx_word' id='word_1_426' title='bbox 3070 3099 3155 3169; x_wconf 88' lang='lat' dir='ltr'>[ut</span> <span class='ocrx_word' id='word_1_427' title='bbox 3195 3083 3507 3160; x_wconf 81' lang='lat' dir='ltr'>detineatis</span> 
     </span>
    </p>
   </div>
   <div class='ocr_carea' id='block_1_63' title="bbox 76 3171 1745 3247">
    <p class='ocr_par' dir='ltr' id='par_1_63' title="bbox 76 3171 1745 3247">
     <span class='ocr_line' id='line_1_63' title="bbox 76 3171 1745 3247; baseline -0.003 -16"><span class='ocrx_word' id='word_1_428' title='bbox 76 3174 554 3247; x_wconf 86' lang='lat' dir='ltr'>obsequebatur,</span> <span class='ocrx_word' id='word_1_429' title='bbox 613 3172 1039 3245; x_wconf 90' lang='lat' dir='ltr'>perimebatur.</span> <span class='ocrx_word' id='word_1_430' title='bbox 1095 3175 1247 3227; x_wconf 93' lang='lat' dir='ltr'>Dum</span> <span class='ocrx_word' id='word_1_431' title='bbox 1329 3171 1520 3227; x_wconf 89' lang='lat' dir='ltr'>funeri</span> <span class='ocrx_word' id='word_1_432' title='bbox 1575 3171 1745 3227; x_wconf 91' lang='lat' dir='ltr'>obse-</span> 
     </span>
    </p>
   </div>
   <div class='ocr_carea' id='block_1_64' title="bbox 74 3261 1746 3338">
    <p class='ocr_par' dir='ltr' id='par_1_64' title="bbox 74 3261 1746 3338">
     <span class='ocr_line' id='line_1_64' title="bbox 74 3261 1746 3338; baseline -0.002 -18"><span class='ocrx_word' id='word_1_433' title='bbox 74 3266 295 3338; x_wconf 90' lang='lat' dir='ltr'>quium</span> <span class='ocrx_word' id='word_1_434' title='bbox 326 3263 652 3337; x_wconf 69' lang='lat' dir='ltr'>preebebat,</span> <span class='ocrx_word' id='word_1_435' title='bbox 686 3262 875 3336; x_wconf 87' lang='lat' dir='ltr'>ipsius</span> <span class='ocrx_word' id='word_1_436' title='bbox 913 3262 1095 3317; x_wconf 90' lang='lat' dir='ltr'>funus</span> <span class='ocrx_word' id='word_1_437' title='bbox 1125 3262 1251 3317; x_wconf 89' lang='lat' dir='ltr'>sine</span> <span class='ocrx_word' id='word_1_438' title='bbox 1273 3261 1567 3334; x_wconf 91' lang='lat' dir='ltr'>obsequio</span> <span class='ocrx_word' id='word_1_439' title='bbox 1621 3277 1746 3317; x_wconf 91' lang='lat' dir='ltr'>ma-</span> 
     </span>
    </p>
   </div>
   <div class='ocr_carea' id='block_1_65' title="bbox 77 3350 1746 3424">
    <p class='ocr_par' dir='ltr' id='par_1_65' title="bbox 77 3350 1746 3424">
     <span class='ocr_line' id='line_1_65' title="bbox 77 3350 1746 3424; baseline -0.004 -13"><span class='ocrx_word' id='word_1_440' title='bbox 77 3355 283 3411; x_wconf 90' lang='lat' dir='ltr'>nebat.</span> <span class='ocrx_word' id='word_1_441' title='bbox 313 3353 551 3409; x_wconf 89' lang='lat' dir='ltr'>Videres</span> <span class='ocrx_word' id='word_1_442' title='bbox 580 3352 867 3408; x_wconf 73' lang='lat' dir='ltr'>saeculum</span> <span class='ocrx_word' id='word_1_443' title='bbox 897 3351 959 3407; x_wconf 90' lang='lat' dir='ltr'>in</span> <span class='ocrx_word' id='word_1_444' title='bbox 987 3350 1304 3424; x_wconf 88' lang='lat' dir='ltr'>antiquum</span> <span class='ocrx_word' id='word_1_445' title='bbox 1340 3351 1648 3408; x_wconf 87' lang='lat' dir='ltr'>redactum</span> <span class='ocrx_word' id='word_1_446' title='bbox 1673 3350 1746 3405; x_wconf 91' lang='lat' dir='ltr'>si-</span> 
     </span>
    </p>
   </div>
   <div class='ocr_carea' id='block_1_66' title="bbox 76 3440 1740 3507">
    <p class='ocr_par' dir='ltr' id='par_1_66' title="bbox 76 3440 1740 3507">
     <span class='ocr_line' id='line_1_66' title="bbox 76 3440 1740 3507; baseline -0.003 -7"><span class='ocrx_word' id='word_1_447' title='bbox 76 3443 332 3500; x_wconf 90' lang='lat' dir='ltr'>lentium</span> <span class='ocrx_word' id='word_1_448' title='bbox 360 3461 371 3497; x_wconf 91' lang='lat'><strong>:</strong></span> <span class='ocrx_word' id='word_1_449' title='bbox 396 3442 561 3498; x_wconf 91' lang='lat' dir='ltr'>nulla</span> <span class='ocrx_word' id='word_1_450' title='bbox 590 3459 708 3498; x_wconf 86' lang='lat' dir='ltr'>vox</span> <span class='ocrx_word' id='word_1_451' title='bbox 739 3443 799 3497; x_wconf 91' lang='lat' dir='ltr'>in</span> <span class='ocrx_word' id='word_1_452' title='bbox 830 3457 990 3507; x_wconf 90' lang='lat' dir='ltr'>rure,</span> <span class='ocrx_word' id='word_1_453' title='bbox 1030 3441 1230 3496; x_wconf 90' lang='lat' dir='ltr'>nullus</span> <span class='ocrx_word' id='word_1_454' title='bbox 1272 3441 1501 3507; x_wconf 89' lang='lat' dir='ltr'>sibilus,</span> <span class='ocrx_word' id='word_1_455' title='bbox 1560 3440 1740 3496; x_wconf 70' lang='lat' dir='ltr'>nullae</span> 
     </span>
    </p>
   </div>
   <div class='ocr_carea' id='block_1_67' title="bbox 0 3529 1740 3603">
    <p class='ocr_par' dir='ltr' id='par_1_67' title="bbox 0 3529 1740 3603">
     <span class='ocr_line' id='line_1_67' title="bbox 0 3529 1740 3603; baseline -0.003 -13"><span class='ocrx_word' id='word_1_456' title='bbox 0 3566 1 3603; x_wconf 38' lang='grc' dir='ltr'>ξ</span> <span class='ocrx_word' id='word_1_457' title='bbox 78 3533 314 3590; x_wconf 78' lang='lat' dir='ltr'>insidiae</span> <span class='ocrx_word' id='word_1_458' title='bbox 335 3532 667 3588; x_wconf 91' lang='lat' dir='ltr'>bestiarum</span> <span class='ocrx_word' id='word_1_459' title='bbox 693 3532 754 3587; x_wconf 89' lang='lat' dir='ltr'>in</span> <span class='ocrx_word' id='word_1_460' title='bbox 784 3530 1141 3603; x_wconf 85' lang='lat' dir='ltr'>pecudibus,</span> <span class='ocrx_word' id='word_1_461' title='bbox 1193 3530 1362 3585; x_wconf 89' lang='lat' dir='ltr'>nulla</span> <span class='ocrx_word' id='word_1_462' title='bbox 1413 3530 1641 3585; x_wconf 87' lang='lat' dir='ltr'>damna</span> <span class='ocrx_word' id='word_1_463' title='bbox 1678 3529 1740 3584; x_wconf 92' lang='lat' dir='ltr'>in</span> 
     </span>
    </p>
   </div>
   <div class='ocr_carea' id='block_1_68' title="bbox 78 3617 1740 3688">
    <p class='ocr_par' dir='ltr' id='par_1_68' title="bbox 78 3617 1740 3688">
     <span class='ocr_line' id='line_1_68' title="bbox 78 3617 1740 3688; baseline -0.005 -9"><span class='ocrx_word' id='word_1_464' title='bbox 78 3621 425 3679; x_wconf 89' lang='lat' dir='ltr'>domesticis</span> <span class='ocrx_word' id='word_1_465' title='bbox 455 3621 820 3677; x_wconf 89' lang='lat' dir='ltr'>volucribus.</span> <span class='ocrx_word' id='word_1_466' title='bbox 877 3622 1012 3676; x_wconf 87' lang='lat' dir='ltr'>Sata</span> <span class='ocrx_word' id='word_1_467' title='bbox 1058 3624 1433 3688; x_wconf 87' lang='lat' dir='ltr'>transgressa</span> <span class='ocrx_word' id='word_1_468' title='bbox 1480 3617 1740 3673; x_wconf 90' lang='lat' dir='ltr'>metendi</span> 
     </span>
    </p>
   </div>
   <div class='ocr_carea' id='block_1_69' title="bbox 80 3707 1742 3785">
    <p class='ocr_par' dir='ltr' id='par_1_69' title="bbox 80 3707 1742 3785">
     <span class='ocr_line' id='line_1_69' title="bbox 80 3707 1742 3785; baseline -0.005 -15"><span class='ocrx_word' id='word_1_469' title='bbox 80 3721 319 3785; x_wconf 85' lang='lat' dir='ltr'>tempus</span> <span class='ocrx_word' id='word_1_470' title='bbox 374 3713 596 3767; x_wconf 81' lang='lat' dir='ltr'>intacta</span> <span class='ocrx_word' id='word_1_471' title='bbox 646 3708 1074 3781; x_wconf 80' lang='lat' dir='ltr'>exspectabant</span> <span class='ocrx_word' id='word_1_472' title='bbox 1148 3724 1496 3763; x_wconf 90' lang='lat' dir='ltr'>messorem.</span> <span class='ocrx_word' id='word_1_473' title='bbox 1561 3707 1742 3762; x_wconf 84' lang='lat' dir='ltr'>Vinea</span> 
     </span>
    </p>
   </div>
   <div class='ocr_carea' id='block_1_70' title="bbox 82 3795 1737 3863">
    <p class='ocr_par' dir='ltr' id='par_1_70' title="bbox 82 3795 1737 3863">
     <span class='ocr_line' id='line_1_70' title="bbox 82 3795 1737 3863; baseline -0.005 -4"><span class='ocrx_word' id='word_1_474' title='bbox 82 3802 323 3859; x_wconf 86' lang='lat' dir='ltr'>amissis</span> <span class='ocrx_word' id='word_1_475' title='bbox 371 3801 522 3857; x_wconf 91' lang='lat' dir='ltr'>foliis</span> <span class='ocrx_word' id='word_1_476' title='bbox 580 3798 953 3856; x_wconf 85' lang='lat' dir='ltr'>radiantibus</span> <span class='ocrx_word' id='word_1_477' title='bbox 1010 3796 1145 3852; x_wconf 88' lang='lat' dir='ltr'>uvis</span> <span class='ocrx_word' id='word_1_478' title='bbox 1203 3796 1389 3852; x_wconf 82' lang='lat' dir='ltr'>illaesa</span> <span class='ocrx_word' id='word_1_479' title='bbox 1433 3795 1737 3863; x_wconf 91' lang='lat' dir='ltr'>manebat,</span> 
     </span>
    </p>
   </div>
   <div class='ocr_carea' id='block_1_71' title="bbox 79 3884 1740 3964">
    <p class='ocr_par' dir='ltr' id='par_1_71' title="bbox 79 3884 1740 3964">
     <span class='ocr_line' id='line_1_71' title="bbox 79 3884 1740 3964; baseline -0.006 -15"><span class='ocrx_word' id='word_1_480' title='bbox 79 3893 279 3949; x_wconf 82' lang='lat' dir='ltr'>hieme</span> <span class='ocrx_word' id='word_1_481' title='bbox 300 3890 763 3964; x_wconf 88' lang='lat' dir='ltr'>propinquante.</span> <span class='ocrx_word' id='word_1_482' title='bbox 794 3886 1107 3943; x_wconf 88' lang='lat' dir='ltr'>Nocturnis</span> <span class='ocrx_word' id='word_1_483' title='bbox 1138 3901 1244 3941; x_wconf 91' lang='lat' dir='ltr'>seu</span> <span class='ocrx_word' id='word_1_484' title='bbox 1290 3885 1520 3941; x_wconf 88' lang='lat' dir='ltr'>diurnis</span> <span class='ocrx_word' id='word_1_485' title='bbox 1576 3884 1740 3940; x_wconf 88' lang='lat' dir='ltr'>horis</span> 
     </span>
    </p>
   </div>
   <div class='ocr_carea' id='block_1_72' title="bbox 79 3973 1743 4056">
    <p class='ocr_par' dir='ltr' id='par_1_72' title="bbox 79 3973 1743 4056">
     <span class='ocr_line' id='line_1_72' title="bbox 79 3973 1743 4056; baseline -0.006 -17"><span class='ocrx_word' id='word_1_486' title='bbox 79 3980 448 4056; x_wconf 89' lang='lat' dir='ltr'>personabat</span> <span class='ocrx_word' id='word_1_487' title='bbox 474 3978 650 4036; x_wconf 90' lang='lat' dir='ltr'>turba</span> <span class='ocrx_word' id='word_1_488' title='bbox 678 3975 1050 4045; x_wconf 89' lang='lat' dir='ltr'>bellantium,</span> <span class='ocrx_word' id='word_1_489' title='bbox 1071 3974 1427 4031; x_wconf 85' lang='lat' dir='ltr'>audiebatur</span> <span class='ocrx_word' id='word_1_490' title='bbox 1470 3990 1505 4030; x_wconf 89' lang='lat' dir='ltr'>a</span> <span class='ocrx_word' id='word_1_491' title='bbox 1561 3973 1743 4046; x_wconf 90' lang='lat' dir='ltr'>pluri-</span> 
     </span>
    </p>
   </div>
   <div class='ocr_carea' id='block_1_73' title="bbox 79 4063 1743 4144">
    <p class='ocr_par' dir='ltr' id='par_1_73' title="bbox 79 4063 1743 4144">
     <span class='ocr_line' id='line_1_73' title="bbox 79 4063 1743 4144; baseline -0.005 -16"><span class='ocrx_word' id='word_1_492' title='bbox 79 4072 197 4128; x_wconf 91' lang='lat' dir='ltr'>bus</span> <span class='ocrx_word' id='word_1_493' title='bbox 221 4069 395 4144; x_wconf 90' lang='lat' dir='ltr'>quasi</span> <span class='ocrx_word' id='word_1_494' title='bbox 424 4083 700 4125; x_wconf 90' lang='lat' dir='ltr'>murmur</span> <span class='ocrx_word' id='word_1_495' title='bbox 725 4066 1038 4123; x_wconf 82' lang='lat' dir='ltr'>exercitus.</span> <span class='ocrx_word' id='word_1_496' title='bbox 1082 4064 1253 4121; x_wconf 88' lang='lat' dir='ltr'>Nulla</span> <span class='ocrx_word' id='word_1_497' title='bbox 1280 4068 1451 4120; x_wconf 88' lang='lat' dir='ltr'>erant</span> <span class='ocrx_word' id='word_1_498' title='bbox 1492 4063 1743 4133; x_wconf 89' lang='lat' dir='ltr'>vestigia</span> 
     </span>
    </p>
   </div>
   <div class='ocr_carea' id='block_1_74' title="bbox 80 4153 1745 4227">
    <p class='ocr_par' dir='ltr' id='par_1_74' title="bbox 80 4153 1745 4227">
     <span class='ocr_line' id='line_1_74' title="bbox 80 4153 1745 4227; baseline -0.005 -11"><span class='ocrx_word' id='word_1_499' title='bbox 80 4158 571 4225; x_wconf 88' lang='lat' dir='ltr'>commeantium,</span> <span class='ocrx_word' id='word_1_500' title='bbox 605 4155 806 4211; x_wconf 92' lang='lat' dir='ltr'>nullus</span> <span class='ocrx_word' id='word_1_501' title='bbox 859 4153 1215 4210; x_wconf 88' lang='lat' dir='ltr'>cernebatur</span> <span class='ocrx_word' id='word_1_502' title='bbox 1266 4169 1630 4227; x_wconf 89' lang='lat' dir='ltr'>percussor;</span> <span class='ocrx_word' id='word_1_503' title='bbox 1687 4156 1745 4208; x_wconf 91' lang='lat' dir='ltr'>et</span> 
     </span>
    </p>
   </div>
   <div class='ocr_carea' id='block_1_75' title="bbox 80 4241 1746 4315">
    <p class='ocr_par' dir='ltr' id='par_1_75' title="bbox 80 4241 1746 4315">
     <span class='ocr_line' id='line_1_75' title="bbox 80 4241 1746 4315; baseline -0.006 -10"><span class='ocrx_word' id='word_1_504' title='bbox 80 4252 285 4305; x_wconf 88' lang='lat' dir='ltr'>tamen</span> <span class='ocrx_word' id='word_1_505' title='bbox 336 4246 531 4303; x_wconf 89' lang='lat' dir='ltr'>visum</span> <span class='ocrx_word' id='word_1_506' title='bbox 604 4244 919 4301; x_wconf 89' lang='lat' dir='ltr'>oculorum</span> <span class='ocrx_word' id='word_1_507' title='bbox 1006 4242 1372 4315; x_wconf 88' lang='lat' dir='ltr'>superabant</span> <span class='ocrx_word' id='word_1_508' title='bbox 1449 4241 1746 4297; x_wconf 87' lang='lat' dir='ltr'>cadavera</span> 
     </span>
    </p>
   </div>
   <div class='ocr_carea' id='block_1_76' title="bbox 80 4328 1745 4402">
    <p class='ocr_par' dir='ltr' id='par_1_76' title="bbox 80 4328 1745 4402">
     <span class='ocr_line' id='line_1_76' title="bbox 80 4328 1745 4402; baseline -0.006 -9"><span class='ocrx_word' id='word_1_509' title='bbox 80 4341 479 4393; x_wconf 90' lang='lat' dir='ltr'>mortuorum.</span> <span class='ocrx_word' id='word_1_510' title='bbox 507 4332 828 4389; x_wconf 89' lang='lat' dir='ltr'>Pastoralia</span> <span class='ocrx_word' id='word_1_511' title='bbox 858 4331 991 4387; x_wconf 92' lang='lat' dir='ltr'>loca</span> <span class='ocrx_word' id='word_1_512' title='bbox 1010 4347 1185 4387; x_wconf 92' lang='lat' dir='ltr'>versa</span> <span class='ocrx_word' id='word_1_513' title='bbox 1204 4330 1441 4386; x_wconf 89' lang='lat' dir='ltr'>fuerant</span> <span class='ocrx_word' id='word_1_514' title='bbox 1460 4330 1522 4385; x_wconf 91' lang='lat' dir='ltr'>in</span> <span class='ocrx_word' id='word_1_515' title='bbox 1551 4328 1745 4402; x_wconf 84' lang='lat' dir='ltr'>sepul-</span> 
     </span>
    </p>
   </div>
   <div class='ocr_carea' id='block_1_77' title="bbox 81 4419 1745 4492">
    <p class='ocr_par' dir='ltr' id='par_1_77' title="bbox 81 4419 1745 4492">
     <span class='ocr_line' id='line_1_77' title="bbox 81 4419 1745 4492; baseline -0.005 -9"><span class='ocrx_word' id='word_1_516' title='bbox 81 4432 280 4483; x_wconf 89' lang='lat' dir='ltr'>turam</span> <span class='ocrx_word' id='word_1_517' title='bbox 310 4424 649 4492; x_wconf 89' lang='lat' dir='ltr'>hominum,</span> <span class='ocrx_word' id='word_1_518' title='bbox 684 4427 741 4478; x_wconf 92' lang='lat' dir='ltr'>et</span> <span class='ocrx_word' id='word_1_519' title='bbox 766 4420 1113 4477; x_wconf 90' lang='lat' dir='ltr'>habitacula</span> <span class='ocrx_word' id='word_1_520' title='bbox 1135 4420 1406 4476; x_wconf 89' lang='lat' dir='ltr'>humana</span> <span class='ocrx_word' id='word_1_521' title='bbox 1434 4419 1594 4476; x_wconf 87' lang='lat' dir='ltr'>facta</span> <span class='ocrx_word' id='word_1_522' title='bbox 1623 4419 1745 4474; x_wconf 89' lang='lat' dir='ltr'>fue-</span> 
     </span>
    </p>
   </div>
   <div class='ocr_carea' id='block_1_78' title="bbox 81 4509 1744 4585">
    <p class='ocr_par' dir='ltr' id='par_1_78' title="bbox 81 4509 1744 4585">
     <span class='ocr_line' id='line_1_78' title="bbox 81 4509 1744 4585; baseline -0.005 -13"><span class='ocrx_word' id='word_1_523' title='bbox 81 4520 219 4574; x_wconf 90' lang='lat' dir='ltr'>rant</span> <span class='ocrx_word' id='word_1_524' title='bbox 246 4514 526 4585; x_wconf 90' lang='lat' dir='ltr'>confugia</span> <span class='ocrx_word' id='word_1_525' title='bbox 552 4512 898 4568; x_wconf 88' lang='lat' dir='ltr'>bestiarum.</span> <span class='ocrx_word' id='word_1_526' title='bbox 940 4534 968 4561; x_wconf 86' lang='lat'>»</span> <span class='ocrx_word' id='word_1_527' title='bbox 1000 4512 1131 4566; x_wconf 79' lang='lat' dir='ltr'>Haec</span> <span class='ocrx_word' id='word_1_528' title='bbox 1158 4509 1233 4565; x_wconf 93' lang='lat' dir='ltr'>de</span> <span class='ocrx_word' id='word_1_529' title='bbox 1265 4510 1526 4565; x_wconf 90' lang='lat' dir='ltr'>historiis</span> <span class='ocrx_word' id='word_1_530' title='bbox 1547 4524 1744 4581; x_wconf 90' lang='lat' dir='ltr'>pauca</span> 
     </span>
    </p>
   </div>
   <div class='ocr_carea' id='block_1_79' title="bbox 82 4600 1745 4679">
    <p class='ocr_par' dir='ltr' id='par_1_79' title="bbox 82 4600 1745 4679">
     <span class='ocr_line' id='line_1_79' title="bbox 82 4600 1745 4679; baseline -0.004 -20"><span class='ocrx_word' id='word_1_531' title='bbox 82 4602 570 4679; x_wconf 80' lang='lat' dir='ltr'>praenotavimus.</span> <span class='ocrx_word' id='word_1_532' title='bbox 592 4602 764 4668; x_wconf 83' lang='lat' dir='ltr'>Quod</span> <span class='ocrx_word' id='word_1_533' title='bbox 791 4616 929 4657; x_wconf 89' lang='lat' dir='ltr'>vero</span> <span class='ocrx_word' id='word_1_534' title='bbox 948 4600 1161 4657; x_wconf 86' lang='lat' dir='ltr'>cecidit</span> <span class='ocrx_word' id='word_1_535' title='bbox 1181 4615 1361 4672; x_wconf 90' lang='lat' dir='ltr'>super</span> <span class='ocrx_word' id='word_1_536' title='bbox 1404 4603 1656 4671; x_wconf 88' lang='lat' dir='ltr'>petram,</span> <span class='ocrx_word' id='word_1_537' title='bbox 1688 4602 1745 4654; x_wconf 93' lang='lat' dir='ltr'>et</span> 
     </span>
    </p>
   </div>
   <div class='ocr_carea' id='block_1_80' title="bbox 83 4688 1741 4765">
    <p class='ocr_par' dir='ltr' id='par_1_80' title="bbox 83 4688 1741 4765">
     <span class='ocr_line' id='line_1_80' title="bbox 83 4688 1741 4765; baseline -0.004 -15"><span class='ocrx_word' id='word_1_538' title='bbox 83 4693 247 4753; x_wconf 89' lang='lat' dir='ltr'>ablui</span> <span class='ocrx_word' id='word_1_539' title='bbox 292 4708 414 4747; x_wconf 92' lang='lat' dir='ltr'>non</span> <span class='ocrx_word' id='word_1_540' title='bbox 464 4696 715 4765; x_wconf 88' lang='lat' dir='ltr'>poterat,</span> <span class='ocrx_word' id='word_1_541' title='bbox 769 4690 1006 4746; x_wconf 87' lang='lat' dir='ltr'>videtur</span> <span class='ocrx_word' id='word_1_542' title='bbox 1054 4689 1391 4759; x_wconf 90' lang='lat' dir='ltr'>signiﬁcare</span> <span class='ocrx_word' id='word_1_543' title='bbox 1417 4688 1741 4743; x_wconf 83' lang='lat' dir='ltr'>Ecclesiam</span> 
     </span>
    </p>
   </div>
   <div class='ocr_carea' id='block_1_81' title="bbox 85 4776 1743 4853">
    <p class='ocr_par' dir='ltr' id='par_1_81' title="bbox 85 4776 1743 4853">
     <span class='ocr_line' id='line_1_81' title="bbox 85 4776 1743 4853; baseline -0.005 -12"><span class='ocrx_word' id='word_1_544' title='bbox 85 4787 356 4841; x_wconf 88' lang='lat' dir='ltr'>sanctam</span> <span class='ocrx_word' id='word_1_545' title='bbox 380 4800 392 4850; x_wconf 90' lang='lat'><strong>;</strong></span> <span class='ocrx_word' id='word_1_546' title='bbox 424 4798 561 4853; x_wconf 69' lang='lat' dir='ltr'>quae</span> <span class='ocrx_word' id='word_1_547' title='bbox 584 4796 768 4853; x_wconf 88' lang='lat' dir='ltr'>super</span> <span class='ocrx_word' id='word_1_548' title='bbox 792 4782 1045 4852; x_wconf 87' lang='lat' dir='ltr'>petram,</span> <span class='ocrx_word' id='word_1_549' title='bbox 1078 4777 1141 4833; x_wconf 94' lang='lat' dir='ltr'>id</span> <span class='ocrx_word' id='word_1_550' title='bbox 1157 4782 1245 4833; x_wconf 91' lang='lat' dir='ltr'>est</span> <span class='ocrx_word' id='word_1_551' title='bbox 1270 4777 1588 4847; x_wconf 87' lang='lat' dir='ltr'>Christum,</span> <span class='ocrx_word' id='word_1_552' title='bbox 1613 4776 1743 4833; x_wconf 89' lang='lat' dir='ltr'>fun-</span> 
     </span>
    </p>
   </div>
   <div class='ocr_carea' id='block_1_82' title="bbox 84 4866 1744 4941">
    <p class='ocr_par' dir='ltr' id='par_1_82' title="bbox 84 4866 1744 4941">
     <span class='ocr_line' id='line_1_82' title="bbox 84 4866 1744 4941; baseline -0.005 -12"><span class='ocrx_word' id='word_1_553' title='bbox 84 4874 245 4940; x_wconf 89' lang='lat' dir='ltr'>data,</span> <span class='ocrx_word' id='word_1_554' title='bbox 273 4870 719 4927; x_wconf 90' lang='lat' dir='ltr'>tribulationem</span> <span class='ocrx_word' id='word_1_555' title='bbox 745 4883 1001 4941; x_wconf 89' lang='lat' dir='ltr'>passura</span> <span class='ocrx_word' id='word_1_556' title='bbox 1032 4866 1124 4922; x_wconf 90' lang='lat' dir='ltr'>sit.</span> <span class='ocrx_word' id='word_1_557' title='bbox 1188 4866 1359 4932; x_wconf 88' lang='lat' dir='ltr'>Quod</span> <span class='ocrx_word' id='word_1_558' title='bbox 1388 4882 1531 4922; x_wconf 78' lang='lat' dir='ltr'>vero</span> <span class='ocrx_word' id='word_1_559' title='bbox 1562 4882 1744 4939; x_wconf 89' lang='lat' dir='ltr'>super</span> 
     </span>
    </p>
   </div>
   <div class='ocr_carea' id='block_1_83' title="bbox 0 4950 1743 5039">
    <p class='ocr_par' dir='ltr' id='par_1_83' title="bbox 0 4950 1743 5039">
     <span class='ocr_line' id='line_1_83' title="bbox 0 4950 1743 5039; baseline -0.003 -23"><span class='ocrx_word' id='word_1_560' title='bbox 0 4950 11 5039; x_wconf 44' lang='grc' dir='ltr'>ξ</span> <span class='ocrx_word' id='word_1_561' title='bbox 88 4975 327 5016; x_wconf 89' lang='lat' dir='ltr'>carnem</span> <span class='ocrx_word' id='word_1_562' title='bbox 356 4959 617 5015; x_wconf 90' lang='lat' dir='ltr'>hominis</span> <span class='ocrx_word' id='word_1_563' title='bbox 647 4962 702 5014; x_wconf 91' lang='lat' dir='ltr'>et</span> <span class='ocrx_word' id='word_1_564' title='bbox 729 4957 1152 5014; x_wconf 86' lang='lat' dir='ltr'>vestimentum</span> <span class='ocrx_word' id='word_1_565' title='bbox 1170 4956 1300 5027; x_wconf 90' lang='lat' dir='ltr'>ejus</span> <span class='ocrx_word' id='word_1_566' title='bbox 1323 4955 1554 5022; x_wconf 90' lang='lat' dir='ltr'>cecidit,</span> <span class='ocrx_word' id='word_1_567' title='bbox 1577 4955 1743 5011; x_wconf 90' lang='lat' dir='ltr'>ablui</span> 
     </span>
    </p>
   </div>
   <div class='ocr_carea' id='block_1_84' title="bbox 0 5094 13 5145">
    <p class='ocr_par' dir='ltr' id='par_1_84' title="bbox 0 5094 13 5145">
     <span class='ocr_line' id='line_1_84' title="bbox 0 5094 13 5145; baseline 0 -2"><span class='ocrx_word' id='word_1_568' title='bbox 0 5094 13 5145; x_wconf 59' lang='grc' dir='ltr'><strong>ἕ</strong></span> 
     </span>
    </p>
   </div>
   <div class='ocr_carea' id='block_1_85' title="bbox 0 5188 13 5247">
    <p class='ocr_par' dir='ltr' id='par_1_85' title="bbox 0 5188 13 5247">
     <span class='ocr_line' id='line_1_85' title="bbox 0 5188 13 5247; baseline 0 0"><span class='ocrx_word' id='word_1_569' title='bbox 0 5188 13 5247; x_wconf 63' lang='grc' dir='ltr'><strong><em>ἓ</em></strong></span> 
     </span>
    </p>
   </div>
   <div class='ocr_carea' id='block_1_86' title="bbox 0 5272 16 5321">
    <p class='ocr_par' dir='ltr' id='par_1_86' title="bbox 0 5272 16 5321">
     <span class='ocr_line' id='line_1_86' title="bbox 0 5272 16 5321; baseline 0 0"><span class='ocrx_word' id='word_1_570' title='bbox 0 5272 16 5321; x_wconf 63' lang='grc' dir='ltr'><strong><em>ἰ</em></strong></span> 
     </span>
    </p>
   </div>
   <div class='ocr_carea' id='block_1_87' title="bbox 0 5364 15 5427">
    <p class='ocr_par' dir='ltr' id='par_1_87' title="bbox 0 5364 15 5427">
     <span class='ocr_line' id='line_1_87' title="bbox 0 5364 15 5427; baseline 0 0"><span class='ocrx_word' id='word_1_571' title='bbox 0 5364 15 5427; x_wconf 64' lang='lat' dir='ltr'>F</span> 
     </span>
    </p>
   </div>
   <div class='ocr_carea' id='block_1_88' title="bbox 0 5458 17 5547">
    <p class='ocr_par' dir='ltr' id='par_1_88' title="bbox 0 5458 17 5547">
     <span class='ocr_line' id='line_1_88' title="bbox 0 5458 17 5547; baseline 0 0"><span class='ocrx_word' id='word_1_572' title='bbox 0 5458 17 5547; x_wconf 53' lang='grc' dir='ltr'><em>ε</em></span> 
     </span>
    </p>
   </div>
   <div class='ocr_carea' id='block_1_89' title="bbox 5 5548 17 5583">
    <p class='ocr_par' dir='ltr' id='par_1_89' title="bbox 5 5548 17 5583">
     <span class='ocr_line' id='line_1_89' title="bbox 5 5548 17 5583; baseline 0 0"><span class='ocrx_word' id='word_1_573' title='bbox 5 5548 17 5583; x_wconf 54' lang='grc' dir='ltr'><strong>ὃ</strong></span> 
     </span>
    </p>
   </div>
   <div class='ocr_carea' id='block_1_90' title="bbox 87 5046 1744 5121">
    <p class='ocr_par' dir='ltr' id='par_1_90' title="bbox 87 5046 1744 5121">
     <span class='ocr_line' id='line_1_90' title="bbox 87 5046 1744 5121; baseline -0.004 -16"><span class='ocrx_word' id='word_1_574' title='bbox 87 5053 333 5121; x_wconf 89' lang='lat' dir='ltr'>poterat.</span> <span class='ocrx_word' id='word_1_575' title='bbox 363 5054 488 5105; x_wconf 86' lang='lat' dir='ltr'>Non</span> <span class='ocrx_word' id='word_1_576' title='bbox 510 5049 839 5118; x_wconf 86' lang='lat' dir='ltr'>incongrue</span> <span class='ocrx_word' id='word_1_577' title='bbox 862 5046 1150 5119; x_wconf 90' lang='lat' dir='ltr'>accipitur</span> <span class='ocrx_word' id='word_1_578' title='bbox 1166 5062 1273 5118; x_wconf 90' lang='lat' dir='ltr'>per</span> <span class='ocrx_word' id='word_1_579' title='bbox 1293 5060 1537 5101; x_wconf 90' lang='lat' dir='ltr'>carnem</span> <span class='ocrx_word' id='word_1_580' title='bbox 1554 5061 1744 5118; x_wconf 90' lang='lat' dir='ltr'>popu-</span> 
     </span>
    </p>
   </div>
   <div class='ocr_carea' id='block_1_91' title="bbox 85 5133 1741 5211">
    <p class='ocr_par' dir='ltr' id='par_1_91' title="bbox 85 5133 1741 5211">
     <span class='ocr_line' id='line_1_91' title="bbox 85 5133 1741 5211; baseline -0.002 -18"><span class='ocrx_word' id='word_1_581' title='bbox 85 5138 201 5209; x_wconf 91' lang='lat' dir='ltr'>lus,</span> <span class='ocrx_word' id='word_1_582' title='bbox 216 5154 319 5211; x_wconf 90' lang='lat' dir='ltr'>per</span> <span class='ocrx_word' id='word_1_583' title='bbox 338 5140 763 5195; x_wconf 89' lang='lat' dir='ltr'>vestimentum</span> <span class='ocrx_word' id='word_1_584' title='bbox 775 5135 1255 5206; x_wconf 66' lang='lat' dir='ltr'>substantiaquze</span> <span class='ocrx_word' id='word_1_585' title='bbox 1278 5134 1356 5190; x_wconf 90' lang='lat' dir='ltr'>ad</span> <span class='ocrx_word' id='word_1_586' title='bbox 1374 5133 1471 5204; x_wconf 80' lang='lat' dir='ltr'>adj</span> <span class='ocrx_word' id='word_1_587' title='bbox 1484 5134 1741 5190; x_wconf 90' lang='lat' dir='ltr'>utorium</span> 
     </span>
    </p>
   </div>
   <div class='ocr_carea' id='block_1_92' title="bbox 87 5223 1740 5299">
    <p class='ocr_par' dir='ltr' id='par_1_92' title="bbox 87 5223 1740 5299">
     <span class='ocr_line' id='line_1_92' title="bbox 87 5223 1740 5299; baseline -0.002 -17"><span class='ocrx_word' id='word_1_588' title='bbox 87 5228 266 5299; x_wconf 88' lang='lat' dir='ltr'>hujus</span> <span class='ocrx_word' id='word_1_589' title='bbox 283 5229 416 5284; x_wconf 62' lang='lat' dir='ltr'>vitae</span> <span class='ocrx_word' id='word_1_590' title='bbox 434 5228 610 5284; x_wconf 91' lang='lat' dir='ltr'>nobis</span> <span class='ocrx_word' id='word_1_591' title='bbox 645 5226 1009 5285; x_wconf 90' lang='lat' dir='ltr'>conceditur.</span> <span class='ocrx_word' id='word_1_592' title='bbox 1046 5224 1228 5293; x_wconf 83' lang='lat' dir='ltr'>Ligno</span> <span class='ocrx_word' id='word_1_593' title='bbox 1245 5224 1426 5280; x_wconf 90' lang='lat' dir='ltr'>etiam</span> <span class='ocrx_word' id='word_1_594' title='bbox 1452 5223 1630 5279; x_wconf 89' lang='lat' dir='ltr'>datur</span> <span class='ocrx_word' id='word_1_595' title='bbox 1649 5224 1740 5279; x_wconf 91' lang='lat' dir='ltr'>in-</span> 
     </span>
    </p>
   </div>
   <div class='ocr_carea' id='block_1_93' title="bbox 87 5314 1741 5389">
    <p class='ocr_par' dir='ltr' id='par_1_93' title="bbox 87 5314 1741 5389">
     <span class='ocr_line' id='line_1_93' title="bbox 87 5314 1741 5389; baseline -0.001 -16"><span class='ocrx_word' id='word_1_596' title='bbox 87 5317 262 5387; x_wconf 86' lang='lat' dir='ltr'>telligi</span> <span class='ocrx_word' id='word_1_597' title='bbox 290 5318 715 5389; x_wconf 86' lang='lat' dir='ltr'>vitalelignum</span> <span class='ocrx_word' id='word_1_598' title='bbox 748 5320 969 5374; x_wconf 79' lang='lat' dir='ltr'>sanctae</span> <span class='ocrx_word' id='word_1_599' title='bbox 1028 5314 1237 5382; x_wconf 89' lang='lat' dir='ltr'>crucis,</span> <span class='ocrx_word' id='word_1_600' title='bbox 1272 5318 1328 5371; x_wconf 93' lang='lat' dir='ltr'>et</span> <span class='ocrx_word' id='word_1_601' title='bbox 1369 5314 1741 5387; x_wconf 90' lang='lat' dir='ltr'>baptismum</span> 
     </span>
    </p>
   </div>
   <div class='ocr_carea' id='block_1_94' title="bbox 88 5400 1741 5478">
    <p class='ocr_par' dir='ltr' id='par_1_94' title="bbox 88 5400 1741 5478">
     <span class='ocr_line' id='line_1_94' title="bbox 88 5400 1741 5478; baseline -0.001 -16"><span class='ocrx_word' id='word_1_602' title='bbox 88 5423 208 5478; x_wconf 90' lang='lat' dir='ltr'>quo</span> <span class='ocrx_word' id='word_1_603' title='bbox 240 5423 447 5463; x_wconf 89' lang='lat' dir='ltr'>sumus</span> <span class='ocrx_word' id='word_1_604' title='bbox 477 5400 807 5477; x_wconf 78' lang='lat' dir='ltr'>regenerati</span> <span class='ocrx_word' id='word_1_605' title='bbox 838 5405 917 5461; x_wconf 91' lang='lat' dir='ltr'>ad</span> <span class='ocrx_word' id='word_1_606' title='bbox 942 5403 1409 5475; x_wconf 88' lang='lat' dir='ltr'>vitam.Lignum</span> <span class='ocrx_word' id='word_1_607' title='bbox 1433 5403 1512 5459; x_wconf 92' lang='lat' dir='ltr'>ad</span> <span class='ocrx_word' id='word_1_608' title='bbox 1531 5404 1741 5461; x_wconf 90' lang='lat' dir='ltr'>humo-</span> 
     </span>
    </p>
   </div>
   <div class='ocr_carea' id='block_1_95' title="bbox 88 5494 1741 5570">
    <p class='ocr_par' dir='ltr' id='par_1_95' title="bbox 88 5494 1741 5570">
     <span class='ocr_line' id='line_1_95' title="bbox 88 5494 1741 5570; baseline 0 -19"><span class='ocrx_word' id='word_1_609' title='bbox 88 5513 211 5553; x_wconf 89' lang='lat' dir='ltr'>rem</span> <span class='ocrx_word' id='word_1_610' title='bbox 244 5513 416 5570; x_wconf 67' lang='lat' dir='ltr'>aquaa</span> <span class='ocrx_word' id='word_1_611' title='bbox 436 5497 690 5553; x_wconf 88' lang='lat' dir='ltr'>virescit.</span> <span class='ocrx_word' id='word_1_612' title='bbox 728 5500 793 5552; x_wconf 90' lang='lat' dir='ltr'>Et</span> <span class='ocrx_word' id='word_1_613' title='bbox 817 5495 1064 5568; x_wconf 91' lang='lat' dir='ltr'>quando</span> <span class='ocrx_word' id='word_1_614' title='bbox 1078 5494 1360 5550; x_wconf 77' lang='lat' dir='ltr'>Iudaicus</span> <span class='ocrx_word' id='word_1_615' title='bbox 1384 5494 1645 5567; x_wconf 89' lang='lat' dir='ltr'>populus</span> <span class='ocrx_word' id='word_1_616' title='bbox 1680 5494 1741 5551; x_wconf 92' lang='lat' dir='ltr'>in</span> 
     </span>
    </p>
   </div>
   <div class='ocr_carea' id='block_1_96' title="bbox 2 5582 1742 5661">
    <p class='ocr_par' dir='ltr' id='par_1_96' title="bbox 2 5582 1742 5661">
     <span class='ocr_line' id='line_1_96' title="bbox 2 5582 1742 5661; baseline -0.001 -22"><span class='ocrx_word' id='word_1_617' title='bbox 2 5582 12 5661; x_wconf 34' lang='grc' dir='ltr'>έ</span> <span class='ocrx_word' id='word_1_618' title='bbox 91 5600 286 5642; x_wconf 83' lang='lat' dir='ltr'>eremo</span> <span class='ocrx_word' id='word_1_619' title='bbox 319 5585 518 5655; x_wconf 86' lang='lat' dir='ltr'>sitivit,</span> <span class='ocrx_word' id='word_1_620' title='bbox 540 5588 596 5641; x_wconf 92' lang='lat' dir='ltr'>et</span> <span class='ocrx_word' id='word_1_621' title='bbox 615 5600 736 5657; x_wconf 77' lang='lat' dir='ltr'>prae</span> <span class='ocrx_word' id='word_1_622' title='bbox 761 5582 1157 5639; x_wconf 88' lang='lat' dir='ltr'>amaritudine</span> <span class='ocrx_word' id='word_1_623' title='bbox 1179 5598 1372 5655; x_wconf 91' lang='lat' dir='ltr'>aquas</span> <span class='ocrx_word' id='word_1_624' title='bbox 1393 5582 1596 5639; x_wconf 88' lang='lat' dir='ltr'>bibere</span> <span class='ocrx_word' id='word_1_625' title='bbox 1618 5599 1742 5639; x_wconf 92' lang='lat' dir='ltr'>non</span> 
     </span>
    </p>
   </div>
   <div class='ocr_carea' id='block_1_97' title="bbox 0 5664 1736 5775">
    <p class='ocr_par' dir='ltr' id='par_1_97' title="bbox 0 5664 1736 5775">
     <span class='ocr_line' id='line_1_97' title="bbox 0 5664 1736 5775; baseline -0.002 -45"><span class='ocrx_word' id='word_1_626' title='bbox 92 5675 295 5745; x_wconf 90' lang='lat' dir='ltr'>potuit,</span> <span class='ocrx_word' id='word_1_627' title='bbox 322 5674 571 5745; x_wconf 91' lang='lat' dir='ltr'>jubente</span> <span class='ocrx_word' id='word_1_628' title='bbox 604 5672 856 5729; x_wconf 89' lang='lat' dir='ltr'>Domino</span> <span class='ocrx_word' id='word_1_629' title='bbox 904 5671 1063 5772; x_wconf 76' lang='lat' dir='ltr'>misit</span> <span class='ocrx_word' id='word_1_630' title='bbox 1122 5675 1370 5775; x_wconf 47' lang='lat' dir='ltr'>ltloyses‘</span> <span class='ocrx_word' id='word_1_631' title='bbox 1399 5672 1631 5775; x_wconf 68' lang='lat' dir='ltr'>lignum</span> <span class='ocrx_word' id='word_1_632' title='bbox 1678 5672 1736 5727; x_wconf 92' lang='lat' dir='ltr'>in</span> 
     </span>
    </p>
   </div>
   <div class='ocr_carea' id='block_1_98' title="bbox 12 5760 1737 5851">
    <p class='ocr_par' dir='ltr' id='par_1_98' title="bbox 12 5760 1737 5851">
     <span class='ocr_line' id='line_1_98' title="bbox 12 5760 1737 5851; baseline -0.001 -32"><span class='ocrx_word' id='word_1_633' title='bbox 12 5760 23 5851; x_wconf 40' lang='grc' dir='ltr'>ε</span> <span class='ocrx_word' id='word_1_634' title='bbox 94 5778 331 5836; x_wconf 86' lang='lat' dir='ltr'>aquam,</span> <span class='ocrx_word' id='word_1_635' title='bbox 356 5769 412 5821; x_wconf 89' lang='lat' dir='ltr'>et</span> <span class='ocrx_word' id='word_1_636' title='bbox 431 5779 719 5821; x_wconf 87' lang='lat' dir='ltr'>conversa</span> <span class='ocrx_word' id='word_1_637' title='bbox 744 5767 832 5819; x_wconf 89' lang='lat' dir='ltr'>est</span> <span class='ocrx_word' id='word_1_638' title='bbox 857 5760 1195 5819; x_wconf 86' lang='lat' dir='ltr'>amaritudo</span> <span class='ocrx_word' id='word_1_639' title='bbox 1220 5761 1282 5818; x_wconf 94' lang='lat' dir='ltr'>ln</span> <span class='ocrx_word' id='word_1_640' title='bbox 1334 5760 1737 5835; x_wconf 88' lang='lat' dir='ltr'>dulcedinem,</span> 
     </span>
    </p>
   </div>
   <div class='ocr_carea' id='block_1_99' title="bbox 659 5851 1109 5909">
    <p class='ocr_par' dir='ltr' id='par_1_99' title="bbox 659 5851 1109 5909">
     <span class='ocr_line' id='line_1_99' title="bbox 659 5851 1109 5909; baseline -0.002 -1"><span class='ocrx_word' id='word_1_641' title='bbox 659 5854 903 5909; x_wconf 74' lang='grc' dir='ltr'>ΡΑι-ιιοι.</span> <span class='ocrx_word' id='word_1_642' title='bbox 938 5851 1109 5909; x_wconf 83' lang='lat' dir='ltr'>CXLI.</span> 
     </span>
    </p>
   </div>
   <div class='ocr_carea' id='block_1_100' title="bbox 1850 3181 3505 3259">
    <p class='ocr_par' dir='ltr' id='par_1_100' title="bbox 1850 3181 3505 3259">
     <span class='ocr_line' id='line_1_100' title="bbox 1850 3181 3505 3259; baseline 0.007 -22"><span class='ocrx_word' id='word_1_643' title='bbox 1850 3182 2126 3237; x_wconf 88' lang='lat' dir='ltr'>homines</span> <span class='ocrx_word' id='word_1_644' title='bbox 2158 3181 2232 3236; x_wconf 93' lang='lat' dir='ltr'>de</span> <span class='ocrx_word' id='word_1_645' title='bbox 2264 3182 2665 3252; x_wconf 89' lang='lat' dir='ltr'>Lotharingia,</span> <span class='ocrx_word' id='word_1_646' title='bbox 2725 3186 2783 3239; x_wconf 89' lang='lat' dir='ltr'>et</span> <span class='ocrx_word' id='word_1_647' title='bbox 2833 3185 3209 3245; x_wconf 86' lang='lat' dir='ltr'>Fredericum</span> <span class='ocrx_word' id='word_1_648' title='bbox 3264 3192 3505 3259; x_wconf 88' lang='lat' dir='ltr'>ducem,</span> 
     </span>
    </p>
   </div>
   <div class='ocr_carea' id='block_1_101' title="bbox 1851 3271 3509 3354">
    <p class='ocr_par' dir='ltr' id='par_1_101' title="bbox 1851 3271 3509 3354">
     <span class='ocr_line' id='line_1_101' title="bbox 1851 3271 3509 3354; baseline 0.007 -25"><span class='ocrx_word' id='word_1_649' title='bbox 1851 3277 2032 3345; x_wconf 86' lang='lat' dir='ltr'>atque</span> <span class='ocrx_word' id='word_1_650' title='bbox 2059 3271 2207 3328; x_wconf 84' lang='lat' dir='ltr'>alios</span> <span class='ocrx_word' id='word_1_651' title='bbox 2235 3288 2389 3344; x_wconf 91' lang='lat' dir='ltr'>quos</span> <span class='ocrx_word' id='word_1_652' title='bbox 2414 3272 2705 3345; x_wconf 89' lang='lat' dir='ltr'>poteritis,</span> <span class='ocrx_word' id='word_1_653' title='bbox 2728 3289 2802 3329; x_wconf 91' lang='lat' dir='ltr'>ne</span> <span class='ocrx_word' id='word_1_654' title='bbox 2820 3277 3185 3335; x_wconf 89' lang='lat' dir='ltr'>concordent</span> <span class='ocrx_word' id='word_1_655' title='bbox 3210 3298 3349 3338; x_wconf 90' lang='lat' dir='ltr'>cum</span> <span class='ocrx_word' id='word_1_656' title='bbox 3370 3299 3509 3354; x_wconf 89' lang='lat' dir='ltr'>rege</span> 
     </span>
    </p>
   </div>
   <div class='ocr_carea' id='block_1_102' title="bbox 1853 3360 3511 3439">
    <p class='ocr_par' dir='ltr' id='par_1_102' title="bbox 1853 3360 3511 3439">
     <span class='ocr_line' id='line_1_102' title="bbox 1853 3360 3511 3439; baseline 0.008 -22"><span class='ocrx_word' id='word_1_657' title='bbox 1853 3364 2037 3431; x_wconf 90' lang='lat' dir='ltr'>Cono,</span> <span class='ocrx_word' id='word_1_658' title='bbox 2092 3360 2455 3416; x_wconf 77' lang='lat' dir='ltr'>inﬂectendo</span> <span class='ocrx_word' id='word_1_659' title='bbox 2540 3378 2642 3419; x_wconf 92' lang='lat' dir='ltr'>eos</span> <span class='ocrx_word' id='word_1_660' title='bbox 2695 3368 2993 3435; x_wconf 89' lang='lat' dir='ltr'>quantum</span> <span class='ocrx_word' id='word_1_661' title='bbox 3049 3370 3354 3439; x_wconf 89' lang='lat' dir='ltr'>quiveritis</span> <span class='ocrx_word' id='word_1_662' title='bbox 3432 3374 3511 3429; x_wconf 89' lang='lat' dir='ltr'>ad</span> 
     </span>
    </p>
   </div>
   <div class='ocr_carea' id='block_1_103' title="bbox 1852 3449 3510 3532">
    <p class='ocr_par' dir='ltr' id='par_1_103' title="bbox 1852 3449 3510 3532">
     <span class='ocr_line' id='line_1_103' title="bbox 1852 3449 3510 3532; baseline 0.008 -26"><span class='ocrx_word' id='word_1_663' title='bbox 1852 3450 2141 3506; x_wconf 79' lang='lat' dir='ltr'>auxilium</span> <span class='ocrx_word' id='word_1_664' title='bbox 2199 3449 2372 3518; x_wconf 91' lang='lat' dir='ltr'>ejus.</span> <span class='ocrx_word' id='word_1_665' title='bbox 2454 3450 2627 3505; x_wconf 86' lang='lat' dir='ltr'>Dabit</span> <span class='ocrx_word' id='word_1_666' title='bbox 2689 3451 2863 3506; x_wconf 89' lang='lat' dir='ltr'>vobis</span> <span class='ocrx_word' id='word_1_667' title='bbox 2914 3469 3023 3526; x_wconf 90' lang='lat' dir='ltr'>pro</span> <span class='ocrx_word' id='word_1_668' title='bbox 3098 3457 3213 3514; x_wconf 89' lang='lat' dir='ltr'>hoc</span> <span class='ocrx_word' id='word_1_669' title='bbox 3270 3464 3510 3532; x_wconf 87' lang='lat' dir='ltr'>negotio</span> 
     </span>
    </p>
   </div>
   <div class='ocr_carea' id='block_1_104' title="bbox 1851 3537 3513 3620">
    <p class='ocr_par' dir='ltr' id='par_1_104' title="bbox 1851 3537 3513 3620">
     <span class='ocr_line' id='line_1_104' title="bbox 1851 3537 3513 3620; baseline 0.009 -27"><span class='ocrx_word' id='word_1_670' title='bbox 1851 3538 2011 3593; x_wconf 90' lang='lat' dir='ltr'>mille</span> <span class='ocrx_word' id='word_1_671' title='bbox 2058 3537 2242 3592; x_wconf 91' lang='lat' dir='ltr'>libras</span> <span class='ocrx_word' id='word_1_672' title='bbox 2301 3537 2710 3609; x_wconf 86' lang='lat' dir='ltr'>denariorum,</span> <span class='ocrx_word' id='word_1_673' title='bbox 2770 3544 2828 3595; x_wconf 85' lang='lat' dir='ltr'>et</span> <span class='ocrx_word' id='word_1_674' title='bbox 2880 3547 3120 3601; x_wconf 87' lang='lat' dir='ltr'>centum</span> <span class='ocrx_word' id='word_1_675' title='bbox 3168 3548 3372 3620; x_wconf 87' lang='lat' dir='ltr'>pallia,</span> <span class='ocrx_word' id='word_1_676' title='bbox 3454 3556 3513 3608; x_wconf 86' lang='lat' dir='ltr'>et</span> 
     </span>
    </p>
   </div>
   <div class='ocr_carea' id='block_1_105' title="bbox 1849 3624 3508 3704">
    <p class='ocr_par' dir='ltr' id='par_1_105' title="bbox 1849 3624 3508 3704">
     <span class='ocr_line' id='line_1_105' title="bbox 1849 3624 3508 3704; baseline 0.009 -22"><span class='ocrx_word' id='word_1_677' title='bbox 1849 3625 2108 3682; x_wconf 67' lang='lat' dir='ltr'>dominre</span> <span class='ocrx_word' id='word_1_678' title='bbox 2186 3624 2406 3695; x_wconf 68' lang='lat' dir='ltr'>regina:</span> <span class='ocrx_word' id='word_1_679' title='bbox 2492 3627 2849 3684; x_wconf 54' lang='lat' dir='ltr'>Constantia;</span> <span class='ocrx_word' id='word_1_680' title='bbox 2906 3632 3264 3704; x_wconf 88' lang='lat' dir='ltr'>quingentas</span> <span class='ocrx_word' id='word_1_681' title='bbox 3321 3637 3508 3697; x_wconf 90' lang='lat' dir='ltr'>libras</span> 
     </span>
    </p>
   </div>
   <div class='ocr_carea' id='block_1_106' title="bbox 1849 3714 3511 3798">
    <p class='ocr_par' dir='ltr' id='par_1_106' title="bbox 1849 3714 3511 3798">
     <span class='ocr_line' id='line_1_106' title="bbox 1849 3714 3511 3798; baseline 0.01 -28"><span class='ocrx_word' id='word_1_682' title='bbox 1849 3729 2258 3771; x_wconf 88' lang='lat' dir='ltr'>nummorum.</span> <span class='ocrx_word' id='word_1_683' title='bbox 2304 3714 2444 3769; x_wconf 89' lang='lat' dir='ltr'>Orat</span> <span class='ocrx_word' id='word_1_684' title='bbox 2494 3730 2601 3769; x_wconf 88' lang='lat' dir='ltr'>vos</span> <span class='ocrx_word' id='word_1_685' title='bbox 2648 3719 2714 3770; x_wconf 90' lang='lat' dir='ltr'>ut</span> <span class='ocrx_word' id='word_1_686' title='bbox 2768 3716 2895 3789; x_wconf 90' lang='lat' dir='ltr'>ipse</span> <span class='ocrx_word' id='word_1_687' title='bbox 2942 3736 3075 3778; x_wconf 89' lang='lat' dir='ltr'>eam</span> <span class='ocrx_word' id='word_1_688' title='bbox 3119 3724 3403 3798; x_wconf 90' lang='lat' dir='ltr'>salutetis,</span> <span class='ocrx_word' id='word_1_689' title='bbox 3453 3735 3511 3787; x_wconf 89' lang='lat' dir='ltr'>et</span> 
     </span>
    </p>
   </div>
   <div class='ocr_carea' id='block_1_107' title="bbox 1849 3803 3509 3889">
    <p class='ocr_par' dir='ltr' id='par_1_107' title="bbox 1849 3803 3509 3889">
     <span class='ocr_line' id='line_1_107' title="bbox 1849 3803 3509 3889; baseline 0.008 -30"><span class='ocrx_word' id='word_1_690' title='bbox 1849 3803 2041 3858; x_wconf 89' lang='lat' dir='ltr'>ﬁlium</span> <span class='ocrx_word' id='word_1_691' title='bbox 2096 3805 2361 3856; x_wconf 89' lang='lat' dir='ltr'>vestrum</span> <span class='ocrx_word' id='word_1_692' title='bbox 2409 3817 2613 3872; x_wconf 83' lang='lat' dir='ltr'>regem</span> <span class='ocrx_word' id='word_1_693' title='bbox 2690 3821 2761 3860; x_wconf 87' lang='lat' dir='ltr'>ex</span> <span class='ocrx_word' id='word_1_694' title='bbox 2816 3813 2983 3879; x_wconf 87' lang='lat' dir='ltr'>parte</span> <span class='ocrx_word' id='word_1_695' title='bbox 3036 3828 3196 3869; x_wconf 91' lang='lat' dir='ltr'>sua:</span> <span class='ocrx_word' id='word_1_696' title='bbox 3276 3822 3333 3873; x_wconf 92' lang='lat' dir='ltr'>et</span> <span class='ocrx_word' id='word_1_697' title='bbox 3397 3834 3509 3889; x_wconf 91' lang='lat' dir='ltr'>ego</span> 
     </span>
    </p>
   </div>
   <div class='ocr_carea' id='block_1_108' title="bbox 1849 3890 3511 3976">
    <p class='ocr_par' dir='ltr' id='par_1_108' title="bbox 1849 3890 3511 3976">
     <span class='ocr_line' id='line_1_108' title="bbox 1849 3890 3511 3976; baseline 0.011 -28"><span class='ocrx_word' id='word_1_698' title='bbox 1849 3909 2060 3967; x_wconf 89' lang='lat' dir='ltr'>precor</span> <span class='ocrx_word' id='word_1_699' title='bbox 2080 3890 2401 3962; x_wconf 85' lang='lat' dir='ltr'>signiﬁcari</span> <span class='ocrx_word' id='word_1_700' title='bbox 2425 3892 2630 3950; x_wconf 88' lang='lat' dir='ltr'>litteris</span> <span class='ocrx_word' id='word_1_701' title='bbox 2655 3901 2760 3952; x_wconf 87' lang='lat' dir='ltr'>aut</span> <span class='ocrx_word' id='word_1_702' title='bbox 2784 3901 3006 3957; x_wconf 86' lang='lat' dir='ltr'>nuntiis</span> <span class='ocrx_word' id='word_1_703' title='bbox 3026 3903 3174 3976; x_wconf 93' lang='lat' dir='ltr'>quid</span> <span class='ocrx_word' id='word_1_704' title='bbox 3202 3907 3388 3965; x_wconf 90' lang='lat' dir='ltr'>animi</span> <span class='ocrx_word' id='word_1_705' title='bbox 3409 3928 3511 3967; x_wconf 87' lang='lat' dir='ltr'>vo-</span> 
     </span>
    </p>
   </div>
   <div class='ocr_carea' id='block_1_109' title="bbox 1850 3982 3513 4065">
    <p class='ocr_par' dir='ltr' id='par_1_109' title="bbox 1850 3982 3513 4065">
     <span class='ocr_line' id='line_1_109' title="bbox 1850 3982 3513 4065; baseline 0.013 -26"><span class='ocrx_word' id='word_1_706' title='bbox 1850 3983 1943 4039; x_wconf 89' lang='lat' dir='ltr'>bis</span> <span class='ocrx_word' id='word_1_707' title='bbox 1976 3982 2050 4037; x_wconf 92' lang='lat' dir='ltr'>sit</span> <span class='ocrx_word' id='word_1_708' title='bbox 2079 3998 2259 4055; x_wconf 90' lang='lat' dir='ltr'>super</span> <span class='ocrx_word' id='word_1_709' title='bbox 2286 3983 2401 4039; x_wconf 89' lang='lat' dir='ltr'>hoc</span> <span class='ocrx_word' id='word_1_710' title='bbox 2430 3984 2597 4057; x_wconf 91' lang='lat' dir='ltr'>quod</span> <span class='ocrx_word' id='word_1_711' title='bbox 2622 3985 2749 4059; x_wconf 90' lang='lat' dir='ltr'>ipse</span> <span class='ocrx_word' id='word_1_712' title='bbox 2778 4005 2887 4046; x_wconf 91' lang='lat' dir='ltr'>vos</span> <span class='ocrx_word' id='word_1_713' title='bbox 2921 3998 3113 4065; x_wconf 87' lang='lat' dir='ltr'>rogat,</span> <span class='ocrx_word' id='word_1_714' title='bbox 3175 4001 3239 4053; x_wconf 91' lang='lat' dir='ltr'>ut</span> <span class='ocrx_word' id='word_1_715' title='bbox 3296 4016 3513 4060; x_wconf 90' lang='lat' dir='ltr'>renun-</span> 
     </span>
    </p>
   </div>
   <div class='ocr_carea' id='block_1_110' title="bbox 1853 4070 2315 4130">
    <p class='ocr_par' dir='ltr' id='par_1_110' title="bbox 1853 4070 2315 4130">
     <span class='ocr_line' id='line_1_110' title="bbox 1853 4070 2315 4130; baseline 0.002 -1"><span class='ocrx_word' id='word_1_716' title='bbox 1853 4072 1991 4129; x_wconf 91' lang='lat' dir='ltr'>tiem</span> <span class='ocrx_word' id='word_1_717' title='bbox 2022 4070 2123 4128; x_wconf 93' lang='lat' dir='ltr'>illi.</span> <span class='ocrx_word' id='word_1_718' title='bbox 2156 4072 2315 4130; x_wconf 86' lang='lat' dir='ltr'>Vale.</span> 
     </span>
    </p>
   </div>
   <div class='ocr_carea' id='block_1_111' title="bbox 2458 4166 2900 4226">
    <p class='ocr_par' dir='ltr' id='par_1_111' title="bbox 2458 4166 2900 4226">
     <span class='ocr_line' id='line_1_111' title="bbox 2458 4166 2900 4226; baseline 0.014 -7"><span class='ocrx_word' id='word_1_719' title='bbox 2458 4166 2793 4224; x_wconf 76' lang='lat' dir='ltr'>EPISTULA</span> <span class='ocrx_word' id='word_1_720' title='bbox 2837 4173 2900 4226; x_wconf 86' lang='lat' dir='ltr'>V.</span> 
     </span>
    </p>
   </div>
   <div class='ocr_carea' id='block_1_112' title="bbox 2131 4266 3231 4321">
    <p class='ocr_par' dir='ltr' id='par_1_112' title="bbox 2131 4266 3231 4321">
     <span class='ocr_line' id='line_1_112' title="bbox 2131 4266 3231 4321; baseline 0.014 -15"><span class='ocrx_word' id='word_1_721' title='bbox 2131 4266 2327 4307; x_wconf 82' lang='lat' dir='ltr'>ODONIS</span> <span class='ocrx_word' id='word_1_722' title='bbox 2362 4267 2581 4311; x_wconf 81' lang='lat' dir='ltr'>COMITIS</span> <span class='ocrx_word' id='word_1_723' title='bbox 2611 4272 2683 4310; x_wconf 78' lang='lat' dir='ltr'>AD</span> <span class='ocrx_word' id='word_1_724' title='bbox 2710 4273 3001 4316; x_wconf 76' lang='lat' dir='ltr'>ROBERTUM</span> <span class='ocrx_word' id='word_1_725' title='bbox 3032 4278 3231 4321; x_wconf 73' lang='lat' dir='ltr'>REGI-3M.</span> 
     </span>
    </p>
   </div>
   <div class='ocr_carea' id='block_1_113' title="bbox 2479 4340 2883 4417">
    <p class='ocr_par' dir='ltr' id='par_1_113' title="bbox 2479 4340 2883 4417">
     <span class='ocr_line' id='line_1_113' title="bbox 2479 4340 2883 4417; baseline 0.015 -20"><span class='ocrx_word' id='word_1_726' title='bbox 2479 4342 2672 4409; x_wconf 87' lang='lat' dir='ltr'>(Anno</span> <span class='ocrx_word' id='word_1_727' title='bbox 2707 4340 2883 4417; x_wconf 72' lang='lat' dir='ltr'>I024).</span> 
     </span>
    </p>
   </div>
   <div class='ocr_carea' id='block_1_114' title="bbox 1924 4427 3166 4499">
    <p class='ocr_par' dir='ltr' id='par_1_114' title="bbox 1924 4427 3166 4499">
     <span class='ocr_line' id='line_1_114' title="bbox 1924 4427 3166 4499; baseline 0.012 -16"><span class='ocrx_word' id='word_1_728' title='bbox 1924 4427 2178 4483; x_wconf 91' lang='lat' dir='ltr'>Domino</span> <span class='ocrx_word' id='word_1_729' title='bbox 2210 4444 2320 4484; x_wconf 91' lang='lat' dir='ltr'>suo</span> <span class='ocrx_word' id='word_1_730' title='bbox 2351 4430 2475 4499; x_wconf 89' lang='lat' dir='ltr'>regi</span> <span class='ocrx_word' id='word_1_731' title='bbox 2503 4433 2768 4489; x_wconf 74' lang='lat' dir='ltr'>Roeenro</span> <span class='ocrx_word' id='word_1_732' title='bbox 2799 4452 3001 4494; x_wconf 91' lang='lat' dir='ltr'>comes</span> <span class='ocrx_word' id='word_1_733' title='bbox 3028 4442 3166 4498; x_wconf 82' lang='lat' dir='ltr'>Ono.</span> 
     </span>
    </p>
   </div>
   <div class='ocr_carea' id='block_1_115' title="bbox 1923 4516 3510 4605">
    <p class='ocr_par' dir='ltr' id='par_1_115' title="bbox 1923 4516 3510 4605">
     <span class='ocr_line' id='line_1_115' title="bbox 1923 4516 3510 4605; baseline 0.014 -35"><span class='ocrx_word' id='word_1_734' title='bbox 1923 4520 2117 4572; x_wconf 91' lang='lat' dir='ltr'>Pauca</span> <span class='ocrx_word' id='word_1_735' title='bbox 2148 4516 2271 4583; x_wconf 91' lang='lat' dir='ltr'>tibi,</span> <span class='ocrx_word' id='word_1_736' title='bbox 2307 4517 2570 4590; x_wconf 91' lang='lat' dir='ltr'>domine,</span> <span class='ocrx_word' id='word_1_737' title='bbox 2601 4521 2796 4579; x_wconf 91' lang='lat' dir='ltr'>dicere</span> <span class='ocrx_word' id='word_1_738' title='bbox 2820 4526 2979 4597; x_wconf 87' lang='lat' dir='ltr'>volo,</span> <span class='ocrx_word' id='word_1_739' title='bbox 3005 4529 3052 4584; x_wconf 92' lang='lat' dir='ltr'>si</span> <span class='ocrx_word' id='word_1_740' title='bbox 3073 4531 3279 4589; x_wconf 89' lang='lat' dir='ltr'>audire</span> <span class='ocrx_word' id='word_1_741' title='bbox 3304 4534 3510 4605; x_wconf 88' lang='lat' dir='ltr'>digne-</span> 
     </span>
    </p>
   </div>
   <div class='ocr_carea' id='block_1_116' title="bbox 1852 4605 3509 4687">
    <p class='ocr_par' dir='ltr' id='par_1_116' title="bbox 1852 4605 3509 4687">
     <span class='ocr_line' id='line_1_116' title="bbox 1852 4605 3509 4687; baseline 0.013 -25"><span class='ocrx_word' id='word_1_742' title='bbox 1852 4605 1954 4662; x_wconf 91' lang='lat' dir='ltr'>ris.</span> <span class='ocrx_word' id='word_1_743' title='bbox 1981 4608 2190 4663; x_wconf 91' lang='lat' dir='ltr'>Comes</span> <span class='ocrx_word' id='word_1_744' title='bbox 2220 4605 2568 4677; x_wconf 86' lang='lat' dir='ltr'>Richardus,</span> <span class='ocrx_word' id='word_1_745' title='bbox 2595 4614 2730 4666; x_wconf 92' lang='lat' dir='ltr'>tuus</span> <span class='ocrx_word' id='word_1_746' title='bbox 2742 4612 2954 4687; x_wconf 88' lang='lat' dir='ltr'>ﬁdelis,</span> <span class='ocrx_word' id='word_1_747' title='bbox 2981 4621 3215 4677; x_wconf 90' lang='lat' dir='ltr'>monuit</span> <span class='ocrx_word' id='word_1_748' title='bbox 3233 4639 3330 4679; x_wconf 91' lang='lat' dir='ltr'>me</span> <span class='ocrx_word' id='word_1_749' title='bbox 3346 4628 3509 4683; x_wconf 88' lang='lat' dir='ltr'>veni—</span> 
     </span>
    </p>
   </div>
   <div class='ocr_carea' id='block_1_117' title="bbox 1850 4695 3510 4789">
    <p class='ocr_par' dir='ltr' id='par_1_117' title="bbox 1850 4695 3510 4789">
     <span class='ocr_line' id='line_1_117' title="bbox 1850 4695 3510 4789; baseline 0.014 -39"><span class='ocrx_word' id='word_1_750' title='bbox 1850 4711 1913 4789; x_wconf 79' lang='lat' dir='ltr'>re</span> <span class='ocrx_word' id='word_1_751' title='bbox 1932 4695 2025 4789; x_wconf 75' lang='lat' dir='ltr'>ad</span> <span class='ocrx_word' id='word_1_752' title='bbox 2038 4695 2350 4789; x_wconf 90' lang='lat' dir='ltr'>justitiam,</span> <span class='ocrx_word' id='word_1_753' title='bbox 2378 4701 2481 4754; x_wconf 92' lang='lat' dir='ltr'>aut</span> <span class='ocrx_word' id='word_1_754' title='bbox 2509 4702 2914 4773; x_wconf 90' lang='lat' dir='ltr'>concordiam,</span> <span class='ocrx_word' id='word_1_755' title='bbox 2942 4706 3017 4763; x_wconf 93' lang='lat' dir='ltr'>de</span> <span class='ocrx_word' id='word_1_756' title='bbox 3046 4711 3302 4783; x_wconf 89' lang='lat' dir='ltr'>querelis</span> <span class='ocrx_word' id='word_1_757' title='bbox 3355 4732 3510 4789; x_wconf 89' lang='lat' dir='ltr'>quas</span> 
     </span>
    </p>
   </div>
   <div class='ocr_carea' id='block_1_118' title="bbox 1849 4783 3510 4861">
    <p class='ocr_par' dir='ltr' id='par_1_118' title="bbox 1849 4783 3510 4861">
     <span class='ocr_line' id='line_1_118' title="bbox 1849 4783 3510 4861; baseline 0.014 -22"><span class='ocrx_word' id='word_1_758' title='bbox 1849 4783 2112 4840; x_wconf 90' lang='lat' dir='ltr'>habebat</span> <span class='ocrx_word' id='word_1_759' title='bbox 2145 4788 2352 4841; x_wconf 90' lang='lat' dir='ltr'>contra</span> <span class='ocrx_word' id='word_1_760' title='bbox 2382 4802 2497 4843; x_wconf 93' lang='lat' dir='ltr'>me.</span> <span class='ocrx_word' id='word_1_761' title='bbox 2531 4791 2652 4858; x_wconf 90' lang='lat' dir='ltr'>Ego</span> <span class='ocrx_word' id='word_1_762' title='bbox 2684 4806 2825 4848; x_wconf 91' lang='lat' dir='ltr'>vero</span> <span class='ocrx_word' id='word_1_763' title='bbox 2868 4794 3004 4851; x_wconf 90' lang='lat' dir='ltr'>misi</span> <span class='ocrx_word' id='word_1_764' title='bbox 3045 4812 3292 4857; x_wconf 90' lang='lat' dir='ltr'>causam</span> <span class='ocrx_word' id='word_1_765' title='bbox 3350 4783 3510 4861; x_wconf 70' lang='lat' dir='ltr'>hanc</span> 
     </span>
    </p>
   </div>
   <div class='ocr_carea' id='block_1_119' title="bbox 1851 4873 3510 4953">
    <p class='ocr_par' dir='ltr' id='par_1_119' title="bbox 1851 4873 3510 4953">
     <span class='ocr_line' id='line_1_119' title="bbox 1851 4873 3510 4953; baseline 0.014 -23"><span class='ocrx_word' id='word_1_766' title='bbox 1851 4877 2041 4930; x_wconf 87' lang='lat' dir='ltr'>totam</span> <span class='ocrx_word' id='word_1_767' title='bbox 2070 4873 2131 4930; x_wconf 93' lang='lat' dir='ltr'>in</span> <span class='ocrx_word' id='word_1_768' title='bbox 2160 4890 2349 4931; x_wconf 90' lang='lat' dir='ltr'>manu</span> <span class='ocrx_word' id='word_1_769' title='bbox 2376 4875 2584 4948; x_wconf 87' lang='lat' dir='ltr'>ipsius.</span> <span class='ocrx_word' id='word_1_770' title='bbox 2614 4882 2760 4936; x_wconf 90' lang='lat' dir='ltr'>Tum</span> <span class='ocrx_word' id='word_1_771' title='bbox 2792 4881 2887 4939; x_wconf 90' lang='lat' dir='ltr'>ille</span> <span class='ocrx_word' id='word_1_772' title='bbox 2945 4902 3018 4943; x_wconf 85' lang='lat' dir='ltr'>ex</span> <span class='ocrx_word' id='word_1_773' title='bbox 3068 4906 3365 4950; x_wconf 90' lang='lat' dir='ltr'>consensu</span> <span class='ocrx_word' id='word_1_774' title='bbox 3405 4900 3510 4953; x_wconf 91' lang='lat' dir='ltr'>tuo</span> 
     </span>
    </p>
   </div>
   <div class='ocr_carea' id='block_1_120' title="bbox 1852 4962 3512 5057">
    <p class='ocr_par' dir='ltr' id='par_1_120' title="bbox 1852 4962 3512 5057">
     <span class='ocr_line' id='line_1_120' title="bbox 1852 4962 3512 5057; baseline 0.014 -37"><span class='ocrx_word' id='word_1_775' title='bbox 1852 4962 2156 5057; x_wconf 63' lang='lat' dir='ltr'>constituit</span> <span class='ocrx_word' id='word_1_776' title='bbox 2177 4964 2323 5057; x_wconf 81' lang='lat' dir='ltr'>mihi</span> <span class='ocrx_word' id='word_1_777' title='bbox 2350 4965 2657 5039; x_wconf 88' lang='lat' dir='ltr'>placitum,</span> <span class='ocrx_word' id='word_1_778' title='bbox 2682 4973 2929 5043; x_wconf 88' lang='lat' dir='ltr'>quando</span> <span class='ocrx_word' id='word_1_779' title='bbox 2964 4981 3020 5033; x_wconf 90' lang='lat' dir='ltr'>et</span> <span class='ocrx_word' id='word_1_780' title='bbox 3040 4979 3142 5034; x_wconf 90' lang='lat' dir='ltr'>ubi</span> <span class='ocrx_word' id='word_1_781' title='bbox 3164 4981 3277 5038; x_wconf 89' lang='lat' dir='ltr'>hoc</span> <span class='ocrx_word' id='word_1_782' title='bbox 3306 4984 3512 5057; x_wconf 87' lang='lat' dir='ltr'>perﬁci</span> 
     </span>
    </p>
   </div>
   <div class='ocr_carea' id='block_1_121' title="bbox 1852 5053 3513 5145">
    <p class='ocr_par' dir='ltr' id='par_1_121' title="bbox 1852 5053 3513 5145">
     <span class='ocr_line' id='line_1_121' title="bbox 1852 5053 3513 5145; baseline 0.016 -38"><span class='ocrx_word' id='word_1_783' title='bbox 1852 5057 2076 5145; x_wconf 85' lang='lat' dir='ltr'>posset.</span> <span class='ocrx_word' id='word_1_784' title='bbox 2114 5053 2230 5109; x_wconf 92' lang='lat' dir='ltr'>Sed</span> <span class='ocrx_word' id='word_1_785' title='bbox 2250 5054 2505 5112; x_wconf 89' lang='lat' dir='ltr'>instante</span> <span class='ocrx_word' id='word_1_786' title='bbox 2529 5059 2782 5116; x_wconf 90' lang='lat' dir='ltr'>termino</span> <span class='ocrx_word' id='word_1_787' title='bbox 2815 5080 2952 5120; x_wconf 91' lang='lat' dir='ltr'>cum</span> <span class='ocrx_word' id='word_1_788' title='bbox 2974 5066 3051 5122; x_wconf 86' lang='lat' dir='ltr'>ad</span> <span class='ocrx_word' id='word_1_789' title='bbox 3082 5068 3195 5126; x_wconf 92' lang='lat' dir='ltr'>hoc</span> <span class='ocrx_word' id='word_1_790' title='bbox 3224 5053 3513 5145; x_wconf 74' lang='lat' dir='ltr'>peragen-</span> 
     </span>
    </p>
   </div>
   <div class='ocr_carea' id='block_1_122' title="bbox 1852 5141 3511 5232">
    <p class='ocr_par' dir='ltr' id='par_1_122' title="bbox 1852 5141 3511 5232">
     <span class='ocr_line' id='line_1_122' title="bbox 1852 5141 3511 5232; baseline 0.016 -36"><span class='ocrx_word' id='word_1_791' title='bbox 1852 5141 2000 5232; x_wconf 83' lang='lat' dir='ltr'>dum</span> <span class='ocrx_word' id='word_1_792' title='bbox 2013 5146 2259 5232; x_wconf 77' lang='lat' dir='ltr'>paratus</span> <span class='ocrx_word' id='word_1_793' title='bbox 2274 5158 2468 5199; x_wconf 90' lang='lat' dir='ltr'>essem</span> <span class='ocrx_word' id='word_1_794' title='bbox 2472 5148 2806 5217; x_wconf 86' lang='lat' dir='ltr'>,mandavit</span> <span class='ocrx_word' id='word_1_795' title='bbox 2826 5152 2971 5209; x_wconf 92' lang='lat' dir='ltr'>mihi</span> <span class='ocrx_word' id='word_1_796' title='bbox 2992 5170 3067 5211; x_wconf 91' lang='lat' dir='ltr'>ne</span> <span class='ocrx_word' id='word_1_797' title='bbox 3084 5174 3181 5214; x_wconf 91' lang='lat' dir='ltr'>me</span> <span class='ocrx_word' id='word_1_798' title='bbox 3196 5141 3511 5232; x_wconf 70' lang='lat' dir='ltr'>fatigarem</span> 
     </span>
    </p>
   </div>
   <div class='ocr_carea' id='block_1_123' title="bbox 1853 5230 3515 5317">
    <p class='ocr_par' dir='ltr' id='par_1_123' title="bbox 1853 5230 3515 5317">
     <span class='ocr_line' id='line_1_123' title="bbox 1853 5230 3515 5317; baseline 0.017 -31"><span class='ocrx_word' id='word_1_799' title='bbox 1853 5231 1932 5287; x_wconf 91' lang='lat' dir='ltr'>ad</span> <span class='ocrx_word' id='word_1_800' title='bbox 1952 5230 2296 5288; x_wconf 89' lang='lat' dir='ltr'>condictum</span> <span class='ocrx_word' id='word_1_801' title='bbox 2312 5232 2599 5306; x_wconf 89' lang='lat' dir='ltr'>placitum</span> <span class='ocrx_word' id='word_1_802' title='bbox 2621 5240 2938 5314; x_wconf 91' lang='lat' dir='ltr'>veniendo,</span> <span class='ocrx_word' id='word_1_803' title='bbox 2962 5246 3105 5317; x_wconf 90' lang='lat' dir='ltr'>quia</span> <span class='ocrx_word' id='word_1_804' title='bbox 3121 5265 3243 5307; x_wconf 92' lang='lat' dir='ltr'>non</span> <span class='ocrx_word' id='word_1_805' title='bbox 3271 5230 3515 5314; x_wconf 80' lang='lat' dir='ltr'>erattibi</span> 
     </span>
    </p>
   </div>
   <div class='ocr_carea' id='block_1_124' title="bbox 1853 5318 3515 5417">
    <p class='ocr_par' dir='ltr' id='par_1_124' title="bbox 1853 5318 3515 5417">
     <span class='ocr_line' id='line_1_124' title="bbox 1853 5318 3515 5417; baseline 0.016 -42"><span class='ocrx_word' id='word_1_806' title='bbox 1853 5318 2018 5376; x_wconf 91' lang='lat' dir='ltr'>cordi</span> <span class='ocrx_word' id='word_1_807' title='bbox 2048 5318 2230 5376; x_wconf 90' lang='lat' dir='ltr'>aliam</span> <span class='ocrx_word' id='word_1_808' title='bbox 2241 5320 2728 5391; x_wconf 87' lang='lat' dir='ltr'>justiﬁcationem</span> <span class='ocrx_word' id='word_1_809' title='bbox 2752 5328 2875 5385; x_wconf 91' lang='lat' dir='ltr'>sive</span> <span class='ocrx_word' id='word_1_810' title='bbox 2895 5337 3282 5396; x_wconf 90' lang='lat' dir='ltr'>concordiam</span> <span class='ocrx_word' id='word_1_811' title='bbox 3293 5343 3515 5417; x_wconf 90' lang='lat' dir='ltr'>recipe-</span> 
     </span>
    </p>
   </div>
   <div class='ocr_carea' id='block_1_125' title="bbox 1851 5408 3515 5506">
    <p class='ocr_par' dir='ltr' id='par_1_125' title="bbox 1851 5408 3515 5506">
     <span class='ocr_line' id='line_1_125' title="bbox 1851 5408 3515 5506; baseline 0.016 -41"><span class='ocrx_word' id='word_1_812' title='bbox 1851 5424 1915 5465; x_wconf 88' lang='lat' dir='ltr'>re</span> <span class='ocrx_word' id='word_1_813' title='bbox 1934 5408 2051 5464; x_wconf 90' lang='lat' dir='ltr'>nisi</span> <span class='ocrx_word' id='word_1_814' title='bbox 2064 5408 2178 5465; x_wconf 91' lang='lat' dir='ltr'>hoc</span> <span class='ocrx_word' id='word_1_815' title='bbox 2202 5413 2435 5506; x_wconf 73' lang='lat' dir='ltr'>tantum</span> <span class='ocrx_word' id='word_1_816' title='bbox 2457 5417 2521 5506; x_wconf 79' lang='lat' dir='ltr'>ut</span> <span class='ocrx_word' id='word_1_817' title='bbox 2550 5414 2773 5473; x_wconf 87' lang='lat' dir='ltr'>faceres</span> <span class='ocrx_word' id='word_1_818' title='bbox 2808 5420 2955 5477; x_wconf 91' lang='lat' dir='ltr'>mihi</span> <span class='ocrx_word' id='word_1_819' title='bbox 2993 5422 3311 5487; x_wconf 87' lang='lat' dir='ltr'>defendere</span> <span class='ocrx_word' id='word_1_820' title='bbox 3347 5408 3515 5506; x_wconf 77' lang='lat' dir='ltr'>quod</span> 
     </span>
    </p>
   </div>
   <div class='ocr_carea' id='block_1_126' title="bbox 1852 5499 3514 5581">
    <p class='ocr_par' dir='ltr' id='par_1_126' title="bbox 1852 5499 3514 5581">
     <span class='ocr_line' id='line_1_126' title="bbox 1852 5499 3514 5581; baseline 0.017 -27"><span class='ocrx_word' id='word_1_821' title='bbox 1852 5513 1977 5554; x_wconf 92' lang='lat' dir='ltr'>non</span> <span class='ocrx_word' id='word_1_822' title='bbox 1988 5513 2183 5554; x_wconf 89' lang='lat' dir='ltr'>essem</span> <span class='ocrx_word' id='word_1_823' title='bbox 2199 5499 2419 5570; x_wconf 88' lang='lat' dir='ltr'>dignus</span> <span class='ocrx_word' id='word_1_824' title='bbox 2438 5503 2627 5561; x_wconf 90' lang='lat' dir='ltr'>ullum</span> <span class='ocrx_word' id='word_1_825' title='bbox 2641 5506 3003 5569; x_wconf 90' lang='lat' dir='ltr'>beneﬁcium</span> <span class='ocrx_word' id='word_1_826' title='bbox 3018 5518 3215 5575; x_wconf 91' lang='lat' dir='ltr'>tenere</span> <span class='ocrx_word' id='word_1_827' title='bbox 3233 5521 3306 5577; x_wconf 92' lang='lat' dir='ltr'>de</span> <span class='ocrx_word' id='word_1_828' title='bbox 3320 5499 3514 5581; x_wconf 36' lang='lat' dir='ltr'>teiNec</span> 
     </span>
    </p>
   </div>
   <div class='ocr_carea' id='block_1_127' title="bbox 1856 5586 3513 5677">
    <p class='ocr_par' dir='ltr' id='par_1_127' title="bbox 1856 5586 3513 5677">
     <span class='ocr_line' id='line_1_127' title="bbox 1856 5586 3513 5677; baseline 0.018 -37"><span class='ocrx_word' id='word_1_829' title='bbox 1856 5586 1969 5677; x_wconf 84' lang='lat' dir='ltr'>sibi</span> <span class='ocrx_word' id='word_1_830' title='bbox 1984 5592 2320 5661; x_wconf 87' lang='lat' dir='ltr'>competere</span> <span class='ocrx_word' id='word_1_831' title='bbox 2351 5591 2607 5662; x_wconf 88' lang='lat' dir='ltr'>dicebat,</span> <span class='ocrx_word' id='word_1_832' title='bbox 2632 5600 2803 5654; x_wconf 92' lang='lat' dir='ltr'>utme</span> <span class='ocrx_word' id='word_1_833' title='bbox 2818 5600 2895 5655; x_wconf 90' lang='lat' dir='ltr'>ad</span> <span class='ocrx_word' id='word_1_834' title='bbox 2910 5602 3023 5660; x_wconf 90' lang='lat' dir='ltr'>tale</span> <span class='ocrx_word' id='word_1_835' title='bbox 3036 5606 3333 5677; x_wconf 88' lang='lat' dir='ltr'>judicium</span> <span class='ocrx_word' id='word_1_836' title='bbox 3353 5613 3513 5668; x_wconf 82' lang='lat' dir='ltr'>exhi-</span> 
     </span>
    </p>
   </div>
   <div class='ocr_carea' id='block_1_128' title="bbox 1853 5674 3511 5758">
    <p class='ocr_par' dir='ltr' id='par_1_128' title="bbox 1853 5674 3511 5758">
     <span class='ocr_line' id='line_1_128' title="bbox 1853 5674 3511 5758; baseline 0.016 -28"><span class='ocrx_word' id='word_1_837' title='bbox 1853 5674 2021 5733; x_wconf 89' lang='lat' dir='ltr'>beret</span> <span class='ocrx_word' id='word_1_838' title='bbox 2044 5677 2170 5733; x_wconf 90' lang='lat' dir='ltr'>sine</span> <span class='ocrx_word' id='word_1_839' title='bbox 2193 5686 2494 5739; x_wconf 89' lang='lat' dir='ltr'>conventu</span> <span class='ocrx_word' id='word_1_840' title='bbox 2510 5684 2749 5757; x_wconf 90' lang='lat' dir='ltr'>parium</span> <span class='ocrx_word' id='word_1_841' title='bbox 2771 5674 3051 5750; x_wconf 65' lang='lat' dir='ltr'>suorum.</span> <span class='ocrx_word' id='word_1_842' title='bbox 3068 5699 3200 5756; x_wconf 78' lang='lat' dir='ltr'>Haec</span> <span class='ocrx_word' id='word_1_843' title='bbox 3223 5716 3404 5757; x_wconf 88' lang='lat' dir='ltr'>causa</span> <span class='ocrx_word' id='word_1_844' title='bbox 3426 5706 3511 5758; x_wconf 90' lang='lat' dir='ltr'>est</span> 
     </span>
    </p>
   </div>
   <div class='ocr_carea' id='block_1_129' title="bbox 1854 5766 3506 5856">
    <p class='ocr_par' dir='ltr' id='par_1_129' title="bbox 1854 5766 3506 5856">
     <span class='ocr_line' id='line_1_129' title="bbox 1854 5766 3506 5856; baseline 0.013 -35"><span class='ocrx_word' id='word_1_845' title='bbox 1854 5779 1961 5823; x_wconf 88' lang='lat' dir='ltr'>cur</span> <span class='ocrx_word' id='word_1_846' title='bbox 1984 5766 2087 5824; x_wconf 88' lang='lat' dir='ltr'>tibi</span> <span class='ocrx_word' id='word_1_847' title='bbox 2120 5768 2196 5824; x_wconf 91' lang='lat' dir='ltr'>ad</span> <span class='ocrx_word' id='word_1_848' title='bbox 2218 5768 2505 5842; x_wconf 90' lang='lat' dir='ltr'>placitum</span> <span class='ocrx_word' id='word_1_849' title='bbox 2528 5791 2649 5831; x_wconf 93' lang='lat' dir='ltr'>non</span> <span class='ocrx_word' id='word_1_850' title='bbox 2672 5780 2920 5837; x_wconf 87' lang='lat' dir='ltr'>occurri.</span> <span class='ocrx_word' id='word_1_851' title='bbox 2947 5782 3062 5841; x_wconf 91' lang='lat' dir='ltr'>Sed</span> <span class='ocrx_word' id='word_1_852' title='bbox 3079 5786 3153 5843; x_wconf 92' lang='lat' dir='ltr'>de</span> <span class='ocrx_word' id='word_1_853' title='bbox 3168 5792 3239 5856; x_wconf 92' lang='lat' dir='ltr'>te,</span> <span class='ocrx_word' id='word_1_854' title='bbox 3268 5788 3506 5844; x_wconf 88' lang='lat' dir='ltr'>domine</span> 
     </span>
    </p>
   </div>
   <div class='ocr_carea' id='block_1_130' title="bbox 2978 5874 3047 5928">
    <p class='ocr_par' dir='ltr' id='par_1_130' title="bbox 2978 5874 3047 5928">
     <span class='ocr_line' id='line_1_130' title="bbox 2978 5874 3047 5928; baseline 0.029 -2"><span class='ocrx_word' id='word_1_855' title='bbox 2978 5874 3047 5928; x_wconf 89' lang='lat'>30</span> 
     </span>
    </p>
   </div>
  </div>
