3892 6366
493 309 597 362 939

1691 307 1985 361 ROBERTI
2026 303 2220 359 REGIS
2260 305 2729 362 FRANCORUM.’
3790 317 3840 368 9H

492 430 598 501 mi,
624 428 800 484 valde
830 427 1029 499 miror,
1062 428 1162 500 qui
1217 443 1312 483 me
1344 431 1462 482 tam
1521 443 1896 500 praepropere
1944 443 2128 482 causa
2164 429 2209 482 Α
2243 443 2396 494 sum,
2425 433 2479 484 et
2531 445 2649 484 non
2699 430 3020 486 defendam
3075 433 3372 487 honorem
3434 449 3649 490 meum
3676 434 3841 490 ‘lDeum

493 517 829 574 indiscussa
879 522 977 573 tuo
1052 516 1338 574 beneﬁcio
1405 517 1721 588 judicabas
1796 517 2128 586 indignum.

491 611 640 664 Nam
671 607 721 662 si
743 606 1088 680 respiciatur
1117 605 1192 662 ad
1223 605 1620 661 conditionem
1672 607 1921 675 generis,
1966 605 2132 661 daret

492 695 592 752 Dei
620 693 808 764 gratia
835 694 1000 769 quod
1028 693 1446 750 hmreditabilis
1478 695 1608 750 sim.
1663 695 1714 750 Si
1745 695 1821 750 ad
1877 693 2129 766 qualita-

489 787 606 839 tem
634 783 908 839 beneﬁcii
935 782 1102 856 quod
1128 783 1272 838 mihi
1312 782 1544 849 dedisti,
1575 788 1805 838 constat
1836 784 1978 855 quia
2007 798 2128 838 non

487 877 574 929 est
627 873 700 930 de
753 878 854 929 tuo
921 872 1092 940 ﬁsco,
1148 873 1253 928 sed
1303 873 1376 928 de
1452 873 1542 928 his
1594 891 1725 945 quae
1811 873 1954 928 mihi
2024 889 2131 946 per

486 967 653 1018 tuam
709 961 958 1032 gratiam
1011 978 1083 1017 ex
1162 961 1488 1032 majoribus
1543 961 1688 1016 meis
1757 961 2128 1016 haereditario

483 1051 616 1122 jure
669 1050 1038 1120 contingunt.
1097 1051 1153 1107 Si
1206 1051 1279 1106 ad
1339 1050 1556 1106 servitii
1630 1051 1926 1118 meritum,
2000 1050 2128 1122 ipse

486 1140 750 1213 profecto
832 1140 988 1196 nosti
1020 1185 1033 1210 ,
1113 1138 1300 1196 donec
1357 1146 1520 1196 tuam
1575 1141 1825 1210 gratiam
1895 1139 2126 1209 habui,

487 1228 793 1301 quomodo
845 1229 948 1284 tibi
997 1229 1297 1285 servicrim
1353 1229 1556 1295 domi,
1631 1233 1684 1284 et
1739 1227 1994 1295 militiae,
2073 1233 2130 1283 et

483 1333 748 1390 peregre.
781 1321 850 1373 At
877 1321 1199 1390 postquam
1258 1321 1421 1372 tuam
1479 1317 1730 1386 gratiam
1789 1316 2047 1372 avertisti
2093 1332 2129 1370 a

482 1423 598 1476 me,
633 1410 687 1462 et
712 1407 1002 1462 honorem
1025 1423 1205 1478 quem
1236 1405 1487 1460 dederas
1516 1405 1659 1460 mihi
1707 1405 1904 1460 tollere
1957 1404 2126 1459 nisus

481 1512 564 1566 es,
597 1495 644 1550 si
670 1511 764 1552 me
789 1500 844 1552 et
861 1497 1152 1552 honorem
1184 1511 1387 1550 meum
1403 1495 1778 1550 defendendo
1809 1494 2126 1567 aliquatibi

478 1584 710 1656 ingrata
738 1585 1029 1654 commisi,
1058 1584 1166 1640 feci
1201 1585 1312 1639 hoc
1333 1584 1638 1640 lacessitus
1666 1583 1893 1653 injuriis
1925 1589 1979 1638 et
2030 1599 2128 1638 ne-

479 1673 745 1728 cessitate
775 1679 1034 1729 coactus.
1070 1672 1384 1738 Quomodo
1439 1673 1593 1727 enim
1646 1672 1934 1728 dimittere
1988 1687 2123 1743 pos-

2243 520 2297 570 et
2361 517 2624 572 animam
2685 537 2878 574 meam
2937 525 3115 575 testor
3159 519 3328 591 quod
3377 522 3589 592 magis
3641 522 3840 591 eligeres

2241 604 2566 662 honoratus
2642 609 2812 674 mori,
2897 625 3082 680 quam
3167 608 3369 665 vivere
3458 610 3837 668 dishonoratus.

2239 697 2311 748 At
2364 695 2410 750 si
2461 712 2552 750 me
2610 697 3001 752 dishonorare
3075 698 3224 753 velle
3270 699 3566 765 desistas,
3654 701 3774 756 nihil
3811 707 3834 755 lt

2238 785 2466 839 mundo
2540 790 2625 840 est
2677 787 2841 857 quod
2913 788 3106 851 magis
3156 803 3345 860 quam
3437 789 3695 858 gratiam
3742 795 3833 846 tuas

2235 871 2328 926 vel
2379 872 2598 928 habere
2654 873 2743 927 vel
2794 876 3121 946 promereri
3177 875 3558 932 desiderem.
3615 877 3836 934 Disconii:

2236 961 2394 1016 enim
2444 967 2545 1016 tua
2600 963 2745 1017 mihi
2803 963 3044 1035 quidem
3133 963 3574 1022 molestissima
3627 972 3722 1028 est,
3785 967 3837 1020 sei

2237 1054 2292 1104 et
2345 1049 2466 1117 tibi,
2523 1050 2599 1104 mi
2655 1051 2917 1117 domine,
2976 1053 3123 1108 tollit
3178 1052 3364 1108 ofﬁcii
3427 1055 3516 1110 tui
3564 1055 3839 1110 radicem:

2235 1140 2490 1195 fructum
2569 1159 2580 1196 :
2661 1143 2950 1212 justitiam
3008 1143 3224 1215 loquor
3295 1150 3354 1199 et
3414 1161 3656 1218 pacem.
3738 1145 3838 1202 Unde

2237 1228 2576 1300 suppliciter
2632 1247 2813 1286 exoro
2870 1231 3250 1286 clementiam
3306 1231 3513 1300 illam,
3601 1249 3728 1306 quas
3781 1235 3836 1288 tite

2237 1315 2578 1371 naturaliter
2637 1318 2820 1381 adest,
2877 1318 2925 1372 si
2969 1318 3237 1387 maligno
3305 1320 3574 1377 consilio
3628 1336 3738 1377 non
3782 1320 3837 1374 tol-

2235 1403 2407 1472 latur,
2463 1410 2526 1459 ut
2575 1407 2702 1476 jam
2758 1406 3000 1460 tandem
3060 1422 3094 1462 a
3133 1409 3565 1478 persecutione
3624 1425 3744 1464 mea
3780 1409 3837 1462 de

2235 1493 2428 1553 sistas.
2496 1511 2711 1566 meque
2767 1495 2870 1550 tibi
2955 1495 3076 1550 sive
3132 1511 3241 1568 per
3294 1497 3670 1554 domesticos
3739 1503 3838 1552 tuos.

2235 1599 2337 1637 seu
2384 1599 2488 1656 per
2534 1601 2750 1638 manus
2771 1584 3108 1656 principum
3157 1587 3545 1643 reconciliari
3578 1588 3837 1661 permittas.

2235 1671 2392 1726 Vale.
2521 1677 2524 1682 ’

1269 1895 1376 2012 Η
1406 1897 1469 2011 i'
1491 1894 2038 2127 ΜΝΞΟΞΞΟ
2077 1891 3074 2125 EESEIRESORIA

478 2191 1148 2282 (Hymnum‘de‘S‘piritu
1175 2196 1378 2246 sancto
1401 2193 1730 2282 ediinus‘es
1785 2193 2058 2282 Daniele.l
2098 2171 2939 2282 Theseiri-usit.annntogicus,
3002 2200 3146 2250 tom.
3213 2200 3278 2263 ll,
3309 2213 3466 2268 pag,
3500 2204 3603 2265 35;
3639 2199 3832 2269 reliquos

547 2263 945 2345 suppeditavit
964 2263 1406 2345 Cameri-refens,
1426 2265 1914 2345 Δζςζιιίιίίιᾳζρνίωζι
1937 2267 2278 2345 ecclesiastir
2299 2283 2414 2331 ωη,
2440 2266 2598 2320 Paris
2635 2263 2789 2332 1321’,
2825 2267 2946 2324 ἴοι..
2973 2271 3115 2322 tom.
3149 2271 3216 2322 ll.
3267 2263 3430 2340 pag:
3452 2275 3544 2339 37,
3593 2263 3714 2337 206,
3747 2263 3832 2329 3207.

543 2334 672 2406 217,
697 2339 818 2402 230,
857 2337 974 2403 lit,
1013 2334 1129 2390 121.
1161 2334 1298 2390 Vide
1318 2336 1606 2390 Notitiam
1643 2337 1999 2392 litterariam
2023 2341 2250 2407 supra.)

1857 2459 2072 2469 ——.—.—.-

808 2618 1084 2688 Hymnus
1113 2616 1185 2672 de
1199 2617 1432 2686 Spiritu
1465 2623 1670 2674 sancto
1695 2618 1764 2689 (4)

681 2711 731 2763 1.
773 2705 914 2762 Veni
934 2710 1136 2761 sancte
1161 2705 1406 2778 Spiritus

777 2799 842 2852 Et
871 2795 1070 2852 emitte
1102 2795 1335 2851 coalitus

774 2885 943 2941 Lucis
969 2889 1082 2940 tuae
1112 2884 1372 2953 radium,

674 2978 730 3031 2.
769 2973 912 3029 Veni
940 2978 1108 3045 pater
1133 2987 1493 3044 pauperum,

776 3061 916 3117 Veni
944 3061 1118 3117 dator
1144 3077 1490 3128 munerum,

779 3147 917 3206 Veni
943 3147 1146 3203 lumen
1180 3147 1470 3203 cordium.

680 3245 734 3296 3.
774 3235 1124 3292 Consolator
1149 3235 1394 3308 optime,

771 3325 972 3382 Dulcis
999 3325 1224 3398 hospes
1248 3325 1486 3394 animas,

773 3415 954 3472 Dulce
979 3413 1370 3485 refrigerium.

673 3509 730 3564 4.
771 3510 836 3562 In
859 3505 1065 3562 labore
1096 3503 1350 3576 requies,

773 3599 838 3652 In
867 3599 1016 3652 testu
1035 3594 1348 3667 temperies

771 3687 834 3740 1n
853 3683 997 3740 ﬂetu
1025 3681 1323 3740 solatium.

673 3777 727 3828 5.
768 3773 812 3828 Ο
832 3771 935 3827 lux
955 3769 1302 3826 beatissima

775 3859 954 3930 Reple
982 3858 1178 3915 cordis
1206 3857 1420 3914 intima

774 3949 1036 4003 Tuorum
1065 3945 1354 4002 ﬁdelium.

679 4039 732 4091 6.
775 4033 909 4090 Sine
939 4037 1040 4089 tuo
1066 4033 1312 4090 numine

776 4121 926 4178 Nihil
953 4125 1041 4178 est
1067 4121 1128 4177 in
1158 4121 1401 4179 homine

773 4209 924 4267 Nihil
951 4217 1039 4266 est
1060 4209 1392 4268 innoxium.

537 4337 606 4409 (4)
640 4337 857 4415 Omnes
889 4349 1196 4415 sacrorum
1225 4335 1560 4415 carminum
1590 4338 1908 4415 amatores,
1965 4351 2112 4415 qua-

463 4405 553 4463 les
589 4405 665 4463 et
716 4411 1012 4478 quotquot
1061 4405 1245 4478 fuere,
1307 4407 1538 4476 regium
1585 4411 1826 4478 poetam
1873 4405 2111 4461 Davidis

463 4479 651 4535 instar
698 4477 926 4533 nomini
977 4477 1210 4533 Domini
1251 4478 1614 4604 1psallentem
1681 4477 1934 4546 dignum
1981 4493 2112 4534 cen-

465 4550 675 4604 sebant
715 4565 898 4604 quem
944 4548 1196 4604 summis
1273 4549 1533 4604 audibus
1579 4549 1912 4604 eveherent.
2001 4551 2112 4604 On-

465 4550 687 4620 sebant
715 4565 898 4620 quem
944 4548 1196 4604 summis
1251 4548 1533 4620 laudibus
1557 4549 1912 4620 reveherent.
2001 4551 2112 4620 0p-

463 4622 604 4676 time
635 4619 1021 4677 Cliclitovaaus
1083 4636 1096 4674 :
1157 4641 1185 4668 «
1209 4623 1335 4674 Non
1357 4619 1501 4674 satis
1551 4619 1679 4673 haec
1705 4619 1916 4682 oratio,
1974 4619 2110 4675 mea

463 4692 708 4764 quidem
738 4691 1046 4764 sententia.
1099 4689 1512 4764 commendari
1556 4694 1774 4764 potest,
1817 4705 1960 4764 nam
1987 4706 2110 4764 om-

464 4759 528 4818 ni
576 4760 1095 4818 commendatione
1139 4761 1406 4832 superior
1457 4759 1576 4815 est:
1626 4791 1696 4832 -έ-
1748 4759 2108 4832 Crediderim

461 4833 632 4890 facile
687 4837 992 4890 auctorem
1035 4831 1322 4902 (quistjuis
1375 4833 1424 4902 is
1472 4831 1684 4902 fuerit)
1739 4847 1893 4902 cum,
1953 4831 2108 4888 hanc

463 4904 762 4962 contexuit
815 4901 1167 4976 orationem_
1201 4901 1422 4958 caelesti
1474 4901 1743 4976 quadam
1796 4901 2108 4958 dulcedine

463 4976 771 5049 perfusum
819 4991 951 5030 esse
1002 4973 1265 5049 interius,
1318 4988 1441 5049 qua
1471 4972 1690 5049 Spiritu
1735 4977 2106 5049 sancto‘auc-

461 5042 586 5102 fore
637 5051 863 5102 tantam
933 5044 1220 5100 cruciavit
1275 5042 1466 5099 verbis
1508 5042 1616 5099 'ab
1677 5059 1748 5099 eo
1797 5044 2108 5100 succinctis

463 5117 836 5174 suavitatem.
870 5137 898 5166 »ι
930 5146 999 5156 -
1025 5116 1164 5171 Inde
1191 5115 1353 5186 haud
1383 5115 1692 5186 miramur,
1728 5116 2108 5186 Sequentiam

2079 2459 2095 2466 ρ
2107 2460 2186 2467 ..ο-...-
2199 2460 2226 2466 _
2236 2459 2470 2468 *-

2437 2536 2490 2584 7.
2533 2531 2685 2584 Lava
2708 2529 2873 2600 quod
2903 2533 2990 2584 est
3019 2529 3364 2602 sordidum,

2533 2617 2674 2684 Riga
2711 2617 2876 2689 quod
2904 2621 2992 2673 est
3021 2618 3284 2687 aridum,

2531 2707 2688 2761 Sana
2716 2707 2882 2778 quod
2909 2712 2997 2763 est
3022 2707 3326 2765 saucium.

2437 2797 2490 2850 8.
2535 2794 2720 2849 Flecte
2744 2797 2908 2866 quod
2939 2801 3028 2852 est
3048 2796 3342 2866 rigidum,

2533 2883 2684 2937 Fove
2712 2884 2874 2953 quod
2905 2889 2996 2939 est
3023 2883 3335 2954 frigidum,

2539 2973 2689 3038 Rege
2720 2971 2882 3042 quod
2911 2977 3004 3026 est
3026 2972 3297 3030 devium.

2434 3065 2486 3114 9.
2529 3061 2613 3114 Da
2641 3059 2752 3114 tuis
2782 3059 3058 3116 ﬁdelibus

2529 3153 2593 3202 1n
2623 3153 2676 3202 te
2707 3149 3148 3206 conlidentibus

2533 3238 2780 3292 Sacrum
2810 3238 3238 3309 septenarium.

2403 3329 2485 3380 10.
2529 3327 2612 3380 Da
2641 3325 2866 3381 virtutis
2898 3327 3202 3398 meritum,

2532 3417 2615 3468 Da
2641 3413 2849 3469 salutis
2881 3415 3128 3482 exitum,

2532 3504 2613 3558 Da
2642 3518 2902 3574 perenne
2933 3503 3245 3572 gaudium.

3014 3592 3079 3647 ll.

2549 3681 2826 3748 Hymnus
2857 3683 2920 3736 in
2953 3686 3214 3750 tempore
3242 3687 3558 3752 paschali.

2502 3769 2728 3824 Chorus
2756 3784 2928 3825 novae
2959 3769 3338 3828 Hierusalem

2432 3860 2593 3913 Nova
2609 3857 2749 3912 meli
2778 3857 3096 3916 dulcedine

2431 3949 2670 4002 Promat
2702 3967 2715 4002 :
2742 3945 2943 4004 colens
2970 3965 3110 4006 cum
3140 3949 3364 4008 sobriis

2433 4034 2712 4090 Paschale
2740 4034 2958 4092 festum
2985 4036 3244 4106 gaudiis.

2499 4125 2628 4188 Quo
2659 4122 2923 4179 Christus
2949 4123 3208 4182 invictus
3247 4125 3346 4184 leo

2427 4213 2694 4267 Dracone
2725 4227 2976 4283 surgens
3007 4213 3246 4283 obruto,

2220 4333 2547 4390 Sabbatum
2577 4334 2876 4409 inclusive.
2911 4354 2940 4409 iv
2969 4337 3188 4409 Neque~
3218 4337 3280 4409 in
3332 4340 3584 4396 Lutheri
3641 4333 3838 4396 Ecclesil

2217 4421 2458 4461 carmen
2483 4411 2756 4460 nostrum
2813 4406 3099 4471 obticuit}
3156 4407 3507 4467 dolendum
3564 4417 3758 4468 tamen
3795 4417 3836 4461 es:

2214 4493 2338 4532 non
2364 4477 2672 4548 fuisse,qui
2704 4477 3084 4548 Sequentiam
3098 4478 3415 4548 eleganter
3442 4499 3518 4540 ac
3545 4484 3789 4542 suaviter
3803 4481 3837 4532 tr

2214 4548 2356 4625 cerit
2373 4548 3218 4625 Germanicam._Vetustiorem
3239 4553 3715 4625 translationem
3739 4565 3840 4625 qua

2213 4635 2311 4674 ras
2325 4618 2588 4698 Altd._B_l_.
2622 4621 2706 4685 1V,
2726 4623 2923 4698 p.379.
2957 4651 3024 4658 —
3054 4625 3106 4698 2A.
3139 4622 3337 4698 ltlatth.
3381 4642 3447 4698 v,
3484 4630 3541 4696 3,
3563 4627 3736 4684 Beati
3745 4618 3827 4694 iiut:

2208 4705 2380 4760 per-es
2409 4691 2646 4758 spiritu.
2681 4721 2748 4729 —
2777 4691 2829 4745 4.
2859 4693 3009 4759 Aug.
3044 4696 3100 4746 et
3123 4693 3292 4760 ﬂetu.
3347 4691 3440 4736 -—-'
3488 4691 3544 4752 6'.
3574 4701 3699 4754 Pm.
3735 4691 3837 4751 Ton.

2215 4762 2276 4816 in
2305 4763 2544 4832 tamine,
2580 4760 2994 4832 Opinabantur
3022 4762 3280 4818 editores
3323 4780 3564 4826 omnes
3619 4763 3838 4826 carmini“

2213 4831 2536 4887 versiculos
2557 4831 2826 4904 deSinere
2850 4832 2910 4904 in
2950 4833 3331 4904 ὁμοιοτέλευτα.
3401 4841 3714 4898 Laudatur
3751 4843 3840 4891 stru-

2213 4904 2336 4974 pba
2361 4903 2524 4958 sexta
2550 4903 2611 4958 in
2643 4902 3024 4959 Confessione
3044 4909 3430 4976 Augustana.
3493 4943 3570 4953 -—
3624 4919 3679 4970 Ἰ.
3708 4912 3767 4968 M.
3795 4909 3837 4961 Η.

2212 4989 2459 5056 sana—
2485 4976 2636 5045 riga.
2662 5006 2729 5014 —
2755 4977 2806 5056 8.
2836 4976 2950 5043 Pr.,
2970 4975 3367 5056 redarguam
3401 5013 3479 5056 —_-
3512 4988 3570 5040 9.
3598 4985 3666 5040 Μ,
3695 4987 3766 5056 1-2,
3795 4979 3837 5030 IT.

2215 5047 2300 5101 Fr.
2337 5047 2450 5111 13s.,
2485 5061 2654 5126 sacro
2677 5047 3030 5126 septenario.
3067 5046 3140 5126 Hi
3163 5046 3298 5102 libri
3321 5049 3573 5126 faciunt
3592 5053 3836 5126 stropha:

2210 5131 2436 5172 nonam
2467 5117 2793 5172 arctissime
2847 5117 3244 5173 cohaerentem
3301 5135 3456 5178 cum
3520 5117 3772 5182 decima.
3806 5146 3838 5160 α

464 5203 650 5260 supra
687 5189 959 5281 positam
982 5187 1042 5242 in
1061 5185 1334 5281 plurimis
1361 5185 1621 5281 ecclesiis
1645 5185 1852 5281 inmusu
1884 5186 2106 5267 fuisse,
2143 5225 2189 5281 Β
2215 5187 2610 5268 Νριὶοιεωᾴθω
2636 5187 3078 5281 praetermittere
3103 5188 3513 5252 artiﬁciosam
3541 5197 3722 5254 totius
3768 5205 3838 5247 cai-

463 5257 791 5382 Brz‘esertim
817 5257 960 5313 feria
990 5257 1254 5313 secunda
1283 5260 1669 5314 Pentecostes.
1699 5259 1856 5333 Nam
1881 5257 1942 5314 in
1971 5257 2104 5331 ipsa
2143 5257 2189 5281 ”
2214 5258 2390 5313 minis
2451 5257 2762 5331 οἰκονομίαν.
2816 5258 2878 5313 ld
2907 5274 3097 5315 unum
3123 5265 3411 5332 precatur

513 5342 774 5382 ominica
798 5332 1007 5382 cantus
1039 5345 1052 5382 :
1084 5329 1298 5382 Sancti
1322 5331 1582 5382 Sm'rit'us
1605 5328 1769 5382 nobis
1787 5329 1943 5382 adsit
1965 5346 2101 5382 ara-
2210 5329 2354 5382 ritus
2381 5334 2623 5382 sanctus
2655 5329 2871 5382 veniat.
2905 5333 2969 5382 ut
2997 5329 3096 5382 det
3127 5347 3388 5382 munera

513 5327 774 5400 ominica
798 5332 1007 5400 cantus
1039 5345 1052 5382 :
1084 5329 1298 5384 Sancti
1322 5331 1582 5400 Spiritus
1605 5328 1769 5400 nobis
1787 5329 1943 5400 adsit
1963 5327 2101 5400 gra-

467 5400 572 5468 tia,
599 5397 708 5468 qui
728 5398 1018 5466 majorem
1049 5397 1398 5454 vetustatem
1423 5399 1747 5468 redolebat,
1803 5398 1922 5454 fere
1966 5397 2101 5456 'ubi-

463 5466 584 5546 que
611 5466 816 5546 sedem
872 5481 1043 5546 suam
1089 5469 1371 5546 obtinu_it._
1419 5472 1487 5526 Ut
1509 5486 1670 5525 nunc
1727 5466 1832 5546 est,
1863 5487 1999 5546 cum
2030 5487 2102 5526 ex

461 5538 742 5612 universa
771 5538 1217 5612 Sequentiarum
1245 5540 1432 5612 clade.
1463 5558 1597 5612 quae
1623 5541 1843 5596 saeculo
1867 5541 2100 5598 decimo

461 5615 627 5666 sexto
652 5608 810 5664 facta
834 5611 944 5674 est,
1000 5607 1158 5664 solus
1207 5607 1504 5666 Robertus
1533 5629 1672 5668 cum
1726 5612 1910 5667 tribus
1973 5613 2102 5670 aliis

456 5681 650 5810 Poetis
679 5678 881 5735 salvus
905 5679 1168 5757 evaserit,
1195 5687 1466 5736 cantatur
1481 5683 1611 5756 ipsa
1627 5686 1990 5738 Pentecostes
2013 5701 2101 5739 so-

477 5753 765 5810 emnitate
807 5772 834 5798 ‹‹
865 5751 923 5806 et
945 5747 1156 5808 dicitur
1181 5751 1444 5810 quotidie
1471 5767 1659 5810 usque
1714 5753 1791 5807 ad
1847 5767 2101 5810 sequens

477 5751 765 5811 emnitate
807 5772 834 5798 ‹‹
865 5751 923 5806 et
945 5747 1160 5808 dicitur
1181 5751 1444 5822 quotidie
1471 5747 1659 5823 u'sque
1714 5753 1791 5807 ad
1847 5767 2101 5823 sequens

2243 5275 2390 5338 911113
2451 5267 2784 5338 οικρνομίανκ
2818 5267 2878 5338 td
2907 5274 3097 5338 uelim
3123 5267 3411 5332 Precatm'
3443 5274 3638 5338 poeta
3667 5272 3727 5324 ut
3761 5267 3839 5338 Sit

2210 5329 2354 5384 ritus
2381 5329 2629 5384 sanctus
2655 5329 2871 5394 veniat,
2905 5333 2969 5384 ut
2997 5329 3096 5384 det
3123 5329 3389 5390 munera.
3423 5329 3548 5396 s'ua
3602 5329 3830 5394 ﬁdelibiis

2211 5400 2416 5470 Incipit
2435 5400 2611 5468 igitur
2638 5417 2650 5454 :
2695 5401 2836 5456 Veni
2863 5404 2918 5454 et
2938 5399 3150 5455 iterum
3181 5409 3478 5463 sanctum
3511 5426 3738 5466 munus
3787 5406 3839 5459 ﬂe

2212 5471 2354 5539 gitat
2379 5475 2464 5542 ter
2486 5473 2808 5542 repetendo
2849 5486 3058 5542 vocem
3112 5489 3125 5526 :
3192 5475 3358 5530 Veni.
3420 5481 3624 5538 Simili
3675 5480 3837 5538 ratione

2211 5541 2456 5614 stropha
2483 5541 2605 5614 non
2635 5558 2672 5596 a
2697 5543 2892 5614 primo
2917 5541 3051 5614 loco
3080 5543 3322 5600 exhibet
3339 5553 3732 5609 vocabulum
3750 5569 3760 5606 :
3777 5552 3830 5602 De

2207 5611 2394 5698 quod,
2419 5611 2656 5698 duobus
2687 5611 2958 5694 versibus
2999 5613 3390 5688 interpositis,
3458 5626 3555 5680 ter
3609 5623 3839 5698 proferte

2208 5681 2268 5738 ih
2299 5683 2546 5756 stropha
2572 5683 2824 5740 decima.
