3892 6376
31 321 136 372 941

337 445 482 496 Dum
515 459 658 497 voce
687 444 818 498 viva
849 450 1133 517 personat
1162 461 1174 497 :

332 537 375 585 Α
407 538 592 586 morte
625 533 855 588 functos
889 535 1119 589 excitat.

405 626 594 685 Quam
625 622 942 677 devorarat
968 623 1283 695 improbus

331 711 598 766 Praedam
630 713 889 767 refundit
912 718 1166 768 tartarus
1197 732 1208 767 ε

331 801 496 872 Capti
505 802 671 856 vitate
703 801 889 856 libera

329 890 528 944 Jesum
563 895 892 962 sequuntur
925 889 1185 954 agmina.

405 978 757 1051 Triumphat
786 978 878 1033 ille
905 979 1213 1051 splendide
1247 999 1259 1035 ε

335 1067 398 1120 Et
426 1065 643 1136 dignus
675 1067 1086 1138 amplitudine,

337 1155 472 1220 Soli.
503 1155 742 1228 polique
771 1157 1046 1227 patriam,

334 1245 524 1298 Unam
557 1245 692 1299 facit
722 1245 1174 1317 rempublicam.

409 1337 608 1404 Ipsum
635 1337 906 1389 canendo
933 1335 1230 1407 supplices

337 1424 554 1490 Regem
583 1439 895 1493 precemur
922 1424 1150 1478 milites.

336 1512 404 1564 Ut
428 1509 486 1564 in
521 1528 628 1565 suo
659 1512 993 1566 clarissimo

333 1602 447 1653 Nos
482 1601 717 1655 ordinet
744 1602 985 1673 palatio.

404 1689 514 1743 Per
545 1691 716 1745 szecla
748 1696 918 1745 metae
947 1691 1147 1747 nescia

334 1778 484 1833 Patri
522 1796 802 1851 supremo
838 1780 1063 1849 gloria;

336 1871 651 1940 llonorque
687 1871 760 1924 sit
790 1887 926 1924 cum
959 1869 1103 1925 Filio

335 1960 400 2012 Et
432 1958 646 2030 Spiritu
679 1960 985 2031 paraclito.

547 2072 754 2122 Amen.

848 2194 916 2247 ΙΙΙ

307 2303 451 2355 Hem
479 2299 735 2367 hymnus
767 2301 829 2354 in
862 2305 1120 2368 tempore
1146 2301 1444 2369 paschali.

401 2428 495 2491 Te,
528 2425 675 2480 lucis
703 2430 928 2495 auctor,
960 2431 1280 2497 personent

332 2516 517 2584 Hujus
551 2520 800 2570 caterva:
832 2516 1101 2572 carmina

332 2607 524 2670 Quam
556 2610 619 2660 tu
643 2605 879 2677 replesti
906 2605 1095 2675 gratia

329 2695 632 2750 Anastasis
663 2695 949 2766 potentia.

401 2785 578 2840 Nobis
610 2785 733 2840 dies
766 2785 860 2839 hic
892 2785 1084 2840 innuit

333 2872 494 2927 Diem
528 2889 879 2944 supremum
907 2875 1108 2928 sistere
1143 2893 1153 2928 :

331 2963 457 3026 Quo
485 2967 753 3017 mortuos
780 2980 1090 3029 resurgere

335 3053 590 3123 Vitaeque
627 3053 714 3106 fas
743 3053 814 3107 sit
845 3053 1110 3107 reddere.

406 3142 622 3196 Octava
653 3141 846 3212 prima
878 3141 1143 3196 redditur
1172 3161 1183 3195 :

333 3230 485 3284 Dum
516 3247 680 3285 mors
711 3231 788 3285 ab
815 3231 979 3286 unda
1015 3231 1249 3286 tollitur.

335 3340 485 3391 Dum
512 3343 708 3392 mente
740 3338 1225 3393 circumcidimur
1253 3356 1264 3393 :

331 3426 595 3497 Novique
625 3427 870 3482 demum
906 3429 1225 3482 nascimur.

406 3519 556 3571 Dum
585 3533 764 3570 mane
796 3522 1067 3572 nostrum
1098 3516 1397 3571 cernimus

333 3605 573 3661 Redisse
604 3607 772 3661 victis
799 3606 1070 3661 hostibus
1104 3623 1115 3659 :

329 3695 646 3767 Mundique
675 3695 884 3749 luxum
918 3695 1256 3758 temnimus,

333 3786 548 3837 Panem
581 3783 785 3837 salutis
817 3783 1130 3837 sumimus.

403 3873 539 3927 Haec
571 3873 730 3927 alma
757 3873 830 3928 sit
860 3871 1225 3927 sollemnitas
1261 3888 1274 3923 :

332 3964 412 4020 Sit
441 3964 603 4019 clara
633 3963 759 4018 haec
791 3962 1069 4018 festivitas
1095 3980 1108 4029 ;

335 4054 416 4108 Sit
442 4053 648 4108 feriata
679 4053 914 4122 gaudiis

329 4143 461 4199 Dies
491 4143 740 4198 reducta
769 4143 847 4199 ab
878 4142 1099 4198 inferis.

506 4254 714 4304 Amen.

828 4375 914 4429 IV.

387 4491 577 4544 Prosa
610 4490 672 4543 in
700 4489 1058 4545 Ascensione
1087 4486 1345 4543 Domini.

117 4627 233 4679 Rex
259 4623 659 4695 omnipotens,
692 4624 785 4680 die
814 4625 1124 4691 hodierna,

118 4711 330 4771 Mundo
362 4712 704 4786 triumphali
732 4715 1042 4786 redempto
1072 4713 1357 4788 potentia,

117 4805 308 4859 Victor
334 4803 601 4858 ascendit
629 4803 687 4858 in
721 4805 901 4859 caelos
931 4805 1087 4859 unde
1115 4801 1529 4858 descenderat.

123 4897 263 4948 Nam
293 4893 693 4965 quadraginta
719 4898 1041 4966 postquam
1065 4895 1399 4948 surrexerat

122 4983 336 5038 Diebus
376 4983 557 5038 sacris
606 4983 971 5038 conﬁrmans
1010 4985 1250 5055 pectora
1301 4979 1701 5053 apotolorum,

54 5073 214 5145 pacis
243 5074 423 5129 chara
449 5075 796 5146 relinquans
827 5074 1050 5128 oscula.

123 5163 348 5229 Quibus
379 5168 434 5219 et
462 5164 624 5220 dedit
653 5167 1004 5237 potestatem
1032 5161 1277 5218 laxandi
1299 5159 1571 5231 crimina,

125 5257 188 5310 Et
215 5253 373 5310 misit
403 5271 504 5311 eos
533 5255 594 5310 in
625 5254 921 5310 mundum
962 5251 1266 5325 baptizare
1298 5253 1544 5307 cunctas
1578 5249 1704 5305 ani-

56 5360 201 5399 mas.

123 5437 184 5487 In
215 5433 420 5500 Patris,
454 5438 510 5488 et
543 5433 682 5502 Filii,
719 5437 775 5489 et
809 5431 1056 5504 Spiritus
1088 5431 1274 5486 sancti
1300 5429 1632 5485 clementia.

122 5525 185 5578 Et
214 5537 578 5576 convescens
606 5521 890 5594 praecepit
918 5521 1001 5575 eis
1028 5520 1104 5575 ab
1129 5518 1552 5590 Hierosolymis

124 5616 197 5668 Ne
229 5613 462 5667 abirent
490 5613 595 5667 sed
636 5616 1051 5684 exspectarent
1095 5611 1398 5683 promissa
1439 5625 1707 5665 munera.

128 5707 248 5759 Non
279 5707 416 5775 post
447 5703 667 5758 multos
701 5703 861 5758 enim
893 5702 1018 5757 dies
1052 5701 1282 5757 mittam
1327 5699 1491 5756 vobis
1535 5699 1712 5772 Spiri-

57 5793 179 5848 tum
207 5791 565 5865 paraclitum
586 5792 647 5848 in
681 5791 867 5848 terris.

1309 315 1527 372 HYMNI
1570 314 1651 367 ET
1692 311 2194 371 RESPONSORIA.

3369 325 3474 380 942

1891 443 1956 494 Et
1996 441 2154 496 eritis
2191 439 2337 495 mihi
2367 443 2544 496 testes
2569 440 2628 496 in
2661 441 3054 511 Hierusalem,
3103 445 3324 517 Iudaea,
3358 446 3476 503 sive

1819 530 2106 586 Samaria.

1885 621 1950 673 Et
1979 638 2116 675 cum
2146 622 2258 676 hoc
2285 621 2546 690 dixisset,
2573 621 2916 678 videntibus
2941 622 3052 679 illis
3083 625 3346 682 elevatus
3369 630 3477 692 est,

1813 713 1868 763 et
1899 709 2091 764 nubes
2122 711 2301 766 clara.

1889 800 2154 871 Suscepit
2185 816 2324 855 eum
2354 799 2432 855 ab
2461 815 2672 857 eorum
2697 801 2906 869 oculis,
2939 802 3310 859 intuentibus
3365 803 3478 860 illis

1811 903 1873 941 In
1902 904 2042 943 aera

1889 979 2030 1032 Ecce
2062 982 2268 1035 stetere
2297 979 2496 1035 amicti
2527 979 2648 1036 duo
2673 980 2783 1036 viri
2807 981 2868 1036 in
2897 986 3059 1037 veste
3088 980 3226 1038 alba

1884 1069 2057 1123 Juxta
2117 1069 2436 1125 dicentes:
2506 1070 2660 1135 Quid
2726 1070 3113 1127 admiramini
3189 1071 3478 1128 ccelorum

1815 1154 1933 1211 alta
1957 1158 1983 1210 ?

1886 1247 2051 1299 .lesus
2082 1245 2238 1301 enim
2270 1247 2364 1302 hic
2405 1247 2508 1320 qui
2555 1254 2901 1322 assumptus
2942 1253 3032 1305 est
3083 1266 3118 1305 a
3174 1248 3346 1305 vobis
3401 1249 3480 1306 ad

1815 1334 1999 1388 Patris
2025 1335 2352 1404 dexteram,

1889 1424 1956 1476 Ut
1986 1423 2253 1479 ascendit
2283 1423 2361 1479 ita
2391 1424 2603 1494 veniet,
2635 1440 2911 1496 quaerens
2942 1425 3144 1482 talenti
3176 1425 3478 1482 commissi

1816 1510 2000 1565 lucra.

1890 1603 1931 1655 Ο
1966 1604 2117 1655 Deus
2141 1601 2310 1670 mari,
2345 1601 2485 1674 poli,
2520 1602 2668 1672 arvi,
2699 1601 3007 1660 hominem
3037 1619 3219 1676 quem
3245 1601 3476 1672 creasti;

1816 1706 1997 1761 quem
2024 1691 2230 1745 fraude
2260 1691 2516 1746 subdola

1889 1780 2080 1834 Hostis
2111 1780 2335 1852 expulit
2382 1781 2709 1852 paradiso;
2757 1784 2812 1836 et
2856 1781 3224 1854 captivatum
3273 1797 3478 1838 secum

1817 1869 1990 1924 traxit
2021 1870 2097 1925 ad
2131 1874 2349 1925 tartara
2377 1889 2388 1937 ;

1891 1959 2188 2028 Sanguine
2218 1960 2463 2033 proprio
2492 1976 2676 2032 quem
2707 1960 3031 2031 redemisti,
3057 1963 3242 2029 Deus;

1889 2049 2027 2105 illuc
2058 2054 2113 2105 et
2142 2051 2392 2118 revehis,
2421 2050 2580 2106 unde
2611 2050 2778 2124 prius
2809 2051 3029 2106 corruit
3059 2051 3327 2123 paradisi
3358 2051 3481 2122 glo-

1814 2154 1921 2194 I'la.

1885 2229 2092 2295 Judex,
2127 2246 2266 2284 cum
2294 2229 2528 2285 veneris
2551 2229 2823 2300 judicare
2869 2229 3087 2285 saecula
3117 2248 3130 2297 ;

1889 2321 1972 2372 Da
2001 2318 2196 2386 nobis,
2229 2335 2600 2393 quaesumus,
2625 2319 2986 2391 sempiterna
3008 2318 3230 2389 gaudia
3254 2320 3316 2375 in
3338 2335 3479 2377 san-

1815 2415 2047 2465 ctorum
2078 2411 2290 2482 patria.

1888 2504 1949 2554 In
1979 2516 2101 2572 qua
2125 2500 2229 2556 tibi
2257 2504 2569 2556 cantemus
2601 2515 2813 2556 omnes
2843 2500 3099 2559 alleluia.

1885 2613 2093 2663 Amen.

1730 438 1780 492 A

2615 2755 2676 2808 V.

2223 2880 2414 2934 Prosa
2445 2880 2505 2933 in
2534 2878 2630 2933 die
2657 2877 3050 2934 Pentecostes.

1887 3023 2083 3079 Sancti
2114 3023 2359 3094 Spiritus
2393 3022 2547 3077 adsit
2575 3021 2751 3077 nobis
2778 3022 2987 3091 gratia,

1885 3114 2026 3176 Quae
2059 3112 2241 3166 corda
2274 3118 2481 3166 nostra
2512 3111 2622 3166 sibi
2653 3111 2832 3166 faciat
2860 3110 3293 3179 habitaculum,

1888 3202 2158 3272 Expulsis
2192 3200 2330 3255 inde
2361 3200 2588 3255 cunctis
2621 3199 2775 3255 vitiis
2806 3199 3234 3271 spiritualibus,

1884 3291 2130 3362 Spiritus
2161 3290 2336 3356 alme,
2370 3289 2692 3345 illustrator
2719 3289 3059 3358 hominum,

1886 3382 2167 3436 Horridas
2199 3385 2418 3434 nostrae
2453 3381 2668 3434 mentis
2697 3394 2890 3450 purga
2923 3379 3264 3435 tenebras...

1885 3472 2133 3524 Amator
2162 3472 2362 3523 sancte
2396 3473 2774 3523 sensatorum
2806 3483 3042 3539 semper
3083 3467 3474 3537 cogitatuum,

1888 3556 2137 3611 lnfunde
2168 3555 2513 3610 unctionem
2541 3560 2728 3621 tuam,
2764 3555 3046 3624 clemens,
3077 3554 3294 3610 nostris
3336 3571 3475 3611 sen-

1813 3644 1997 3699 sibus.

1882 3736 1984 3801 Tu,
2014 3731 2362 3805 puriticator
2390 3732 2664 3786 omnium
2691 3730 3077 3800 ﬂagitiorum,
3105 3730 3375 3802 Spiritus,

1882 3821 2134 3876 Puritica
2162 3821 2349 3876 nostri
2381 3820 2624 3875 oculum
2655 3820 2947 3876 interioris
2976 3819 3258 3887 hominis,

1889 3914 1954 3967 Ut
1979 3910 2166 3965 videri
2197 3926 2514 3983 supremus
2545 3912 2784 3966 Genitor
2813 3909 3005 3982 possit
3035 3926 3070 3966 θ,
3100 3909 3294 3976 nobis,

1885 4001 2091 4056 Mundi
2125 4001 2320 4055 cordis
2351 4017 2531 4073 quem
2566 4001 2676 4056 soli
2724 4017 2963 4056 cernere
3006 4004 3260 4073 possunt
3297 4000 3473 4056 oculi.

1884 4090 2210 4164 Prophetas
2241 4095 2305 4146 tu
2329 4091 2651 4163 inspirasti,
2679 4095 2738 4146 ut
2765 4089 3066 4163 prteconia
3097 4089 3307 4146 Christi
3330 4106 3478 4162 prai-

1814 4181 2142 4237 cinuissent
2163 4181 2412 4253 inclyta,

1886 4272 2199 4345 Apostolos
2229 4272 2594 4343 confortasti,
2643 4271 2728 4327 uti
2777 4277 3068 4343 tropaeum
3117 4267 3328 4325 Christi
3371 4283 3479 4340 per

1815 4365 2007 4418 totum
2039 4359 2337 4415 mundum
2365 4361 2646 4414 veherent
2678 4378 2691 4427 ;

1890 4449 2138 4515 Quando
2159 4447 2508 4503 machinam
2538 4464 2643 4520 per
2669 4446 2922 4503 verbum
2939 4462 3116 4502 suum
3137 4444 3275 4501 fecit
3301 4447 3476 4518 Deus,

1819 4539 1971 4607 coeli,
2006 4543 2195 4607 terras,
2225 4536 2506 4605 marium,

1889 4632 1971 4684 Tu
2003 4643 2183 4699 super
2206 4643 2416 4699 aquas,
2432 4625 2662 4682 foturus
2691 4641 2814 4694 eas,
2835 4628 3244 4681 numentuum
3257 4638 3480 4696 expan-

1816 4717 1957 4772 disti
1990 4715 2251 4788 spiritus.
2293 4734 2300 4739 '

1887 4809 1970 4861 Tu
1995 4804 2315 4860 animabus
2347 4803 2715 4859 viviticandis
2743 4819 2935 4876 aquas
2961 4800 3268 4858 fecundas.

1888 4899 1970 4951 Tu
1997 4895 2321 4967 aspirando
2353 4893 2461 4950 das
2485 4893 2824 4966 spirituales
2850 4909 2978 4948 esse
3008 4891 3283 4948 homines
3310 4909 3323 4959 ;

1889 4989 1973 5040 Tu
2003 4984 2263 5039 divisum
2290 5000 2394 5056 per
2421 4983 2659 5054 linguas
2692 4981 2989 5038 mundum
3038 4985 3095 5036 et
3141 4979 3288 5035 ritus
3334 4978 3480 5036 adu-

1819 5075 1996 5145 nasti,
2026 5073 2274 5129 Domine
2303 5091 2316 5140 ;

1894 5163 2182 5220 ldolatras
2214 5161 2291 5218 ad
2325 5162 2549 5218 cultum
2602 5161 2700 5216 Dei
2752 5174 3020 5230 revocas,
3057 5158 3482 5229 magistrorum

1822 5253 2066 5325 optime.

1895 5345 2048 5412 Ergo
2095 5358 2205 5396 nos
2266 5339 2676 5412 supplicantes
2722 5338 2827 5394 tibi
2891 5337 3111 5394 exaudi
3165 5337 3484 5411 propitius,

1826 5436 2029 5488 sancte
2065 5430 2334 5504 Spiritus,

1897 5521 2030 5577 Sine
2062 5537 2184 5592 quo
2213 5534 2420 5591 preces
2451 5533 2663 5573 omnes
2685 5532 2873 5574 cassae
2898 5517 3244 5588 creduntur,
3268 5520 3325 5573 et
3345 5515 3494 5572 indi-

1828 5624 1959 5678 gnae
1991 5609 2087 5663 Dei
2119 5607 2386 5664 auribus.

1900 5699 1989 5754 Tu
2021 5700 2126 5771 qui
2156 5680 2429 5754 omniuin
2461 5696 2818 5752 saeculorum
2851 5701 3090 5753 sanctos
3115 5695 3200 5753 tui
3229 5692 3492 5750 numinis

1831 5788 2087 5845 docuisti
2119 5788 2399 5844 instinctu
2431 5786 2874 5859 amplectendo,
2910 5785 3178 5858 Spiritus,

1736 4508 1777 4561 Ι)
