3968 6388
389 318 492 373 943

459 440 591 511 Ipse
618 431 798 491 hodie
829 427 1132 503 apostolos
1165 422 1375 483 Christi
1418 422 1655 479 donans
1686 430 1936 474 munere
1962 413 2052 469 in-
2083 414 2131 467 A

392 526 565 585 solito
595 528 653 581 et
673 520 902 580 cunctis
933 516 1204 575 inaudito
1237 513 1493 581 saeculis,

461 616 634 672 Hunc
663 612 823 670 diem
854 607 1185 679 gloriosum
1224 603 1434 661 fecisti.
1468 607 1678 657 Amen.

1177 698 1267 751 VI.

976 785 1458 856 Responsorium.

460 863 833 936 lngrediente
861 850 1116 916 Domino
1146 859 1208 913 in
1248 860 1521 912 sanctam
1560 851 1882 919 civitatem,
1933 850 2059 903 Hre-

387 955 691 1011 braeorum
715 948 886 1024 pueri
906 945 1405 1003 resurrectionem
1425 943 1558 998 vitae
1580 936 2059 1014 pronuntiantes,

390 1061 531 1102 cum
560 1041 744 1099 ramis
776 1039 1121 1113 palmarum
1153 1036 1439 1091 Hosanna
1480 1029 1827 1089 clamabant
1854 1027 1916 1082 in
1964 1040 2063 1080 ex-

392 1131 584 1189 celsis.
610 1162 680 1171 —
721 1131 934 1185 Versus
966 1143 1105 1182 cum
1132 1124 1400 1182 audisset
1427 1120 1691 1196 populus
1718 1117 1862 1191 quia
1904 1113 2066 1170 venit

389 1224 562 1278 Iesus
590 1216 1090 1289 Hierosolymam,
1118 1213 1389 1270 exierunt
1429 1208 1675 1265 obviam
1717 1206 1770 1262 ei
1798 1220 1937 1261 cum
1968 1218 2063 1259 ra-

393 1312 530 1379 mis,
560 1313 671 1365 etc.
705 1339 775 1348 —
801 1305 1158 1375 Antiphona
1180 1319 1203 1360 .·
1232 1306 1374 1370 Ave,
1406 1315 1511 1355 rex
1552 1301 1773 1363 noster,
1824 1294 1909 1350 ﬁli
1951 1295 2064 1348 Da-

390 1400 517 1465 vid,
549 1398 910 1470 Redemptor
938 1392 1173 1461 mundi,
1207 1407 1391 1466 quem
1434 1388 1741 1463 prophetae
1779 1382 2067 1459 praadica-

392 1491 609 1547 verunt
662 1485 1033 1543 Salvatorem
1065 1479 1275 1539 domui
1318 1478 1496 1535 Israel
1548 1492 1677 1533 esse
1721 1479 2063 1531 venturum.

394 1582 471 1637 Te
519 1576 680 1634 enim
716 1575 795 1632 ad
846 1573 1170 1631 salutarem
1227 1570 1536 1626 victimam
1582 1570 1752 1622 Pater
1798 1562 1960 1619 misit
2005 1561 2067 1616 in

396 1667 718 1733 mundum,
778 1680 964 1738 quem
1005 1659 1440 1735 exspectabant
1491 1672 1703 1712 omnes
1753 1651 1942 1709 sancti
1989 1649 2068 1706 ab

398 1758 626 1830 origine
654 1754 889 1821 mundi,
924 1756 983 1810 et
1013 1768 1175 1809 nunc
1210 1769 1222 1806 :
1256 1754 1540 1807 Hosanna
1562 1745 1687 1802 ﬁlio
1717 1742 1922 1800 David.

1178 1844 1292 1898 VII.

644 1938 718 1993 In
739 1934 941 1992 eodem
969 1936 1143 2004 festo,
1166 1930 1341 1988 aliud
1365 1926 1826 1998 responsorium.

474 2027 567 2084 Ad
604 2030 821 2082 nutum
853 2021 1109 2089 Domini,
1162 2024 1440 2076 nostrum
1467 2014 1711 2072 ditantis
1754 2014 2067 2068 honorem.

408 2118 570 2176 Sicut
597 2114 773 2187 spina
801 2128 1026 2178 rosam,
1060 2109 1267 2179 genuit
1292 2107 1499 2163 Judzea
1528 2103 1792 2161 Mariam.
1821 2132 1889 2141 —
1939 2101 2075 2155 Ver-

404 2222 527 2263 sus.
555 2207 625 2261 Ut
646 2202 856 2259 vitium
893 2201 1077 2257 virtus
1103 2197 1380 2272 operiret,
1414 2194 1604 2266 gratia
1631 2192 1894 2265 culpam.
1916 2188 2076 2246 Sicut

408 2294 585 2370 spina
609 2308 835 2365 rosam,
868 2294 977 2347 etc.

1172 2376 1309 2432 VIII.

960 2471 1033 2524 In
1066 2466 1537 2537 Septuagesima.

482 2564 730 2619 Peccata
759 2575 917 2628 mea,
959 2556 1231 2624 Domine,
1264 2556 1417 2611 sicut
1437 2552 1664 2624 sagittae
1707 2549 1894 2605 inﬁxa
1940 2548 2079 2602 sunt

412 2652 474 2710 in
494 2666 611 2707 me.
638 2649 753 2707 Sed
777 2652 1106 2721 antequam
1131 2644 1382 2701 vulnera
1398 2644 1683 2713 generent
1703 2639 1765 2694 in
1789 2653 1905 2704 me,
1930 2650 2079 2691 sana

414 2759 537 2809 me,
575 2738 849 2807 Domine,
881 2736 1325 2795 medicamento
1366 2729 1751 2806 paenitentiae,
1786 2730 1960 2783 Deus.
2011 2755 2079 2764 —

425 2834 657 2890 Versus.
688 2825 1373 2898 Quoniaminiquitatem
1393 2837 1594 2877 meam
1620 2835 1731 2889 ego
1755 2830 2077 2887 cognosco,

414 2926 472 2978 et
495 2919 779 2977 delictum
804 2933 1012 2973 meum
1042 2930 1248 2971 coram
1278 2928 1376 2969 me
1405 2915 1493 2966 est
1522 2922 1758 2981 semper
1782 2924 1796 2975 ;
1829 2904 1934 2961 tibi
1972 2901 2082 2958 soli

413 3007 681 3083 peccavi.
714 3005 829 3063 Sed
854 3009 1204 3077 antequam,
1235 3006 1346 3058 etc.

1201 3091 1286 3147 IX.

939 3185 1013 3239 In
1048 3179 1542 3250 Quadragesima.

488 3275 893 3333 Emendemus
922 3272 983 3328 in
1012 3270 1225 3327 melius
1251 3285 1389 3343 quae
1416 3268 1762 3337 ignoranter
1808 3260 2084 3337 peccavi-

415 3384 573 3435 mus,
613 3382 690 3423 ne
740 3363 937 3420 subito
981 3357 1390 3436 praeoccupati
1431 3356 1526 3413 die
1570 3354 1799 3423 mortis,
1849 3367 2083 3426 quaera-

416 3474 554 3514 mus
592 3454 853 3528 spatium
882 3449 1265 3525 pcenitentiae,
1318 3451 1374 3502 et
1418 3445 1684 3501 invenire
1729 3458 1850 3498 non
1900 3439 2086 3514 possi-

414 3562 573 3602 mus.
633 3542 883 3600 Attende
950 3539 1221 3605 Domine,
1277 3541 1334 3592 et
1395 3536 1629 3601 misere,
1685 3532 1830 3606 quia
1877 3546 2086 3604 pecca-

414 3634 613 3691 vimus
646 3631 770 3689 tibi.
817 3632 1051 3687 Versus.
1087 3625 1473 3705 Peccavimus
1504 3640 1644 3679 cum
1674 3621 1946 3695 patribus
1974 3636 2083 3675 no-

415 3725 548 3781 stris
576 3723 799 3794 injuste
828 3720 1085 3790 egimus,
1126 3716 1503 3790 iniquitatem
1556 3713 1827 3769 fecimus.
1875 3743 1944 3751 —
1992 3711 2086 3766 Αι-

416 3813 616 3883 tende,
648 3817 758 3869 etc.

878 3898 1197 3954 Dominica
1224 3897 1286 3951 in
1312 3895 1618 3952 Passione.

489 3988 1022 4048 Circumdederunt
1049 4002 1146 4041 me
1174 3985 1285 4040 viri
1327 3983 1678 4049 mendaces,
1730 3981 1856 4037 sine
1901 3996 2086 4036 causa

417 4079 668 4151 ﬂagellis
698 4077 1038 4134 ceciderunt
1070 4090 1185 4130 me.
1219 4072 1333 4131 Sed
1364 4076 1446 4141 tu,
1482 4070 1749 4136 Domine,
1783 4070 2081 4137 defensor,

417 4170 655 4227 vindica
694 4186 811 4225 me.
844 4200 913 4207 —
971 4168 1204 4222 Versus.
1252 4162 1549 4229 Quoniam
1594 4159 1895 4216 tribulatio
1944 4176 2083 4233 pro-

415 4261 581 4317 xima
622 4262 729 4329 est,
780 4262 837 4313 et
891 4271 1015 4312 non
1053 4258 1144 4310 est
1198 4252 1302 4326 qui
1357 4250 1620 4322 adjuvet.
1686 4248 1799 4307 Sed
1858 4252 1920 4304 tu
1970 4252 2084 4305 Do-

416 4350 597 4418 mine,
631 4354 741 4405 etc.

1219 4437 1278 4489 X.

943 4529 1225 4596 Tempore
1247 4522 1550 4594 paschali.

490 4620 753 4679 Christus
782 4631 1102 4685 resurgens
1133 4630 1207 4669 ex
1230 4611 1481 4669 mortuis
1502 4610 1631 4682 jam
1656 4626 1779 4665 non
1809 4609 2079 4675 moritur,

418 4727 582 4769 mors
609 4709 691 4765 illi
722 4707 875 4763 ultra
902 4722 1027 4762 non
1075 4702 1442 4760 dominatur.
1490 4700 1661 4766 Quod
1711 4699 1873 4755 enim
1921 4697 2083 4765 vivit,

415 4801 555 4859 vivit
586 4802 724 4857 Deo.
748 4796 1015 4862 Alleluia,
1046 4793 1302 4850 alleluia.
1332 4821 1402 4832 —-
1436 4791 1668 4846 Versus.
1698 4788 1904 4844 Dicant
1924 4802 2085 4843 nunc

415 4889 605 4947 Judaei
654 4885 966 4961 quomodo
1022 4882 1235 4938 milites
1286 4878 1694 4936 custodientes
1741 4875 2086 4949 sepulcrum

416 4977 809 5053 perdiderunt
834 4988 1039 5043 regem
1067 4970 1145 5025 ad
1194 4967 1414 5041 lapidis
1455 4965 1839 5040 positionem.
1893 4966 2086 5030 Quare

417 5084 541 5125 non
573 5064 899 5123 servabant
922 5064 1159 5117 Petram
1184 5056 1423 5130 justitiae
1443 5056 1471 5111 ?
1501 5060 1605 5111 aut
1634 5054 1938 5127 sepultum
1958 5053 2088 5109 red-

419 5157 586 5223 dant,
618 5161 722 5213 aut
748 5154 1161 5222 resurgentem
1192 5146 1446 5204 adorent
1491 5144 1833 5209 nobiscum,
1881 5142 2085 5199 dicen-

420 5249 507 5300 tes
536 5263 549 5300 :
584 5243 756 5310 Quod
786 5242 946 5300 enim
970 5239 1132 5307 vivit,
1165 5242 1276 5295 etc.

1210 5332 1294 5385 XI.

800 5422 873 5476 In
909 5422 1005 5477 die
1034 5419 1409 5477 Ascensionis
1439 5415 1700 5472 Domini.

496 5508 633 5561 Post
660 5507 1002 5577 passionem
1034 5526 1209 5565 suam
1239 5524 1346 5580 per
1374 5507 1503 5563 dies
1527 5504 1933 5578 quadraginta
1985 5518 2089 5574 ap-

424 5594 623 5665 paruit
648 5593 753 5660 eis,
800 5594 1051 5666 loquens
1081 5599 1155 5653 de
1202 5614 1389 5668 regno
1434 5596 1555 5653 Dei.
1617 5594 1885 5651 Alleluia.
1916 5596 1984 5649 Et
2011 5591 2091 5647 vi-

426 5678 704 5737 dentibus
751 5679 862 5734 illis
898 5683 1158 5740 clevatus
1189 5691 1293 5741 est.
1344 5686 1612 5741 Alleluia.
1650 5689 1715 5740 Et
1743 5684 1939 5739 nubes
1995 5698 2089 5737 su-

428 5766 611 5840 scepit
636 5782 775 5823 eum
806 5771 887 5825 ab
912 5771 1100 5828 oculis
1125 5790 1355 5829 eorum.
1386 5774 1657 5831 Alleluia.
1679 5806 1747 5815 —-
1788 5774 2091 5830 Versus.Et

1586 293 1890 352 ROBERTI
1929 285 2134 344 REGIS
2182 283 2632 340 FRANCORUM.

3729 264 3839 321 944

2163 422 2531 465 eonvescens
2558 401 2845 479 praecepit
2874 399 2959 456 eis
2987 397 3065 455 ab
3092 391 3519 467 Hierosolymis
3548 405 3625 447 ne
3649 387 3844 445 disce—

2162 498 2390 565 derent,
2428 496 2534 552 sed
2559 494 2975 569 exspectarent
3017 485 3482 563 promissionem
3510 479 3716 538 Patris.
3774 480 3845 534 Et

2162 586 2527 655 videntibus,
2561 590 2672 641 etc.

2945 670 3055 725 XII.

2688 762 2760 818 In
2790 762 2888 819 die
2914 761 3313 816 Pentecostes.

2239 859 2387 913 Cum
2417 852 2861 926 complerentur
2889 849 3017 906 dies
3047 846 3450 910 Pentecostes,
3486 843 3658 897 erant
3707 854 3843 894 om-

2167 961 2274 1001 nes
2330 943 2553 1016 pariter
2607 941 2917 998 dicentes:
2974 935 3243 994 Alleluia.
3278 937 3344 989 Et
3408 929 3606 987 subito
3645 928 3842 984 factus

2168 1038 2258 1091 est
2309 1049 2495 1089 sonus
2544 1032 2619 1088 de
2676 1030 2851 1094 coelo,
2902 1026 3161 1084 alleluia.
3218 1025 3533 1089 Tanquam
3577 1017 3845 1092 spiritus,

2169 1128 2401 1181 torrens
2430 1121 2680 1196 replevit
2708 1124 2896 1176 totam
2943 1117 3220 1180 domum,
3272 1109 3530 1180 alleluia,
3581 1106 3846 1164 alleluia.

2169 1246 2239 1255 —
2303 1215 2535 1270 Versus.
2598 1209 2822 1283 Repleti
2876 1211 3015 1263 sunt
3068 1219 3282 1261 omnes
3339 1199 3559 1273 Spiritu
3611 1200 3846 1263 sancto,

2171 1307 2229 1360 et
2289 1304 2598 1376 coeperunt
2657 1276 2844 1371 loqui.
2911 1299 3227 1368 Tanquam
3280 1289 3522 1364 spiritus
3588 1292 3849 1355 torrens,
3962 1276 3966 1376 [

2172 1398 2283 1451 etc.

2938 1478 3073 1532 XIII.

2388 1573 2461 1627 In
2487 1570 2582 1626 die
2606 1569 2760 1639 festo
2801 1564 3170 1623 sacramenti
3204 1558 3628 1617 Eucharisliw.

2246 1660 2438 1715 Homo
2469 1655 2722 1730 quidam
2762 1653 2898 1710 fecit
2946 1667 3187 1708 coenam
3231 1662 3544 1718 magnam,
3596 1647 3655 1700 et
3689 1641 3860 1699 misit

2095 1773 2139 1829 Β
2177 1764 2424 1805 servum
2456 1763 2636 1803 suum
2667 1746 2820 1801 hora
2848 1758 3031 1799 coenae
3062 1741 3293 1796 discere
3322 1735 3588 1794 invitatis
3638 1737 3707 1790 ut
3748 1748 3859 1788 ve-

2176 1839 2389 1905 nirent,
2439 1836 2585 1910 quia
2636 1838 2848 1909 parata
2898 1835 3040 1887 sunt
3088 1828 3313 1886 omnia.
3369 1858 3439 1866 —
3477 1826 3715 1881 Versus.
3747 1824 3862 1877 Ve-

2176 1928 2317 1995 nite,
2351 1926 2645 1983 comedite
2670 1940 2894 1997 panem
2919 1937 3147 1987 meum,
3165 1923 3222 1975 et
3236 1915 3420 1973 bibite
3447 1914 3658 1970 vinum
3684 1910 3861 1985 quod

2179 2017 2395 2075 miscui
2424 2016 2616 2073 vobis.
2651 2013 2800 2080 Quia
2825 2016 3057 2086 parata,
3091 2014 3200 2065 etc.

2414 2107 2486 2161 In
2519 2105 2717 2162 eodem
2744 2104 2920 2173 festo,
2953 2099 3129 2156 aliud
3157 2095 3624 2167 responsorium.

2251 2195 2533 2270 Respexit
2577 2192 2731 2249 Elias
2777 2190 2855 2246 ad
2913 2193 3095 2261 caput
3147 2202 3324 2243 suum
3387 2180 3863 2241 subcinericium

2181 2302 2425 2360 panem.
2455 2284 2564 2350 Qui
2597 2297 2849 2351 surgens
2880 2278 3139 2336 comedit
3168 2283 3223 2333 et
3264 2275 3434 2332 bibit.
3472 2276 3537 2330 Et
3584 2270 3866 2329 ambula-

2182 2375 2268 2431 vit
2294 2374 2355 2430 in
2385 2371 2730 2429 fortitudine
2758 2369 2875 2426 cibi
2904 2368 3060 2425 illius
3093 2382 3287 2440 usque
3318 2365 3395 2421 ad
3428 2365 3697 2419 montem
3729 2360 3860 2416 Dei.

2184 2496 2252 2505 —
2291 2465 2522 2519 Versus.
2559 2460 2614 2517 Si
2646 2459 2782 2533 quis
2814 2456 3271 2515 manducaverit
3299 2471 3369 2510 ex
3401 2453 3517 2508 hoc
3543 2465 3723 2525 pane,
3782 2448 3864 2505 vi-

2184 2557 2283 2610 vet
2310 2552 2372 2609 in
2402 2556 2714 2607 aeternum.
2749 2551 2814 2604 Et
2847 2546 3202 2615 ambulavit,
3231 2549 3340 2600 etc.

2416 2642 2490 2697 In
2520 2640 2720 2697 eodem
2749 2639 2922 2708 festo,
2964 2636 3139 2693 aliud
3166 2633 3629 2704 responsorium.

2259 2731 2370 2798 Qui
2423 2729 2755 2786 manducat
2809 2743 3008 2783 meam
3060 2741 3304 2781 carnem
3351 2727 3407 2778 et
3454 2720 3605 2777 bibit
3650 2732 3861 2774 meum

2190 2821 2569 2892 sanguinem,
2602 2819 2661 2874 in
2694 2834 2790 2874 me
2823 2820 3027 2873 manet
3056 2821 3113 2871 et
3141 2830 3253 2884 ego
3283 2814 3343 2869 in
3390 2828 3482 2868 eo.
3511 2843 3581 2851 -—
3620 2810 3857 2865 Versus.

2189 2917 2319 2970 Non
2349 2915 2437 2967 est
2482 2909 2598 2966 alia
2628 2909 2791 2964 natio
2822 2913 2941 2963 tam
2976 2905 3223 2978 grandis
3274 2920 3408 2977 quae
3441 2901 3667 2958 habeat
3710 2898 3862 2955 deos

2189 3001 2748 3077 appropinquantes
2774 2997 2909 3063 sibi,
2937 2997 3089 3053 sicut
3121 2999 3274 3052 Deus
3302 2997 3506 3051 noster
3545 2990 3716 3048 adest
3758 3003 3863 3045 no-

2120 3128 2161 3184 Ο
2190 3092 2308 3149 bis.
2344 3095 2408 3148 In
2437 3105 2535 3147 me
2567 3093 2789 3156 manet,
2824 3090 2934 3143 etc.

2960 3178 3093 3233 XIV.

2648 3268 2719 3323 In
2765 3266 3140 3323 dedicatione
3179 3263 3409 3333 templi.

2266 3358 2538 3424 Benedic,
2571 3356 2840 3425 Domine,
2872 3355 3126 3410 domum
3153 3353 3331 3408 istam
3361 3365 3548 3424 quam
3572 3344 3862 3404 aediﬁcavi

2192 3447 2425 3504 nomini
2452 3450 2591 3511 tuo;
2623 3443 2992 3499 venientium
3034 3442 3093 3497 in
3123 3441 3257 3496 loco
3306 3440 3419 3495 isto
3471 3435 3688 3493 exaudi
3735 3451 3866 3508 pre-

2193 3554 2290 3594 ces
2318 3538 2379 3593 in
2412 3535 2645 3593 excelso
2696 3533 2844 3589 solio
2877 3532 3079 3603 gloriae
3129 3536 3264 3587 tuae.
3316 3561 3385 3570 --
3427 3530 3659 3585 Versus.
3701 3524 3869 3581 Beati

2192 3626 2297 3699 qui
2349 3625 2625 3681 habitant
2672 3623 2732 3678 in
2789 3622 2974 3677 domo
3022 3625 3145 3686 tua,
3197 3619 3486 3682 Domine;
3539 3616 3600 3672 in
3644 3613 3869 3670 saecula

2195 3715 2556 3771 saeculorum
2603 3711 2944 3769 laudabunt
2994 3715 3066 3766 te.
3122 3708 3352 3765 Exaudi
3400 3722 3608 3781 preces
3657 3703 3720 3760 in
3771 3719 3871 3759 ex-

2194 3805 2374 3861 celso.

2432 3893 2504 3947 In
2529 3893 2723 3948 eodem
2748 3892 2925 3961 festo,
2959 3889 3134 3946 aliud
3156 3887 3623 3958 responsorium.

2263 3982 2564 4040 Terribilis
2594 3987 2681 4037 est
2705 3958 2874 4037 locus
2914 3958 3040 4035 iste.
3093 3982 3219 4035 Non
3269 3982 3356 4034 est
3410 3976 3507 4032 hic
3538 3973 3703 4030 aliud
3752 3972 3867 4028 nisi
3961 3958 3968 4027 ἶ

2191 4072 2412 4128 domus
2442 4070 2543 4126 Dei
2575 4074 2631 4125 et
2655 4074 2831 4142 porta
2863 4068 3015 4124 coeli.
3039 4070 3182 4122 Vere
3210 4065 3431 4122 etenim
3460 4062 3748 4120 Dominus
3779 4066 3869 4117 est

2190 4162 2253 4218 in
2281 4161 2415 4216 loco
2445 4160 2562 4214 isto
2590 4163 2648 4214 et
2672 4174 2785 4227 ego
2815 4158 3180 4213 nesciebam.
3215 4187 3285 4196 —
3327 4157 3557 4211 Versus.
3594 4155 3867 4225 Cumque

2191 4248 2729 4321 evigilassetlacob
2760 4247 2934 4320 quasi
2964 4247 3039 4303 de
3071 4246 3240 4317 gravi
3273 4261 3510 4315 somno,
3540 4242 3623 4299 ait
3656 4259 3669 4297 :
3720 4243 3866 4297 Vere

2192 4338 2433 4409 etenim,
2465 4342 2575 4395 etc.

2976 4428 3083 4482 XV.

2625 4517 2711 4571 De
2732 4515 3015 4585 pluribus
3040 4513 3433 4584 martyribus.

2268 4609 2311 4663 Ο
2345 4605 2680 4662 constantia
2712 4610 3048 4676 marlyrum
3097 4602 3459 4659 laudabilis!
3504 4602 3547 4658 Ο
3606 4598 3869 4656 charitas

2193 4695 2697 4766 inexstinguibilis
2724 4695 2735 4749 l
2772 4697 2815 4752 Ο
2847 4694 3134 4768 patientia
3162 4692 3524 4750 invincibilis
3548 4692 3561 4747 l

2268 4788 2431 4852 Quae,
2464 4784 2599 4840 licet
2637 4784 2788 4840 inter
2834 4800 3146 4857 pressuras
3191 4780 3678 4857 persequentium
3738 4779 3872 4836 visa

2197 4877 2270 4932 sit
2294 4874 2700 4949 despicabilis,
2736 4875 3072 4930 invenietur
3097 4875 3157 4929 in
3180 4873 3424 4929 laudem
3455 4877 3512 4927 et
3536 4869 3791 4941 gloriam
3813 4874 3872 4925 et

2196 4967 2511 5035 honorem,
2542 4966 2604 5021 in
2634 4971 2902 5039 tempore
2927 4963 3352 5020 retributionis.

2266 5089 2335 5097 —
2373 5058 2603 5113 Versus.
2638 5055 2820 5111 Nobis
2873 5070 3017 5125 ergo
3070 5054 3330 5128 petimus
3382 5052 3496 5126 piis
3550 5050 3871 5108 subveniat

2196 5145 2444 5212 meritis,
2473 5143 2850 5201 honoriﬁcati
2880 5159 2917 5200 a
2941 5146 3107 5199 Patre
3137 5141 3239 5216 qui
3265 5146 3355 5199 est
3383 5142 3445 5197 in
3471 5139 3653 5196 ccelis.
3707 5144 3870 5197 Inve—
3961 5142 3968 5167 ί

2196 5235 2394 5293 nietur
2421 5234 2482 5291 in
2512 5234 2777 5301 laudem,
2805 5237 2916 5289 etc.

2968 5322 3099 5379 XVI.

2467 5415 2929 5482 Responsorium
2956 5415 3020 5469 in
3045 5413 3309 5469 adventu
3340 5413 3599 5470 Domini.

2269 5506 2415 5558 Ecce
2444 5502 2571 5557 dies
2621 5503 2887 5569 veniunt,
2921 5502 3065 5559 dicit
3096 5502 3406 5573 Dominus,
3459 5507 3517 5559 et
3564 5502 3869 5559 suscitabo

2203 5591 2384 5647 David
2410 5585 2655 5661 germen
2682 5592 2935 5663 justum,
2969 5597 3027 5650 et
3053 5593 3329 5663 regnabit
3373 5609 3478 5649 rex
3520 5596 3578 5648 et
3630 5592 3871 5666 sapiens

2199 5681 2309 5737 erit
2334 5699 2346 5747 ;
2381 5686 2438 5735 et
2466 5680 2643 5736 faciet
2661 5679 2958 5751 judicium
2991 5686 3049 5737 et
3069 5681 3442 5753 justitiamin
3466 5686 3641 5738 terra.
3668 5684 3737 5737 Et
3758 5682 3869 5737 hoc

2199 5775 2289 5828 est
2317 5786 2542 5827 nomen
2572 5770 2740 5843 quod
2777 5771 3083 5828 vocabunt
3110 5786 3251 5828 eum
3284 5788 3299 5826 :
3352 5771 3645 5829 Dominus
3675 5772 3874 5844 justus
3961 5762 3968 5807 Γ
