3892 6432
81 290 211 344 945

1613 286 2033 342 DIPLOMATA.

3435 295 3537 347 946

28 436 37 471 :
72 415 328 466 noster.
364 442 432 450 —
473 412 701 467 Versus.
726 414 788 466 In
820 411 1033 467 diebus
1062 411 1175 467 illis
1200 412 1527 469 salvabitur
1580 410 1758 476 Juda,
1798 418 1845 469 A
1950 411 2188 465 Uterum
2211 412 2383 465 tuum
2411 408 2486 463 de
2546 409 2766 481 Spiritu
2816 414 3024 466 sancto
3082 412 3382 469 credimus
3433 415 3540 472 im-

28 503 155 563 get
213 499 393 556 Israel
444 500 737 556 habitabit
793 501 1179 557 conﬁdenter.
1240 505 1302 557 Et
1360 503 1474 557 hoc
1527 505 1614 557 est
1661 516 1769 556 no-

78 605 267 644 men.

848 681 1002 735 XVII.

208 770 669 838 Responsorium
701 772 761 825 in
794 771 1003 841 vigilia
1023 771 1358 826 nativitatis
1390 771 1657 825 Domini.

169 858 383 914 Judaea
419 863 475 913 et
496 859 862 915 Hierusalem
883 859 1063 915 nolite
1086 860 1314 915 timere.
1346 861 1486 916 Cras
1506 857 1770 929 egredie-

80 948 251 1003 mini
284 967 296 1015 ;
330 952 386 1004 et
412 949 697 1004 Dominus
723 954 829 1004 erit
860 949 1190 1006 vobiscum.
1218 980 1287 989 —
1332 951 1562 1005 Versus.
1615 950 1767 1004 Con-

80 1042 327 1093 stantes
357 1042 584 1107 estote;
615 1038 890 1094 videbitis
941 1040 1231 1095 auxilium
1292 1037 1528 1095 Domini
1585 1048 1769 1110 super

82 1144 230 1183 vos.
271 1130 412 1183 (“ras
439 1128 845 1197 egrediemini.

829 1218 1008 1273 XVIII.

76 1308 559 1376 Responsorium
596 1308 655 1362 in
703 1308 1023 1363 nativitate
1062 1307 1320 1362 Domini.
1368 1338 1437 1347 -—
1470 1308 1557 1362 De
1594 1306 1766 1364 beata

816 1397 1075 1466 Virgine.

173 1486 393 1539 Sancta
423 1487 480 1537 et
508 1482 833 1539 immacula
854 1484 1177 1555 virginitas,
1212 1483 1431 1555 quibus
1464 1488 1518 1539 te
1576 1483 1767 1538 laudi-

78 1574 214 1627 bus
238 1572 483 1627 efferam
516 1572 738 1639 nescio,
773 1572 916 1645 quia
959 1590 1139 1645 quem
1195 1573 1325 1627 coeli
1380 1588 1594 1645 capere
1640 1588 1763 1627 non

80 1665 379 1734 poterant
404 1665 504 1715 tuo
532 1661 758 1729 gremio
785 1661 1104 1717 contulisti.
1154 1693 1222 1701 —
1286 1663 1516 1717 Versus.
1588 1664 1765 1717 Bene-

1876 502 2276 569 praegnatum.

1947 587 2270 644 Erubescat
2296 588 2541 644 Judaeus
2569 588 2793 658 infelix,
2826 590 2931 662 qui
2956 591 3098 646 dicit
3140 592 3437 651 Christum
3467 611 3541 652 ex

1874 676 2095 748 Ioseph
2122 677 2348 732 semine
2375 693 2509 734 esse
2534 683 2765 735 natum.

1950 768 2101 821 Dum
2132 766 2327 837 Virgo,
2358 770 2468 822 etc.

2638 858 2765 911 XIX.

2105 964 2178 1018 In
2210 965 2766 1021 commemoratione
2797 965 2981 1020 beata?
3016 967 3299 1036 Virginis.

1952 1068 2103 1125 Felix
2146 1086 2411 1141 namque
2456 1087 2537 1137 es,
2595 1086 2766 1126 sacra
2812 1071 2983 1141 virgo
3031 1072 3227 1135 Maria.
3276 1078 3331 1129 et
3370 1075 3536 1131 omni

1873 1159 2053 1215 laude
2091 1159 2464 1231 dignissima.

1948 1249 2096 1314 Quia
2126 1265 2197 1305 ex
2231 1254 2283 1305 te
2315 1255 2480 1306 ortus
2508 1254 2598 1307 est
2656 1250 2745 1306 sol
2787 1250 3054 1322 justitim,
3115 1252 3334 1308 Cristus
3382 1257 3536 1310 Deus

1874 1344 2093 1394 noster.

1956 1432 2187 1486 Versus.
2214 1431 2329 1485 Ora
2359 1445 2469 1501 pro
2504 1429 2749 1503 pOpulo,
2768 1429 3074 1486 interveni
3106 1447 3215 1503 pro
3243 1432 3420 1505 clero,
3450 1434 3533 1490 in-

1875 1519 2106 1573 tercede
2137 1534 2245 1589 pro
2276 1518 2489 1573 devoto
2515 1518 2772 1573 femineo
2796 1534 2941 1573 sexu
2977 1538 2989 1587 ;

1942 1607 2203 1663 Sentiant
2230 1623 2440 1662 omnes
2473 1612 2641 1663 tuum
2667 1608 2955 1678 juvamen
2983 1609 3349 1683 quicumque
3385 1612 3532 1667 cele-

1872 1695 2049 1751 brant
2079 1702 2242 1751 tuam
2267 1696 2923 1752 commemorationem.

77 1751 259 1849 dicta
292 1754 354 1849 tu
383 1750 443 1805 in
458 1750 849 1849 “mulieribus,
882 1756 938 1805 et
966 1750 1313 1807 benedictus
1356 1749 1583 1805 fructus
1626 1766 1766 1806 ven—
1804 1772 1845 1827 Β
1950 1749 2099 1852 auia;
2128 1749 2439 1852 e'xte’

82 1840 202 1897 tris
230 1840 334 1908 tui,
368 1840 530 1912 quia,
562 1844 669 1896 etc.

418 1934 491 1987 In
530 1933 965 2001 Puriﬂcatione
1004 1933 1185 1988 beatae
1204 1932 1436 1987 Mariae.

170 2022 398 2092 Gaude,
432 2022 609 2079 Maria
638 2022 826 2092 virgo,
862 2026 1106 2077 cunctas
1132 2022 1388 2077 haereses
1413 2020 1538 2076 sola
1557 2019 1765 2075 intere-

82 2112 259 2168 misti
294 2131 306 2179 ;
338 2129 473 2184 qua:
506 2111 790 2167 Gabrielis
824 2111 1200 2180 archangelis
1232 2110 1405 2165 dictis
1438 2109 1756 2165 credidisti.

170 2206 325 2258 Dum
348 2202 521 2271 Virgo
556 2205 740 2257 Deum
769 2207 824 2257 et
854 2200 1161 2257 hominem
1188 2200 1461 2267 genuisti.

170 2296 239 2348 Et
266 2297 403 2365 post
432 2297 667 2363 partum
703 2292 874 2362 Virgo
904 2291 1184 2346 inviolata
1213 2290 1613 2364 permansisti.

180 2384 393 2438 Versus
418 2397 441 2437 .'
472 2382 803 2437 Gabrielem
834 2380 1263 2450 archangelum
1289 2380 1512 2435 scimus
1546 2378 1759 2434 divini-

86 2478 193 2527 tus
226 2475 277 2525 te
299 2486 429 2527 esse
456 2469 725 2526 atfatum.

2647 1896 2749 1948 XX.

2211 2001 2285 2055 In
2316 2000 2649 2055 Nativitate
2676 1999 2862 2056 beata;-
2904 2001 3181 2071 Virginis.

1940 2106 2137 2160 Solem
2164 2104 2424 2176 justitiae.
2453 2107 2672 2173 Regem
2704 2106 2974 2176 paritura
3006 2122 3376 2178 supremum,

1939 2195 2140 2262 Stella,
2174 2194 2374 2265 Maria,
2407 2194 2609 2263 maris,
2636 2194 2814 2249 hodie
2840 2195 3132 2266 processit
3180 2197 3259 2252 ad
3309 2202 3525 2254 ortum.

1880 2288 2089 2342 Versus
2120 2302 2132 2339 :

1938 2378 2185 2429 Cernere
2215 2372 2488 2428 divinum
2516 2372 2720 2428 lumen
2753 2372 3007 2442 gaudete
3031 2373 3256 2429 ﬁdeles.

1939 2464 2117 2521 Stella
2147 2463 2354 2530 maris,
2388 2468 2499 2519 etc.

510 2795 1299 2913 ROBEBTI
1354 2791 1891 2910 REGIS
1966 2784 3107 2906 FRANGORUM

1368 2995 1526 3113 DI
1546 2990 2261 3113 PLOMATA.

1606 3238 1999 3253 ι*

85 3474 365 3542 Hugonis
388 3479 567 3544 atque
595 3473 838 3529 Roberti
866 3488 1072 3542 regum
1091 3474 1358 3542 diploma
1380 3473 1453 3527 de
1474 3472 1755 3544 electione

165 3546 447 3601 abbatum
464 3542 527 3599 'et
561 3546 807 3600 ecclesia
832 3543 1040 3598 Sancti
1068 3545 1422 3613 Leodegarii
1469 3544 1541 3597 de
1582 3542 1753 3598 Cam-

158 3618 337 3686 pettis
370 3618 463 3688 (5).

720 3704 913 3773 (Anno
967 3703 1116 3773 994.)

192 3806 468 3876 [ΜΑΒιιιι.,
500 3806 675 3876 pere
711 3802 1122 3876 diplomatica,
1150 3817 1222 3876 vi,
1257 3803 1556 3876 pa_g._59_8_,
1580 3815 1653 3853 ex

290 3871 650 3931 chartulario
678 3872 878 3927 Sancti
910 3871 1187 3926 Germani
1209 3871 1553 3940 Antissiod.]

166 3988 227 4039 In
272 3982 513 4038 nomine
569 3983 789 4034 sanctae
842 3982 1021 4049 atque
1068 3976 1389 4031 individua:
1432 3974 1749 4045 Trinitatis,

87 4075 249 4129 Huco
276 4076 455 4143 atque
482 4073 793 4138 Roaenrus,
829 4066 1015 4137 gratia
1040 4065 1138 4121 Dei
1161 4082 1330 4136 reges
1379 4064 1602 4137 inclyti.

166 4160 339 4217 Omni
368 4163 586 4215 nostris
614 4155 832 4212 militiae
866 4160 1087 4211 nostrae
1121 4154 1385 4210 servituti
1407 4155 1637 4210 devotae
1658 4170 1748 4208 re-

89 4266 238 4321 gum
267 4246 605 4319 benignitas
636 4249 813 4317 atque
846 4243 1212 4305 excellentia,
1257 4259 1393 4313 quae
1448 4243 1749 4299 bonorum

87 4339 358 4395 virorum
420 4335 575 4390 votis
625 4337 976 4404 competunt
1031 4348 1153 4388 non
1200 4333 1384 4388 modo
1440 4333 1746 4395 roborare,

87 4444 301 4483 verum
353 4425 531 4481 etiam
586 4422 909 4491 magniﬁco
963 4422 1141 4478 debet
1190 4422 1412 4478 auxilio
1472 4422 1748 4495 supplere

88 4516 353 4585 benigno
404 4513 629 4569 hortari
682 4512 906 4581 favore,
982 4512 1102 4567 imo
1178 4513 1313 4567 totis
1384 4512 1746 4567 benevolen-

90 4605 184 4660 tiae
214 4602 439 4657 viribus
468 4602 778 4675 proficere.
814 4605 1036 4672 Magnae
1064 4602 1358 4674 siquidem
1394 4607 1750 4673 mternaaque

92 4692 495 4751 retributionis
526 4691 879 4765 participem
910 4709 973 4748 se
1002 4693 1253 4761 noverit,
1310 4692 1414 4765 qui
1468 4692 1560 4747 his
1612 4709 1749 4765 quae
1789 4729 1829 4781 Β

96 4782 198 4838 Dei
224 4788 380 4852 sunt,
411 4798 659 4855 quoquo
690 4782 875 4837 modo
908 4799 968 4838 se
995 4782 1324 4838 inseruerit.
1372 4785 1585 4836 Verum
1641 4783 1751 4838 vir-

96 4872 236 4928 tutis
264 4876 491 4943 auctor,
522 4870 850 4942 suppletor,
886 4870 1098 4939 fautor,
1148 4870 1565 4939 benignissimi
1614 4875 1755 4927 Jesu

96 4960 556 5032 magniﬁcentize
584 4976 706 5016 non
733 4976 944 5032 expers
999 4960 1125 5029 erit,
1155 4976 1293 5015 cum
1343 4976 1451 5032 pro
1509 4977 1569 5016 se
1618 4977 1753 5034 quae

98 5050 199 5107 Dei
228 5056 366 5106 voto
388 5055 528 5105 sunt
552 5049 789 5120 juverit.
817 5048 1097 5105 Omnium
1128 5048 1287 5104 enim
1313 5065 1448 5120 quae
1478 5050 1754 5121 omnipo-

97 5140 273 5195 tentis
309 5139 403 5195 Dei
430 5138 583 5195 ﬁunt
612 5154 839 5211 amore,
862 5139 1022 5193 idem
1054 5138 1373 5193 retributor
1387 5139 1757 5195 estmaxima

98 5229 479 5299 benignitate.
515 5232 666 5299 Ergo
693 5245 905 5300 regum
934 5227 1294 5297 benignitas,
1330 5245 1591 5300 quorum
1618 5246 1754 5284 auc-

102 5319 328 5376 toritate
359 5335 430 5375 ea
460 5335 596 5391 quae
620 5320 775 5375 casis
803 5318 903 5375 Dei
941 5318 1347 5389 conferuntur,
1394 5318 1516 5374 ﬁxa
1574 5324 1754 5391 atque

176 5460 243 5530 (5)
278 5457 629 5530 Coenobium
660 5459 735 5513 de
767 5458 1104 5530 Campellis,
1129 5458 1203 5513 de
1233 5475 1355 5530 quo
1387 5459 1482 5515 hic
1536 5460 1751 5530 agitur,

104 5529 283 5586 situm
311 5533 437 5604 erat
465 5529 533 5604 in
556 5529 800 5604 dicecesi
832 5529 1209 5604 Lingonensi,
1255 5529 1432 5604 haud
1470 5529 1680 5604 procul
1712 5548 1760 5604 7a

107 5600 407 5672 Besuensi,
461 5598 624 5672 aliud
682 5598 1017 5656 omnino'a
1068 5598 1491 5672 Campellensi'
1516 5603 1766 5659 ecclesia

109 5671 418 5742 collegiata
443 5671 717 5744 dicecresis
768 5672 1109 5727 Parisiensis
1155 5671 1231 5727 iui
1268 5674 1499 5744 Biiegio
1555 5679 1767 5743 tractu,

114 5744 284 5815 cujus
311 5743 535 5799 mentio
592 5743 653 5799 in
680 5744 808 5800 Vita
834 5744 1023 5800 sancti
1046 5744 1333 5814 Mederici,
1380 5743 1565 5807 relata
1585 5747 1646 5807 in
1671 5750 1773 5809 Be-

1782 3371 1829 3421 A
1859 3343 2212 3436 permanere
2239 3361 2461 3417 debent
2488 3360 2860 3425 inconvulsa,
2885 3360 3347 3419 clementissima
3375 3365 3519 3420 Jesu

1862 3451 2091 3507 confisa
2122 3447 2530 3505 misericordia
2552 3448 2573 3518 j
2584 3452 2719 3504 usta
2746 3449 2999 3521 praemia
3021 3454 3254 3505 aeternae
3276 3459 3521 3521 praesto-

1860 3540 2018 3595 latur
2047 3539 2200 3593 vitae.
2237 3540 2611 3608 Quapropter
2661 3537 2868 3605 magni
2925 3542 3103 3609 atque
3154 3554 3396 3595 summo
3435 3542 3519 3597 di-

1862 3626 2133 3698 gnissimi
2169 3626 2394 3680 honore
2424 3624 2597 3677 Ducis
2626 3625 3004 3692 Burgundiae,
3050 3626 3283 3681 Henrici
3321 3630 3516 3684 nomi-

1861 3733 1955 3783 ne,
1982 3719 2204 3770 sanctze
2235 3716 2657 3781 congratantes
2686 3711 2991 3779 voluntati,
3019 3729 3089 3768 ea
3120 3730 3257 3785 quae
3285 3731 3394 3787 per
3422 3734 3518 3772 ve-

1860 3802 2190 3860 nerabilem
2212 3800 2516 3870 abbatem,
2545 3801 2641 3856 cui
2664 3816 2888 3855 nomen
2920 3802 2996 3857 sit
3040 3801 3350 3873 Hilderico,
3414 3820 3519 3860 no-

1860 3894 1952 3949 bis
2009 3890 2304 3946 intimavit
2354 3889 2558 3961 (digna
2610 3890 2771 3945 enim
2823 3891 2952 3961 ejus
2997 3895 3139 3947 sunt
3166 3892 3371 3949 omnia
3401 3894 3518 3950 ista

1859 3982 2121 4056 precata)
2172 3980 2554 4053 stipulatione
2584 3980 2890 4054 praecipua
2920 3986 3326 4051 auctoramus,
3387 4000 3516 4039 cor-

1858 4071 2237 4137 roboramus,
2310 4074 2488 4140 atque
2574 4068 2636 4124 in
2715 4075 3073 4142 perpetuum
3158 4071 3517 4129 inconcusse

1856 4160 2192 4216 ﬁrmamus.
2224 4158 2386 4214 Idem
2409 4157 2568 4213 enim
2600 4158 2812 4228 abbas,
2845 4159 2932 4214 vir
2970 4163 3089 4215 Deo
3148 4160 3383 4232 plenus,
3438 4162 3516 4217 ab

1858 4252 1988 4321 ejus
2032 4254 2199 4322 parte
2245 4264 2316 4303 ea
2366 4263 2503 4319 quae
2565 4252 2703 4303 sunt
2760 4248 2950 4304 sancti
3025 4249 3319 4305 Benedicti
3374 4249 3516 4305 sub-

1858 4340 1999 4394 nixa
2039 4336 2347 4406 religione,
2392 4335 2515 4391 imo
2579 4352 2881 4392 canonum
2934 4336 3260 4392 inviolabili
3316 4342 3518 4392 aucto-

1857 4429 2025 4484 ritate
2054 4431 2262 4497 petens
2293 4428 2485 4494 rogat,
2518 4430 2583 4479 ut
2612 4442 2734 4479 suae
2762 4425 3019 4481 abbatiae
3041 4426 3230 4496 locus,
3286 4425 3513 4481 honore

1859 4515 2047 4571 sancti
2080 4512 2358 4569 Germani
2385 4511 2889 4567 Antissiodorensi
2918 4512 3208 4569 territorio
3235 4513 3516 4569 constitu-

1858 4610 1970 4671 tus,
2004 4607 2357 4676 perpetuam
2408 4600 2700 4657 abbatum
2757 4601 3104 4657 electionem
3159 4602 3383 4657 habeat
3426 4619 3514 4659 se-

1859 4692 2126 4749 cundum
2158 4689 2350 4745 sancti
2389 4688 2689 4744 Benedicti
2713 4694 3101 4762 praeceptum.
3138 4692 3288 4760 Ergo
3325 4691 3511 4762 hujus

1861 4782 2055 4852 ducis,
2111 4778 2298 4836 nostri
2345 4778 2568 4834 scilicet
2612 4778 2829 4845 fratris,
2882 4778 3175 4851 quoniam
3219 4780 3381 4850 justa
3402 4784 3508 4850 est,

1863 4870 2173 4935 voluntati,
2224 4872 2403 4939 atque
2448 4867 2703 4934 abbatis,
2758 4867 2901 4939 quia
2954 4872 3115 4923 recta
3183 4873 3289 4937 est,
3357 4869 3515 4939 lega-

1862 4960 2006 5017 tioni
2061 4962 2416 5026 annuentes,
2447 4957 2752 5030 precando
2780 4973 3121 5029 monemus,
3177 4959 3514 5015 monendo-

1862 5066 1979 5122 que
2032 5048 2214 5118 regali
2262 5047 2513 5120 imperio
2572 5047 2955 5120 praecipimus
3008 5052 3072 5103 ut
3120 5048 3319 5104 nullus
3367 5048 3517 5106 inibi

1864 5138 2255 5194 constituatur
2297 5136 2507 5202 abbas,
2563 5136 2677 5191 nisi
2720 5152 2903 5207 quem
2954 5135 3205 5193 fratrum
3243 5138 3519 5193 omnium

1865 5244 2004 5282 cum
2036 5227 2135 5282 Dei
2151 5226 2363 5281 timore
2387 5241 2636 5280 concors
2659 5224 2898 5293 elegerit
2914 5227 3153 5281 caterva
3181 5243 3194 5280 :
3229 5226 3402 5297 cujus
3419 5226 3522 5282 ab-

1863 5318 2039 5373 batise
2064 5316 2415 5372 tutationem
2439 5315 2552 5370 sub
2574 5330 2761 5370 manu
2782 5330 2993 5385 regum
3008 5320 3113 5371 aut
3130 5316 3278 5371 forte
3296 5317 3523 5372 ducum

1863 5458 2149 5515 ncdictini
2175 5456 2384 5512 Saeculi
2409 5456 2558 5511 tertii
2588 5460 2755 5528 parte
2804 5461 2852 5511 1.
2905 5460 3159 5513 Vocatur
3201 5457 3343 5514 item
3372 5458 3529 5515 beat-

1868 5532 2158 5601 martyris
2188 5529 2541 5599 Leodegarii
2584 5530 3005 5601 monasterium
3056 5529 3531 5601 quodCampeli

1878 5604 1949 5659 lis
2036 5599 2515 5672 cognominatur,
2553 5599 3083 5672 iapud‘Glabruni
3122 5600 3286 5656 initio
3308 5601 3440 5656 libri
3468 5616 3526 5667 v,

1880 5675 1986 5746 qui
2017 5670 2228 5731 Glaber
2282 5670 2634 5747 aliquandiu
2659 5670 2879 5726 ibidem
2905 5676 3169 5729 versatus
3213 5677 3300 5730 est
3319 5685 3529 5727 mona-

1887 5748 2062 5802 chus.
