3892 6380
399 238 504 290 947

1597 233 1887 288 ROBERTI
1929 226 2128 283 REGIS
2168 224 2607 280 FRANCORUM.
3789 222 3867 276 948

397 360 528 431 ejus
552 357 720 428 regni
750 356 1184 423 constituimus,
1219 356 1325 411 itat
1352 360 1417 411 ut
1462 356 1661 412 nullus
1702 354 2037 427 principum
2081 353 2128 406 Α
2156 348 2395 420 reliquis
2422 349 2732 402 monachis
2762 348 3021 419 prwfatae
3065 346 3341 401 ecclesiae
3404 343 3867 401 muniﬁcentia

400 464 535 504 eam
560 447 842 501 invadere
872 462 979 501 nec
1011 446 1187 501 etiam
1217 446 1435 501 audeat
1463 462 1691 515 rogare.
1748 445 2042 499 Adversa-

400 535 625 591 riarum
655 533 914 605 denique
937 533 1435 589 consuetudinum
1464 534 1547 589 sic
1602 533 1933 597 avellimus,
1986 535 2046 585 ut

404 626 481 682 ab
505 625 617 680 hoc
650 629 917 695 tempore
942 640 1127 695 usque
1153 623 1213 678 in
1251 624 1538 680 saeculum
1587 624 1733 679 nihil
1787 624 2044 695 patiatur

404 713 655 779 adversi,
689 714 793 767 sed
823 714 901 767 ab
933 712 1095 767 omni
1120 712 1302 766 libera
1332 712 1548 783 injuria
1578 713 1756 767 libere
1808 715 1921 765 Deo
1948 712 2044 765 de-

402 802 611 857 serviat
643 820 655 857 :
688 818 867 873 quem
897 801 1095 856 locum
1126 801 1411 872 quoniam
1443 803 1563 856 dux
1614 802 1800 864 diligit.
1832 803 2042 872 (patro-

400 906 547 945 num
580 890 876 961 siquidem
902 906 1041 944 eum
1073 890 1290 961 ipsum,
1325 890 1543 945 scilicet
1576 896 1846 945 sanctum
1906 893 2040 941 tier-

400 994 671 1043 manum,
705 977 865 1046 eligit
896 976 1221 1048 specialiter
1275 977 1495 1031 habere
1546 978 1603 1031 in
1663 978 1822 1031 cmlis
1881 976 2039 1048 apud

401 1066 629 1137 Deum),
661 1066 927 1137 quadam
972 1064 1089 1119 suis
1133 1066 1430 1120 abbatiola
1489 1070 1821 1121 constructa
1866 1064 2043 1137 patri-

400 1155 616 1211 moniis
644 1154 703 1210 in
733 1155 958 1209 honore
982 1155 1167 1209 sancti
1200 1155 1538 1219 Leodcgarii
1591 1156 1887 1226 martyris,
1944 1172 2045 1210 no-

400 1244 558 1299 mine
591 1243 925 1314 Campellis,
956 1242 1155 1314 ipsum
1178 1261 1314 1297 eum
1346 1244 1543 1298 locum
1576 1245 1897 1316 ampliavit.
1944 1262 2044 1316 pa-

398 1332 651 1403 riterque
678 1331 729 1386 ei
764 1332 963 1387 villam
993 1332 1361 1401 Magniacum
1388 1334 1640 1387 reddidit
1674 1351 1685 1387 :
1716 1334 1932 1388 scilicet
1982 1338 2041 1389 ut

396 1420 457 1476 in
488 1419 731 1492 praefata
763 1419 1064 1476 abbatiola
1097 1437 1331 1493 semper
1388 1426 1520 1477 octo
1576 1423 1690 1477 sint
1738 1424 2039 1491 mtmzuehi,

398 1507 599 1563 abbati
625 1508 840 1563 scilicet
872 1508 1209 1580 praesidenti
1238 1509 1367 1564 loco
1393 1511 1585 1566 Sancti
1614 1512 1889 1565 Germani
1908 1512 2042 1565 sub-

397 1595 520 1650 diti.
546 1597 638 1651 Eis
670 1612 809 1651 vero
840 1597 1154 1652 monachis
1185 1614 1218 1652 a
1244 1598 1375 1653 loco
1409 1600 1599 1654 Sancti
1634 1601 1907 1655 Germani
1932 1618 2040 1655 nec

2154 441 2369 491 nostrae
2400 441 2697 507 praecepto
2729 436 3184 503 conﬁrmamus,
3214 450 3327 507 per
3360 434 3567 506 quod
3610 434 3869 506 praecipi-

2154 541 2288 579 mus
2321 530 2496 595 atque
2524 525 2806 593 jubemus
2838 530 2899 579 ut
2927 524 3003 578 ab
3030 524 3331 578 hodierna
3364 522 3479 577 die
3534 524 3675 578 hac
3733 522 3869 577 dein-

2152 629 2290 684 ceps
2320 614 2636 684 przedictus
2662 614 2841 681 abba,
2872 614 3087 685 aliique
3116 611 3418 667 monachi
3467 611 3751 683 praefati
3771 630 3870 665 mo-

2151 703 2390 757 nasterii
2414 702 2540 756 illas
2568 718 2661 756 res
2686 718 2819 775 quae
2855 708 2991 757 sunt
3024 702 3081 758 in
3110 718 3274 774 pago
3300 702 3766 757 l’arisiacensi
3817 702 3861 755 li-

2148 791 2289 846 bere
2321 792 2685 863 possideant,
2715 792 2913 845 villam
2944 792 3216 846 videlicet
3248 808 3401 864 quae
3438 796 3744 847 vocatur
3784 794 3861 846 Ne-

2150 880 2421 949 biliacus,
2452 898 2587 935 cum
2612 882 2997 935 advocatione
3025 887 3078 935 et
3109 882 3365 952 vicaria,
3398 898 3568 937 cum
3618 881 3861 937 8C01€>l§

2151 974 2207 1026 et
2234 970 2415 1024 altare
2448 970 2674 1041 absque
2703 972 2934 1041 synodo
2961 977 3015 1024 et
3048 971 3311 1039 cireada,
3344 988 3507 1025 cum
3559 970 3772 1041 silvis,
3806 972 3863 1025 vi-

2151 1060 2296 1127 neis,
2326 1060 2531 1129 pratis,
2556 1060 2720 1113 terris
2745 1061 2913 1114 cultis
2945 1065 2999 1115 et
3028 1060 3287 1127 incultis,
3320 1066 3383 1116 et
3438 1078 3609 1117 cum
3677 1061 3862 1116 omni-

2149 1148 2264 1203 bus
2283 1149 2401 1202 suis
2421 1150 2806 1219 appendiciis.
2826 1153 2966 1204 Item
2990 1151 3047 1205 in
3066 1150 3282 1204 eodem
3300 1166 3481 1222 pago
3502 1151 3859 1207 ecclesiam.

2149 1254 2282 1309 quae
2316 1238 2424 1292 sita
2456 1244 2539 1291 est
2567 1238 2625 1292 in
2654 1239 2785 1292 vico
2812 1240 2912 1310 qui
2942 1240 3226 1294 Nosiacus
3257 1240 3525 1312 dicitur,
3587 1258 3719 1316 per
3777 1241 3861 1295 de-

2151 1327 2551 1397 precationem
2586 1328 2874 1383 Goscelini
2908 1331 3005 1398 [an
3040 1329 3337 1384 Roscelini
3377 1331 3430 1401 2’]
3473 1332 3859 1387 vicecomitis

2151 1416 2553 1472 Milidunensis
2589 1418 2974 1483 tradiderunt,
3006 1418 3111 1491 qui
3134 1435 3271 1474 eam
3326 1419 3411 1474 de
3464 1420 3750 1477 illorum
3804 1430 3859 1475 te

2148 1503 2253 1558 bat
2282 1503 2589 1558 benelicio.
2625 1509 2763 1559 Item
2800 1506 2856 1559 in
2890 1506 3103 1560 eodem
3136 1522 3318 1577 pago,
3366 1508 3431 1562 in
3506 1509 3671 1565 villa
3737 1526 3855 1581 qua?

2148 1600 2393 1649 vocatur
2428 1595 2631 1662 Licias,
2664 1613 2943 1650 mansum
2973 1597 3249 1661 Algardis
3279 1615 3431 1653 cum
3469 1602 3722 1667 vineis,
3761 1608 3855 1656 ter-

395 1683 567 1739 liceat
591 1684 810 1739 collum
842 1692 1133 1751 excutere,
1192 1704 1299 1740 nec
1349 1704 1717 1759 quemquam
1772 1690 1879 1743 sibi
1928 1690 2039 1744 nisi
2073 1697 2110 1748 Β
2147 1683 2229 1737 ris
2260 1683 2450 1749 cultis,
2486 1689 2541 1737 et
2573 1685 2854 1738 omnibus
2886 1684 2962 1738 ad
2990 1686 3155 1740 illum
3205 1687 3701 1759 pertinentibus
3740 1707 3753 1743 :
3814 1694 3856 1742 et

397 1773 678 1829 abbatem
740 1776 934 1830 Sancti
979 1777 1275 1840 Germani,
1332 1778 1603 1847 praeferre
1661 1796 1672 1831 :
1721 1779 1821 1849 qui
1852 1780 2040 1833 abbas

394 1862 593 1932 ipsum
620 1863 881 1917 loculum
914 1864 961 1917 si
979 1880 1087 1918 sua
1116 1864 1257 1918 forte
1287 1865 1593 1926 industria,
1625 1867 2039 1921 autbonorum

394 1948 712 2004 hominum
756 1950 1185 2020 muniﬁcentia,
1234 1952 1368 2023 plus
1413 1958 1545 2007 octo
1604 1956 2038 2009 monachorum

394 2037 785 2109 ampliaverit,
811 2053 921 2108 pro
944 2039 1191 2107 hujusce
1213 2040 1483 2094 beneﬁcii
1538 2042 1744 2096 merito
1789 2044 2038 2111 gratiam

397 2126 828 2195 Omnipotentis
858 2126 952 2181 hic
978 2132 1391 2199 mereaturque
1423 2129 1481 2183 in
1512 2130 1680 2184 eu‘lo.
1746 2136 1757 2184 l
1770 2132 1923 2199 gitur
1980 2138 2041 2186 ut

395 2212 575 2281 hujus
630 2213 921 2268 benefacti
977 2230 1314 2269 mereamur
1345 2233 1470 2270 esse
1502 2218 1835 2289 participes,
1885 2221 2039 2275 hanc

393 2305 615 2356 nostrae
646 2303 1007 2358 auctoritatis
1040 2306 1500 2376 praeceptionem
1546 2307 1732 2373 sigillo
1793 2310 2038 2364 robora-

395 2390 591 2445 vimus
642 2391 1076 2460 inviolabiliter,
1129 2394 1521 2467 volumusque
1588 2397 1886 2453 observari
1934 2416 2039 2470 per

400 2485 613 2535 cuncta
644 2480 861 2535 saecula
891 2480 1172 2550 lcgaliter.

464 2571 675 2624 Datum
698 2586 736 2624 v
764 2569 900 2625 ldus
934 2571 1161 2640 Octob.,
1194 2588 1352 2627 anno
1384 2589 1593 2641 regum
1643 2575 1908 2643 Hugonis
1959 2584 2039 2632 at—

390 2675 505 2731 que
536 2660 772 2715 Roberti
804 2677 919 2715 vni.
953 2665 1166 2717 Actum
1197 2662 1256 2717 in
1288 2664 1386 2718 Dei
1417 2665 1656 2719 nomine
1689 2667 1768 2735 [in
1798 2684 2037 2723 monas-

391 2750 554 2820 terio]
581 2751 777 2806 Sancti
808 2750 1071 2822 Dionysii
1100 2751 1249 2877 feliifi
1260 2758 1359 2809 ter.

387 2892 630 2947 Roberti
650 2893 802 2961 regis
827 2899 1191 2961 prwceptmn
1220 2912 1333 2963 pro
1360 2898 1807 2961 cun/irrmztz’one
1836 2914 2033 2953 rerum

502 2976 607 3037 gas
637 2963 1030 3037 Burchm‘dus
1071 2979 1253 3037 comes
1289 2972 1339 3019 et
1369 2968 1701 3022 Rm‘naldus
1732 2970 2037 3037 episwpus

514 3034 797 3087 ’ossatensi
818 3036 1176 3088 monasterio
1209 3037 1608 3091 (radit/erunt.

1022 3106 1215 3172 (Anno
1264 3110 1407 3174 998).

500 3189 780 3261 [MAEILL.,
803 3191 979 3267 Dare
1007 3192 1275 3267 diplmnq
1299 3192 1397 3246 lib.
1428 3210 1673 3267 v1,_pag.
1710 3200 1831 3267 598,
1856 3213 1927 3251 ex

855 3262 1148 3318 chartario
1193 3262 1572 3335 Fossatensif]

458 3352 524 3405 In
552 3348 797 3405 nomine
819 3356 1036 3406 sancta:
1068 3354 1124 3407 et
1148 3350 1470 3408 individua:
1497 3353 1805 3416 Trinitatis,
1830 3358 2063 3413 Rosea»

387 3452 510 3505 rus,
543 3436 747 3495 divina
774 3440 1118 3511 providente
1149 3441 1476 3508 clementia,
1522 3444 1883 3500 Francorum
1910 3463 2031 3501 rex.

460 3526 519 3584 Si
549 3542 691 3598 erga
717 3527 849 3585 loca
869 3529 1084 3585 divinis
1115 3530 1368 3586 cultibus
1400 3533 1743 3604 mancipata
1792 3541 2036 3607 propter

382 3632 656 3679 amorem
681 3617 783 3674 Dei
813 3633 1143 3692 eorumque
1167 3620 1227 3676 in
1255 3620 1484 3677 eisdem
1541 3622 1684 3678 locis
1736 3624 2034 3681 famulan-

384 3704 535 3761 tium
564 3704 857 3763 beneﬁcia
886 3712 1227 3780 opportuna
1247 3708 1556 3779 largimur,
1589 3712 1903 3782 praemium
1934 3730 2038 3769 no-

383 3792 480 3853 bis
512 3793 679 3865 apud
735 3794 1057 3851 Dominum
1108 3800 1341 3853 aeternae
1394 3800 1886 3856 remunerationis
1944 3818 2035 3857 re-

386 3878 572 3952 pendi
622 3895 746 3936 non
801 3881 1149 3939 dittidimus.
1204 3885 1425 3940 Idcirco
1480 3887 1705 3941 noverit
1744 3890 2036 3957 sagacitas

388 3981 499 4024 seu
541 3965 832 4023 industria
884 3969 1156 4026 omnium
1207 3978 1549 4028 nostrorum
1604 3973 1889 4046 ﬁdelium,
1914 3983 2036 4034 tam

388 4054 778 4128 praesentium
803 4072 986 4129 quam
1017 4062 1075 4114 et
1105 4058 1458 4127 futurorum,
1487 4062 1628 4134 quia
1649 4064 1895 4134 quidam
1947 4083 2037 4122 ve-

390 4140 671 4199 nerabilis
698 4148 916 4200 sanctte
947 4144 1361 4202 Parisiacensis
1391 4149 1665 4204 Ecclesia:
1694 4167 2029 4227 episCOpus,

389 4230 633 4287 nomine
665 4231 981 4300 Renoldus,
1013 4238 1071 4290 et
1098 4238 1264 4301 pater
1288 4235 1416 4305 ejus
1458 4240 1577 4293 Deo
1607 4240 1881 4296 amabilis
1941 4260 2032 4299 co-

386 4334 519 4376 mes
538 4319 939 4390 Burchardus,
991 4322 1266 4381 adierunt
1318 4326 1692 4384 serenitatem
1741 4337 2029 4397 nostram,

384 4407 688 4469 humiliter
713 4412 978 4482 petentes
1002 4417 1298 4485 quatenus
1326 4431 1420 4471 res
1458 4416 1532 4472 de
1581 4416 1883 4475 beneﬁciis
1932 4390 2031 4477 eo;
2064 4390 2107 4443 Β

383 4512 524 4558 rum
543 4514 696 4572 quas
716 4502 1082 4558 monasterio
1112 4506 1466 4575 Fossatensi,
1506 4508 1672 4580 quod
1729 4515 1819 4565 est
1866 4511 2032 4567 dedi-

385 4588 669 4646 catumin
718 4589 945 4647 honore
985 4591 1347 4650 beatissimaa
1409 4596 1657 4664 Virginis
1709 4599 1921 4668 Mariis,
1978 4605 2034 4656 et

385 4675 700 4737 beatorum
746 4680 1157 4751 apostolorum
1204 4683 1353 4740 Petri
1396 4687 1453 4739 et
1506 4684 1689 4745 Pauli.
1744 4703 1848 4741 seu
1878 4688 2033 4743 beati

383 4766 588 4834 Mauri,
618 4766 803 4824 Patris
834 4769 1130 4827 Benedicti
1158 4770 1451 4843 discipuli,
1480 4772 1585 4843 qui
1631 4773 1844 4830 eodem
1899 4776 2032 4833 loco

383 4854 718 4929 requiescit,
748 4858 1142 4928 contulerunt,
1174 4864 1230 4916 et
1258 4858 1459 4916 abbati
1487 4861 1758 4933 ejusdem
1779 4862 1894 4919 loci
1922 4881 2032 4921 no-

384 4941 546 5001 mine
574 4944 835 5014 Teutoni,
868 4950 925 5000 et
952 4945 1231 5005 fratribus
1258 4946 1482 5005 ibidem
1503 4952 1622 5006 Deo
1642 4950 2030 5009 militantibus

383 5047 495 5106 pro
520 5037 752 5091 aeternae
778 5036 1255 5093 remuneratione
1284 5038 1436 5107 vitae,
1469 5043 1525 5095 et
1550 5056 1658 5112 pro
1688 5041 2029 5099 animarum

385 5136 633 5179 auarum
654 5122 1048 5194 absolutione,
1078 5130 1137 5182 et
1155 5126 1371 5183 animae
1394 5127 1693 5186 Elisabeth
1714 5131 2029 5189 comitissae

387 5208 778 5291 tradiderunt,
810 5213 1174 5271 auctoritatis
1198 5220 1419 5272 nostrae
1469 5224 1768 5291 praecepto
1826 5236 2030 5278 conce-

386 5289 528 5346 dere
549 5296 605 5347 et
631 5292 981 5351 conﬁrmare
1005 5297 1061 5351 di
1070 5315 1408 5367 gnaremur.
1437 5289 1899 5370 suggerentibus
1927 5306 2031 5361 ita-

384 5375 1147 5445 queacintervenientibus
1190 5385 1415 5439 dilectis
1467 5387 1701 5456 nostris,
1758 5388 2029 5446 videlicet

386 5458 737 5516 dulcissima
757 5464 1032 5529 genitrice
1056 5477 1257 5527 nostra
1273 5472 1551 5528 Adelaide
1575 5481 1751 5546 atque
1772 5478 2027 5548 conjuge

386 5554 593 5607 nostra
623 5551 811 5619 Berta,
843 5565 952 5607 nos
976 5557 1247 5624 precibus
1276 5578 1482 5617 eorum
1506 5562 1891 5621 libentissime
1937 5567 2025 5623 fa-

384 5641 607 5708 ventes,
638 5636 1013 5697 traditionem
1039 5643 1336 5715 [praedicto
1365 5649 1567 5707 abbati
1616 5656 1717 5724 Ep.
1774 5656 1864 5724 P.]
1916 5670 2025 5711 seu

2147 1771 2204 1825 in
2236 1773 2517 1826 comitatu
2552 1774 2911 1827 )lilidunensi
2942 1774 3187 1828 alodum
3222 1792 3425 1832 unum
3453 1779 3577 1851 qui
3605 1787 3854 1834 vocatur

2150 1863 2485 1929 Curciacus,
2519 1880 2656 1916 cum
2690 1864 3079 1918 advocatione
3102 1870 3155 1918 et
3178 1865 3434 1931 vicaria,
3462 1885 3626 1923 cum
3644 1870 3847 1941 pratis.

2148 1948 2313 2003 terris
2346 1951 2515 2004 cultis
2546 1957 2600 2005 et
2626 1952 2882 2015 incultis,
2911 1959 2963 2006 et
2994 1970 3130 2008 eum
3163 1954 3257 2008 bis
3298 1971 3447 2028 quae
3507 1958 3597 2013 ad
3650 1959 3844 2033 ipsum

2148 2039 2486 2109 respiciunt.
2520 2043 2583 2094 Et
2611 2040 2670 2095 in
2705 2041 3069 2098 Wastinensi
3103 2059 3263 2114 pago
3324 2044 3535 2102 alium
3593 2048 3842 2103 alodum

2147 2129 2249 2199 qui
2282 2134 2659 2201 nuncupatur
2691 2131 2838 2185 Scia.
2874 2149 3011 2186 cum
3034 2133 3438 2191 advocatione
3466 2142 3534 2191 et
3566 2138 3843 2193 ecclesia.

2147 2218 2201 2267 et
2232 2229 2392 2284 aqua
2423 2230 2559 2268 cum
2592 2214 2866 2286 piscaria.
2902 2217 3105 2288 pratis,
3141 2218 3316 2273 terris
3336 2219 3530 2275 cultis
3564 2228 3629 2277 et
3661 2222 3843 2279 incul-

2148 2301 2235 2366 tis,
2264 2300 2492 2370 absq-ie
2526 2302 2641 2356 ulla
2669 2304 3023 2358 vicariorum
3072 2310 3366 2376 potestate
3421 2325 3727 2378 congrue
3783 2317 3843 2365 te-

2146 2394 2325 2443 neant
2358 2395 2533 2460 atque
2566 2392 2933 2461 possideant.
2965 2393 3051 2447 0b
3076 2395 3189 2447 hoc
3209 2397 3636 2469 praecipimus
3666 2402 3839 2456 etiam

2149 2484 2211 2531 ut
2234 2479 2430 2532 nullus
2462 2497 2583 2545 rex,
2610 2481 2807 2534 nullus
2840 2482 3182 2554 cpiscopus,
3218 2484 3427 2539 nullus
3463 2505 3718 2551 comes,
3753 2496 3840 2545 aut

2147 2566 2267 2621 ulla
2297 2573 2557 2637 potestas
2586 2568 2719 2623 illas
2739 2586 2832 2623 res
2860 2571 3204 2641 disponere,
3239 2578 3347 2629 aut
3375 2574 3441 2631 in
3479 2594 3610 2635 sua
3643 2586 3836 2651 potes-

2147 2658 2261 2708 tate
2290 2656 2622 2727 quidquam
2655 2657 2868 2712 horum
2902 2659 3219 2714 (alet-ernere
3250 2662 3342 2715 vel
3366 2663 3683 2735 delegare
3706 2685 3837 2740 prae-

2147 2747 2345 2797 sumat
2375 2762 2387 2797 :
2419 2746 2519 2798 sed
2548 2751 2834 2816 perpetua
2865 2747 3159 2804 soliditate
3213 2750 3275 2805 in
3322 2756 3831 2824 supradictorum

2146 2830 2391 2885 fratrum
2418 2837 2704 2903 potestate
2736 2836 3019 2891 consistat
3040 2837 3411 2909 disponendi
3438 2859 3560 2899 seu
3578 2845 3829 2901 faciendi

2144 2935 2215 2974 ex
2245 2921 2338 2974 his
2363 2922 2657 2993 quidquid
2687 2924 2985 2987 elegerint.
3024 2928 3085 2979 Et
3112 2932 3173 2980 ut
3198 2928 3385 2997 hujus
3413 2939 3665 2989 nostrae
3698 2952 3829 3007 przr-

2069 3042 2107 3095 Ο
2142 3008 2431 3079 ceptionis
2464 3009 2721 3064 edictum
2756 3018 2933 3083 atque
2993 3015 3398 3070 roborationis
3444 3030 3825 3095 praeceptum

2142 3110 2249 3165 per
2277 3102 2489 3151 cuncta
2514 3098 2621 3151 εθινὶ
2658 3103 2925 3171 tempora
2956 3101 3367 3159 inviolabilem
3401 3106 3708 3166 obtineat
3750 3112 3826 3165 tir

2142 3182 2360 3238 mitatis
2392 3186 2677 3255 vigorem,
2712 3205 2895 3242 manu
2921 3192 3165 3261 propria
3199 3193 3410 3249 subter
3435 3198 3827 3255 conﬁrmavi.

2142 3289 2295 3335 mus,
2313 3278 2365 3327 et
2380 3276 2581 3328 annuli
2600 3277 2780 3331 nostri
2798 3277 3187 3349 impressione
3206 3282 3525 3355 insignirij
3539 3289 3823 3343 tissimus.

2216 3364 2358 3416 Data
2380 3379 2479 3416 xui
2505 3364 2633 3417 Kal.
2661 3365 2807 3432 Maii,
2840 3366 3162 3422 indictione
3209 3387 3292 3438 x1,
3336 3387 3515 3427 anno
3573 3392 3641 3443 Χ,
3705 3394 3822 3445 rcg-

2144 3453 2322 3503 nante
2354 3449 2606 3507 Roberto
2634 3468 2769 3520 rege
2797 3453 3076 3519 glorioso.
3111 3462 3326 3513 Actum
3354 3460 3623 3531 publice
3688 3465 3827 3521 Pari-

2146 3538 2305 3592 siaca
2327 3540 2473 3593 urbe
2502 3557 2660 3596 anno
2690 3542 2977 3667 incarnalti
3010 3546 3178 3601 Verbi
3204 3552 3330 3603 998.

2952 3621 3011 3667 ll.

2143 3681 2411 3768 Rotam'li
2433 3684 2583 3751 regis
2616 3693 2994 3768 prameptum,
3030 3704 3144 3759 quo
3166 3693 3567 3768 superiorum
3622 3714 3825 3768 regum

2212 3753 2585 3823 aliorumque
2608 3753 3317 3815 concessimeseoenobio
3373 3766 3617 3823 Sancti
3694 3753 3825 3825 δέη-ο

2144 3826 2311 3876 mani
2339 3826 2843 3906 Antissiodorensi
2868 3832 3065 3897 facias
3088 3837 3431 3898 conﬁrmat.

2632 3902 2813 3965 (tlirca
2855 3916 3084 3955 annum
3130 3907 3313 3974 1002.)

2143 3982 2416 4049 [ΜΑΒιι.ι.,
2448 3986 2535 4040 De
2562 4002 2627 4043 re
2652 3989 2919 4057 diplmn.,
2952 3991 3054 4046 lib.
3086 4009 3163 4047 vi.
3200 4010 3335 4063 pag.
3371 4000 3507 4062 600,
3547 4016 3632 4055 ex
3666 4004 3826 4057 char-

2440 4073 2588 4129 tario
2618 4076 2813 4131 Sancti
2842 4080 3115 4134 Germani
3148 4082 3507 4157 Antissi0d.]

2214 4164 2275 4214 ln
2292 4162 2532 4216 nomine
2546 4170 2762 4219 sanctae
2782 4171 2836 4219 et.
2856 4166 3183 4223 individua:
3214 4171 3548 4242 Trinitatis,
3576 4180 3831 4237 Romen-

2143 4264 2265 4317 TUS,
2300 4249 2620 4307 Divinitatis
2653 4261 2951 4310 annuente
2983 4256 3320 4328 clementia,
3354 4277 3485 4317 rex.

2217 4339 2408 4408 Regize
2485 4341 2787 4411 dignitatis
2854 4351 2941 4399 est
3005 4347 3162 4402 circa
3227 4350 3547 4420 religionis
3591 4359 3830 4415 cultum

2142 4428 2357 4499 pietate
2423 4434 2479 4484 et
2550 4431 2777 4499 justitia
2851 4450 2911 4487 se
2970 4437 3308 4503 extendere,
3366 4457 3829 4521 servorumque

2143 4518 2240 4575 Dei
2274 4518 2656 4590 petitionibus
2707 4523 2918 4578 votivis
2947 4526 3167 4581 animis
3221 4529 3652 4600 acquiescere.
3705 4518 3829 4604 dua

2140 4606 2305 4661 dere
2337 4608 2566 4664 noverit
2607 4610 2878 4666 omnium
2928 4620 3149 4670 sanctae
3199 4617 3303 4671 Dei
3348 4620 3632 4679 Ecclesia
3682 4628 3830 4683 tide-

2139 4695 2287 4752 lium
2334 4696 2625 4753 industria
2668 4700 3070 4757 venerabilem
3111 4704 3401 4762 abbatem
3464 4712 3829 4773 Heldricum

2139 4785 2484 4840 monasterii
2517 4788 2710 4842 Sancti
2743 4792 3019 4845 Germani
3074 4794 3661 4867 Antissiodorensis,
3721 4806 3829 4861 ad-

2136 4872 2325 4929 hibita
2358 4890 2560 4929 secum
2615 4878 3047 4935 monachorum
3080 4882 3356 4951 ejusdem
3384 4883 3505 4941 loci
3561 4908 3830 4963 congre-

2139 4960 2397 5031 gatione,
2430 4967 2792 5035 praeceptum
2815 4967 3123 5037 quoddam
3147 4971 3325 5037 regite
3370 4960 3829 5037 muniﬁcentia

2138 5049 2216 5105 ab
2255 5067 2368 5106 avo
2407 5056 2613 5107 nostro
2654 5052 2901 5121 Hugone
2962 5058 3174 5123 Magno
3218 5060 3470 5129 praefato
3531 5071 3828 5125 eoenobio

2137 5137 2521 5212 impetratum
2596 5145 2775 5211 atque
2843 5142 3145 5212 collatum,
3197 5152 3419 5203 nostra:
3506 5159 3827 5215 serenitati

2137 5226 2440 5291 detulisse,
2495 5232 2699 5285 nostra
2724 5244 2967 5302 quoque
3012 5234 3365 5291 auctoritate
3397 5240 3618 5299 denuo
3653 5262 3828 5303 reno-

2138 5314 2424 5382 vandum,
2454 5318 2633 5385 atque
2662 5315 2721 5370 in
2765 5324 3073 5389 posterum
3104 5325 3665 5387 transmittendum
3718 5337 3827 5390 hu-

2137 5397 2350 5491 militer
2378 5399 2670 5469 expetisse
2704 5416 2723 5491 ξ
2750 5408 3044 5473 quatenus
3071 5409 3126 5458 et
3156 5408 3655 5477 apostolicorum
3714 5420 3827 5491 pri-

2141 5480 2367 5549 vilegia,
2434 5487 2491 5536 et
2564 5485 3071 5554 praedecessorum
3148 5498 3525 5563 nostrorum,
3596 5480 3823 5570 reg‘um

2137 5567 2372 5635 scilicet,
2402 5575 2698 5642 praacepta
2722 5574 2927 5630 omnia
2956 5574 3148 5631 eidem
3188 5587 3495 5655 praecepto
3559 5567 3822 5659 inserta,

2132 5657 2247 5715 hoc
2316 5662 2522 5717 nostro
2579 5661 2904 5719 sanctionis
2971 5664 3312 5725 testimonio
3375 5657 3819 5740 donaremus;
