3980 6418
366 338 466 390 195

1236 333 1290 386 S.
1337 330 1628 388 HENRICI
1667 328 2135 386 IMPERATORIS
2170 326 2368 384 ACTA.
2409 358 2478 367 —
2517 327 2998 384 ADDIMENTUM.

3783 331 3882 384 196

361 465 412 514 et
431 459 668 512 invenies
696 457 1008 526 offensionis
1037 471 1147 511 mee
1174 471 1409 510 causam.
1439 458 1508 510 At
1563 454 1670 508 alla
1722 453 2065 508 ﬁducialiter
2101 455 2147 506 Α
2176 454 2458 506 serenitati
2500 457 2674 506 vestre
2721 454 3012 507 immensus
3063 453 3242 518 refero
3293 453 3530 518 gratias.
3562 454 3696 521 quia
3742 453 3886 506 mihi

367 546 720 618 respondens
751 546 832 598 ait
867 560 879 599 :
910 545 1244 602 Conscientia
1283 559 1399 598 mea
1427 543 1633 596 munda
1680 547 1777 608 est,
1825 546 1876 595 et
1932 556 2063 594 con-

365 637 510 689 scius
543 649 687 688 meus
715 637 774 687 in
804 634 1009 689 excelso
1063 635 1195 701 quia
1221 633 1385 701 plane
1412 637 1491 686 est
1529 633 1677 685 testis
1734 631 1892 693 mihi,
1931 631 2064 697 quia

362 725 582 791 facinus
637 723 734 777 hoc
761 724 1073 790 pessimum,
1105 721 1250 790 quod
1287 720 1544 791 objicitur
1581 721 1716 773 mihi
1766 734 2062 786 numquam

361 812 699 879 perpetravi.
763 810 987 864 Obsecro
1041 813 1109 874 te,
1147 810 1374 862 Domine
1424 811 1501 861 mi
1555 823 1675 872 rem,
1734 813 1797 862 ut
1824 807 2062 860 viriliter

368 913 526 963 agere
583 902 633 950 et
684 898 1011 965 patientiam
1087 898 1147 949 in
1199 911 1280 948 me
1335 895 1601 962 digneris.
1684 896 1865 948 Honor
1933 894 2060 960 qui-

367 985 488 1039 dem
544 987 708 1040 totius
760 986 980 1054 imperii
1027 999 1126 1052 per
1166 999 1251 1038 me
1286 983 1504 1036 videtur
1549 985 1889 1048 imminutus,
1967 979 2062 1033 sed

366 1075 572 1129 volente
610 1078 714 1129 Deo
771 1075 1089 1142 quantocius
1139 1089 1238 1143 per
1289 1088 1373 1126 me
1436 1071 1852 1139 reformabitur;
1916 1070 2062 1138 quod

369 1163 605 1231 qualiter
676 1165 798 1232 ﬁeri
845 1163 1040 1231 possit,
1071 1164 1122 1215 si
1173 1164 1247 1214 sit
1285 1176 1402 1215 eum
1463 1161 1791 1228 beneplacito
1862 1163 2057 1224 vestro,

368 1249 599 1304 breviter
649 1252 888 1304 insinuo.
923 1250 1017 1304 His
1081 1249 1314 1315 auditis,
1365 1248 1681 1318 imperator
1734 1247 2058 1317 aliquantu-

369 1339 489 1391 lum
548 1337 867 1407 mitigatus,
895 1343 1031 1390 tunc
1085 1336 1319 1390 demum
1353 1336 1611 1407 percepit
1639 1351 1765 1389 eam
1812 1335 2059 1389 residere

365 1431 421 1480 et
449 1427 694 1496 qualiter
741 1425 846 1479 hec
897 1424 1023 1478 ﬁeri
1053 1429 1288 1495 possent
1327 1423 1571 1476 edicere.
1605 1423 1687 1476 Ad
1757 1423 1862 1476 hec
1908 1422 2006 1476 illa
2043 1440 2056 1477 :

365 1515 643 1582 Majestas,
681 1513 870 1583 inquit
915 1517 1115 1576 vestra,
1171 1512 1405 1574 domine,
1449 1511 1726 1580 principes
1778 1510 2059 1563 universos

366 1607 477 1655 tam
517 1603 794 1670 episcopos
825 1614 989 1668 quam
1033 1599 1197 1651 laicos
1253 1597 1328 1651 ad
1376 1601 1578 1650 curtem
1607 1598 1812 1662 regiam
1871 1611 2056 1650 conve-

360 1689 478 1740 nire
492 1687 703 1754 jubeat,
738 1691 789 1739 et
820 1685 1158 1753 presentibus
1189 1683 1432 1736 omnibus
1489 1696 1656 1735 causa
1693 1681 1760 1734 de
1791 1697 1902 1748 qua
1936 1684 2055 1747 agi-

363 1779 454 1828 tur
501 1773 690 1828 ordine
711 1771 1016 1842 judiciario
1043 1772 1349 1834 ventiletur,
1383 1775 1434 1823 et
1486 1769 1762 1838 quidquid
1793 1772 1903 1838 ipsi
1929 1785 2062 1836 sug-

362 1865 625 1930 gesserint
653 1863 804 1916 salvo
858 1863 1054 1914 honore
1087 1864 1261 1912 vestro
1315 1860 1438 1926 ﬁeri
1491 1861 1710 1926 poterit.
1757 1859 1928 1928 Spero
1959 1875 2060 1912 au-

365 1958 469 2005 tem
508 1951 574 2003 de
618 1950 811 2004 divina
840 1947 1234 2013 misericordia,
1265 1946 1410 2014 quod
1438 1947 1641 2014 eripiat
1668 1961 1764 1999 nos
1795 1947 1906 2000 luto
1927 1948 2062 2012 fecis

365 2039 528 2106 hUJUS
562 2043 610 2092 et
648 2038 886 2091 miseria.
917 2037 1058 2090 Cum
1090 2035 1194 2088 hec
1223 2033 1392 2087 verba
1441 2033 1744 2104 prudentis
1811 2034 2058 2104 impera-

361 2126 519 2179 tricis
559 2125 776 2194 optime
811 2123 1104 2193 placerent
1162 2121 1222 2174 in
1279 2126 1589 2191 conspectu
1641 2121 1936 2192 principis,
1989 2121 2057 2174 ad

361 2215 542 2284 ipsius
590 2211 901 2281 imperium
951 2209 1238 2280 principes
1277 2215 1670 2264 convenerunt
1728 2209 1791 2263 in
1855 2226 2056 2263 unum.

367 2302 585 2366 Quibus
617 2316 746 2354 cum
788 2299 1133 2370 imperatore
1191 2298 1522 2352 sedentibus
1577 2298 1636 2352 in
1690 2297 1928 2367 judicio,
1974 2299 2061 2352 in-

362 2391 532 2444 travit
593 2387 930 2458 imperatrix
965 2387 1370 2457 imperterrita,
1425 2391 1480 2440 et
1508 2402 1670 2441 secus
1703 2387 1877 2457 pedes
1923 2388 2057 2441 olim

365 2477 554 2534 dilecti
596 2476 684 2530 sui
716 2475 945 2542 resedit,
1001 2475 1166 2545 nigra
1191 2480 1248 2528 et
1277 2475 1528 2528 formosa
1575 2474 1695 2528 ﬁlia
1720 2476 2057 2540 Jerusalem,

364 2567 530 2637 nigra
581 2580 686 2636 per
731 2563 1049 2629 infamiam,
1107 2563 1360 2616 formosa
1397 2578 1503 2633 per
1555 2563 1963 2627 innocentiam,
2006 2568 2064 2618 et

361 2672 465 2728 per
514 2655 622 2708 hoc
654 2662 872 2707 'revera
915 2651 1032 2705 ﬁlia
1064 2651 1404 2719 Jerusalem,
1440 2667 1550 2722 que
1609 2656 1793 2704 semet
1853 2651 2057 2722 ipsam,

361 2741 461 2795 sed
500 2745 556 2796 et
603 2755 853 2803 causam,
887 2755 1048 2793 suam
1082 2739 1274 2793 divine
1293 2738 1715 2793 commendavit
1755 2739 2059 2809 providen-

359 2830 457 2883 tie.
521 2831 678 2884 Tunc
732 2829 1082 2899 proloquens
1136 2844 1236 2881 rex
1295 2843 1432 2882 voce
1485 2827 1822 2882 lacrimabili
1914 2827 2064 2881 dixit

357 2917 717 2989 principibus
776 2916 1056 2970 universis
1091 2933 1103 2970 :
1138 2917 1180 2970 Ο
1223 2916 1410 2970 dilecti
1454 2919 1560 2969 mei
1622 2917 1902 2985 principes
1944 2917 2059 2983 glo-

2172 540 2444 610 parcendo
2483 555 2703 608 gravem
2749 543 2810 594 in
2861 557 2944 595 me
2972 543 3118 607 ferre
3147 544 3466 596 sententiam
3497 541 3673 594 noluit
3702 545 3886 594 vestra

2170 629 2549 683 mansuetudo.
2614 630 2707 682 His
2773 629 2958 696 dictis,
3010 629 3243 683 resedit.
3325 629 3498 682 Porro
3588 635 3886 698 presentes

2173 734 2390 778 omnes.
2432 717 2521 771 his
2555 717 2788 783 auditis,
2855 717 2924 770 ad
2976 717 3219 771 invicem
3276 716 3650 770 conferebant
3691 717 3886 770 dicen-

2175 815 2293 860 tos:
2323 805 2480 870 Quod
2526 808 2575 858 si
2620 793 2924 874 perpetrati
2970 806 3184 859 sceleris
3249 805 3579 858 conscientia
3632 809 3883 857 nostram

2170 894 2483 946 stimularet
2524 892 2820 957 dominam,
2851 908 3197 961 nequaquam
3239 891 3456 947 sibimet
3488 893 3883 958 gravissimum

2171 981 2264 1034 hoc
2289 995 2510 1034 examen
2566 986 2906 1049 proponeret,
2965 984 3126 1034 immo
3175 983 3340 1034 etiam
3387 980 3456 1032 ab
3495 981 3624 1033 aliis
3672 995 3882 1048 propo-

2170 1071 2335 1123 situm
2363 1070 2683 1137 repulsaret.
2720 1070 2942 1122 Interea
2975 1083 3234 1122 vomeres
3279 1067 3653 1121 vehementer
3708 1067 3882 1136 igniti

2169 1157 2229 1210 in
2258 1172 2431 1210 unam
2465 1155 2636 1209 delati
2669 1160 2802 1210 sunt
2854 1156 3168 1224 basilicam,
3201 1156 3262 1209 in
3317 1172 3432 1226 qua
3459 1155 3625 1209 beata
3683 1155 3881 1209 Cune—

2171 1245 2380 1314 gundis
2412 1261 2444 1298 a
2477 1244 2702 1298 duobus
2734 1243 3023 1314 episcopis
3064 1244 3425 1314 dignioribus
3465 1243 3611 1298 sicut
3639 1244 3758 1297 ovis
3801 1244 3880 1297 ad

2171 1333 2457 1386 victimam
2501 1333 2834 1400 ducebatur,
2867 1348 3042 1403 quam
3074 1332 3283 1387 Christi
3313 1332 3598 1386 confessor
3627 1337 3683 1386 et
3704 1334 3882 1385 vesti-

2169 1422 2264 1492 gio
2299 1421 2663 1492 sequebatur.
2713 1421 2820 1484 Qui
2847 1421 3045 1474 videns
3076 1436 3334 1474 vomeres
3389 1420 3670 1474 scintillas
3720 1421 3879 1490 ignis

2170 1515 2529 1580 vaporantes,
2551 1510 2610 1562 in
2633 1509 2717 1561 ira
2743 1509 3134 1562 misericordia
3153 1525 3390 1570 memor,
3423 1524 3664 1573 memor,
3699 1510 3880 1562 etiam

2168 1597 2401 1667 pristini
2465 1597 2677 1650 amoris
2717 1596 2857 1650 dixit
2894 1597 2962 1650 ad
3007 1612 3177 1650 eam:
3235 1597 3472 1662 Quiesce,
3520 1597 3741 1650 domina
3800 1601 3884 1650 mi

2172 1687 2572 1749 amantissima,
2633 1688 2840 1752 quiesce
2922 1686 3062 1738 mihi
3103 1684 3634 1752 desiderantissima,
3687 1702 3874 1755 parce,

2175 1789 2356 1842 queso,
2379 1774 2585 1826 tibimet
2615 1775 2744 1840 ipsi,
2772 1777 2821 1825 et
2854 1788 2920 1825 ne
2949 1775 3123 1827 intres
3171 1775 3228 1826 in
3252 1772 3531 1840 judicium
3591 1773 3703 1838 hoc,
3741 1773 3882 1826 hor-

2170 1863 2331 1916 ribile
2392 1864 2556 1916 etiam
2603 1861 2677 1914 ad
2715 1861 3079 1927 audiendum;
3129 1861 3286 1915 credo
3325 1860 3466 1914 enim
3507 1867 3556 1926 te
3584 1863 3881 1914 immunem

2170 1966 2281 2004 esse
2309 1950 2378 2004 ab
2409 1952 2556 2003 omni
2583 1952 2826 2004 crimine.
2853 1950 2952 2003 llla
2983 1965 3186 2003 sereno
3218 1950 3375 2003 vultu
3420 1949 3718 2019 respondit
3779 1951 3833 2002 ei
3863 1967 3876 2003 :

2173 2038 2326 2105 Quod
2362 2040 2413 2090 si
2451 2037 2603 2091 vobis
2651 2039 2792 2090 mihi
2833 2038 3182 2106 parcentibus
3247 2037 3322 2090 ad
3374 2051 3590 2105 presens
3655 2052 3881 2090 evasero

2165 2127 2458 2196 judicium,
2508 2126 2602 2179 sed
2651 2141 2754 2180 non
2814 2126 3064 2190 evadam,
3108 2125 3252 2193 quod
3306 2126 3562 2178 hactenus
3617 2127 3879 2178 innocens

2169 2217 2407 2268 sustinui
2445 2216 2760 2267 convicium.
2840 2214 3183 2282 Quapropter
3242 2227 3449 2266 necesse
3496 2217 3592 2279 est,
3667 2218 3726 2265 ut
3775 2214 3879 2266 hoc

2170 2304 2437 2366 ercamine,
2500 2303 2622 2354 licet
2664 2303 2736 2354 sit
2767 2301 3026 2366 terribile,
3069 2317 3151 2354 me
3189 2301 3475 2354 accelerem
3537 2316 3876 2369 expurgare,

2170 2395 2231 2444 ut
2251 2392 2357 2454 his,
2393 2391 2490 2458 qui
2517 2389 2776 2443 hactenus
2808 2391 2945 2444 mihi
2973 2389 3347 2454 detrahebant,
3394 2388 3516 2455 jam
3571 2388 3731 2442 detur
3757 2391 3881 2443 alia.

2171 2479 2237 2531 de
2263 2475 2586 2544 Cunegundc
2627 2477 2882 2546 loquendi
2931 2479 3184 2530 materia.
3245 2476 3340 2530 His
3396 2475 3580 2543 dictis,
3631 2477 3878 2530 fiducia-

2171 2567 2302 2620 liter
2357 2564 2610 2632 accessit,
2677 2569 2734 2618 et
2781 2566 3014 2620 elevatis
3077 2565 3254 2618 oculis
3297 2563 3354 2616 in
3387 2563 3594 2625 celum,
3676 2565 3822 2619 dixit
3863 2583 3876 2620 :

2173 2656 2410 2720 Domine,
2467 2652 2689 2720 adjutor
2733 2659 2784 2706 et
2844 2659 3112 2722 protector
3172 2667 3319 2706 meus
3390 2667 3455 2704 ne
3522 2652 3882 2721 derelinquas

2169 2757 2278 2811 me;
2329 2741 2555 2807 festina,
2612 2741 2855 2809 Domine,
2905 2756 2970 2794 ne
3021 2740 3351 2801 tardaveris,
3411 2738 3505 2791 sed
3553 2741 3612 2791 in
3631 2745 3887 2807 presenti

2171 2829 2520 2885 tribulatione
2566 2829 2791 2882 subveni
2845 2831 3039 2882 ancille
3107 2834 3210 2881 tue.
3262 2829 3352 2892 Te,
3413 2827 3662 2891 Domine,
3712 2829 3884 2888 cuius

2171 2922 2338 2975 oculis
2367 2919 2518 2975 nuda
2546 2923 2595 2972 et
2626 2923 2818 2988 aperta
2870 2921 2997 2971 sunt
3050 2919 3251 2980 omnia,
3341 2919 3410 2978 te,
3458 2917 3705 2982 inquam,
3769 2918 3886 2970 Do-

359 3009 515 3073 riosi,
571 3009 760 3060 estimo
807 3006 972 3074 plane
1023 3020 1367 3074 nequaquam
1433 3005 1770 3059 nobilitatem
1821 3009 2056 3059 vestram
2093 3006 2132 3060 C
2172 3011 2332 3076 mine,
2368 3015 2551 3064 testem
2599 3009 2756 3063 hodie
2800 3009 3004 3071 invoco,
3061 3009 3192 3074 quia
3240 3024 3336 3063 nec
3374 3005 3513 3057 hunc
3565 3010 3884 3074 presentem

360 3095 545 3157 latere,
569 3093 714 3162 quod
755 3108 854 3161 per
880 3092 996 3146 dies
1049 3093 1260 3161 aliquot
1290 3095 1530 3146 sustinui
1593 3093 1959 3161 obprobrium,
2009 3102 2060 3149 et

360 3185 572 3252 operuit
609 3182 854 3246 confusio
900 3181 1098 3246 faciem
1145 3195 1336 3247 meam,
1379 3185 1603 3249 propter
1650 3181 1795 3248 quod
1831 3186 2055 3250 potissi-

358 3285 506 3325 mum
560 3284 652 3322 vos
683 3270 962 3323 convenire
1013 3268 1182 3332 volui,
1243 3271 1502 3335 quatinus
1547 3269 1614 3321 ab
1655 3271 2058 3328 imminentibus

359 3355 712 3410 incommodis
769 3359 940 3408 vestre
968 3353 1256 3423 prudentie
1311 3357 1534 3409 consilio
1567 3357 1777 3411 valeam
1827 3359 2054 3414 absolvi.

359 3444 511 3499 Nunc
531 3445 716 3510 itaque
744 3457 779 3495 a
810 3447 995 3496 vestra
1027 3442 1308 3495 dilectione
1337 3445 1577 3510 requiro,
1609 3447 1827 3499 cuinam
1855 3452 2060 3501 senten-

361 3534 434 3585 tie
487 3536 740 3584 matrona
769 3530 958 3584 debeat
999 3530 1296 3598 subjacere,
1348 3547 1450 3600 que
1487 3536 1784 3602 contempto
1835 3535 2060 3603 conjuge

360 3620 596 3687 legitimo
644 3620 814 3672 alium
867 3619 918 3672 ei
970 3618 1328 3688 superducere
1378 3624 1788 3689 presumpseril.
1833 3622 2059 3679 Obsecro

357 3722 482 3774 ergo
511 3711 561 3761 et
588 3707 913 3761 obsecrando
954 3709 1218 3776 precipio,
1251 3713 1310 3761 ut
1341 3707 1480 3774 leges
1535 3715 1586 3764 et
1615 3711 1827 3764 decreta
1877 3714 2060 3781 majo-

355 3811 478 3850 rum
527 3797 831 3860 recolentes,
889 3800 1055 3863 prout
1095 3795 1320 3864 justitia
1375 3797 1682 3864 dictaverit,
1740 3802 2060 3854 sententiam

353 3884 676 3951 proferatis.
735 3882 828 3935 His
858 3882 1088 3949 auditis,
1141 3888 1259 3936 tam
1309 3883 1597 3954 principes
1650 3902 1824 3956 quam
1867 3887 2059 3941 omnis

355 3969 452 4023 illa
486 3970 784 4023 advocatio
829 3970 1094 4024 lacrimas
1124 3971 1438 4025 fundebant
1490 3973 1834 4040 uberrimas,
1868 3974 2055 4046 impe-

358 4057 554 4111 ratrici
605 4073 814 4127 penam
874 4062 938 4110 ut
991 4058 1272 4127 putabant
1320 4074 1559 4128 passure
1618 4063 2054 4132 compatientes,

357 4160 531 4215 quam
585 4145 860 4199 unimoda
916 4144 1126 4199 virtute
1155 4145 1436 4216 preditam
1490 4163 1612 4202 esse
1640 4155 1948 4218 noverant;
2001 4155 2058 4205 et

355 4233 482 4287 ideo
535 4233 917 4287 detrectantes
979 4233 1039 4286 in
1083 4249 1223 4287 nam
1279 4234 1428 4288 ferre
1481 4238 1846 4306 sententiam,
1883 4240 2053 4293 variis

355 4319 660 4393 colloquiis
691 4327 918 4391 tempus
977 4321 1355 4376 redimebant.
1416 4323 1577 4387 Quod
1608 4324 1705 4378 illa
1735 4327 2053 4395 prudenter

357 4409 818 4464 animadvertetis
858 4414 914 4462 et
941 4408 1191 4463 femineo
1258 4411 1476 4480 pectori
1527 4411 1752 4466 virilem
1791 4414 2052 4469 inserens

355 4497 639 4563 animum,
669 4511 908 4566 surgens
941 4501 996 4550 et
1020 4500 1174 4550 stans
1203 4495 1261 4550 in
1289 4497 1503 4565 medio,
1558 4499 1915 4571 prestitoque
1946 4501 2054 4556 sibi

357 4584 609 4652 silentio,
661 4584 760 4638 sed
804 4589 860 4638 et
907 4585 1174 4638 omnibus
1202 4585 1255 4638 ei
1308 4593 1634 4641 reverenter
1687 4589 2054 4644 auscultanti-

354 4673 462 4726 bus
513 4673 805 4741 eleganter
859 4673 1146 4742 allegabat
1191 4673 1387 4727 dicens
1448 4690 1462 4729 :
1513 4678 1860 4746 Oprincipes
1907 4681 2055 4732 omni

357 4762 552 4815 honore
579 4760 738 4825 digni
774 4764 824 4813 et
869 4760 1008 4813 mihi
1055 4759 1240 4814 dilecti
1268 4762 1390 4830 jam
1441 4762 1647 4817 dudum
1702 4765 1854 4819 vobis
1903 4781 2052 4820 com-

350 4849 561 4916 placuit
609 4848 896 4910 universis,
953 4851 1004 4900 et
1059 4849 1337 4902 dominum
1391 4850 1475 4903 vel
1528 4851 1806 4919 conjugem
1880 4869 2053 4907 meum

354 4936 606 4989 dilectum
641 4936 998 5003 imperatoria
1026 4935 1296 5002 dignitate
1322 4937 1659 4992 sublimastis
1707 4947 1756 4993 et
1786 4955 1870 4996 me
1911 4956 2053 5010 par-

354 5025 569 5092 ticipem
599 5023 758 5090 regni
803 5022 921 5089 ejus
957 5037 1069 5076 esse
1126 5025 1396 5089 voluistis,
1446 5030 1496 5078 et
1552 5031 1662 5080 tam
1720 5029 1815 5081 Dei
1868 5031 2054 5096 gratia

352 5127 516 5181 quam
554 5115 735 5165 vestra
794 5113 1172 5166 constitutione
1209 5114 1398 5166 ceteris
1457 5114 1762 5168 hominibus
1791 5121 2052 5184 prestan-

353 5201 514 5252 tiores
573 5213 685 5252 esse
755 5197 1097 5251 videbamur.
1155 5198 1297 5264 Quia
1374 5197 1550 5267 igitur
1629 5203 1772 5256 inter
1819 5203 2052 5269 feminas

346 5289 685 5356 prestantior
707 5300 819 5339 esse
855 5285 1061 5352 videor,
1105 5287 1201 5340 sed
1221 5289 1340 5356 jam
1378 5303 1520 5342 nunc
1570 5289 1636 5342 de
1678 5293 1908 5358 pessimo
1945 5292 2050 5344 cri-

349 5377 494 5428 mine
556 5377 791 5440 incusor,
840 5389 1048 5428 necesse
1095 5380 1174 5429 est
1238 5381 1297 5429 ut
1352 5391 1450 5444 per
1493 5377 1768 5445 judicium
1813 5378 2053 5432 durissi-

350 5475 516 5528 mum,
577 5463 780 5517 scilicet
829 5461 1111 5517 duodecim
1168 5462 1453 5518 candentes
1500 5480 1754 5532 vomeres,
1812 5467 1880 5520 ab
1954 5467 2054 5520 hac

352 5549 585 5613 infamia
634 5564 717 5604 me
765 5547 914 5604 vobis
969 5549 1312 5618 presenlibus
1363 5567 1674 5619 expurgem.
1729 5552 1834 5605 Sed
1915 5557 2052 5606 enim

2167 3100 2501 3163 Heinricum,
2550 3113 2644 3151 nec
2697 3110 3023 3166 quemquam
3051 3097 3231 3149 virum
3258 3098 3430 3150 alium
3477 3094 3690 3149 carnali
3725 3109 3879 3147 com-

2167 3187 2362 3239 mercio
2395 3188 2634 3252 cognovi.
2669 3184 2790 3248 Quo
2820 3183 3034 3248 audito,
3094 3199 3191 3237 rex
3237 3183 3556 3248 infremuit,
3598 3187 3653 3234 et
3679 3198 3880 3234 secre-

2167 3277 2290 3326 tum
2341 3290 2508 3328 suum
2566 3271 2738 3328 celari
2766 3271 3024 3340 cupiens,
3073 3275 3130 3324 et
3186 3271 3315 3325 ideo
3371 3268 3656 3342 loquentis
3697 3269 3884 3339 oppi-

2168 3361 2285 3415 lare
2341 3367 2628 3432 satagens,
2672 3360 2942 3413 atrociter
3007 3360 3364 3428 compressit,
3425 3375 3488 3413 ex
3546 3374 3661 3428 quo
3715 3358 3883 3411 linea

2167 3450 2384 3519 copiosi
2434 3448 2734 3518 sanguinis
2782 3446 3032 3512 efﬂuxit;
3083 3464 3197 3517 quo
3249 3448 3391 3510 viso,
3429 3447 3747 3516 imperator
3775 3463 3882 3499 su—

2168 3537 2398 3591 bitanea
2427 3538 2632 3591 ductus
2679 3534 3022 3606 pauitantia,
3076 3534 3232 3588 ﬂevit
3286 3550 3502 3600 amare,
3565 3538 3620 3587 et
3675 3533 3884 3588 doluit

2169 3641 2342 3695 super
2372 3641 2519 3692 eam,
2555 3624 2699 3677 sicut
2738 3622 2922 3677 doleri
2963 3625 3104 3676 solet
3159 3622 3217 3676 in
3252 3627 3438 3677 morte
3471 3620 3884 3692 primogeniti.

2169 3714 2298 3767 Erat
2348 3713 2504 3767 enim
2534 3712 2832 3766 fasciculus
2867 3711 3041 3764 mirre
3085 3710 3292 3764 dilecta
3344 3725 3448 3764 sua
3495 3709 3623 3762 sibi.
3686 3709 3893 3778 Igitur

2167 3801 2290 3872 ipse
2319 3800 2681 3854 retrocedens
2721 3798 2934 3852 exitum
2966 3797 3051 3852 rei
3090 3798 3488 3868 gemebundus
3527 3797 3886 3866 expectavit.

2242 3888 2306 3940 In
2342 3886 2586 3940 Domino
2617 3901 2752 3938 vero
2792 3883 2988 3954 posuit
3017 3899 3178 3953 spem
3201 3889 3393 3936 sancta
3430 3883 3625 3952 virago

2237 3978 2420 4044 Atque
2463 3990 2610 4044 genu
2644 3972 2802 4026 ﬂexit
2829 3976 3213 4042 repetensque
3271 3987 3498 4042 precem
3531 3970 3625 4040 pia
3676 3969 3838 4025 dixit
3872 3991 3886 4026 :

2239 4062 2382 4127 Rem,
2415 4062 2604 4130 opifer
2631 4058 2846 4126 mundi,
2870 4061 2957 4125 fer
2982 4074 3131 4128 opem
3160 4061 3352 4113 misere
3372 4057 3707 4124 Cunegundi.

2237 4151 2301 4204 Et
2321 4165 2450 4203 cum
2495 4152 2786 4218 presentes
2808 4151 3122 4200 tremerent
3140 4146 3343 4211 nimis,
3383 4145 3728 4215 aspicientes

2237 4237 2556 4292 Candentes
2595 4251 2874 4302 vomeres,
2933 4234 3170 4289 calcavit
3209 4251 3304 4289 eos
3333 4234 3497 4305 quasi
3527 4235 3722 4290 ﬂores.

2237 4323 2488 4378 Undenis
2538 4323 2662 4393 ipsa
2693 4323 3031 4394 peragratis,
3056 4323 3138 4376 nil
3171 4338 3403 4393 quoque
3430 4323 3567 4388 lesa,

2229 4411 2392 4467 Stans
2438 4427 2612 4482 super
2669 4415 2992 4465 extremum
3056 4427 3345 4465 vomerem
3394 4410 3744 4478 veneranda,
3781 4429 3889 4468 su-

3501 4499 3801 4568 [premam

2230 4588 2446 4657 Regem
2483 4586 2755 4654 laudavit,
2783 4603 2886 4657 per
2916 4602 3086 4657 quem
3132 4586 3402 4641 Satanam
3443 4587 3755 4656 superavit.

2159 4679 2355 4746 Itaque
2393 4691 2523 4730 cum
2574 4674 2908 4745 imperatrix
2958 4674 3152 4728 inclita
3210 4675 3280 4729 de
3313 4674 3534 4744 objecto
3595 4673 3706 4728 sibi
3750 4678 3886 4730 cri-

2161 4764 2316 4818 mine
2374 4763 2508 4817 satis
2563 4763 2857 4817 evidenter
2927 4769 3075 4816 esset
3147 4769 3478 4833 expurgata,
3546 4763 3892 4834 imperator

2160 4852 2420 4905 animum
2475 4851 2598 4920 ejus
2642 4850 2940 4904 blandiciis
3015 4850 3258 4905 delinire
3341 4851 3614 4921 gestiens,
3683 4851 3890 4922 ipsius

2161 4941 2334 4994 sacris
2363 4939 2603 5010 pedibus
2657 4940 3011 5009 provolutus,
3044 4939 3123 4993 ait
3152 4947 3168 4994 ‘:
3231 4940 3474 5006 Placare,
3506 4939 3733 4994 domina
3772 4946 3888 5008 mi,

2160 5032 2269 5083 esto
2309 5029 2477 5081 michi
2523 5026 2836 5095 placabilis,
2888 5033 2938 5080 et
2986 5043 3051 5081 ne
3105 5029 3336 5096 repellas
3365 5043 3447 5081 me
3492 5043 3527 5080 a
3573 5031 3768 5093 gratia
3798 5033 3894 5085 vel

2163 5115 2447 5170 dilectione
2493 5121 2608 5168 tua.
2666 5115 2952 5183 Equidem,
3008 5117 3207 5181 fateor,
3235 5117 3461 5184 peccavi
3487 5118 3537 5167 et
3598 5116 3891 5183 insipien-

2165 5204 2247 5256 ter
2275 5205 2362 5270 egi
2391 5205 2450 5255 in
2503 5217 2560 5255 eo
2609 5201 2754 5269 quod
2810 5202 3062 5256 molestus
3113 5204 3204 5268 fui
3258 5201 3380 5267 tibi,
3419 5217 3561 5254 nunc
3596 5201 3724 5268 jam
3774 5219 3894 5271 ago

2160 5292 2530 5358 penitentiam.
2589 5289 2872 5344 Adhereat
2903 5290 3093 5356 lingua
3141 5304 3261 5342 mea
3287 5289 3542 5356 faucibus
3610 5292 3774 5353 meis,
3840 5297 3899 5345 si

2160 5394 2266 5432 non
2288 5378 2393 5433 tibi
2418 5377 2484 5431 de
2509 5382 2677 5431 cetero
2721 5393 2816 5445 ego
2867 5377 3201 5442 satisfecero,
3251 5376 3604 5446 quoadusque
3656 5379 3892 5433 vixero.

2162 5469 2234 5518 At
2283 5465 2386 5519 illa
2433 5465 2761 5519 columbino
2811 5465 3198 5535 simplicitatis
3253 5470 3309 5518 et
3368 5465 3511 5517 mire
3561 5463 3893 5534 patientie,

2167 5553 2473 5607 immemor
2497 5553 2728 5623 injurie,
2759 5570 2983 5608 memor
3031 5552 3354 5611 clementie.
3383 5551 3591 5606 dilecto
3620 5569 3727 5607 suo
3752 5556 3842 5609 ait
3874 5576 3886 5610 :
