3968 6416
115 257 219 309 949

1615 249 2048 307 DIPLOMATA.

3445 257 3548 308 950

115 378 332 433 scilicet
372 381 433 432 ut
458 375 792 431 secundum
824 375 1005 430 tidem
1037 378 1093 430 et
1137 391 1347 430 eorum
1392 372 1771 446 proprietatis
1819 379 1861 428 A
1896 376 2040 432 tiam
2066 379 2402 435 secundum
2433 379 2770 448 regularem
2791 378 3221 434 institutionem
3238 378 3353 434 alio
3380 378 3553 434 dece-

114 466 540 522 continentiam
569 469 856 537 perpetuo
889 469 945 518 et
991 465 1344 520 inconvulsa
1388 468 1693 531 maneant,
1727 466 1785 517 et

113 557 398 616 inviolata
428 556 772 628 perdurent.
809 559 1070 619 Quorum
1101 554 1368 626 petitioni
1391 553 1681 607 benevolo
1704 552 1784 606 fa-

111 663 254 701 vore
283 644 1100 716 assentientes,maximeque
1131 644 1209 698 ob
1239 643 1477 708 gloriosi
1502 641 1784 697 avunculi

111 737 302 791 nostri
330 735 537 790 domui
572 734 803 788 Henrici
835 734 1005 788 ducis
1037 732 1398 801 Burgundiaa
1423 732 1779 787 memoriam

111 831 169 880 et
196 825 421 882 Ottonis
451 824 647 878 fratris
688 824 839 893 ejus,
874 823 976 895 qui
1010 839 1136 878 sese
1167 821 1606 894 particulariter
1635 819 1782 875 inibi

112 915 226 969 sub
277 913 433 968 beati
466 912 744 967 Germani
778 911 1109 983 patrocinio
1158 910 1604 981 maneiparunt,
1635 914 1696 963 ut
1728 913 1784 962 et

111 1003 431 1075 sepulturae
487 1001 757 1056 mandati
813 1001 972 1066 sint;
1032 1018 1142 1054 nos
1195 1016 1438 1072 quoque
1497 999 1780 1053 eumdem
1842 1074 1845 1076 Π

109 1093 314 1148 locum
340 1096 560 1146 sanctae
600 1091 799 1162 potius
833 1090 1172 1145 reverentia:
1219 1107 1405 1160 quam
1439 1089 1613 1144 alicui
1646 1088 1782 1142 sub-

104 1181 352 1252 jectioni
381 1180 830 1248 committimus,
865 1180 1181 1246 tradimus,
1199 1199 1222 1232 s
1235 1179 1520 1233 ublimam
1532 1195 1617 1232 us.
1637 1181 1782 1232 Prte-

109 1276 284 1344 cepta
312 1287 557 1343 quoque
590 1270 796 1324 omnia
823 1274 878 1324 et
909 1270 1291 1324 auctoritates
1323 1273 1540 1323 nostrae
1582 1269 1783 1324 denuo

111 1358 550 1430 astipulationis
576 1357 770 1413 edicto
803 1357 1236 1413 conﬁrmamus
1269 1377 1280 1425 ;
1309 1358 1507 1428 ipsam
1537 1373 1781 1429 quoque

109 1449 639 1517 congregationem
675 1448 790 1502 sub
815 1448 1166 1520 plenissima
1193 1447 1542 1503 defensione
1573 1451 1783 1502 nostra

107 1538 379 1610 quietam
421 1554 490 1592 ac
539 1537 788 1592 liberam
822 1554 950 1592 esse
983 1537 1281 1601 volumus,
1325 1553 1462 1590 cum
1495 1535 1779 1590 omnibus

107 1645 246 1699 quae
291 1627 478 1699 ipsius
508 1627 854 1682 monasterii
894 1632 1051 1686 sunt,
1089 1627 1176 1681 vel
1202 1642 1565 1697 quocunque
1598 1624 1781 1679 modo

1895 466 2089 522 dente.
2127 471 2190 522 Et
2222 473 2282 523 ut
2319 469 2480 523 nullo
2529 484 2798 539 unquam
2830 473 3098 539 tempore
3140 467 3251 522 sub
3302 467 3554 536 alicujus

1894 557 2158 628 episcopi
2188 559 2595 613 dominatione
2621 557 2988 625 redigantur,
3024 562 3079 612 et
3108 557 3308 612 nullus
3325 558 3554 629 episco-

1892 661 2006 716 pus
2034 646 2226 716 ipsam
2259 646 2565 701 abbatiam
2591 664 2626 702 a
2655 645 2820 715 regia
2847 645 3195 700 celsitudine
3223 645 3552 717 exquirere,

1893 739 1946 789 et
1973 751 2134 806 ipsos
2156 737 2488 791 monachos
2518 736 2829 791 sollicitare
2847 740 2947 791 aut
2976 735 3306 808 inquietare
3326 752 3554 808 praesu-

1894 824 2153 888 mat,liac
2179 824 2772 880 IlOSll‘tBttthtOl‘itallS
2795 824 3188 896 praeceptione
3201 823 3554 880 omnimodo

1891 912 2320 968 interdicimus.
2359 915 2413 968 Si
2444 914 2578 985 quis
2611 919 2810 969 autem
2836 914 3017 983 hujus
3047 917 3264 968 nostrae
3297 913 3552 969 auctori-

1895 1001 2023 1054 tatis
2059 1006 2404 1056 temerarius
2436 1002 2684 1057 violator
2707 1006 2808 1057 aut
2851 1006 3227 1074 contemptor
3256 1017 3382 1056 esse
3411 1005 3555 1058 tem-

1891 1090 2162 1161 ptaverit,
2196 1107 2314 1145 non
2347 1090 2539 1145 valeat
2589 1091 2906 1162 impetrare
2945 1089 3111 1161 quod
3141 1089 3357 1162 expetit
3387 1107 3398 1144 :
3449 1089 3554 1145 sed

1891 1179 2134 1251 insuper
2183 1196 2292 1251 pro
2334 1180 2506 1245 regi-ce
2558 1179 2890 1249 majestatis
2936 1183 3281 1251 contemptu
3313 1184 3554 1235 centum

1889 1269 2072 1323 libras
2099 1269 2226 1324 auri
2250 1269 2398 1324 cocti
2416 1274 2666 1337 cogatur
2682 1267 2986 1323 exsolvere
3015 1286 3027 1334 ;
3051 1267 3432 1324 medietatem
3462 1285 3556 1324 ca-

1890 1375 2069 1412 merae
2102 1363 2341 1427 nostrae,
2376 1358 2754 1413 medietatem
2793 1357 2940 1429 ipsis
2973 1357 3288 1412 monachis
3315 1375 3327 1423 ;
3360 1356 3435 1412 de
3464 1374 3554 1414 ce-

1893 1448 2026 1502 teris
2056 1465 2192 1503 vero
2229 1448 2586 1521 supradictis
2630 1447 3130 1520 praeceptionibus
3158 1447 3554 1504 immunitatis

1890 1553 1924 1590 a
1951 1537 2462 1609 contemptoribus
2506 1553 2686 1608 ptena
2730 1536 3020 1605 exigatur.
3056 1538 3124 1591 Ut
3169 1541 3368 1592 autem
3422 1535 3551 1592 haec

1890 1625 2214 1680 altitudinis
2242 1630 2458 1680 nostra:
2491 1625 2866 1680 confirmatio
2916 1641 3019 1679 seu
3062 1623 3383 1696 praeceptio
3431 1640 3552 1679 me-

106 1719 404 1790 pertinere
422 1717 720 1785 videntur,
752 1716 1168 1771 inviolabiliter
1194 1716 1542 1770 auctoritate
1575 1719 1778 1769 nostra
1814 1731 1850 1784 3
1887 1713 2096 1770 liorem
2129 1732 2367 1787 semper
2397 1715 2661 1770 obtineat
2695 1714 3058 1782 ﬁrmitatem,
3109 1729 3294 1769 manu
3345 1717 3550 1770 nostra

105 1822 463 1878 permanere
511 1806 909 1871 decernimus,
963 1811 1018 1860 et
1091 1805 1204 1859 sub
1254 1809 1473 1858 nostrae
1518 1803 1779 1858 tuitionis

104 1897 543 1967 gubernatione
598 1896 961 1967 suscipimus
999 1914 1009 1949 :
1045 1898 1124 1949 ita
1157 1901 1216 1948 ut
1248 1894 1360 1948 sub
1392 1898 1600 1949 nostra
1649 1909 1781 1965 pro-

103 1987 362 2042 tectione
394 1986 566 2040 liceat
591 1986 674 2039 eis
704 1985 901 2056 quiete
933 1985 1144 2052 vivere,
1187 1991 1241 2037 et
1283 1983 1538 2038 vivendo
1581 1983 1778 2054 quies-

103 2093 274 2143 cere;
307 2075 628 2147 nullusque
661 2075 1001 2146 episcopus,
1023 2074 1114 2128 vel
1134 2073 1348 2144 aliquis
1371 2089 1442 2126 ex
1473 2073 1780 2144 episcopa-

100 2165 266 2220 libus
299 2165 584 2220 ministris
616 2164 838 2219 ibidem
869 2162 1097 2234 aliquid
1130 2167 1458 2233 prtesumat
1505 2177 1777 2216 exercere

95 2254 436 2324 judicium:
471 2259 526 2308 et
568 2253 766 2307 nullus
817 2252 1004 2322 judex
1059 2252 1334 2324 publicus
1384 2251 1477 2304 vel
1529 2249 1780 2321 quilibet

101 2349 351 2399 exactor
376 2342 706 2413 judiciarize
742 2345 1067 2413 potestatis,
1102 2341 1191 2395 vel
1219 2341 1432 2412 aliquis
1462 2356 1534 2394 ex
1562 2339 1778 2394 nostris

100 2432 408 2500 ﬁdelibus,
443 2431 535 2486 vel
577 2431 779 2502 aliqua
809 2447 1032 2498 magna
1065 2446 1367 2501 parvaque
1412 2445 1670 2500 persona
1717 2428 1777 2482 in

103 2521 390 2578 omnibus
416 2521 596 2574 rebus
629 2520 821 2575 eidem
855 2520 987 2574 loco
1018 2519 1272 2573 subditis
1304 2519 1380 2574 ad
1415 2534 1633 2573 causas
1667 2534 1774 2572 au-

105 2611 382 2677 diendas,
417 2609 508 2664 vel
539 2609 707 2664 freda
739 2615 842 2664 aut
869 2609 1086 2663 tributa
1116 2609 1433 2677 exigenda,
1468 2612 1570 2662 aut
1599 2623 1774 2662 man-

105 2699 304 2755 siones
329 2699 423 2753 vel
454 2704 698 2771 paratas
732 2698 1056 2764 faciendas,
1109 2702 1212 2752 aut
1240 2697 1625 2766 ﬁdejussores
1675 2696 1775 2750 tol—

104 2787 338 2856 lendos,
369 2793 472 2842 aut
502 2787 776 2841 homines
809 2787 996 2857 ipsius
1029 2785 1533 2853 monasterii,tam
1567 2801 1773 2839 servos

104 2895 290 2949 quam
331 2878 649 2946 ingenuos,
700 2893 878 2947 super
924 2881 1140 2931 terram
1195 2876 1466 2943 ejusdem
1515 2873 1772 2928 coenobii

105 2971 560 3023 commanentes
590 2967 963 3035 distringere,
997 2970 1101 3020 aut
1149 2965 1381 3019 illicitas
1426 2964 1771 3018 occasiones

111 3057 329 3112 nostris
362 3057 454 3111 vel
481 3056 693 3110 futuris
752 3057 1125 3126 temporibus
1155 3055 1454 3125 requirere
1506 3055 1725 3108 audeat
1755 3071 1766 3107 :
1804 3086 1843 3138 Ο

107 3147 209 3200 sed
259 3146 437 3201 liceat
483 3145 797 3199 monachis
852 3144 1077 3215 praefati
1110 3143 1368 3197 crenobii
1406 3159 1499 3196 res
1549 3143 1628 3197 ad
1662 3159 1770 3196 sua

107 3233 406 3306 stipendia
434 3233 797 3304 pertinentes
832 3233 946 3286 sub
982 3249 1098 3287 una
1128 3231 1523 3285 immanitatis
1555 3246 1772 3300 praece-

104 3328 305 3394 ptione
352 3323 556 3396 quieto
604 3321 812 3376 ordine
857 3322 1184 3393 possidere.
1233 3321 1522 3375 .lubemus
1569 3335 1680 3388 ego
1713 3324 1776 3373 ut

103 3429 300 3486 neque
333 3414 446 3486 ipsi
478 3412 763 3468 monachi
793 3412 1311 3480 autnegotiatores
1338 3426 1774 3482 eorum,neque

105 3504 380 3559 homines
407 3503 510 3575 qui
551 3519 657 3575 per
689 3503 884 3574 ipsam
915 3519 1120 3557 casam
1153 3501 1253 3556 Dei
1303 3517 1541 3572 sperare
1573 3500 1773 3554 viden-

107 3597 218 3663 tur,
261 3594 565 3649 teloneum
617 3592 956 3663 persolvere
1006 3598 1298 3659 cogantur
1347 3592 1405 3644 in
1439 3589 1775 3644 civitatibus

108 3683 198 3738 vel
224 3684 392 3750 vicis,
410 3699 515 3737 seu
541 3682 694 3736 villis
721 3687 824 3737 aut
854 3681 1252 3744 mercatis,vel
1265 3679 1325 3734 in
1359 3679 1650 3751 portubus
1674 3683 1776 3733 aut

106 3774 311 3843 portis,
336 3773 488 3827 sicut
516 3772 576 3826 in
603 3775 901 3843 praecepto
930 3770 1342 3840 gloriosissimi
1375 3769 1568 3824 Caroli
1590 3768 1776 3839 impe-

104 3863 316 3918 ratoris
359 3861 716 3916 continetur.
766 3860 1176 3932 Praecipientes
1227 3864 1427 3914 autem
1461 3857 1774 3928 jubemus,

105 3956 159 4005 et
183 3951 467 4021 jubentes
497 3949 950 4018 conﬁrmamus,
993 3954 1057 4004 ut
1096 3948 1242 4004 nulli
1289 3947 1580 4002 abbatum
1623 3947 1775 4017 ejus-

104 4039 242 4098 dem
267 4041 405 4111 loci,
439 4045 544 4096 aut
569 4039 809 4095 cuilibet
839 4040 1003 4096 alteri
1034 4054 1305 4112 personas
1337 4037 1508 4093 liceat
1524 4053 1598 4092 ex
1627 4053 1776 4109 prae-

105 4131 336 4203 scriptis
387 4130 672 4186 omnibus
725 4129 904 4184 rebus
957 4128 1186 4200 aliquid
1238 4127 1298 4182 in
1339 4127 1488 4183 alios
1539 4130 1776 4199 praster-

104 4235 290 4291 quam
321 4219 740 4276 constituimus
791 4236 933 4274 usus
979 4220 1246 4285 redigere
1278 4222 1381 4272 aut
1407 4221 1774 4289 retorquere,

105 4315 206 4365 aut
231 4309 412 4366 alicui
459 4308 810 4364 habendum
843 4307 1131 4372 conferre,
1165 4323 1360 4379 neque
1393 4323 1644 4362 censum
1674 4310 1777 4361 aut

104 4397 398 4454 honorem
429 4403 533 4454 aut
557 4398 720 4453 dona
749 4397 1052 4468 quaelibet,
1085 4397 1177 4451 vel
1208 4401 1413 4468 pastos
1445 4412 1666 4451 canum
1712 4394 1773 4448 in

105 4487 589 4557 possessionibus
635 4486 779 4553 suis,
813 4485 935 4540 sive
965 4501 1283 4556 equorum,
1321 4484 1410 4538 vel
1441 4483 1518 4539 ab
1548 4483 1774 4538 eisdem

107 4577 291 4631 servis
321 4576 420 4631 Dei
451 4579 726 4648 receptus
756 4575 1012 4647 aliquos,
1039 4573 1150 4628 nisi
1173 4573 1246 4628 de
1274 4590 1440 4628 more
1471 4570 1774 4640 religionis

107 4677 214 4733 pro
247 4664 668 4738 hospitalitatis
698 4665 882 4731 bono,
937 4663 1266 4735 quisquam
1299 4662 1598 4717 ullatenus
1630 4676 1779 4732 prae-

107 4759 306 4811 sumat
352 4754 693 4826 requirere:
757 4753 863 4809 sed
901 4751 1201 4826 quidquid
1252 4751 1468 4806 exinde
1498 4750 1625 4805 ﬁeri
1673 4765 1777 4822 po-

108 4844 236 4910 test,
262 4844 437 4914 juxta
463 4843 629 4916 quod
654 4843 1068 4916 praescriptum
1100 4847 1206 4911 est,
1235 4839 1492 4912 regulari
1519 4838 1777 4894 admini-

107 4932 388 4987 stratione
420 4932 633 4988 usibus
664 4938 721 4987 et
751 4932 1099 4987 utilitatibus
1145 4946 1356 4985 eorum
1384 4932 1627 4983 auctore
1657 4930 1776 4982 Deo

107 5022 390 5076 omnibus
420 5021 716 5077 habeatur
735 5020 1125 5093 temporibus.
1161 5022 1388 5073 Interea
1417 5017 1700 5072 volumus
1721 5020 1778 5072 et

107 5111 563 5178 conﬁrmamus,
598 5115 664 5166 ut
689 5109 990 5183 quidquid
1020 5109 1093 5164 de
1124 5108 1344 5163 sae—culo
1373 5107 1433 5162 in
1458 5105 1622 5161 idem
1651 5122 1776 5161 mo-

103 5200 437 5254 nasterium
463 5199 541 5256 ad
558 5199 895 5269 regularem
929 5196 1449 5253 conversationem
1473 5194 1774 5264 agendam

103 5281 342 5343 favente
371 5291 487 5343 Deo
531 5289 837 5343 venientes
868 5305 939 5343 ex
985 5285 1476 5359 possessionibus
1507 5284 1630 5339 suis
1662 5283 1770 5338 ob-

107 5375 345 5433 tulerint
377 5378 501 5432 sive
532 5376 920 5445 contulerint;
957 5376 1047 5430 vel
1075 5375 1173 5431 alii
1205 5374 1551 5447 quicunque
1583 5372 1773 5428 homi-

103 5480 276 5537 num,
306 5467 471 5523 sicuti
505 5483 717 5524 eorum
748 5467 1027 5522 voluntas
1055 5472 1109 5522 et
1141 5465 1376 5521 collatio
1413 5464 1566 5520 facta
1591 5479 1774 5536 appa-

105 5557 305 5626 ruerit,
342 5559 472 5614 sine
501 5558 705 5630 aliqua
734 5557 1151 5613 immutatione
1179 5555 1597 5611 inviolabiliter
1625 5571 1774 5610 sem-

103 5660 210 5715 per
225 5653 563 5720 perseveret
584 5653 763 5720 atque
779 5652 1148 5721 permaneat.
1172 5645 1570 5704 Concedimus
1593 5645 1771 5701 etiam

104 5735 304 5794 eidem
345 5737 797 5811 congregationi
826 5737 1083 5808 eligendi
1115 5737 1413 5794 Abbatem
1451 5734 1562 5792 sibi
1591 5734 1769 5790 licen-

1889 1820 2022 1858 eam
2073 1804 2675 1872 subtcrﬁrmavimus,
2719 1809 2775 1860 et
2817 1803 3023 1860 annuli
3069 1802 3255 1860 nostri
3297 1803 3549 1876 impres-

1890 1893 2053 1948 sione
2086 1893 2329 1963 sigillari
2355 1894 2670 1964 jussimus.

1959 1988 2168 2038 Actum
2196 1983 2587 2038 Antissiodori
2614 1982 2849 2038 civitate
2879 1980 3135 2054 publice.

2671 2107 2760 2160 ιν.

1889 2215 2165 2282 Diploma
2199 2213 2436 2269 Roberti
2457 2215 2611 2281 regis
2634 2213 3011 2267 Francorum
3049 2227 3162 2280 pro
3191 2213 3548 2266 monasterio

2243 2286 2438 2340 sancti
2475 2285 2761 2353 Magloriz
2799 2284 3180 2339 Pam’siensis.

2429 2392 2617 2463 (Circa
2648 2408 2790 2448 ann.
2828 2392 3002 2459 1002).

1887 2503 2058 2571 {Dom
2085 2503 2366 2567 M.\It'l‘t-1.\'E,
2405 2501 2686 2555 Thesaur.
2713 2500 3025 2571 America,
3044 2502 3188 2554 tom.
3215 2503 3257 2571 ι,
3287 2496 3397 2555 col.
3426 2502 3547 2571 l07,

2135 2589 2206 2626 ex
2246 2572 2622 2643 autographo
2661 2570 2893 2642 Majoris
2923 2569 3297 2641 Monasterii].

1959 2697 2352 2754 (jonsistensis
2378 2697 2440 2752 in
2467 2696 2692 2752 unitate
2720 2696 2957 2751 Deitatis
2987 2711 3237 2752 sommze
3254 2695 3550 2752 etincom—

1885 2788 2300 2860 prehensibilis
2329 2786 2621 2842 Trinitatis
2651 2785 2712 2841 in
2739 2786 3005 2856 nomine,
3039 2789 3329 2842 ROBERTUS
3373 2787 3552 2840 Fran-

1886 2895 2113 2940 corum,
2133 2893 2236 2932 rex
2267 2882 2582 2945 angustus,
2616 2875 2970 2948 disponente
2997 2874 3316 2947 praelibataa
3339 2873 3549 2931 divini-

1885 2967 2020 3022 tatis
2050 2967 2383 3033 clementia,
2426 2964 2955 3019 intervenientibus
2996 2964 3217 3033 reginis
3268 2963 3552 3020 Adelaide

1886 3056 2211 3111 venerabili
2252 3055 2343 3109 sui
2394 3054 2697 3122 genitricc,
2736 3071 2875 3108 cum
2923 3053 3300 3109 nobilissima
3343 3069 3553 3122 uxore,

1886 3149 2057 3201 Berta
2083 3145 2347 3210 nomine,
2381 3144 2665 3200 omnibus
2699 3143 3015 3214 cujuslibet
3045 3143 3271 3198 ordinis
3298 3141 3410 3198 sub
3440 3142 3554 3198 im-

1886 3235 2051 3306 perio
2075 3239 2279 3290 nostro
2306 3233 2665 3302 degentibus
2694 3232 2922 3304 liquido
2951 3237 3153 3304 pateat
3181 3231 3480 3288 volumus.

1958 3323 2212 3380 Ubnoxii
2244 3325 2362 3377 Deo
2401 3322 2743 3393 sanctisque
2777 3322 2907 3391 ejus
2938 3320 3086 3377 dum
3117 3321 3395 3389 vivimus,
3427 3337 3555 3377 mo-

1884 3430 2094 3468 vemur
2140 3417 2196 3467 et
2245 3429 2477 3476 sumus,
2531 3411 2770 3483 expedit
2818 3410 2898 3466 ita
2930 3427 3040 3482 pro
3087 3410 3275 3467 nostri
3322 3414 3554 3468 nostro.

1884 3518 2142 3572 rumque
2181 3505 2412 3556 erratus
2443 3499 2747 3554 diluvione
2799 3498 3182 3564 commoveri,
3219 3504 3402 3570 atque
3432 3514 3555 3557 mes

1885 3591 2007 3645 ritis
2035 3595 2377 3645 sanctorum
2417 3587 2754 3658 imprecari,
2783 3603 3005 3658 eosque
3029 3586 3399 3644 incessanter
3418 3603 3556 3646 exo-

1883 3696 2036 3747 rare,
2067 3683 2365 3750 quatenus
2391 3693 2496 3749 per
2527 3678 2797 3747 ipsorum
2838 3675 3324 3730 intercessionem
3356 3676 3553 3731 valea-

1885 3785 2019 3823 mus
2068 3767 2318 3840 pacitice
2370 3766 2560 3820 vivere
2613 3770 2795 3837 atque
2840 3769 2978 3838 post
3030 3770 3255 3820 metam
3301 3765 3552 3836 hujusce

1882 3856 2138 3912 labentis
2167 3855 2280 3911 aevi
2311 3858 2498 3910 Deum
2543 3854 2796 3909 deorum
2826 3853 2887 3908 in
2934 3855 3074 3911 Sion
3107 3859 3380 3910 sanctam
3412 3869 3552 3912 con-

1885 3946 2177 4018 templari.
2239 3948 2613 4016 Quapropter
2670 3959 2940 4013 congrua
2989 3944 3105 4010 via,
3163 3943 3331 4016 quod
3377 3943 3556 4002 nobis

1884 4053 1994 4110 pro
2025 4034 2332 4091 commissi
2378 4034 2581 4090 talenti
2613 4033 2779 4089 lucro
2811 4033 3161 4105 attitulatur,
3210 4037 3559 4106 reputantes

1885 4125 2053 4197 quod
2085 4124 2336 4180 Domino
2381 4123 2782 4195 ﬁdelibusque
2811 4125 2942 4194 ejus
2973 4122 3271 4193 tribuitur,
3309 4122 3558 4182 inviola-

1884 4215 2003 4270 bile
2057 4220 2237 4287 atque
2294 4214 2716 4269 intemeratum
2767 4213 3121 4284 persistere;
3183 4211 3361 4271 simul
3409 4212 3561 4272 moti

1886 4304 2298 4360 misericordia
2336 4319 2675 4375 pauperum
2709 4307 2766 4358 et
2808 4301 3230 4372 efﬂagitatione
3284 4300 3558 4372 supradi-

1888 4399 2120 4450 ctarum
2177 4392 2623 4448 honorabilium
2683 4392 3048 4461 reginarum,
3100 4407 3239 4448 cum
3303 4405 3557 4448 assensu

1885 4483 2214 4554 primatum
2235 4485 2604 4550 nostrorum,
2630 4479 2880 4535 fecimus
2908 4484 3280 4551 praeceptum
3301 4477 3554 4538 ﬁrmita-

1888 4572 1958 4627 tis
1990 4571 2064 4625 de
2118 4569 2298 4624 rebus
2329 4585 2484 4640 quas
2539 4571 2708 4639 pater
2765 4572 2966 4625 noster
3008 4567 3198 4624 beatae
3246 4566 3555 4626 memoria

1888 4661 2059 4728 Hugo
2089 4675 2210 4724 rex,
2245 4673 2478 4730 nosque
2499 4657 2596 4729 pie
2628 4655 2994 4713 contulimus
3016 4656 3331 4714 monachis
3361 4655 3555 4715 famu~

1884 4748 2151 4804 lantibus
2191 4747 2419 4805 Christo
2451 4745 2948 4819 sanctissimeque
2979 4745 3262 4817 Maglorio
3310 4745 3374 4805 in
3401 4745 3552 4804 urbe

1886 4837 2186 4894 Parisiaca
2215 4836 2570 4910 quiescenti;
2603 4835 2707 4892 ubi
2734 4837 2912 4893 etiam
2944 4835 3329 4894 fundavimus
3344 4849 3555 4892 mona-

1887 4931 2134 4986 sterium
2160 4933 2492 5001 praetaxato
2509 4928 2815 5002 praecipuo
2846 4926 3173 4985 confessori
3201 4925 3552 4998 cieterisque

1886 5019 2106 5074 sanctis
2137 5019 2284 5074 inibi
2316 5018 2637 5089 assignatis
2662 5017 2742 5074 ob
2768 5017 3008 5074 illorum
3027 5032 3302 5089 corpora,
3332 5031 3470 5088 quas
3487 5019 3552 5076 ut

1885 5108 2201 5180 peregrina
2243 5107 2706 5180 hospitabantur
2758 5123 2866 5181 per
2920 5105 3176 5163 aliorum
3227 5120 3388 5162 rura.
3449 5107 3553 5167 Est

1883 5202 2085 5254 autem
2128 5198 2294 5269 prius
2323 5201 2478 5253 terra
2505 5197 2566 5252 in
2596 5213 2720 5270 qua
2757 5196 2957 5270 ipsum
2989 5195 3169 5252 situm
3214 5199 3302 5251 est
3339 5210 3550 5257 monita

1883 5287 2147 5355 sterium,
2168 5290 2225 5342 et
2252 5286 2548 5359 praedium
2575 5286 2738 5359 quod
2771 5285 3052 5342 dedimus
3078 5285 3211 5358 ipso
3240 5284 3337 5341 die
3362 5288 3552 5346 παυς.

1881 5375 2118 5431 lationis
2151 5381 2498 5432 sanctorum
2548 5379 2604 5431 et
2651 5374 2865 5430 dicitur
2905 5373 3160 5445 Villaris,
3203 5391 3344 5430 cum
3381 5374 3550 5438 omni

1881 5465 2214 5533 integritate
2240 5481 2375 5537 quae
2408 5465 2485 5520 ad
2515 5465 2715 5537 ipsum
2755 5465 3029 5537 pertinet,
3058 5468 3117 5521 et
3145 5463 3374 5537 capella
3401 5463 3550 5527 inibi

1882 5558 2229 5610 consecrata
2249 5553 2312 5608 in
2339 5554 2632 5609 honorem
2661 5557 2881 5610 sanctas
2899 5553 2999 5610 Dei
3017 5553 3321 5612 Genitricis
3332 5552 3546 5612 Mariis.

1879 5643 2022 5700 Item
2052 5643 2181 5699 aliae
2211 5659 2308 5699 res
2337 5660 2474 5717 quas
2504 5644 2671 5717 prius
2699 5643 2857 5702 datae
2889 5649 3046 5716 sunt,
3077 5643 3239 5701 unde
3267 5643 3430 5718 prior
3457 5645 3549 5702 est

1879 5733 2190 5791 ecclesiola
2209 5733 2271 5790 in
2299 5734 2594 5791 suburbio
2614 5735 2920 5794 Parisiaco
2948 5735 3115 5794 haud
3145 5732 3353 5810 procul
3374 5747 3526 5795 ama
