3892 6376
384 233 479 285 951

1595 229 1892 286 ROBERTI
1932 223 2132 282 REGIS
2171 225 2595 282 FRANCORUM

3774 227 3858 279 952

380 353 580 420 nibus,
613 353 674 408 in
702 353 929 408 honore
963 355 1018 409 S.
1044 351 1299 421 Maglorii
1328 352 1521 408 dicata
1560 369 1694 408 eum
1729 355 1881 406 terra
1911 348 2022 404 sibi
2051 349 2108 420 2A
2139 364 2274 403 cum
2299 349 2551 405 normali
2572 349 2799 405 honore
2830 346 3229 404 custodiendo
3263 349 3512 402 tractet
3543 345 3856 419 simulque

381 442 701 512 adjacenti,
729 443 787 496 in
815 458 936 514 qua
962 442 1230 514 ipsorum
1257 441 1558 513 sepultura
1585 446 1670 496 est
1702 439 2025 495 monacho-

381 547 536 586 rum.
568 531 814 587 Clausus
872 531 1050 586 etiam
1100 529 1286 585 vineae
1336 531 1505 600 juxta
1561 529 1800 586 Saveias
1863 528 2027 595 situs,

380 635 563 690 quem
601 619 764 674 dedit
821 618 974 673 divae
1027 618 1330 672 memoriae
1391 619 1558 687 Hugo
1613 634 1762 673 avus
1810 620 2028 686 noster,

379 707 786 778 aequivocique
816 707 1002 761 nostri
1035 706 1290 762 Rotberti
1331 707 1484 776 regis
1516 707 1690 761 tilius.
1724 706 1864 759 Item
1892 719 2032 775 pars

381 800 545 850 terrae
568 795 739 864 juxta
766 796 1391 867 Montem-martyrum
1419 813 1600 867 quam
1635 812 1834 850 comes
1857 794 2031 849 Fulco

378 885 558 939 dedit.
584 888 806 939 Parvus
839 884 1022 939 etiam
1045 884 1256 939 alodus
1279 902 1458 956 quem
1483 885 1681 939 tribuit
1699 883 2032 938 Willelmus

373 972 546 1042 juxta
590 972 872 1026 eumdem
906 971 1052 1026 situs
1080 973 1548 1044 suprascriptum
1596 976 1883 1026 montem.
1920 974 2033 1024 Nec

378 1076 502 1115 non
553 1065 608 1115 et
663 1060 875 1115 alodus
932 1060 993 1114 in
1046 1060 1326 1115 comitatu
1383 1060 1622 1125 Mellico,
1673 1060 1775 1132 qui
1819 1058 2033 1113 dicitur

383 1150 634 1206 Grandis
662 1153 941 1222 Campus,
975 1154 1031 1204 et
1061 1149 1352 1221 prmdium
1383 1149 1545 1221 quod
1575 1148 1790 1204 dicitur
1815 1147 2028 1203 alodus

380 1240 440 1294 in
473 1238 753 1294 comitatu
778 1239 1157 1294 Parisiacensi
1191 1256 1359 1294 secus
1391 1238 1820 1294 Fontiniacum.
1840 1237 1953 1293 Sed
1977 1241 2033 1292 et

380 1327 641 1383 ecclesiae
670 1329 730 1382 in
762 1327 1127 1383 Pinciacensi
1159 1328 1440 1383 comitatu
1475 1347 1486 1383 :
1519 1328 1715 1401 prima
1743 1327 1802 1382 in
1835 1332 2030 1398 potes-

379 1420 496 1472 tate
541 1415 834 1471 Madriaca
865 1417 924 1470 in
971 1417 1198 1472 honore
1242 1418 1296 1471 S.
1334 1416 1592 1487 Dionysii
1631 1415 1849 1480 dicata,
1894 1429 2032 1468 cum

380 1504 607 1576 capella
634 1505 692 1559 in
721 1505 956 1560 Maroilo
984 1505 1092 1560 sita
1114 1505 1175 1560 in
1200 1507 1253 1560 S.
1275 1505 1494 1561 Martini
1515 1507 1740 1560 honore
1762 1503 2029 1558 fundata.

381 1593 507 1648 Alia
537 1594 596 1648 in
628 1593 915 1648 Vernoilio
941 1593 1190 1648 ecclesia
1233 1596 1287 1649 S.
1325 1595 1623 1665 Stephano
1654 1593 1946 1658 dedicata,
1979 1595 2034 1646 et

380 1683 438 1737 in
480 1683 689 1737 eadem
719 1682 860 1738 villa
891 1683 1121 1756 capella
1153 1683 1208 1738 S.
1243 1682 1461 1737 Hilario
1489 1686 1850 1737 consecrata.
1873 1682 2036 1735 Deni-

381 1788 497 1843 que
528 1776 582 1826 et
612 1772 921 1826 ecclesiola
952 1773 1012 1827 in
1028 1771 1166 1827 villa
1195 1789 1326 1843 quze
1359 1772 1571 1826 dicitur
1602 1771 1787 1825 sancti
1817 1770 2034 1825 Leode-

382 1861 547 1930 garii,
579 1861 639 1914 in
689 1862 859 1931 cujus
892 1867 947 1915 et
977 1861 1218 1916 nomine
1249 1861 1562 1915 benedicta
1593 1865 1843 1915 constat.
1893 1861 2038 1914 Sunt

381 1949 560 2003 etiam
589 1949 783 2003 mansi
811 1965 866 2003 ιιι
897 1965 1048 2021 quos
1071 1950 1257 2003 tenuit
1273 1949 1531 2004 Riculqu
1563 1949 1622 2002 in
1653 1947 1943 2002 beneﬁcio
1966 1963 2034 2000 ex

382 2037 724 2108 supradicta
751 2041 1035 2108 potestate
1061 2037 1314 2093 Madreia
1335 2037 1393 2090 in
1418 2036 1723 2108 episcopio
1747 2035 2037 2089 Parisiaco

383 2129 440 2179 et
459 2124 761 2179 comitatu.
796 2124 1051 2179 Ecclesia
1085 2126 1140 2180 S.
1175 2125 1362 2179 Marize
1404 2124 1630 2179 nomini
1673 2123 2040 2178 sanctificata

384 2216 440 2266 et
476 2211 538 2265 in
568 2211 781 2266 eodem
825 2211 1110 2266 comitatu
1157 2211 1216 2265 in
1266 2215 1554 2283 potestate
1597 2211 1801 2274 Isiaca,
1836 2210 2038 2265 vinea-

384 2316 520 2355 rum
551 2303 729 2370 atque
783 2304 1091 2371 pratorum
1121 2316 1240 2366 xxx,
1275 2315 1480 2372 arpen.
1519 2298 1706 2354 Etiam
1751 2299 1811 2353 in
1839 2302 2041 2354 Venua

385 2405 442 2453 v,
489 2403 693 2460 arpen.
746 2387 948 2442 vineae.
1002 2389 1066 2442 In
1112 2392 1399 2460 potestate
1441 2403 1683 2460 quoque
1737 2387 2037 2442 Cataronis

384 2493 631 2532 mansus
661 2493 676 2530 ι
708 2476 947 2531 arabilis
978 2481 1144 2532 terrae
1194 2493 1330 2531 cum
1344 2477 1646 2532 vinearum
1659 2475 2036 2542 fecunditate;

381 2565 443 2621 in
493 2565 779 2637 praedicto
823 2565 1000 2620 etiam
1050 2565 1334 2620 comitatu
1376 2565 1436 2620 in
1465 2563 1606 2620 villa
1649 2580 1785 2637 quae
1824 2563 2038 2618 dicitur

382 2654 663 2711 Montium
707 2670 955 2709 mansus
995 2671 1011 2707 ι
1055 2654 1296 2709 arabilis
1323 2658 1492 2709 terrae
1542 2670 1682 2708 cum
1727 2653 2037 2708 vinearum

381 2742 667 2797 ubertate.
731 2746 790 2796 tn
834 2742 1046 2797 eodem
1094 2758 1337 2815 quoque
1369 2741 1656 2798 territorio
1701 2757 1884 2813 supra
1931 2740 2037 2794 flu-

378 2825 545 2881 vium
576 2827 834 2895 Vigenne
865 2826 1182 2880 dimidium
1227 2826 1594 2895 maisnilum,
1635 2826 1799 2899 quod
1825 2825 2040 2880 dicitur

381 2915 734 2971 Murcinctus
765 2930 902 2968 cum
933 2919 1243 2986 pratorum
1274 2916 1464 2986 copia.
1502 2917 1541 2969 E
1573 2913 1846 2986 proximo
1893 2928 2040 2985 quo-

383 3018 499 3074 que
518 3001 860 3056 maisnilum
887 3002 1160 3068 alterum,
1183 3003 1348 3073 quod
1368 3003 1581 3057 dicitur
1605 3003 1792 3058 Sienis
1811 3001 2036 3071 Villere,

383 3105 523 3146 cum
554 3089 784 3160 capella
808 3089 952 3144 inibi
976 3090 1035 3144 in
1068 3091 1292 3144 honore
1317 3093 1371 3146 S.
1393 3091 1697 3145 Genovefae
1727 3091 2038 3146 aediﬁcata.

389 3183 456 3234 ln
486 3177 893 3233 Aurelianensi
932 3194 1175 3250 quoque
1204 3179 1483 3234 comitatu
1513 3180 1727 3234 alodus
1759 3179 1858 3251 qui
1901 3179 2040 3234 dici-

385 3271 480 3322 tur
525 3265 861 3322 Cilliniacus
917 3283 1054 3321 cum
1103 3267 1382 3321 omnibus
1435 3267 1546 3322 sibi
1603 3267 2036 3338 adjacentibus.

385 3354 786 3412 Molendinum
829 3371 1071 3428 quoque
1107 3372 1291 3411 unum
1341 3357 1593 3412 Parisius
1624 3356 1683 3411 in
1731 3356 1912 3412 ﬂuvio
1943 3359 2040 3413 Se-

385 3459 619 3516 quanae.
671 3448 812 3499 item
849 3443 909 3498 in
937 3446 1224 3500 comitatu
1264 3445 1673 3501 Aurelianensi
1705 3446 1952 3502 ecclesia
1979 3445 2041 3500 in

384 3531 524 3589 villa
550 3549 684 3605 quae
712 3530 923 3588 dicitur
950 3533 1400 3590 Gimminiacus.

455 3713 588 3765 Hec
617 3710 822 3766 omnia
861 3711 1224 3784 supradicta,
1267 3711 1362 3766 vel
1405 3727 1539 3783 quae
1571 3711 1852 3783 deinceps
1883 3728 1919 3767 a
1948 3727 2043 3766 ca-

386 3796 619 3852 tholicis
674 3797 816 3852 viris
873 3798 1068 3853 eidem
1126 3799 1340 3854 collata
1390 3799 1606 3853 fuerint
1657 3799 1916 3854 ecclesim
1965 3799 2044 3854 ob

390 3898 660 3938 amorem
709 3884 810 3939 Dei
851 3889 908 3940 et
947 3886 1342 3941 reverentiam
1387 3888 1655 3957 ipsorum
1702 3893 2046 3944 sanctorum

391 3970 822 4028 conﬁrmamus
852 3974 1196 4029 auctoritate
1226 3979 1450 4044 nostra,
1483 3981 1776 4046 quatenus
1809 3993 2046 4050 semper

392 4057 507 4113 sub
537 4057 888 4130 plenissima
935 4061 1280 4117 defensione
1331 4067 1386 4118 et
1433 4063 1770 4119 emunitatis
1800 4065 2045 4121 tuitione

394 4146 780 4204 corroborata
807 4154 1222 4220 permaneant,
1249 4150 1332 4206 ita
1356 4151 1626 4208 videlicet
1657 4157 1719 4208 ut
1739 4153 1938 4209 nullus
1968 4153 2046 4208 ab

391 4235 531 4291 hinc
563 4235 641 4291 ad
685 4252 904 4294 causas
953 4238 1298 4307 exigendas,
1349 4244 1452 4296 aut
1493 4240 1658 4296 freda
1709 4242 1803 4296 vel
1829 4242 2048 4298 tributa

393 4324 706 4394 exigenda,
757 4329 860 4382 aut
905 4327 1245 4384 mansiones
1289 4328 1383 4384 vel
1422 4337 1666 4402 paratas
1720 4330 2044 4398 faciendas,

390 4412 486 4468 vel
513 4413 894 4485 ﬁdejussores
942 4416 1260 4487 tollendos,
1311 4423 1414 4474 aut
1459 4420 1735 4474 homines
1775 4420 2046 4490 ejusdem

393 4501 676 4570 ecclesiae,
699 4508 821 4559 tam
850 4503 1144 4575 ingenuos
1164 4523 1349 4579 quam
1378 4524 1600 4577 servos,
1621 4525 1800 4581 super
1832 4513 2047 4564 terram

389 4590 660 4662 ipsorum
683 4599 1132 4651 commanentes
1169 4595 1386 4666 injuste
1423 4597 1888 4668 distringendos,
1939 4613 2048 4653 nec

394 4678 546 4735 ullas
569 4681 992 4739 redhibitiones
1014 4689 1116 4740 aut
1130 4684 1362 4740 illicitas
1379 4686 1729 4742 occasiones
1747 4686 2050 4758 requiren-

395 4767 525 4834 das,
553 4771 772 4826 nostris
803 4775 859 4827 et
887 4771 1100 4828 futuris
1128 4774 1500 4845 temporibus
1541 4774 1770 4844 ingredi
1809 4775 2050 4847 audeat,

393 4856 486 4912 vel
530 4872 601 4914 ea
629 4875 765 4932 qua;
805 4876 988 4932 supra
1031 4867 1363 4918 memorata
1395 4867 1535 4918 sunt
1562 4862 1794 4932 exigere
1825 4879 2049 4935 praesu-

395 4951 540 5003 mat.
575 4948 687 5004 Sed
729 4948 902 5006 liceat
930 4949 1136 5006 abbati
1184 4951 1428 5025 suisque
1486 4953 1929 5008 successoribus
1959 4969 2052 5008 res

398 5037 662 5109 praedicti
701 5041 1045 5096 monasterii
1089 5041 1200 5098 sub
1231 5042 1572 5099 emunitatis
1610 5047 1826 5098 nostrae
1857 5043 2054 5099 defen-

397 5125 628 5181 sionem
657 5127 858 5199 quieto
904 5128 1112 5185 ordine
1140 5131 1448 5204 possidere
1478 5131 1557 5186 ad
1600 5133 1892 5204 stipendia
1921 5150 2051 5188 mo-

395 5213 729 5270 nachorum
741 5215 964 5272 ibidem
980 5218 1098 5274 Deo
1114 5219 1555 5287 famulantium,
1572 5221 2052 5294 perennibusque

397 5298 670 5372 proﬁciat
695 5304 1062 5374 temporibus
1083 5307 1144 5363 in
1169 5309 1532 5378 augmentis.
1561 5309 1843 5366 Volumus
1873 5312 2051 5367 etiam

399 5391 467 5443 ut
493 5388 768 5444 omnium
811 5391 1230 5468 episcoporum
1280 5413 1350 5452 ac
1381 5398 1665 5454 comitum
1711 5405 2052 5457 nostrorum

399 5475 464 5531 in
503 5473 618 5532 hoc
647 5481 964 5538 concordet
1003 5500 1306 5556 assensus,
1341 5491 1400 5542 ut
1428 5487 1587 5544 idem
1618 5488 1782 5544 locus
1815 5506 2053 5562 semper

400 5562 682 5663 abbatem
734 5567 953 5628 habeat
989 5590 1063 5663 ex
1114 5575 1358 5647 propria
1415 5579 1892 5649 congregatione,
1947 5579 2051 5647 qui

399 5661 596 5726 ipsam
641 5672 844 5714 casam
903 5661 1002 5716 Dei
1047 5665 1103 5717 et
1139 5664 1470 5720 monachos
1501 5665 1724 5722 ibidem
1765 5665 2047 5736 degentes

2138 443 2200 493 ut
2229 439 2426 493 nullus
2477 438 2971 512 metropolitanus
3015 441 3118 494 aut
3151 437 3382 509 aliquis
3433 453 3618 491 suus
3671 436 3855 506 subjeo

2135 533 2284 599 ctus,
2317 529 2495 584 etiam
2526 530 2792 601 pontifex
2820 527 3173 598 Parisiacus,
3216 542 3426 582 causa
3454 526 3761 598 alicujus
3787 544 3857 582 or-

2135 616 2455 672 dinatiouis
2484 617 2620 672 illuc
2651 617 2880 686 ingredi
2908 620 3257 688 praesumat,
3289 614 3419 670 nisi
3456 621 3759 673 vocatus
3775 633 3850 671 ve-

2136 705 2287 760 nerit
2315 711 2415 760 aut
2447 706 2523 761 ad
2548 711 2818 761 sanctam
2836 705 3086 760 missam
3117 704 3629 775 celebrandam,
3662 711 3773 760 aut
3796 707 3848 759 ad

2137 794 2417 849 ecclesias
2468 794 2933 859 consecrandas,
2969 799 3071 850 aut
3106 794 3186 850 ad
3215 793 3738 851 benedictiones
3768 795 3848 850 cle

2137 883 2390 938 ricorum
2426 883 2752 952 faciendas,
2786 889 2841 938 et
2869 883 3034 955 quod
3065 882 3341 938 debitum
3381 898 3731 939 excusare
3751 899 3849 938 non

2137 972 2332 1041 debet,
2378 973 2481 1044 qui
2510 978 2759 1028 vocatus
2810 972 3002 1027 fuerit.
3054 975 3121 1026 Et
3163 972 3485 1044 quoniam
3545 974 3849 1046 peregrini

2138 1066 2315 1133 atque
2344 1060 2624 1131 aliegenae
2647 1077 2779 1117 esse
2809 1065 3140 1116 noscuntur
3161 1061 3465 1130 benigne,
3508 1063 3854 1118 misericor-

2137 1149 2286 1203 diter
2316 1167 2384 1204 ac
2415 1149 2510 1222 pie
2533 1149 2706 1204 almis
2723 1154 2780 1205 et
2801 1149 3108 1204 catholicis
3131 1149 3271 1204 viris
3304 1165 3596 1223 semper
3620 1153 3851 1208 tractari

2139 1254 2205 1294 ac
2230 1239 2493 1293 contueri
2516 1238 2774 1294 debeant
2799 1255 2908 1310 pro
2937 1237 3226 1308 Christo,a
3246 1255 3377 1311 quo
3405 1244 3477 1296 et
3501 1256 3640 1297 nos
3669 1242 3850 1297 cuncti

2138 1326 2586 1398 peregrinamur
2634 1327 2693 1382 in
2725 1327 2973 1382 mundo.
3027 1327 3424 1382 Decrevimus
3495 1329 3712 1386 etiam
3767 1346 3850 1402 per

2139 1416 2322 1470 nostri
2353 1416 2763 1471 auctoritatem
2793 1415 3073 1488 prmeepti
3107 1419 3170 1470 ut
3196 1431 3386 1471 nemo
3424 1434 3650 1490 super
3706 1420 3850 1493 ipsos

2141 1519 2341 1558 servos
2363 1504 2461 1559 Dei
2482 1509 2829 1576 potestatem
2853 1509 3145 1571 exerceat,
3161 1510 3266 1560 aut
3281 1507 3695 1579 quempiam
3717 1508 3847 1564 inter

2142 1609 2243 1647 eos
2269 1599 2475 1648 contra
2523 1593 2889 1648 voluntatem
2932 1593 3204 1666 ipsorum
3247 1595 3607 1668 imponere
3663 1603 3846 1654 tentet

2071 1706 2108 1758 Β
2146 1681 2256 1737 Sed
2286 1682 2345 1736 in
2374 1699 2581 1737 eorum
2613 1682 2990 1755 dipositione,
3025 1683 3414 1740 ordinatione
3453 1691 3521 1741 et
3559 1687 3848 1744 electione

2142 1771 2298 1825 intus
2325 1777 2379 1826 et
2410 1771 2548 1826 foris
2566 1772 2769 1827 omnia
2791 1773 3477 1845 consistant,quatenus
3501 1793 3741 1834 servos
3767 1778 3846 1833 Dei

2141 1859 2243 1931 qui
2275 1860 2416 1914 inibi
2452 1864 2568 1915 Deo
2601 1859 2988 1927 famulantur,
3025 1876 3136 1932 pro
3184 1861 3371 1917 nobis
3408 1868 3476 1919 et
3520 1866 3842 1922 stabilitate

2144 1948 2318 2002 totius
2344 1949 2508 2017 regni
2537 1967 2571 2004 a
2603 1953 2719 2004 Deo
2750 1949 2923 2004 nobis
2955 1949 3246 2016 concessi,
3278 1967 3539 2025 proque
3576 1956 3839 2012 remedio

2143 2038 2480 2093 animarum
2514 2055 2720 2093 eorum
2749 2039 2852 2110 qui
2883 2055 2992 2111 pro
3015 2055 3221 2095 amore
3247 2040 3353 2095 Dei
3385 2047 3448 2097 et
3478 2049 3839 2100 sanctorum

2143 2124 2288 2180 inibi
2321 2143 2428 2182 sua
2482 2127 2774 2182 tradidere
2819 2127 3091 2195 donaria,
3149 2144 3366 2184 eorum
3411 2147 3700 2205 quoque
3756 2132 3840 2206 qui

2146 2214 2353 2269 futuris
2387 2215 2752 2288 temporibus
2778 2215 2975 2271 daturi
3006 2220 3147 2272 sunt
3167 2217 3454 2289 praemia,
3484 2219 3715 2278 luceat
3742 2228 3841 2277 tute

2146 2307 2322 2374 atque
2368 2304 2664 2372 condigne
2698 2304 2949 2360 Domino
3002 2321 3210 2377 preces
3241 2305 3540 2376 fundere,
3607 2316 3674 2367 et
3701 2312 3839 2366 hanc

2147 2392 2575 2463 auctoritatem,
2609 2397 2671 2448 ut
2701 2393 2930 2448 firmior
2967 2393 3026 2449 in
3073 2395 3171 2450 Dei
3216 2396 3481 2452 nomine
3517 2397 3838 2465 habeatur,

2146 2480 2421 2535 ﬁdelibus
2475 2497 2715 2554 quoque
2766 2487 2988 2537 sanctae
3043 2483 3142 2538 Dei
3201 2483 3496 2540 Ecclesiae
3535 2493 3603 2543 et
3633 2488 3838 2544 nostris

2147 2569 2485 2639 diligentius
2537 2575 2937 2636 conservetur,
2994 2587 3184 2627 manu
3214 2573 3479 2646 propria
3536 2577 3836 2634 subterﬁr-

2148 2658 2467 2722 mavimus,
2523 2663 2578 2714 et
2630 2659 2835 2714 annuli
2886 2661 3078 2715 nostri
3131 2661 3560 2733 impressione
3629 2666 3836 2738 signari

2143 2763 2455 2818 juss1mus.

2583 2836 2773 2890 Locus
2813 2839 3367 2906 monogrammatis.

2219 2925 2528 2993 Rotgerius
2558 2925 2949 2981 cancellarius
2988 2926 3242 2999 scripsit.

3214 3016 3412 3071 Locus
3440 3019 3684 3090 sigilli.

2944 3122 3008 3175 V.

2148 3221 2390 3277 Roberti
2430 3224 2585 3292 regis
2609 3225 2994 3294 privilegium
3031 3241 3141 3294 pro
3164 3232 3554 3287 monasterio
3587 3232 3832 3288 Fiscamo

2221 3295 2406 3348 nensi.
2454 3325 2523 3333 —
2553 3295 3001 3351 Restitutionem
3033 3299 3482 3355 monachorum
3533 3303 3834 3359 Fz‘scamni

2221 3379 2257 3436 ᾳ
2297 3365 2598 3436 Richardo
2626 3367 2834 3421 comite
2859 3367 3090 3436 factam
3133 3373 3187 3423 et
3231 3369 3616 3430 donationes
3668 3376 3834 3431 eidm

2225 3435 2349 3490 loco
2379 3435 2454 3491 ab
2485 3450 2548 3492 eo
2573 3436 2774 3505 factas
2805 3439 3142 3508 conﬁrmat.

2769 3526 2966 3596 (Anno
3009 3528 3192 3599 1006).

2435 3613 2709 3683 [ΜΑιιιιι.,
2743 3615 2970 3671 Annal.
2998 3617 3220 3674 Bened.
3257 3619 3348 3687 ιν,
3389 3621 3553 3692 185].

2223 3722 2287 3773 In
2315 3718 2558 3774 nomine
2598 3726 2816 3776 sanctae
2865 3726 2921 3776 et
2965 3722 3294 3780 individuis
3323 3725 3676 3799 Trinitatis,
3711 3733 3836 3785 Bor-

2151 3823 2356 3861 BERTL‘S
2385 3807 2586 3862 divina
2625 3807 2855 3864 favente
2877 3810 3192 3867 clementia
3219 3828 3345 3868 rex.

2221 3895 2515 3958 Quoniam
2548 3895 2700 3952 inter
2751 3913 3073 3954 numerum
3119 3899 3363 3956 illorum
3397 3913 3836 3978 computamur

2151 3982 2253 4055 qui
2279 3982 2462 4053 regali
2493 3989 2806 4040 censentur
2827 3987 3094 4056 nomine,
3127 3987 3175 4042 si
3207 3987 3270 4043 in
3316 3992 3634 4050 omnibus
3667 3996 3837 4066 hujus

2151 4071 2411 4128 nominis
2459 4071 2724 4129 oﬂlcium
2779 4074 2988 4131 devote
3047 4079 3398 4150 nequimus,
3474 4082 3840 4158 adimplere,

2152 4161 2333 4216 nimis
2386 4161 2640 4234 impium
2686 4167 2774 4218 est
2821 4164 3025 4220 omnia
3064 4165 3457 4224 inefﬁcaciter
3511 4176 3840 4244 praeterire.

2155 4250 2318 4306 Unde
2363 4251 2816 4322 Fiscamnensis,
2871 4270 3060 4325 quam
3109 4257 3403 4313 orationis
3445 4263 3668 4329 gratia
3719 4264 3844 4319 visi-

2155 4339 2435 4406 tavimus,
2462 4341 2688 4410 justam
2733 4341 2994 4398 ecclesim
3044 4359 3316 4412 causam,
3371 4363 3509 4419 qua
3563 4351 3844 4426 interpel-

2079 4399 2120 4451 θ
2152 4428 2370 4500 lamur,
2403 4433 2459 4485 et
2500 4429 2758 4498 benigne
2801 4432 3165 4504 suscipimus
3208 4439 3266 4489 et
3297 4399 3632 4505 gratanter
3663 4399 3846 4499 adlim-

2155 4517 2412 4590 plemus.
2465 4521 2682 4574 Notum
2726 4518 2799 4575 sit
2834 4519 3014 4590 igitur
3061 4524 3472 4594 praesentibus
3529 4535 3596 4584 et
3638 4531 3845 4588 futuris

2154 4607 2318 4679 quod
2364 4607 2463 4679 pia
2494 4624 2704 4663 sumus
2735 4609 3016 4680 petitione
3047 4611 3423 4670 dilectissimi
3459 4618 3685 4677 fidelis
3727 4639 3849 4678 nos-

2155 4696 2226 4751 tri
2253 4696 2528 4752 Richardi
2558 4697 2792 4753 comitis
2815 4700 3062 4768 exorati,
3092 4707 3157 4757 ut
3184 4718 3280 4758 res
3309 4720 3474 4776 quas
3509 4709 3670 4767 huic
3704 4713 3849 4768 loco.

2155 4784 2216 4840 in
2277 4784 2504 4840 honore
2556 4785 2881 4843 individuus
2940 4793 3162 4845 sancta
3211 4791 3520 4851 Trinitatis
3580 4802 3852 4857 consub-

2157 4873 2444 4930 stantialis
2475 4875 2680 4944 Patris,
2726 4881 2782 4932 et
2815 4877 2954 4944 Filii,
2987 4883 3045 4934 et
3088 4880 3339 4952 Spiritus
3394 4889 3604 4942 sancti
3645 4906 3850 4946 conse-

2158 4967 2340 5029 erato,
2373 4962 2630 5033 tradidit,
2675 4967 2732 5019 et
2759 4981 2866 5037 per
2901 4967 3118 5023 chartae
3160 4973 3614 5032 testamentum
3649 4978 3850 5035 ﬁrmzi-

2157 5052 2258 5120 vit,
2307 5067 2417 5106 nos
2447 5067 2689 5124 quoque
2742 5060 2944 5110 nostro
2984 5063 3286 5130 praecepto
3336 5063 3847 5124 corroboramus.

2160 5141 2339 5212 Cujus
2381 5157 2585 5212 preces
2633 5141 3057 5199 delectabiliter
3095 5147 3334 5202 auditas
3391 5150 3557 5208 sicut
3619 5157 3849 5229 justum

2159 5234 2264 5295 est,
2298 5229 2672 5302 suscepimus
2702 5235 2824 5286 tam
2865 5231 3114 5288 libenter
3152 5234 3530 5308 implendas,
3567 5244 3671 5301 Pii
3700 5247 3852 5302 enim

2159 5317 2371 5390 prioris
2436 5317 2711 5374 Richardi
2771 5319 3018 5376 intentio
3086 5323 3164 5378 ad
3224 5325 3340 5380 hoc
3398 5327 3578 5386 hunc
3655 5335 3854 5392 locum

2160 5406 2508 5475 construxit,
2564 5410 2629 5462 ut
2657 5409 3096 5467 monachorum
3126 5413 3276 5468 ordo
3334 5415 3421 5471 ibi
3481 5420 3615 5476 sub
3651 5425 3855 5496 regula

2160 5491 2348 5548 sancti
2390 5493 2678 5550 Benedicti
2729 5496 2973 5562 viveret,
3023 5504 3081 5554 et
3141 5502 3241 5556 Dei
3299 5502 3610 5565 laudibus
3671 5491 3854 5568 in'ser-

2159 5580 2323 5636 viret.
2359 5582 2529 5645 Quod
2575 5583 2936 5641 desiderium
2987 5589 3277 5659 quoniam
3331 5600 3536 5651 morte
3589 5599 3853 5658 interve-

2162 5668 2359 5726 niente
2389 5669 2714 5744 adimplere
2740 5689 2862 5731 non
2890 5676 3102 5746 potuit,
3126 5677 3296 5748 prius
3310 5678 3479 5738 ﬁlius
3502 5685 3854 5747 Richardus
