3892 6384
63 234 176 287 953
1593 230 2012 287 DIPLOMATA.
3406 238 3511 292 954

10 380 17 420 ι
63 353 418 425 aequivocus
445 354 695 421 implere
725 355 1108 429 procuravit;
1158 360 1214 412 et
1271 356 1475 412 divina
1532 353 1733 427 provi-
1767 356 1815 408 Α
1846 352 1991 409 locis
2023 354 2143 407 Deo
2173 351 2385 408 dicatis
2424 352 2669 409 uberius
2728 352 3168 423 famulandum,
3223 356 3512 415 auxilium

10 488 11 505 ς
62 444 275 498 dentia
328 448 631 516 repertum
662 446 957 501 domuum
1004 446 1287 502 abbatem
1335 446 1733 515 Guillelmum,
1847 444 2230 516 porrigimus,
2264 444 2323 498 id
2350 444 2525 498 nobis
2550 444 2757 517 procul
2789 444 3065 503 dubio.ct
3092 445 3171 500 ad
3193 445 3512 503 instantem

10 566 15 593 γ
63 533 253 603 hujus
283 534 625 589 monasticis
657 534 978 604 religionis,
1008 552 1143 607 quae
1175 536 1254 590 ibi
1288 536 1567 604 cernitur,
1593 551 1740 606 prie-
1846 533 2029 587 vitam
2064 533 2470 605 temporaliter
2500 533 2969 602 transigendam,
3024 539 3079 588 et
3126 535 3206 589 ad
3251 535 3514 593 futuram

10 654 15 692 ε
66 622 207 677 fecit
234 622 590 691 magistrum
644 627 699 678 et
725 629 1033 680 rectorem.
1097 625 1217 681 Sub
1266 641 1389 698 quo
1440 629 1738 679 crescente
1846 622 2091 677 feliciter
2122 622 2512 677 obtinendam
2540 622 2919 677 commodius
2972 639 3287 696 provenire
3338 626 3521 682 conti.

10 776 13 783 γ
66 711 513 766 monachorum
541 713 925 781 numero,hic
950 730 1153 768 comes
1184 714 1513 770 Richardus
1536 714 1741 784 junior
1847 710 2069 765 dimus.
2102 711 2516 781 Percognitum
2547 710 2671 766 fore
2700 710 2878 781 igitur
2926 711 3293 767 omnimodis
3352 715 3517 788 cupi-

10 836 14 873 ι
67 800 402 872 temporale
452 800 679 856 bonum
731 816 949 870 augere
1008 802 1252 858 studuit.
1328 808 1390 858 In
1457 803 1740 857 comitatu
1847 816 1982 854 mus
2012 801 2295 855 omnibus
2328 800 2537 856 Christi
2573 801 2910 872 nostrisque
2938 800 3518 874 ﬁdelibus,praesen-

10 928 13 961 ,
69 888 382 958 Calciensi,
416 888 473 943 in
506 888 637 961 ipsa
668 890 803 946 villa
834 891 1166 956 Fiscamno,
1222 891 1454 946 tertiam
1508 896 1737 962 partem
1850 889 2006 942 tibus
2040 888 2260 943 scilicet
2292 895 2472 961 atque
2505 889 2734 959 futuris,
2768 890 3059 961 quoniam
3105 891 3249 946 adiit
3295 893 3515 948 sereni-

10 1020 11 1033 χ
66 978 406 1049 hospitum,
436 995 589 1050 quos
621 979 866 1034 colonos
898 985 1131 1035 vocant.
1179 980 1349 1036 Silvae
1382 997 1567 1036 unam
1602 996 1738 1052 par-

74 1072 219 1135 tem,
249 1083 285 1123 a
313 1067 555 1140 publica
582 1073 764 1125 strata
797 1085 984 1141 usque
1012 1070 1087 1124 ad
1122 1086 1285 1125 mare
1312 1071 1697 1125 terminatam
1722 1086 1734 1123 :

73 1156 171 1211 cui
202 1156 382 1211 etiam
432 1156 594 1213 dedit
650 1158 708 1212 in
760 1159 1224 1228 Rothomagensi
1283 1158 1514 1214 civitate
1562 1158 1741 1214 cccle-

73 1245 229 1301 siam
262 1246 458 1300 Sancti
484 1247 712 1301 Paterni
744 1264 880 1302 cum
915 1263 1035 1302 uno
1068 1263 1301 1314 manso,
1357 1248 1457 1303 ubi
1492 1249 1601 1303 sita
1631 1252 1736 1315 est,

69 1340 187 1390 etc.
223 1335 358 1389 Haec
389 1340 444 1390 et
471 1335 675 1391 omnia
703 1353 838 1409 quae
868 1336 1009 1392 data
1034 1342 1171 1392 sunt
1214 1338 1291 1393 ab
1340 1338 1470 1411 ipso
1502 1338 1737 1403 comite,

68 1423 168 1479 vel
196 1440 233 1480 a
258 1428 426 1496 patre
450 1424 625 1495 illius,
657 1426 751 1480 vel
780 1430 983 1482 nostra
1012 1426 1321 1496 largitione
1346 1428 1560 1483 collata
1580 1431 1737 1493 sunt,

70 1513 172 1568 vel
202 1530 237 1568 a
269 1530 632 1586 quocunque
657 1514 817 1569 ﬁdeli
848 1516 984 1571 huic
1016 1515 1147 1571 loco
1198 1516 1481 1588 deinceps
1527 1516 1742 1571 fuerint

70 1601 463 1671 conferenda,
496 1602 821 1669 sancimus,
851 1604 1336 1667 corroborainus,
1372 1610 1479 1660 etc.
1540 1609 1599 1658 ln
1632 1604 1739 1658 ab-

1846 984 2028 1033 tatem
2060 978 2336 1033 culminis
2369 979 2555 1034 nostri
2588 982 2841 1034 Herveus
2872 979 3047 1034 levita
3078 985 3133 1034 et
3159 980 3515 1037 archiclavis

1847 1066 2005 1121 beati
2061 1067 2306 1134 Martini,
2360 1067 2659 1123 humiliter
2714 1068 3012 1137 ﬂagitans,
3064 1076 3118 1124 et
3180 1069 3512 1140 ﬂagitando

1849 1172 2088 1211 summa
2136 1173 2308 1228 prece
2359 1158 2712 1229 deposcens,
2777 1158 2855 1213 uti
2910 1160 3259 1233 auctoritate
3292 1165 3514 1215 nostra:

1849 1244 2260 1317 praeceptionis
2288 1245 2658 1300 ediceremus
2690 1252 3058 1318 praeceptum
3108 1246 3219 1301 sibi
3276 1246 3402 1302 ﬁeri
3440 1248 3515 1302 de

1849 1333 2095 1389 ecclesia
2128 1336 2318 1389 Beataa
2350 1334 2548 1389 Mariae
2576 1334 2962 1403 Bellimontis,
2987 1350 3109 1389 non
3143 1335 3319 1404 longe
3350 1337 3517 1392 sitaa

1848 1428 2045 1477 castro
2074 1424 2253 1478 Patris
2286 1423 2508 1479 Martini
2571 1441 2705 1478 cum
2739 1424 3021 1479 omnibus
3061 1424 3241 1478 rebus
3272 1424 3349 1479 ad
3380 1441 3517 1481 eam

1850 1513 2306 1585 pertinentibus,
2339 1512 2609 1568 videlicet
2641 1513 2844 1577 vineis,
2879 1514 3086 1585 pratis,
3143 1530 3253 1586 pro
3294 1515 3516 1586 quibus

1850 1602 2094 1657 dederat
2124 1602 2286 1657 fideli
2318 1620 2427 1657 suo
2460 1603 2668 1657 Ebloni
2701 1609 2917 1658 terram
2950 1603 3008 1658 in
3037 1604 3515 1676 concamio,quaa

65 1691 233 1748 batis
259 1695 459 1747 autem
483 1691 784 1757 electione,
819 1693 1215 1763 ordinatione,
1260 1694 1384 1749 sive
1430 1710 1743 1749 consecra-
1783 1712 1822 1765 Β
1853 1709 1973 1747 non
2006 1693 2252 1747 minoris
2283 1692 2450 1764 pretii
2483 1693 2557 1747 ad
2612 1692 2987 1747 reddendum
3034 1693 3260 1748 fructus
3308 1693 3516 1748 existe-

72 1782 263 1851 tione,
296 1781 395 1837 illa
421 1783 584 1854 apud
616 1783 758 1838 istos
812 1784 1184 1839 consuetudo
1248 1789 1555 1856 sequatur,
1606 1801 1741 1856 quae

67 1873 369 1927 hactenus
424 1871 485 1926 in
541 1871 822 1927 Cluniaco
875 1873 1291 1928 coenobiorum
1351 1879 1587 1929 servata
1655 1878 1745 1929 est

67 1961 497 2027 illustrissimo,
536 1962 691 2017 unde
725 1961 857 2017 fons
890 1968 1111 2018 sanctae
1146 1963 1492 2019 monasticae
1516 1963 1744 2034 religio-

70 2052 173 2109 nis
205 2068 311 2124 per
342 2052 532 2107 multa
557 2053 686 2123 jam
717 2052 893 2121 longe
944 2053 1179 2126 lateque
1236 2054 1540 2109 derivatus
1592 2054 1741 2120 loca,

75 2141 161 2198 ad
191 2140 350 2195 hunc
381 2157 569 2213 usque
602 2142 721 2196 Deo
745 2141 1027 2214 proﬂuxit
1050 2143 1326 2215 propitio.
1353 2143 1501 2198 Nihil
1521 2143 1745 2215 quippe

73 2234 301 2288 horum
330 2230 549 2303 quibus
579 2231 725 2286 inibi
759 2231 857 2287 Dei
906 2233 1093 2304 possit
1139 2232 1416 2305 impediri
1468 2233 1743 2302 servitus,

77 2319 418 2393 subreptori
447 2319 842 2393 relinquimus
881 2337 1110 2393 amaro,
1159 2322 1307 2377 dum
1356 2339 1613 2395 quasque
1669 2322 1747 2377 ad

77 2410 509 2468 continendam
539 2410 753 2483 quietis
803 2412 1179 2468 securitatem
1228 2413 1564 2486 cuicunque
1622 2430 1746 2469 mo-

76 2500 341 2559 nasterio
370 2500 586 2555 nostris
618 2516 653 2556 a
681 2501 1223 2572 praedecessoribus
1251 2502 1434 2573 regali
1462 2518 1749 2558 concessa

80 2589 614 2658 suntauctoritate,
658 2606 768 2645 nos
814 2591 875 2645 in
904 2592 1133 2647 honore
1179 2597 1401 2647 sanctas
1452 2592 1745 2647 Trinitatis

80 2678 381 2747 dedicato,
416 2679 509 2733 his
551 2680 781 2736 etiamsi
809 2680 1059 2753 pleniter
1107 2697 1230 2736 non
1280 2686 1565 2737 notantur
1614 2682 1751 2737 scri-

79 2769 223 2845 ptis,
256 2769 394 2824 huic
426 2786 597 2825 sacro
627 2770 1015 2825 libentissime
1059 2771 1383 2826 annuimus
1415 2770 1547 2827 loco
1582 2789 1593 2825 :
1646 2788 1748 2826 cu-

76 2861 183 2931 jus
210 2861 272 2913 ut
300 2862 527 2927 sancta,
560 2875 695 2931 quas
755 2858 835 2912 ibi
894 2858 1126 2913 Domini
1175 2859 1502 2931 opitulante
1560 2860 1750 2930 gratia

83 2948 268 3018 digne
298 2947 482 3002 modo
511 2947 811 3017 religionis
845 2948 1002 3019 viget
1039 2948 1383 3004 observatio
1433 2965 1555 3005 non
1609 2949 1751 3004 deﬁ-

85 3038 225 3105 ciat,
256 3035 362 3092 sed
390 3036 585 3109 magis
607 3053 677 3092 ac
707 3036 901 3106 magis
924 3037 1002 3093 ad
1023 3037 1356 3111 profectum
1379 3042 1502 3094 tam
1530 3044 1751 3094 nostra:
1793 3068 1834 3124 ρ

85 3142 277 3200 quam
306 3126 579 3183 omnium
602 3124 873 3183 ﬁdelium
893 3127 1168 3200 proﬁciat
1194 3128 1570 3197 animarum;
1603 3129 1756 3185 sicut

85 3216 238 3273 nulli
266 3215 482 3285 ordini,
535 3215 827 3288 dignitati,
884 3218 1182 3289 potestati,
1242 3218 1753 3292 haereditarieeque

90 3306 480 3375 successioni,
513 3310 732 3361 nostras
764 3306 1037 3379 quinimo
1059 3308 1359 3380 majestati
1385 3324 1568 3380 super
1594 3308 1754 3363 idem

82 3398 187 3468 jus
218 3395 549 3468 relinquere
576 3395 953 3452 decrevimus
990 3397 1421 3454 dominationis
1454 3399 1565 3457 :ita
1586 3398 1754 3468 nulli,

90 3485 166 3553 si,
195 3485 359 3557 quod
385 3485 543 3541 absit
572 3486 583 3540 l
640 3485 1006 3541 habitatores
1058 3487 1188 3557 ejus
1220 3503 1255 3541 a
1286 3492 1408 3543 tam
1442 3488 1594 3543 bene
1628 3489 1757 3558 jam

87 3578 287 3647 coepto
314 3573 681 3631 rectitudinis
728 3575 1056 3648 aliquando
1114 3576 1484 3631 deviaverint
1540 3593 1760 3649 propo-

90 3665 208 3721 sito
236 3664 297 3720 in
328 3664 650 3738 pristinum
678 3664 823 3719 illud
853 3664 1221 3720 reformandi
1270 3670 1627 3737 potestatem
1659 3666 1760 3720 de-

87 3769 407 3824 negamus,
439 3754 579 3810 huic
608 3753 805 3823 dignte
856 3769 891 3808 a
938 3754 1165 3810 Christo
1222 3754 1563 3809 mercedem
1620 3770 1757 3826 pro-

91 3844 307 3900 mereri
366 3842 470 3917 qui
526 3842 777 3899 voluerit
828 3842 1419 3914 recompensationis.
1467 3846 1531 3898 Et
1562 3850 1627 3899 ut
1656 3860 1760 3898 no-

92 3940 230 3991 stre:
279 3933 537 3991 auctoris
589 3932 1061 3988 conﬁrmationis
1114 3932 1521 3989 inviolabilem
1578 3939 1757 4005 atque

92 4024 520 4080 inconvulsam
592 4021 858 4078 obtineat
940 4021 1321 4087 ﬁrmitatem,
1406 4022 1612 4077 annuli
1690 4039 1759 4077 ac

92 4111 634 4184 monogrammatis
694 4110 878 4167 nostri
927 4109 1099 4181 signo
1151 4110 1316 4167 illam
1384 4111 1761 4167 decrevimus

92 4201 388 4273 insigniri.

171 4294 381 4346 Actum
413 4289 797 4345 Fiscamnum
828 4303 991 4344 anno
1029 4288 1348 4344 Dominicaa
1405 4289 1762 4346 lncarnatio-

94 4378 193 4435 nis
228 4382 382 4441 1006,
409 4377 731 4434 indictione
761 4394 837 4445 iv,
868 4377 964 4432 die
986 4378 1155 4433 tertio
1176 4382 1312 4433 ante
1344 4378 1648 4434 Kalendas
1670 4381 1764 4433 Ju-

94 4466 234 4522 nias
266 4469 307 4521 V
325 4466 472 4522 feria
500 4466 825 4522 Dominicze
853 4466 1222 4521 ascensionis
1263 4466 1485 4537 gaudio
1508 4467 1762 4523 celeber-

94 4554 255 4610 rima
282 4555 524 4611 feliciter
548 4555 646 4627 (6).

886 4667 972 4720 VI.

97 4770 373 4826 Rotberti
401 4771 554 4839 regis
586 4772 876 4842 diploma,
908 4789 1023 4843 quo
1063 4773 1460 4840 conﬁrmatur
1483 4769 1764 4841 fundatio

266 4860 644 4915 Bellimontis
666 4859 1066 4929 part/lenonis
1090 4876 1281 4930 prope
1317 4861 1602 4915 Turonos.

735 4968 928 5039 (Anno
960 4973 1115 5035 1007)
1128 5010 1140 5023 .

104 5074 360 5146 [lii/iniu.
394 5074 623 5130 Annal.
648 5075 899 5145 Bened.,
924 5078 1068 5130 tom.
1097 5076 1181 5144 IV,
1213 5073 1509 5143 Append.,
1536 5088 1593 5144 p.
1620 5072 1766 5141 696].

180 5184 242 5236 ln
273 5180 516 5237 nomine
543 5186 763 5237 sanctae
794 5186 851 5237 et
896 5180 1223 5236 individua:
1275 5179 1566 5236 Trinitatis
1627 5181 1768 5233 Bor-

104 5286 314 5326 nenrus
348 5270 442 5326 Dei
476 5269 887 5326 misericordia
910 5287 1034 5326 rex.

185 5359 242 5414 Si
270 5358 657 5431 petitionibus
715 5376 1027 5415 servorum
1088 5359 1187 5415 Dei
1238 5374 1348 5431 pro
1404 5357 1774 5431 quibuslibet

108 5446 522 5503 ecclesiasticis
546 5447 1007 5503 necessitatibus
1038 5464 1212 5504 aures
1239 5452 1478 5503 nostras
1528 5446 1773 5509 pulsan-

107 5537 263 5593 tium
293 5535 563 5591 assentiri
590 5537 886 5605 videmur,
939 5542 995 5594 et
1038 5538 1112 5594 ad
1166 5537 1380 5593 divinae
1438 5537 1659 5593 militiae
1712 5537 1773 5593 in

185 5716 264 5789 (6)
304 5714 609 5773 Chronica:
629 5720 787 5772 notas
818 5716 1093 5789 apprime
1124 5716 1511 5774 concordant.

1853 1788 1959 1851 ret,
1992 1799 2175 1854 quam
2200 1782 2449 1838 ecclesia
2479 1782 2752 1854 superius
2794 1782 3096 1837 nominata
3128 1801 3140 1850 ;
3202 1787 3381 1854 atque
3440 1783 3516 1839 de

1855 1871 2122 1944 quodam
2155 1871 2393 1938 vi.ario,
2419 1870 2767 1928 Malamora
2798 1876 3166 1944 nuncupato.
3232 1872 3517 1945 Idemque

1855 1960 2170 2032 postulans
2200 1960 2274 2015 de
2300 1965 2463 2015 curte
2497 1960 2821 2028 Soriniaco,
2850 1965 2907 2015 et
2936 1960 3183 2016 ecclesia
3210 1978 3347 2034 quae
3378 1978 3518 2017 con-

1856 2055 1969 2104 stat
2003 2050 2198 2105 Sancti
2256 2049 2404 2105 l’etri
2448 2049 2858 2121 apostolorum
2916 2048 3202 2121 principis
3246 2050 3515 2117 fundata,

1856 2156 1995 2194 cum
2024 2138 2308 2193 omnibus
2340 2139 2415 2193 ad
2449 2155 2583 2193 eam
2622 2138 3075 2211 pertinentibus,
3134 2144 3257 2194 tam
3307 2140 3517 2206 vineis,

1856 2228 2065 2302 pratis,
2100 2227 2281 2293 silvis,
2314 2233 2370 2282 et
2398 2227 2594 2300 aquis,
2655 2227 2971 2289 farinariis,
3028 2228 3195 2282 terris
3252 2228 3423 2283 cultis
3467 2232 3523 2283 et

1857 2318 2090 2373 incultis
2117 2336 2129 2383 ;
2154 2333 2390 2372 necnon
2422 2318 2495 2372 de
2525 2316 2727 2387 viginti
2776 2317 3145 2389 arpennibus
3183 2317 3520 2385 vinearum,

1856 2423 1991 2478 quae
2023 2421 2209 2478 prope
2243 2405 2600 2460 suburbium
2635 2406 2842 2477 oppidi
2885 2405 3115 2479 praefati
3165 2406 3522 2462 confessoris

1859 2494 2066 2551 Christi
2098 2510 2226 2549 esse
2275 2495 2570 2559 videntur,
2622 2494 2745 2549 sitae
2800 2495 2950 2551 inter
2998 2496 3215 2564 Ligeris
3271 2495 3521 2567 Carique

1856 2585 2116 2640 alveum.
2150 2585 2421 2656 Cumque
2472 2600 2611 2638 eum
2666 2584 2979 2654 diligenter
3015 2584 3337 2639 fuissemus
3391 2599 3522 2656 per-

1858 2673 2079 2728 contati
2132 2670 2279 2744 quid
2335 2670 2531 2743 operis
2584 2671 2657 2725 de
2716 2671 3072 2743 supradictis
3129 2671 3309 2726 rebus
3367 2674 3523 2726 esset

1859 2766 2118 2825 acturus,
2144 2759 2339 2814 retulit
2368 2775 2429 2813 se
2452 2758 2670 2814 tristari
2720 2758 3054 2814 admodum
3103 2774 3226 2814 non
3277 2774 3406 2814 esse
3460 2759 3522 2814 in

1858 2866 2018 2922 pago
2048 2848 2338 2905 Turonico
2395 2848 2737 2904 coenobium
2792 2848 2896 2903 ubi
2941 2847 3421 2904 sanctimoniales
3446 2848 3526 2903 fe-

1861 2940 2038 2993 minae
2090 2938 2317 2995 Christo
2348 2943 2595 3011 possent
2624 2955 2749 2992 sure
2804 2938 3135 2994 devotionis
3178 2937 3526 3011 impendere

1863 3026 2149 3097 ofﬁcium,
2202 3027 2351 3082 sicut
2389 3027 2450 3082 in
2507 3027 2806 3099 plerisque
2862 3027 3199 3083 habebatur
3250 3027 3527 3099 partibus

1865 3124 2030 3175 terrae
2063 3137 2074 3185 ;
2108 3123 2164 3173 et
2187 3117 2266 3173 ob
2296 3118 2432 3187 hoc,
2464 3133 2585 3172 non
2610 3121 2854 3190 propter
2884 3117 3069 3187 aliud,
3092 3116 3245 3172 effici
3270 3116 3531 3190 postula-

1863 3215 1951 3265 ret
1983 3208 2293 3281 scriptum,
2327 3224 2397 3263 eo
2426 3211 2629 3263 tamen
2656 3211 2857 3263 tenore
2888 3212 3185 3279 quatenus
3211 3207 3385 3263 annis
3407 3206 3528 3261 sin-

1867 3299 2021 3370 gulis
2052 3298 2113 3353 in
2143 3298 2454 3354 festivitate
2484 3296 2818 3353 autumnali
2844 3296 3138 3368 praelibati
3175 3296 3358 3353 Patris
3389 3299 3531 3352 Mar-

1868 3388 1971 3443 tini
2027 3387 2345 3443 redderent
2390 3392 2863 3459 praememoratae
2907 3385 3391 3441 sanctimoniales
3458 3385 3532 3440 de

1867 3477 2095 3532 cunctis
2153 3492 2336 3548 supra
2387 3474 2644 3529 recitatis
2700 3474 2877 3528 rebus
2937 3474 3140 3543 viginti
3187 3474 3408 3529 solidos
3457 3474 3533 3529 de

1867 3582 2052 3621 censu
2100 3566 2161 3619 in
2219 3568 2569 3619 thesaurum
2601 3562 2679 3618 ad
2725 3564 2860 3617 thus
2905 3562 3027 3616 sive
3060 3562 3259 3616 oleum
3292 3579 3535 3634 compa-

1866 3655 2147 3711 randum.
2183 3653 2394 3707 Adhuc
2420 3656 2778 3716 autem,non
2805 3651 3124 3705 immemor
3156 3651 3266 3718 sui,
3300 3651 3533 3707 addidit

1868 3750 1931 3800 ut
1958 3743 2123 3817 prius
2146 3758 2257 3815 pro
2284 3757 2379 3796 me
2407 3744 2462 3794 et
2494 3739 2938 3795 successoribus
2972 3740 3141 3805 meis,
3176 3740 3392 3795 deinde
3422 3756 3533 3812 pro

1868 3851 1929 3889 se
1953 3838 2132 3905 atque
2160 3831 2337 3887 totius
2372 3828 2853 3900 congregationis
2884 3829 2975 3885 sui
3003 3830 3278 3886 advocati
3308 3830 3535 3886 Martini

1869 3927 2046 3985 statu,
2081 3938 2289 3995 preces
2339 3919 2590 3975 Domino
2639 3919 2953 3975 funderent
3002 3920 3268 3992 quotidie
3306 3920 3531 3975 ibidem

1870 4013 2247 4069 famulaturaa
2280 4011 2556 4082 virgines.
2614 4013 2875 4065 Herveus
2933 4010 3012 4065 ita
3069 4010 3327 4065 ostensis
3384 4010 3534 4082 (sic),

1869 4103 2280 4159 excellentiam
2309 4099 2614 4169 regiminis
2637 4099 2823 4154 nostri
2839 4098 3049 4153 humili
3067 4114 3385 4169 aggressus
3409 4114 3539 4171 pre-

1872 4194 2126 4260 camine,
2158 4190 2556 4264 expostulavit
2584 4194 2649 4244 ut
2670 4188 2940 4243 similiter
2962 4189 3285 4242 assertione
3316 4192 3537 4242 nostrae

1871 4283 2240 4340 auctoritatis
2271 4280 2797 4336 corroboraremus
2828 4294 2899 4332 ea
2930 4294 3065 4349 quae
3095 4276 3187 4331 vel
3222 4276 3350 4348 ipse
3390 4275 3539 4330 foret

1871 4374 2119 4429 daturus
2151 4372 2211 4425 in
2238 4369 2457 4438 futuro,
2492 4367 2585 4421 vel
2616 4366 2744 4421 aliis
2770 4365 3048 4420 ﬁdelibus
3080 4365 3143 4436 [ι.
3179 4365 3275 4419 alii
3302 4362 3532 4434 ﬁdeles]

1873 4462 2085 4517 Christi
2107 4476 2215 4532 pro
2248 4474 2493 4513 suarum
2525 4456 2866 4510 animarum
2898 4454 3326 4526 redemptione.
3354 4452 3537 4522 Cujus

1874 4549 2281 4607 saluberrimae
2313 4545 2581 4619 petitioni
2609 4549 2733 4599 tam
2767 4544 2880 4598 sibi
2905 4559 3092 4615 quam
3141 4541 3341 4597 militis
3390 4557 3540 4613 prte-

1874 4642 2114 4696 fecturae
2142 4638 2236 4709 [[1,
2270 4636 2447 4692 nobis
2480 4634 2847 4707 profuturae],
2893 4648 3004 4705 pro
3049 4632 3265 4687 animae
3318 4635 3537 4686 nostrae

1876 4737 1931 4788 et
1957 4733 2276 4804 parentum
2306 4730 2649 4782 nostrorum
2681 4722 2945 4778 remedio
3006 4737 3319 4777 assensum
3364 4719 3541 4776 nobis

1873 4820 2046 4876 libuit
2074 4817 2360 4891 praebere,
2416 4818 2472 4870 et
2531 4813 2677 4869 serie
2734 4812 3060 4868 litterarum
3117 4826 3300 4882 supra
3335 4809 3542 4865 omnia

1875 4912 2210 4965 memorata
2240 4904 2597 4961 conﬁrmare
2660 4918 2673 4957 :
2728 4902 2843 4957 hoc
2889 4906 2975 4956 est
3003 4899 3321 4957 ecclesiam
3354 4901 3542 4953 Beataa

1877 4998 2077 5054 Maria:
2102 4995 2464 5052 Bellimontis
2492 5008 2629 5047 cum
2661 4990 2945 5046 omnibus
2967 4987 3386 5059 adjacentibus
3406 4985 3539 5054 sibi,

1880 5088 2099 5143 scilicet
2127 5085 2333 5145 vineis,
2366 5082 2570 5156 pratis,
2601 5085 2657 5135 et
2684 5079 2977 5134 vivarium
3001 5078 3355 5133 Malamorta
3386 5091 3541 5131 nun-

1881 5182 2166 5249 cupatum
2218 5174 2296 5229 ad
2352 5170 2830 5243 supradictarum
2862 5169 2964 5223 Dei
3009 5166 3362 5223 ancillarum
3396 5166 3543 5221 edu-

1879 5268 2064 5332 lium;
2089 5263 2404 5321 ecclesiam
2438 5259 2825 5323 Soriniacam,
2860 5274 2998 5312 cum
3042 5255 3295 5311 ecclesia
3341 5260 3398 5310 et
3422 5272 3548 5311 om-

1881 5357 2058 5413 nibus
2114 5350 2527 5424 adjacentibus
2573 5347 2703 5413 sibi,
2765 5347 2826 5401 id
2877 5351 2964 5402 est
3018 5345 3205 5401 vineis
3241 5387 3254 5411 ,
3320 5344 3543 5417 pratis,

1884 5446 2064 5511 silvrs,
2125 5442 2321 5514 aquis,
2374 5439 2690 5504 fariuariis,
2746 5437 2914 5493 terris
2964 5435 3134 5492 cultis
3180 5439 3237 5490 et
3286 5434 3542 5500 incultis,

1884 5540 2062 5608 atque
2110 5548 2249 5587 cum
2304 5528 2585 5585 omnibus
2655 5527 2809 5582 illius
2886 5526 3067 5581 curtis
3136 5523 3365 5579 colonis
3412 5541 3423 5577 :
3469 5519 3547 5576 vi-
