3892 6384
343 322 488 394 ginti
512 337 757 397 quoque
785 340 1086 399 arpennas
1109 325 1418 383 vinearum
1465 325 1615 384 inter
1652 325 1903 396 Ligerim
1929 327 1986 380 et
2017 327 2064 379 Α

344 414 590 482 Carum;
622 417 850 470 curtem
881 431 1120 488 quoque
1152 415 1386 470 Liuram
1437 433 1571 471 cum
1623 415 1883 472 ecclesiis
1931 417 1986 470 et

345 501 626 558 omnibus
657 502 767 558 sibi
796 503 1225 576 pertinentibus
1269 520 1374 576 per
1421 521 1733 561 assensum
1766 503 1987 561 Odonis

345 591 576 648 comitis
601 597 657 649 et
683 592 880 650 fratris
908 593 998 649 sui
1025 593 1314 661 Landrici,
1345 611 1413 650 ex
1469 597 1641 666 cujus
1696 594 1986 651 beneﬁcio

345 696 475 738 esse
500 679 832 749 videbatur,
873 681 1127 738 distante
1157 687 1413 754 quatuor
1431 683 1718 739 milliariis
1739 700 1774 739 a
1795 686 1987 739 castro

345 768 508 842 quod
557 769 772 824 dicitur
825 770 1060 838 Insula;
1119 786 1352 826 necnon
1397 772 1740 838 Quiciacum
1783 773 1986 828 villam

345 873 481 914 cum
511 857 792 913 omnibus
813 858 867 915 ei
896 859 1344 932 pertinentibus,
1375 877 1560 933 quam
1591 861 1750 916 idem
1779 861 1989 934 przefa-

345 951 436 1002 tus
463 947 726 1002 Herveus
755 952 951 1004 tenere
976 948 1304 1004 videbatur.

418 1036 823 1109 Praecipientes
849 1053 990 1107 ergo
1015 1039 1295 1109 jubemus
1325 1044 1380 1096 et
1403 1041 1676 1112 jubendo
1723 1039 1990 1114 praecipi-

347 1143 483 1182 mus
507 1129 573 1182 ut
600 1125 795 1182 nullus
819 1127 1004 1198 judex
1033 1128 1326 1200 publicus,
1383 1134 1486 1186 aut
1523 1130 1770 1202 quilibet
1819 1145 1988 1202 supe-

346 1215 518 1271 rioris
541 1219 644 1272 aut
670 1215 959 1272 inferioris
984 1217 1206 1272 ordinis
1235 1219 1315 1273 rei
1347 1218 1601 1290 publicae
1639 1223 1988 1291 procurator

347 1305 409 1361 in
455 1304 546 1362 his
579 1305 951 1376 praesignatis
1004 1309 1229 1363 Sanctis
1277 1307 1466 1364 Mariae
1499 1308 1781 1364 omnibus
1810 1307 1986 1363 rebus

345 1394 424 1452 ad
454 1410 668 1451 causas
689 1395 1004 1465 judiciario
1034 1413 1199 1452 more
1225 1397 1558 1454 audiendas
1598 1397 1658 1452 in
1711 1395 1988 1453 ecclesias

346 1488 450 1541 aut
477 1483 664 1550 villas,
696 1489 800 1540 aut
822 1485 1052 1558 aliquas
1084 1486 1514 1557 possessiones,
1561 1503 1714 1559 quas
1759 1485 1990 1540 moder-

345 1588 424 1628 no
455 1571 543 1628 vel
570 1573 781 1646 priscis
813 1575 1182 1645 temporibus
1238 1575 1298 1628 in
1346 1575 1806 1648 quibuscunque
1859 1588 1991 1645 pro-

344 1659 552 1716 vinciis
604 1666 707 1718 aut
749 1662 1048 1717 territoriis
1077 1661 1244 1731 regni
1301 1663 1484 1718 nostri
1541 1664 1698 1733 juste
1745 1661 1990 1718 basilica
2024 1673 2064 1725 Β

1530 200 1827 259 ROBERTI
1866 197 2068 256 REGIS
2104 197 2546 254 FRANCORUI.

3746 202 3846 254 956

2163 325 2549 394 Compertum
2577 338 2706 378 esse
2735 320 2873 378 volo
2903 320 3191 378 omnibus
3243 325 3507 378 sanctae
3569 321 3701 378 Dei
3743 325 3844 378 Ec-

2094 411 2286 467 clesiae
2317 411 2614 480 ﬁdelibus,
2649 415 2774 468 tam
2823 410 3034 467 futuris
3089 427 3286 484 quam
3351 411 3839 484 prmsentibus,

2093 501 2382 572 quoniam
2410 499 2860 572 praevalescente
2901 499 3116 556 nostris
3166 501 3614 572 temporibus
3675 502 3840 556 mali-

2094 589 2316 660 gnitate
2338 605 2754 662 perversorum
2779 588 3117 657 hominum,
3149 605 3299 644 cum
3362 590 3704 663 quotidie
3767 591 3836 646 vi-

2095 679 2330 734 deretur
2358 678 2642 735 minorari
2667 682 2854 735 status
2905 694 2974 734 ac
3016 677 3250 750 justitia
3297 684 3573 736 sanctae
3618 682 3838 736 matris

2097 767 2386 838 Ecclesite,
2418 768 2677 823 maxime
2707 767 2785 823 ab
2817 767 2930 823 illis
2958 766 3065 840 qui
3097 767 3398 824 advocati
3435 773 3832 826 sanctorum

2093 857 2362 912 locorum
2393 872 2520 912 esse
2550 857 2836 912 deberent
2865 860 2921 913 et
2947 855 3326 926 defensores,
3363 857 3468 914 illi
3505 874 3547 914 e
3589 864 3837 915 contra-

2094 945 2182 1001 rio
2207 945 2572 1018 praedatores
2599 945 2746 1001 ﬁant
2777 951 2833 1001 et
2862 949 3152 1018 raptores.
3187 945 3306 1002 Pro
3335 963 3489 1018 qua
3525 965 3607 1004 re
3649 965 3836 1022 saepe-

2094 1050 2346 1089 numero
2377 1034 2524 1088 dum
2549 1033 2950 1106 interpellatus
2976 1049 3174 1088 essem
3207 1049 3246 1090 a
3277 1036 3682 1092 venerabili
3738 1038 3833 1093 ab-

2095 1123 2230 1178 bate
2262 1123 2540 1178 Herberto
2573 1123 2830 1178 etenobii
2859 1122 3252 1192 Corbeiensis,
3308 1125 3433 1196 qui
3468 1125 3672 1182 hanc
3710 1143 3833 1199 per-

2094 1212 2300 1268 nitiam
2332 1213 2472 1267 mali
2508 1228 2663 1285 saepe
2693 1212 2993 1284 experitur
3018 1228 3055 1267 a
3083 1211 3359 1269 nefando
3411 1219 3484 1271 et
3533 1217 3832 1287 maligno

2098 1301 2306 1356 Efredo
2340 1317 2450 1356 suo
2481 1301 2659 1356 milite
2686 1307 2742 1356 et
2771 1299 3066 1358 advocato
3094 1302 3447 1372 supradicti
3509 1305 3829 1371 ccenobii,

2095 1391 2198 1463 qui
2225 1390 2551 1463 aliquando
2582 1391 2630 1444 si
2661 1389 2739 1446 ad
2769 1390 3212 1462 expeditionem
3232 1393 3498 1462 regiam
3531 1411 3829 1452 comma

2096 1479 2252 1534 nitus
2285 1478 2554 1546 extiterit,
2587 1484 2862 1552 sumptus
2892 1479 3116 1534 itineris
3166 1479 3260 1536 sui
3291 1481 3379 1537 ab
3425 1483 3830 1540 hominibus

2095 1571 2280 1643 ipsius
2307 1571 2652 1626 monasterii
2680 1569 2925 1642 requirit
2953 1570 3065 1625 sibi
3116 1573 3476 1644 praeparari
3537 1591 3554 1630 :
3619 1581 3739 1632 aut
3783 1577 3825 1632 si

2095 1659 2330 1714 rediens
2359 1677 2430 1714 ex
2460 1661 2660 1732 aliquo
2689 1659 2916 1728 itinere,
2941 1659 2989 1714 si
3017 1675 3141 1714 nox
3170 1675 3316 1716 eum
3359 1667 3823 1736 occupaverit,

349 1750 574 1806 Sanctae
603 1749 791 1806 Mariae
823 1754 996 1815 tenet,
1038 1750 1131 1805 vel
1181 1749 1462 1822 deinceps
1518 1751 1578 1806 in
1631 1751 1763 1820 jure
1802 1749 1988 1822 ipsius
2092 1748 2414 1820 hospitium
2434 1748 2496 1804 in
2525 1748 2768 1804 abbatia
2788 1751 2845 1802 et
2865 1747 3172 1804 servitium
3203 1747 3823 1810 sibidemandatab

345 1837 604 1893 basilicae
633 1837 838 1894 divina
860 1838 1048 1910 pietas
1075 1839 1276 1908 augeri
1299 1839 1566 1908 voluerit,
1586 1840 1814 1910 ingredi
1846 1855 1991 1910 prae-

347 1931 544 1984 sumat
570 1943 583 1995 ;
623 1942 732 1982 nec
761 1925 928 1983 freda
952 1933 1055 1984 aut
1080 1927 1314 1994 tributa,
1347 1933 1450 1984 aut
1479 1929 1845 1992 mansiones,
1887 1932 1992 1982 aut

343 2017 572 2084 parata,
631 2019 736 2070 aut
777 2015 1076 2072 teloneum
1121 2033 1193 2071 ex
1247 2016 1379 2072 ullis
1436 2015 1706 2086 negotiis,
1756 2016 1906 2070 sicut
1929 2014 1987 2068 in

344 2101 675 2172 praeceptis,
706 2108 771 2157 ut
793 2103 1073 2170 diximus,
1100 2105 1426 2160 multorum
1463 2121 1695 2173 regum,
1735 2103 1988 2171 exigere.

346 2191 450 2245 aut
476 2188 856 2259 tidejussores
889 2191 1224 2258 tollere,aut
1243 2192 1516 2247 homines
1545 2197 1666 2247 tam
1695 2193 1988 2260 ingenuos

346 2291 534 2348 quam
566 2291 767 2332 servos
791 2293 968 2350 super
995 2284 1212 2334 terram
1240 2279 1430 2352 ipsius
1477 2279 1735 2334 basilicae
1783 2279 1993 2334 imma-

346 2369 556 2420 nentes
585 2364 950 2438 distringere,
981 2384 1090 2424 nec
1115 2369 1264 2424 ullas
1295 2368 1566 2440 publicas
1591 2369 1873 2424 factiones
1891 2373 1994 2424 aut

347 2452 771 2510 redhibitiones
800 2455 892 2511 vel
930 2454 1158 2513 illicitas
1185 2457 1528 2513 occasiones
1546 2457 1840 2529 requirere
1868 2462 1988 2512 tam

347 2542 694 2598 temerarius
720 2545 956 2601 audeat.
987 2547 1040 2602 si
1069 2548 1208 2620 quis
1240 2553 1442 2602 autem
1493 2547 1552 2602 in
1605 2551 1830 2602 tantam
1860 2563 1993 2618 pro-

345 2646 620 2705 rumpere
649 2649 834 2689 ausus
864 2633 1039 2692 fuerit
1067 2631 1408 2700 audaciam,
1453 2642 1514 2691 ut
1543 2637 1720 2706 hujus
1770 2642 1988 2691 nostrae

344 2721 706 2778 auctoritatis
731 2727 787 2779 et
815 2723 1138 2781 altitudinis
1167 2730 1531 2798 preeceptum
1572 2725 1789 2781 violare
1841 2741 1989 2796 prte-

345 2811 684 2884 sumpserit,
732 2815 1246 2884 quemadmodum
1286 2815 1348 2870 in
1401 2815 1624 2872 caeteris
1677 2831 1887 2882 regum
1935 2819 1992 2870 et

341 2896 770 2970 imperatorum
798 2903 1304 2972 praedecessorum
1361 2908 1419 2958 et
1476 2907 1790 2974 parentum
1835 2918 1992 2957 meo-

341 3002 477 3042 rum
506 2990 1005 3060 praeceptionibus
1035 2993 1384 3058 continetur,
1430 3009 1554 3048 non
1593 2993 1788 3048 solum
1817 2991 1879 3046 in
1909 2992 1991 3046 of—
2033 3053 2038 3062 l

344 3073 578 3131 fensam
607 3076 817 3132 Christi
841 3081 898 3133 et
922 3083 1189 3134 nostram
1213 3079 1547 3150 lapsurum,
1575 3097 1784 3134 verum
1810 3079 1988 3135 etiam

343 3161 742 3218 ducentorum
771 3165 1095 3222 solidorum
1122 3167 1250 3220 auri
1277 3166 1355 3222 ad
1383 3183 1603 3238 purum
1652 3167 1876 3222 excocti
1927 3183 1990 3221 se

343 3250 574 3308 noverit
623 3267 804 3324 pcena
851 3252 1252 3309 multandum.
1307 3258 1371 3310 Et
1421 3260 1486 3310 ut
1531 3255 1712 3326 hujus
1770 3259 1989 3310 nostrae

342 3339 753 3412 praeceptionis
779 3343 1094 3401 auctoritas
1134 3345 1538 3402 inviolabilem
1593 3345 1858 3401 obtineat
1914 3345 1991 3400 ef-

341 3427 582 3497 fectum,
611 3435 668 3486 et
687 3431 766 3486 ab
794 3433 1076 3488 omnibus
1108 3439 1324 3489 sanctae
1356 3435 1458 3490 Dei
1506 3433 1777 3490 Ecclesiae
1806 3433 1991 3489 ﬁdeli-

339 3517 454 3576 bus
483 3524 539 3576 et
566 3522 1006 3578 successoribus
1035 3523 1274 3592 regibus
1303 3527 1518 3580 nostris
1547 3523 1740 3578 verius
1763 3541 1798 3580 a
1816 3524 1988 3579 nobis

341 3605 494 3664 facta
524 3624 656 3666 esse
699 3611 992 3678 credatur,
1035 3617 1093 3668 et
1139 3611 1445 3682 diligentia
1493 3613 1822 3668 inviolabili
1853 3628 1990 3668 con-

341 3704 621 3771 servetur,
652 3717 842 3758 manu
869 3706 1076 3759 nostra
1105 3701 1348 3775 propria
1378 3703 1890 3771 consignavimus,
1933 3707 1991 3758 et

338 3787 546 3844 annuli
597 3790 781 3846 nostri
835 3790 1230 3862 impressione
1281 3791 1503 3860 signari
1543 3791 1858 3862 jussimns.
1911 3791 1990 3848 Si-

341 3887 530 3945 gnum
575 3875 805 3932 domini
861 3879 1126 3946 Hugonis
1196 3879 1648 3950 archiepiscopi.
1741 3879 1990 3949 Signum

340 3965 679 4034 Avesgaudi
717 3965 1012 4038 episcopi,
1060 3983 1316 4038 quorum
1375 3969 1991 4025 excommunicatione

342 4065 407 4105 se
427 4049 674 4118 ligatum
701 4053 886 4120 novit,
931 4054 1036 4126 qui
1092 4055 1205 4110 hoc
1259 4060 1623 4127 praeceptum
1672 4056 1991 4128 infringere

341 4141 806 4214 praesumpserit,
837 4142 954 4198 nisi
979 4143 1094 4199 cito
1117 4143 1474 4216 pmnituerit,
1523 4150 1579 4200 et
1607 4145 1684 4201 ad
1713 4147 1992 4202 emenda-

342 4227 564 4286 tionem
592 4231 832 4286 venerit.
867 4231 993 4288 Odo
1025 4249 1247 4298 comes.
1275 4237 1383 4290 etc.
1419 4233 1767 4304 Odolgerius
1813 4235 1988 4290 deca-

341 4331 476 4386 nus,
507 4319 758 4374 Herveus
783 4320 1484 4392 archiclavis,Walterius
1503 4327 1851 4395 praecentor,
1875 4328 1985 4378 etc.

410 4409 620 4464 Actum
649 4407 896 4465 Bolonia
924 4409 1136 4465 foreste
1179 4411 1388 4482 quinto
1413 4409 1664 4467 Kalend.
1697 4410 1988 4480 Octobris,

343 4507 503 4552 anno
533 4495 612 4554 ab
642 4497 1050 4554 Incarnatione
1077 4497 1310 4554 Domini
1347 4498 1532 4554 nostri
1579 4499 1721 4554 Jesu
1781 4499 1992 4555 Christi

345 4582 501 4652 1007,
526 4583 844 4642 indictione
869 4585 1100 4659 quinta.
1133 4585 1532 4643 Theodoricus
1558 4586 1734 4644 levita
1788 4586 1868 4642 ad
1912 4587 1992 4642 vi-

341 4686 472 4729 cem
502 4675 819 4731 Franconis
846 4675 1066 4731 summi
1093 4675 1430 4732 cancellarii
1485 4674 1830 4745 recognovit
1873 4675 1990 4730 hoc

341 4767 725 4834 praeceptum.
756 4765 877 4833 Ego
906 4766 1164 4821 Herveus
1203 4767 1262 4819 et
1289 4763 1613 4820 confratres
1642 4763 1758 4818 mei
1793 4765 1989 4820 Sancti

341 4849 564 4908 Martini
585 4851 860 4908 canonici
881 4851 943 4908 in
969 4851 1150 4925 pleno
1181 4849 1443 4922 capitulo
1481 4850 1986 4908 conﬁrmavimus.

1109 4942 1222 4996 Vll.

340 5027 618 5096 Diploma
645 5028 888 5084 Roberti
910 5030 1064 5100 regis
1089 5029 1465 5084 Francorum
1509 5043 1624 5096 pro
1656 5028 1994 5100 Gcrbeiensz’

410 5104 784 5170 monasterio.
813 5131 882 5140 —-
909 5099 1200 5170 Reprimz'l
1232 5100 1467 5170 iniquas
1499 5099 1742 5169 El/rcdi
1765 5100 1838 5155 de
1869 5101 1988 5154 En-

413 5117 784 5155 monaszerw.
813 5131 882 5140 --
909 5117 994 5158 ne
1039 5117 1198 5155 rzmu
1232 5117 1467 5170 mtquas
1499 5117 1739 5169 L'Jl/I‘lfal
1765 5117 1838 5155 ae
1869 5117 1988 5154 [9η-

413 5183 538 5230 cra,
569 5169 845 5252 advocati
867 5117 1235 5228 Corfeiensis
1286 5171 1734 5226 consuetudines
1782 5177 1836 5225 et
1887 5185 1990 5239 op-

411 5250 755 5306 pressiones.

2025 4375 2064 4428 D

962 5313 1153 5384 (Anno
1189 5312 1368 5382 1016).

344 5395 431 5466 [1).
463 5397 754 5470 mersus,
787 5401 971 5468 ampl.
1013 5400 1284 5464 Cellach,
1315 5403 1455 5454 tom.
1488 5404 1584 5466 μ’,
1619 5397 1729 5454 col.
1755 5402 1880 5469 379,
1917 5414 1990 5455 ex

960 5470 1374 5540 autographo].

413 5560 480 5612 In
508 5557 750 5612 nomine
794 5559 1013 5614 sanctae
1064 5561 1120 5610 et
1170 5555 1493 5614 individua:
1543 5556 1854 5629 Trinitatis,
1881 5575 1992 5629 ego

342 5644 458 5714 B..,
487 5642 679 5714 gratia
702 5643 807 5700 Dei
841 5659 946 5699 rex
975 5643 1354 5699 Francorum.

2095 1835 2438 1890 hominibus
2467 1836 2615 1890 villae
2641 1852 2675 1892 a
2705 1851 2766 1890 se
2792 1835 3087 1908 hospitate
3113 1835 3462 1894 minitrari
3495 1857 3512 1906 ;
3584 1841 3644 1896 si
3679 1858 3821 1898 vero

2095 1925 2527 1997 qualiscunque
2559 1923 2790 1980 offensa
2816 1924 2970 1980 inter
2999 1925 3276 1980 homines
3323 1942 3469 1982 sum
3540 1929 3819 1988 advoca-

2098 2013 2269 2068 tionis
2293 2014 2590 2084 acciderit,
2617 2013 2910 2084 justitiam
2939 2012 3086 2082 legis
3115 2029 3190 2086 ex
3234 2001 3494 2084 integro
3555 2021 3820 2093 requirit

2096 2101 2337 2156 habere.
2371 2102 2538 2166 Quod
2571 2101 2618 2156 si
2645 2100 2705 2155 in
2735 2104 2930 2156 castro
2963 2117 3074 2155 suo
3107 2101 3402 2158 Encrensi
3435 2104 3712 2179 aliquid
3733 2125 3815 2164 re-

2097 2190 2339 2246 formari
2365 2207 2604 2245 necesse
2634 2189 2826 2256 fuerit,
2861 2189 3140 2245 homines
3191 2195 3548 2250 memorati
3611 2212 3814 2253 caeno-

2097 2279 2179 2334 bii
2209 2279 2284 2334 ad
2316 2279 2460 2334 illud
2488 2293 2640 2349 opus
2669 2278 2752 2333 ire
2783 2277 3104 2350 compellit.
3151 2281 3503 2352 Repertum
3553 2290 3666 2341 est
3720 2286 3816 2354 igi-

2099 2370 2191 2422 tur
2215 2367 2440 2436 judicio
2467 2372 2674 2422 nostro
2707 2370 2764 2422 et
2788 2370 3133 2422 nostrorum
3171 2367 3580 2441 principum,
3646 2375 3815 2446 quia,

2097 2471 2235 2510 cum
2291 2472 2466 2510 suum
2518 2455 2878 2510 beneﬁcium
2937 2472 3010 2510 ex
3062 2454 3311 2512 abbatia
3359 2457 3518 2530 ipsa
3548 2468 3812 2534 propter

2097 2545 2552 2601 advocationem
2598 2545 2834 2611 habeat,
2879 2543 3256 2616 supradictas
3296 2551 3810 2606 consuetudines

2096 2635 2157 2688 in
2189 2635 2386 2707 ipsum
2415 2635 2850 2690 monasterium
2879 2633 3102 2689 habere
3134 2649 3258 2690 non
3311 2635 3586 2704 debeat,
3645 2657 3810 2696 exce-

2097 2729 2198 2796 pto
2230 2724 2274 2778 si
2307 2724 2498 2779 abbas
2527 2723 2716 2795 ipsius
2743 2721 2858 2778 loci
2887 2722 2949 2777 in
2979 2721 3445 2794 expeditionem
3501 2731 3685 2799 regis
3732 2731 3806 2785 ire

2095 2814 2355 2882 deberet,
2389 2819 2444 2868 et
2471 2829 2609 2868 eum
2637 2828 2836 2867 secum
2866 2811 2948 2866 ire
2975 2812 3242 2883 jusserit,
3295 2818 3411 2873 aut
3468 2833 3597 2890 per
3653 2837 3719 2874 se
3750 2819 3806 2874 il~

2096 2901 2220 2956 lum
2251 2918 2388 2956 cum
2419 2900 2542 2954 suis
2573 2899 2857 2955 militibus
2897 2900 2981 2954 ire
3010 2901 3367 2973 praeceperit
3409 2919 3427 2958 :
3487 2909 3648 2962 tunc
3702 2907 3805 2962 sibi

2098 2993 2373 3061 sumptus
2401 3003 2472 3048 ex
2503 2986 2915 3054 advocatione,
2945 3001 3068 3042 non
3111 2991 3312 3044 tamen
3367 2989 3515 3047 sine
3564 2994 3802 3050 ratione

2059 3065 2066 3073 ’
2096 3078 2393 3149 requirere
2421 3077 2626 3144 liceat;
2657 3092 2766 3131 nec
2798 3075 2978 3132 aliam
3003 3074 3153 3144 legis
3169 3076 3492 3147 justitiam
3514 3081 3586 3138 in
3619 3083 3802 3140 abha-

2101 3167 2178 3222 tia
2207 3166 2442 3233 haheat,
2474 3165 2588 3220 nisi
2618 3169 2722 3221 aut
2745 3165 2943 3235 major
2971 3164 3234 3233 abbatis,
3269 3172 3377 3223 aut
3409 3174 3800 3245 praepositus

2098 3255 2304 3328 ipsius,
2335 3255 2426 3310 vel
2451 3254 2705 3326 ipsemet
2734 3254 2927 3310 abbas
2961 3270 3103 3310 cum
3133 3259 3474 3314 mutaverit
3509 3277 3715 3334 super
3747 3278 3798 3316 se

2097 3346 2329 3414 exigere
2357 3345 2648 3414 justitiam
2683 3343 2794 3400 sibi
2825 3359 2947 3399 non
2976 3345 3254 3416 potuerit,
3288 3351 3348 3402 et
3372 3346 3457 3404 de
3487 3349 3643 3423 ipsa
3675 3351 3801 3421 lege

2098 3435 2327 3490 tertiam
2359 3439 2587 3506 partem
2620 3432 2860 3488 habeat.
2895 3436 3009 3488 Nec
3041 3437 3310 3488 castrum
3343 3434 3558 3508 ipsius
3615 3440 3802 3496 advo-

2098 3523 2210 3580 cati
2241 3522 2318 3578 ab
2347 3521 2692 3577 hominibus
2721 3521 2909 3594 ipsius
2966 3521 3206 3578 abbatis
3255 3529 3530 3593 cogatur
3595 3544 3802 3602 neque

2097 3611 2223 3667 ﬁeri
2271 3627 2466 3684 neque
2519 3609 2831 3674 reﬁrmari,
2889 3625 2998 3665 nec
3049 3609 3114 3666 in
3155 3609 3296 3668 villa
3342 3611 3573 3687 aliqua
3607 3617 3801 3690 ipsius

2098 3701 2352 3756 abbatiae
2381 3716 2503 3754 non
2533 3699 2828 3765 comedat,
2860 3698 2978 3755 nisi
3006 3698 3155 3755 forte
3203 3699 3403 3756 abbas
3455 3703 3654 3762 illum
3705 3722 3800 3761 vo—

2099 3789 2338 3858 caverit,
2353 3794 2454 3845 aut
2481 3787 2846 3860 prtepositus
2872 3787 3019 3844 villa:
3048 3803 3159 3860 pro
3191 3805 3304 3846 sua
3333 3791 3614 3851 utilitate
3643 3813 3662 3863 ;
3695 3810 3800 3850 nec

2097 3877 2404 3934 hominem
2433 3875 2620 3948 ipsius
2645 3876 2899 3932 abbatiie
2925 3875 3003 3932 ad
3028 3875 3322 3948 placitum
3380 3895 3587 3938 suum
3637 3900 3798 3940 com-

2098 3966 2278 4040 pellat
2305 3981 2415 4038 pro
2445 3965 2648 4038 aliqua
2677 3965 2989 4021 occasione
3024 3983 3037 4033 ;
3093 3981 3205 4022 nec
3259 3983 3532 4026 causam
3581 3971 3802 4045 despe—

2098 4062 2227 4112 ctus
2259 4055 2335 4112 ab
2363 4055 2495 4128 ipso
2525 4054 2808 4127 requirat.
2838 4055 3003 4110 Hanc
3042 4055 3223 4125 igitur
3253 4059 3668 4119 sanctionem
3699 4079 3800 4118 no-

2098 4149 2282 4198 stram
2313 4159 2384 4199 ac
2423 4143 2760 4216 principum
2806 4147 3174 4212 nostrorum,
3235 4145 3282 4200 si
3333 4146 3474 4218 ipse
3532 4151 3804 4209 Efredus

2098 4237 2200 4288 aut
2249 4247 2622 4288 successores
2675 4231 2865 4304 ipsius
2922 4231 3245 4305 infringere
3289 4242 3804 4314 praesumpserit,

2096 4321 2410 4393 despectus
2441 4320 2628 4376 nostri
2659 4336 2903 4392 pcenam
2933 4325 2991 4377 et
3019 4323 3315 4380 tremendi
3339 4324 3577 4396 judicii
3630 4331 3807 4386 dam—

2096 4410 2399 4464 nationem
2427 4425 2566 4464 cum
2595 4413 2887 4481 perpetua
2915 4412 3568 4473 excommunicatione
3597 4418 3809 4475 incur-

2094 4503 2247 4554 rant.

2165 4589 2308 4641 Acta
2337 4597 2426 4640 est
2451 4585 2577 4640 haec
2604 4585 2942 4642 constitutio
2969 4585 3030 4642 in
3069 4587 3212 4644 villa
3255 4589 3584 4650 vocabulo
3641 4599 3807 4652 Pons

2099 4673 2666 4741 Sanctia-Maxentiae,
2700 4680 2986 4744 regnante
3012 4675 3276 4746 glorioso
3303 4693 3452 4749 rege
3483 4682 3805 4740 Rotberto

2097 4777 2257 4818 anno
2284 4762 2565 4818 vicesimo
2590 4761 2910 4819 indictione
2935 4779 3056 4818 x1v.

2166 4853 2208 4920 -ξ-
2248 4853 2302 4907 S.
2332 4850 2590 4906 Rotberti
2619 4850 2860 4920 gloriosi
2887 4851 3062 4923 regis.

2095 5009 2467 5083 Prmeeptym
2495 5009 2764 5066 Rotberti
2802 5013 2980 5080 regis,
3022 5025 3138 5083 quo
3193 5013 3506 5082 capellam
3578 5021 3811 5078 Sancti

2165 5081 2418 5160 {canitis
2451 5082 2848 5160 evangelista,
2906 5083 2968 5137 in
2999 5081 3241 5160 _}_Edua
3269 5081 3554 5160 ;civitate
3590 5094 3808 5160 sitam,

2166 5153 2718 5231 Ij‘laviaiaceusiaus
2772 5153 3080 5210 monachis
3137 5155 3376 5223 con/Erl
3435 5157 3527 5212 ad
3585 5153 3808 5231 preces

2168 5223 2420 5278 Amadei
2442 5223 2694 5278 abbatis.

2715 5293 2908 5366 (Anno
2941 5295 3120 5366 1018).

2188 5382 2466 5452 [ΜΑΒιιιη
2497 5381 2750 5452 Annal,
2782 5383 3028 5453 Bened.,
3061 5387 3206 5439 tom.
3239 5383 3332 5453 IV,
3364 5401 3515 5459 pag.
3559 5395 3740 5467 257].

2172 5475 2234 5524 In
2262 5469 2502 5524 nomine
2535 5486 2786 5526 summa:
2816 5469 3120 5528 Trinitatis
3149 5477 3208 5526 et
3241 5473 3602 5536 individua;
3677 5484 3810 5540 Uni-

2097 5557 2252 5624 tatis,
2285 5572 2396 5625 ego
2427 5560 2771 5628 Rorssnrus,
2805 5559 2994 5628 gratia
3034 5563 3090 5614 et
3113 5559 3499 5632 benignitate
3553 5573 3812 5629 redem-

2101 5645 2287 5719 ptoris
2311 5647 2449 5700 Jesu
2475 5661 2578 5702 rex
2608 5647 2994 5704 Francorum.
