3968 6388
187 276 285 331 957

1686 279 2102 337 DIPLOMATA.

3512 295 3618 350 958

251 403 465 456 Notum
494 400 623 456 ﬁeri
654 401 931 458 volumus
957 402 1266 459 industriae
1311 404 1585 459 omnium
1619 407 1839 460 sanctae
1870 407 1917 461 Α
1950 403 2041 459 dis
2072 410 2129 463 et
2154 411 2573 482 prospectibus
2602 417 2807 469 nostra
2846 413 3193 471 auctoritate
3249 413 3617 473 stabiliendis

182 490 383 544 matris
418 490 708 554 Ecclesize,
736 496 859 547 tam
892 494 1201 565 praesentis
1245 511 1428 566 quam
1463 494 1672 549 futurae
1705 499 1840 549 reta-

183 579 249 634 tis
281 579 571 649 ﬁdelium,
604 580 771 652 quod
821 582 1071 654 quidam
1104 583 1405 638 Amadeus
1437 583 1627 638 abbas
1652 583 1841 638 Flavi-

180 668 474 723 niacensis
503 669 781 739 coenobii,
815 670 873 724 in
904 671 1131 726 honore
1162 672 1348 727 beatri
1380 673 1525 727 Petri
1547 671 1843 745 apostolo-

180 773 310 813 rum
344 758 649 832 principis,
694 760 957 832 almique
1010 763 1271 832 Prwjecti
1298 764 1577 837 martyris
1599 780 1667 818 ac
1696 780 1845 836 prae-

181 847 317 902 sulis
348 848 599 917 fundati,
656 849 732 905 ad
771 855 1039 906 nostram
1084 852 1461 924 priesentiam
1510 853 1842 923 accesserit,

185 941 390 1009 petens
410 938 743 1009 quamdam
768 939 1059 1011 capellam
1078 941 1267 996 nostri
1279 941 1607 1013 juris,infra
1624 943 1846 999 moenia

180 1027 503 1082 rEduorum
535 1028 784 1083 civitatis
817 1030 1012 1096 sitam,
1039 1035 1092 1085 et
1140 1034 1201 1085 in
1232 1031 1459 1087 honore
1486 1031 1645 1087 beati
1672 1036 1859 1088 Joan-~

179 1116 267 1172 nis
319 1117 695 1186 evangelista:
750 1119 1035 1188 dicatam,
1089 1121 1397 1186 supradito
1441 1121 1595 1192 loco,
1628 1122 1848 1179 scilicet

178 1205 532 1274 Flaviniaco,
593 1206 742 1273 dari,
798 1223 933 1278 quae
984 1208 1267 1264 fratribus
1327 1210 1594 1282 praedicti
1624 1211 1737 1266 loci
1761 1212 1846 1268 ita

176 1297 299 1349 erat
326 1295 685 1365 necessaria,
716 1299 781 1349 ut
831 1296 1176 1368 hospitandi
1224 1314 1405 1355 causa
1450 1299 1534 1353 eis
1566 1304 1722 1356 esset
1750 1317 1846 1356 ex-

174 1383 450 1455 petenda.
487 1384 669 1454 Cujus
715 1384 918 1456 petitio
978 1402 1087 1441 nec
1146 1386 1272 1442 visa
1330 1392 1419 1443 est
1448 1386 1840 1461 refragabilis,

177 1488 283 1526 nec
334 1472 576 1542 injusta.
615 1473 673 1529 Si
704 1473 863 1529 enim
919 1474 1203 1530 omnibus
1244 1475 1696 1532 rationabilibus
1757 1485 1846 1536 est

176 1561 501 1616 favendum
534 1562 938 1633 petitionibus,
967 1570 1195 1636 quanto
1218 1566 1411 1635 magis
1431 1566 1669 1622 illorum
1689 1585 1840 1640 quo-

169 1668 300 1706 rum
333 1652 737 1708 remuneratio
764 1653 823 1707 in
855 1652 950 1709 die
973 1654 1213 1724 justitize
1243 1660 1479 1711 constat
1501 1657 1842 1729 copiosior?

177 1740 336 1796 Unde
368 1741 657 1812 quoniam
688 1742 825 1797 huic
860 1742 1053 1798 simile
1111 1744 1414 1800 multoties
1446 1746 1523 1801 ab
1580 1752 1838 1803 anteces-

174 1829 411 1885 soribus
441 1831 659 1885 nostris
688 1831 1128 1903 frequentatum
1159 1835 1503 1890 audivimus
1534 1842 1587 1892 et
1612 1837 1839 1894 factita-

170 1923 316 1986 tum,
345 1918 597 1973 libenter
624 1920 925 1991 petitionis
955 1921 1111 1975 iIIius
1144 1922 1515 1993 praebuimus
1540 1926 1839 1991 effectum,

170 2012 468 2080 quatenus
525 2008 693 2064 locus
751 2026 909 2081 szepe
943 2016 1313 2078 nominatus,
1358 2012 1735 2069 Flaviniacus
1765 2012 1842 2067 vi-

172 2097 401 2162 delicet,
436 2102 492 2152 et
518 2100 803 2153 monachi
837 2099 917 2153 ibi
946 2101 1252 2169 degentes,
1313 2106 1491 2173 atque
1524 2103 1670 2158 inibi
1700 2102 1841 2157 divi-

172 2203 261 2242 nae
288 2187 583 2257 majestati
615 2187 995 2255 famulantes,
1030 2207 1101 2262 pr
1122 2196 1424 2245 etaxatam
1452 2192 1746 2264 capellam
1779 2192 1835 2247 in

170 2276 397 2331 honore
457 2276 647 2331 sancti
693 2278 938 2333 Joannis
980 2280 1387 2347 evangelistae,
1445 2284 1509 2335 ut
1553 2279 1835 2348 diximus,

172 2370 605 2432 consecratam,
660 2383 797 2420 cum
844 2367 1127 2421 omnibus
1172 2385 1304 2439 quae
1336 2369 1412 2423 ad
1442 2369 1637 2441 ipsam
1658 2374 1836 2441 perti-

172 2470 307 2510 nere
363 2454 662 2522 videntur,
717 2456 1161 2527 perpetualiter,
1217 2457 1383 2512 nullo
1444 2458 1832 2529 inquietante,

168 2543 449 2616 deinceps
476 2543 871 2616 possiderent.
925 2547 992 2600 Et
1041 2551 1104 2601 ut
1134 2546 1464 2602 ﬁrmiorem
1495 2546 1717 2603 amodo
1762 2552 1836 2601 te-

168 2634 348 2689 nendi
378 2634 667 2690 haberent
698 2635 1203 2706 astipulationem,
1235 2637 1349 2691 hoc
1381 2638 1665 2709 scriptum
1695 2636 1835 2692 inde

167 2723 248 2778 eis
274 2722 399 2777 tieri
425 2723 740 2794 jussimus,
777 2729 832 2778 et
862 2724 1035 2793 sigilli
1065 2726 1251 2780 nostri
1272 2725 1664 2800 impressione
1694 2726 1834 2781 insi-

168 2812 319 2883 gniri
348 2813 769 2886 praecepimus.

233 2906 445 2957 Actum
478 2902 676 2957 .Eduae
692 2919 853 2959 anno
878 2904 1197 2959 Dominicz‘e
1220 2905 1651 2960 Incarnationis
1675 2906 1829 2973 1018,

165 2992 489 3048 indictione
530 2992 747 3064 prima,
800 2993 966 3063 regni
1019 3010 1160 3049 vero
1206 2994 1617 3063 gloriosissimi
1674 2995 1830 3063 regis

167 3079 424 3134 Rotberti
454 3096 595 3147 xxx,
629 3096 685 3134 ιιι
717 3079 971 3135 Kalend.
1029 3081 1281 3136 Martias.
1316 3085 1464 3152 “Ego
1494 3082 1553 3137 in
1590 3083 1831 3137 nomine

166 3169 375 3223 Christi
428 3168 693 3223 Galterus
752 3170 1049 3225 cathedrze
1105 3172 1643 3238 Augustidunensis
1668 3170 1833 3226 urbis

163 3257 483 3329 episcopus
525 3257 777 3325 assensi,
818 3263 875 3313 et
903 3258 1148 3330 propria
1205 3275 1392 3324 manu
1431 3260 1685 3315 ﬁrmavi.
1747 3261 1832 3316 Si-

163 3361 352 3415 gnum
384 3346 650 3415 Hugonis
700 3345 969 3419 episcopi
996 3350 1092 3418 (7).
1151 3350 1270 3417 Ego
1304 3347 1362 3403 in
1396 3349 1640 3404 nomine
1687 3348 1832 3417 ligni

163 3434 364 3491 Crucis
396 3434 721 3490 Balduinus
754 3440 972 3490 sanctae
1008 3436 1167 3491 sedis
1215 3438 1611 3492 Tarvanensis
1642 3438 1831 3492 antis-

163 3528 249 3577 tes
277 3524 612 3596 astipulavi.
653 3528 771 3594 Ego
802 3525 1199 3580 Theodericus
1224 3526 1668 3581 Aurelianensis
1692 3526 1832 3580 civi—

163 3613 296 3668 tatis
327 3614 643 3686 epiSCOpus
698 3629 887 3669 manu
944 3614 1187 3686 prOpria
1243 3615 1648 3670 corroboravi.
1712 3619 1833 3683 Ego

161 3704 478 3759 Rotbertus
508 3706 631 3758 dux
681 3703 1181 3773 Burgundionum
1217 3704 1284 3773 (8)
1344 3704 1589 3775 propria
1647 3720 1833 3758 manu

159 3791 411 3848 firmavi.

841 3863 958 3915 VIII
991 3861 1145 3931 (bis).

164 3952 538 4018 Praeceptum
569 3950 810 4005 Bobertz‘
849 3951 1005 4020 regis
1037 3951 1412 4005 Francorum
1464 3951 1536 4005 (le
1566 3956 1832 4004 constru-

232 4023 342 4076 Αἱε
390 4023 653 4076 castellis
697 4022 1163 4077 Monte-Basone
1200 4027 1380 4091 atque
1417 4022 1752 4091 Marebello,
1777 4027 1833 4076 et

234 4108 308 4148 ne
337 4095 475 4147 inde
499 4094 749 4163 aliquod
796 4095 1107 4161 inferatur
1155 4094 1592 4148 incommodum
1630 4109 1835 4149 mona—

234 4165 360 4221 chis
394 4166 1001 4220 Cormeriacensibus.

796 4256 990 4324 (Anno
1026 4252 1203 4324 IOI8.)

158 4343 336 4413 [Dom
384 4344 665 4407 Maurexe;
724 4342 892 4397 Thes.
951 4342 1274 4397 Aneedoct.
1310 4346 1452 4396 tom.
1486 4342 1528 4411 Ι,
1563 4341 1675 4397 col.
1710 4342 1828 4409 137,

342 4429 413 4467 ex
444 4413 698 4468 archivis
731 4412 1078 4469 monasterii
1108 4413 1652 4486 Cormeriacensis.]

234 4501 297 4556 In
330 4502 575 4557 nomine
606 4501 841 4557 Domini
874 4502 970 4556 Dei
1026 4507 1083 4557 et
1111 4501 1432 4557 Salvatoris
1476 4500 1663 4556 nostri
1692 4504 1833 4557 Jesu

159 4584 396 4653 Christi,
434 4588 779 4652 Boreenrus,
814 4586 1017 4642 divina
1065 4585 1380 4641 ordinante
1428 4582 1827 4659 providentia,

155 4676 534 4731 Francorum
563 4690 687 4728 rex.

236 4763 293 4821 Si
322 4780 631 4819 servorum
657 4764 775 4831 Dei,
792 4780 1121 4835 eorumque
1150 4765 1413 4820 maxime
1434 4765 1559 4838 qui,
1577 4782 1689 4821 sua
1704 4782 1831 4821 om-

157 4855 261 4910 nia
288 4853 714 4925 relinquentes,
746 4852 1041 4908 Christum
1074 4853 1243 4925 sequi
1266 4860 1831 4921 noscuntur,curam

156 4944 450 5015 gerimus,
479 4947 535 4999 et
561 4943 640 4998 ad
669 4942 882 4999 divinae
910 4944 1187 5015 potentiae
1214 4943 1273 4999 in
1290 4944 1435 5000 locis
1467 4947 1586 5000 Deo
1617 4944 1830 5001 dicatis

156 5035 359 5090 verius
392 5033 774 5089 serviendum
810 5033 1102 5088 auxilium
1132 5034 1514 5104 porrigimus.
1549 5033 1610 5089 id
1651 5034 1829 5089 nobis

155 5123 371 5195 procul
398 5121 585 5178 dubio
643 5121 723 5178 ad
753 5122 1072 5178 mortalem
1102 5123 1285 5178 vitam
1316 5139 1602 5195 prospere
1644 5122 1831 5178 dedu-

157 5212 440 5282 cendam,
473 5218 529 5267 et
555 5211 634 5268 ad
652 5216 939 5268 aeternam
960 5212 1203 5269 feliciter
1234 5212 1648 5283 obtinendam,
1669 5229 1830 5267 com-

152 5300 413 5357 modum
444 5301 758 5373 provenire
790 5302 1171 5357 conﬁdimus.
1233 5302 1453 5357 Idcirco
1502 5306 1713 5356 notum
1758 5302 1831 5357 sit

154 5389 447 5446 omnibus
474 5396 695 5445 sanctae
717 5391 1109 5447 DeiEcclesire
1132 5391 1432 5459 fidelibus,
1453 5393 1508 5446 et
1526 5391 1828 5464 praecipue

156 5480 340 5536 totius
365 5478 535 5548 regni
582 5479 968 5550 primoribus,
999 5482 1145 5554 quia
1176 5482 1320 5537 adiit
1364 5481 1591 5550 regiam
1622 5479 1828 5536 culmi-

151 5569 251 5624 nis
277 5565 464 5622 nostri
491 5567 910 5624 monarchiam
944 5571 1120 5625 Fulco
1152 5587 1375 5641 comes,
1416 5588 1527 5644 pro
1561 5585 1828 5625 commo-

229 5747 309 5818 (7)
330 5742 882 5802 Antissiodorensis.

1949 500 2004 549 et
2034 496 2393 555 roborandis
2426 502 2745 573 cujusdam
2800 503 3057 571 cenobii,
3096 503 3343 561 nomine
3373 505 3617 562 Corma-

1948 584 2074 655 rici,
2099 585 2157 641 in
2190 588 2417 645 honore
2448 591 2543 647 Dei
2566 593 2991 664 omnipotentis
3014 598 3069 648 et
3088 595 3141 647 S.
3172 593 3336 648 Pauli
3363 594 3620 667 apostoli

1950 678 2294 734 constructi.
2328 683 2454 751 Ipse
2502 696 2767 753 namque
2820 682 3001 736 Fulco
3033 698 3236 737 comes
3288 684 3619 740 construxit

1952 781 2060 820 suo
2092 770 2359 841 tempore
2380 769 2440 824 in
2472 770 2758 826 comitatu
2784 770 3077 826 Turonico
3108 770 3416 827 castellum
3449 773 3617 844 quod

1950 860 2199 912 vocatur
2228 857 2663 930 Monsbasonis,
2708 859 2769 915 in
2810 862 2964 915 terra
2994 858 3181 932 ipsius
3231 859 3527 916 coenobii:
3560 864 3619 918 et

1953 944 2205 1000 alterum
2236 949 2563 1004 construxit
2594 947 2905 1004 castellum
2935 949 2995 1004 in
3028 949 3317 1005 comitatu
3367 950 3615 1005 Pictavi-

1951 1050 2053 1103 no,
2081 1036 2247 1107 quod
2278 1042 2525 1092 vocatur
2546 1038 2931 1106 Mirebellum,
2954 1042 3122 1095 teme
3140 1038 3327 1112 ipsius
3357 1039 3616 1095 ccenobii

1951 1125 2315 1196 proximum.
2349 1129 2621 1183 Verentes
2653 1128 2857 1200 itaque
2886 1128 3169 1186 monachi
3192 1129 3321 1199 jam
3345 1129 3485 1184 dicti
3503 1145 3619 1184 cm-

1952 1213 2116 1271 nobii
2144 1231 2218 1271 ne
2249 1216 2462 1272 eadem
2494 1217 2734 1274 castella
2784 1219 2845 1273 in
2896 1218 3164 1277 futurum
3213 1218 3327 1275 sibi
3355 1219 3449 1274 vel
3490 1218 3616 1275 suis

1950 1303 2130 1359 rebus
2156 1304 2365 1361 nociva
2396 1306 2680 1362 etinfesta
2706 1307 2978 1375 existant,
3021 1307 3168 1366 adiit
3193 1306 3292 1363 nol
3318 1307 3412 1363 ilis
3437 1312 3494 1364 et
3520 1323 3614 1363 re-

1950 1390 2197 1461 ligiosus
2223 1394 2415 1449 abbas
2442 1394 2630 1466 ipsius
2651 1395 2784 1459 loci,
2814 1396 3060 1452 nomine
3083 1395 3614 1467 Teutbaldus,cum

1951 1483 2073 1537 suis
2104 1484 2439 1554 monachis,
2464 1486 2776 1557 praefatum
2799 1485 3080 1542 comitem
3104 1485 3444 1552 Fulconem,
3471 1489 3537 1541 ut
3553 1484 3615 1540 vi

1952 1588 2060 1625 sua
2088 1578 2265 1643 atque
2296 1573 2583 1644 potentia,
2635 1579 2931 1647 quantum
2963 1578 3186 1646 posset,
3217 1573 3532 1648 providere
3558 1576 3616 1629 et

1950 1658 2268 1731 prohibere
2293 1666 2527 1716 curaret
2552 1678 2625 1717 ne
2647 1663 2860 1718 eadem
2883 1662 3126 1718 castella
3153 1663 3274 1732 jam
3303 1661 3462 1717 dicto
3493 1677 3613 1716 cce-

1877 1762 1919 1816 Β
1950 1748 2152 1817 nobio,
2180 1764 2289 1804 nec
2312 1749 2447 1805 ullis
2473 1751 2653 1806 rebus
2672 1752 2792 1807 suis
2811 1768 3082 1824 unquam
3108 1751 3368 1808 violenta
3398 1750 3611 1808 forent.

1949 1837 2170 1893 Deinde
2219 1844 2645 1907 suggesserunt
2669 1840 2793 1911 jam
2821 1840 3015 1895 dictus
3055 1839 3249 1895 abbas
3282 1842 3338 1894 et
3367 1838 3459 1895 sui
3487 1854 3614 1895 mo-

1948 1927 2126 1983 nachi
2155 1927 2267 2000 ipsi
2303 1928 2539 1985 Fulconi
2568 1934 2835 1985 nostram
2862 1930 3027 1986 adire
3072 1928 3484 1985 excellentiam
3527 1944 3613 1983 re-

1950 2014 2132 2083 giam,
2163 2020 2228 2069 ut
2256 2016 2423 2088 quod
2453 2017 2532 2071 ab
2592 2034 2663 2073 eo
2703 2018 2981 2091 precibus
3029 2016 3367 2086 eXigebant,
3418 2017 3546 2090 ipse
3576 2030 3614 2072 a

1947 2109 2151 2159 nostra
2184 2104 2500 2161 serenitate
2532 2104 2904 2174 eﬁlagitaret,
2954 2107 3172 2179 scripto
3204 2110 3259 2162 et
3311 2108 3612 2178 praecepto

1946 2198 2163 2247 nostrae
2192 2194 2556 2249 auctoritatis
2588 2201 2781 2250 ratum
2814 2212 2883 2250 ac
2916 2195 3126 2251 stabile
3153 2195 3213 2250 in
3254 2198 3613 2266 perpetuum

1946 2283 2325 2338 conﬁrmare.
2356 2283 2520 2338 Idem
2552 2300 2691 2340 vero
2724 2284 2899 2340 Fulco
2933 2300 3134 2340 comes
3164 2289 3288 2341 tam
3317 2283 3475 2339 dicto
3506 2281 3613 2338 ab-

1944 2371 2067 2427 bati
2097 2376 2154 2427 et
2182 2389 2305 2427 su.s
2344 2373 2676 2442 monachis,
2731 2379 2933 2446 utpote
2987 2374 3248 2430 maxime
3295 2371 3611 2443 religiosis,

1944 2462 2213 2518 maximo
2243 2462 2552 2518 devinctus
2584 2480 2809 2534 amore,
2839 2481 3029 2539 quam
3056 2464 3256 2536 potius
3285 2478 3397 2536 pro
3427 2476 3613 2518 reme-

1944 2550 2045 2604 dio
2084 2554 2139 2604 et
2172 2549 2361 2606 salute
2391 2551 2606 2607 animae
2648 2568 2771 2608 suae
2820 2553 3158 2608 istiusmodi
3189 2567 3398 2607 eorum
3427 2549 3614 2622 preci-

1942 2638 2057 2693 bus
2090 2638 2566 2712 obtemperando
2588 2646 2645 2697 et
2665 2642 3037 2698 consulendo
3066 2639 3341 2713 promisit
3369 2655 3430 2695 se
3459 2654 3611 2694 sem-

1944 2743 2049 2799 per
2079 2733 2294 2801 praesto
2324 2745 2452 2783 esse
2482 2734 2539 2784 et
2566 2735 2846 2802 paratum
2875 2730 3020 2785 fore.
3048 2730 3184 2785 Ideo
3211 2728 3357 2785 adiit
3378 2727 3611 2798 magni-

1942 2813 2244 2868 ficentiam
2270 2820 2560 2883 nostram,
2611 2819 2668 2869 et
2695 2815 2824 2870 haec
2863 2831 2999 2887 quae
3043 2814 3333 2871 hactenus
3391 2813 3609 2886 depro-

1944 2903 2186 2969 mimus,
2243 2903 2487 2959 sollicite
2519 2904 2744 2961 studuit
2784 2905 3001 2960 nostris
3034 2904 3307 2960 intimare
3339 2902 3605 2959 auribus.

1944 2996 2058 3048 Nos
2090 3010 2229 3049 vero
2250 2994 2438 3066 ipsius
2473 2994 2742 3050 Fulconis
2778 2994 3172 3065 suggestioni,
3204 2998 3408 3068 utpote
3435 2992 3611 3048 nobis

1943 3082 2300 3154 fidelissimi,
2332 3083 2585 3140 libenter
2610 3089 2667 3141 et
2704 3084 3021 3140 efﬁcaciter
3047 3083 3463 3152 as:‘entientes,
3486 3081 3610 3138 imo

1942 3177 2007 3228 ut
2033 3174 2222 3241 gratia
2253 3192 2286 3228 ιι
2339 3176 2437 3230 Dei
2497 3175 2924 3247 omnipotentis
2976 3174 3345 3248 amplioremj
3386 3187 3609 3229 mereas

1942 3279 2098 3329 mur,
2134 3267 2191 3319 et
2222 3263 2538 3319 stabilitate
2568 3269 2625 3319 et
2653 3280 2802 3337 pace
2848 3263 3078 3320 diutina
3107 3268 3295 3319 nostri
3323 3260 3491 3329 regni
3516 3259 3611 3316 lte-

1944 3358 2159 3423 temur,
2191 3352 2605 3409 interdicimus
2653 3358 2711 3409 et
2746 3353 3139 3425 prohibemus
3163 3368 3270 3427 per
3324 3350 3441 3408 hoc
3460 3349 3610 3425 ‘scri-

1942 3447 2114 3513 ptum
2147 3446 2203 3495 et
2254 3446 2622 3513 praeceptum
2655 3446 2873 3497 nostrte
2926 3440 3292 3498 auctoritatis
3319 3444 3382 3496 ut
3428 3455 3609 3497 nemo

1942 3544 2214 3601 unquam
2247 3530 2337 3596 sit,
2370 3545 2479 3585 nec
2506 3529 2773 3585 militaris
2799 3530 3143 3601 quisquam,
3175 3544 3285 3583 nec
3306 3524 3609 3600 quispiam

1940 3617 2146 3683 homo,
2179 3633 2288 3672 nec
2311 3618 2594 3689 quaelibet
2620 3633 2875 3690 persona
2906 3618 2978 3672 de
3009 3617 3154 3688 ipsis
3199 3615 3440 3672 duobus
3484 3631 3609 3672 cas-

1941 3704 2091 3760 tellis
2123 3704 2657 3777 supranominatis,
2686 3721 2797 3759 nec
2838 3705 2913 3760 de
2940 3704 3170 3759 cunctis
3198 3702 3327 3760 aliis
3352 3701 3607 3759 castellis

1941 3810 2076 3866 qua:
2106 3798 2246 3849 sunt
2271 3793 2421 3864 juris
2450 3794 2643 3866 ipsius
2665 3794 2900 3850 comitis
2934 3794 3207 3851 Fulconis
3240 3792 3471 3860 existat,
3503 3792 3610 3867 qui

1941 3877 2133 3934 ullum
2164 3878 2531 3933 contrarium
2586 3895 2788 3949 usum,
2834 3895 3029 3953 neque
3087 3877 3606 3946 consuetudinem,

1942 3983 2137 4040 neque
2167 3967 2536 4039 violentiam,
2555 3985 2663 4025 nec
2691 3970 3072 4027 dominatum
3098 3970 3362 4040 irrogare
3390 3968 3612 4025 audeat

1941 4075 2052 4113 nec
2077 4064 2406 4131 praesumat
2420 4060 2547 4130 jam
2579 4060 2738 4116 dicto
2760 4060 3037 4117 coenobio
3065 4062 3120 4117 S.
3144 4058 3310 4116 Pauli
3331 4057 3607 4132 apostoli,

1942 4164 2051 4204 nec
2084 4148 2215 4204 ullis
2247 4148 2427 4205 rebus
2456 4149 2645 4221 ipsius
2678 4150 2957 4221 coenobii,
2989 4150 3103 4206 nisi
3132 4148 3285 4204 sicut
3332 4145 3612 4220 tempori-

1940 4237 2057 4293 bus
2103 4244 2559 4294 antecessorum
2590 4244 2933 4295 nostrorum
2983 4244 3183 4295 actum
3212 4241 3319 4304 est,
3354 4233 3610 4293 Lotharii

1940 4327 2217 4383 videlicet
2266 4331 2630 4385 Francorum
2675 4332 2854 4398 reg's,
2880 4335 2936 4385 et
2965 4327 3247 4397 genitoris
3272 4326 3461 4384 nostri
3493 4324 3611 4381 Hu-

1942 4417 2113 4485 gonis
2139 4416 2344 4472 itidem
2404 4419 2770 4473 Francorum
2802 4418 2979 4488 regis,
3012 4422 3069 4473 et
3120 4414 3492 4491 temporibus
3534 4413 3607 4469 si-

1939 4505 2187 4578 quidem
2238 4506 2510 4561 Fulconis
2569 4507 2826 4574 comitis,
2876 4510 2931 4562 et
2988 4505 3298 4563 Gaustredi
3346 4502 3605 4575 comitis,

1939 4595 2036 4650 avi
2060 4600 2118 4651 et
2146 4595 2329 4666 patris
2362 4595 2627 4667 saepefati
2667 4595 2940 4651 Fulconis
2985 4594 3236 4650 comitis.
3274 4596 3607 4650 Statuentes

1940 4688 2141 4739 autem
2168 4684 2573 4757 praecipimus,
2592 4685 3095 4756 vehementerque
3122 4681 3603 4751 interminamus,

1940 4778 1996 4828 et
2025 4788 2343 4829 monemus
2375 4789 2451 4829 ne
2508 4774 2662 4829 ullus
2707 4789 2981 4845 unquam
3026 4770 3477 4828 succedentium
3503 4768 3607 4826 ho-

1938 4861 2195 4932 minum,
2276 4864 2692 4936 cujuscunque
2739 4862 3048 4935 potestatis
3102 4860 3200 4917 vel
3245 4858 3603 4917 conditionis

1938 4950 2171 5015 existat,
2196 4950 2300 5025 qui
2321 4952 2435 5006 hoc
2465 4955 2688 5007 nostrae
2710 4950 3075 5007 auctoritatis
3102 4954 3389 5005 statutum
3414 4947 3476 5003 in
3502 4947 3604 5005 ali-

1937 5056 2060 5112 quo
2092 5040 2313 5096 violare
2346 5040 2584 5109 audeat,
2618 5057 2692 5097 ne
2748 5041 3023 5113 impietas
3063 5039 3193 5112 ejus
3244 5055 3313 5096 ac
3340 5037 3604 5113 superbe

1940 5122 2259 5192 temeritas,
2308 5140 2521 5196 poenas
2592 5125 2848 5196 ultrices,
2899 5123 3126 5182 Christo
3176 5124 3402 5196 judice,
3454 5122 3600 5180 luat.

1937 5217 2128 5285 Atque
2155 5217 2218 5268 ut
2247 5213 2374 5268 haec
2402 5214 2589 5269 nostri
2632 5214 2833 5270 statuti
2864 5217 2921 5269 et
2949 5214 3228 5286 praecepti
3282 5212 3602 5269 auctoritas

1937 5302 2180 5357 ﬁrmum
2212 5302 2739 5376 inviolabilemque
2797 5302 3064 5360 obtineat
3091 5304 3382 5374 vigorem,
3414 5318 3605 5359 manu

1936 5391 2183 5465 propria
2213 5390 2418 5447 subter
2446 5407 2583 5449 eam
2613 5394 3011 5459 ﬁrmavimus,
3058 5398 3116 5449 et
3143 5393 3366 5453 annulo
3397 5398 3602 5450 nostro

1937 5480 2235 5549 assignari
2256 5480 2568 5551 jus~inius.

2007 5569 2258 5640 Signum
2288 5569 2550 5626 Rotberti
2571 5571 2985 5642 gloriosissimi
3014 5572 3190 5643 regis.

2005 5744 2087 5821 (8)
2113 5742 2289 5806 Filius
2318 5746 2556 5806 Roberti
2584 5748 2761 5824 regis.
