3892 6384
373 295 479 347 959
1558 285 1853 343 ROBEBTI
1890 281 2092 339 REGIS

2132 279 2581 337 FRANCORUM.
3758 277 3857 373 960;

450 412 747 470 Gotfridus
796 413 1129 468 monachus
1157 409 1402 482 scripsit,
1453 409 1528 465 ad
1554 408 1744 465 vicem
1773 410 2021 464 Franco-
2056 409 2103 461 A
2136 420 2344 475 necne,
2397 404 2706 473 instigatus
2755 401 2974 458 obnixe
3027 417 3065 457 a
3113 398 3483 455 venerabili
3546 399 3703 469 jam
3737 392 3859 453 dict

376 502 472 558 nis
494 500 825 558 cancellarii
852 519 865 568 ;
899 505 953 556 et
980 501 1105 572 ipse
1147 502 1369 555 Franco
1396 514 1582 554 manu
1609 497 1852 571 propria
1883 494 2022 550 sub-

380 590 632 663 scripsit.

1162 699 1250 753 IX.

376 805 764 875 Privilegium
791 804 1034 859 Roberti
1060 804 1218 872 regis
1242 818 1354 871 pro
1383 801 1740 858 monasterio
1795 800 2026 856 Corme-

1063 907 1337 947 inacensa

1016 998 1205 1068 (Anno
1235 997 1417 1067 1018.)

705 1105 878 1174 [Dom
910 1105 1191 1170 Murrus,
1223 1103 1364 1158 ibid.
1389 1117 1528 1175 pag.
1567 1102 1710 1173 438.]

456 1216 522 1267 In
549 1209 789 1267 nomine
811 1208 1045 1264 Domini
1068 1208 1166 1264 Dei
1214 1212 1271 1264 et
1302 1207 1618 1265 Salvatoris
1665 1206 1856 1263 nostri
1896 1209 2033 1262 lesu

384 1299 611 1368 Christi,
644 1299 984 1363 Rorsnnrus,
1018 1297 1222 1353 divina
1276 1297 1588 1353 ordinante
1637 1295 2028 1369 providentia,

382 1393 740 1445 Francorum
770 1403 893 1442 rex.

455 1478 509 1535 Si
531 1493 838 1532 servorum
884 1474 1006 1545 Dei,
1062 1491 1389 1548 eorumque
1446 1474 1706 1530 maxime
1749 1473 1872 1546 qui,
1924 1487 2035 1528 sua

381 1564 583 1620 omnia
607 1564 1025 1636 relinquentes,
1047 1565 1341 1621 Christum
1369 1566 1538 1636 sequi
1564 1567 1911 1629 noscuntur,
1930 1578 2034 1616 cu-

379 1670 509 1709 ram
540 1654 822 1723 gerimus,
854 1659 909 1709 et
939 1654 1018 1710 ad
1047 1654 1263 1709 divinae
1293 1654 1566 1727 potentiae
1624 1652 1683 1708 in
1714 1651 1857 1707 locis
1916 1654 2034 1706 Deo

382 1742 588 1798 dicatis
621 1742 817 1797 verius
876 1742 1255 1798 serviendum
1311 1742 1596 1798 auxilium
1653 1739 2035 1814 porrigimus,

381 1830 443 1886 id
471 1830 642 1886 nobis
669 1830 875 1903 procul
896 1830 1080 1886 dubio
1102 1831 1176 1887 ad
1206 1831 1520 1886 mortalem
1540 1829 1723 1885 vitam
1753 1842 2037 1900 prospere

383 1920 822 1986 deducendam,
857 1923 913 1974 et
945 1920 1022 1974 ad
1046 1924 1330 1975 aeternam
1355 1919 1596 1974 feliciter
1625 1916 2036 1985 obtinendam,

384 2008 772 2064 commodum
805 2008 1119 2079 provenire
1146 2008 1524 2063 conﬁdimus.
1578 2006 1798 2061 Idcirco
1828 2008 2039 2059 notum

386 2096 459 2150 sit
521 2095 805 2150 omnibus
869 2099 1089 2149 sanctae
1152 2095 1251 2149 Dei
1298 2095 1568 2150 Ecclesiae
1628 2093 1928 2157 ﬁdelibus,
1985 2099 2041 2145 et

388 2182 693 2254 praecipue
749 2182 925 2237 totius
980 2181 1146 2252 regni
1204 2181 1389 2237 nostri
1432 2180 1835 2253 ,primoribus,
1896 2178 2040 2250 quia

393 2270 539 2326 adiit
566 2270 793 2338 regiam
826 2270 1099 2325 culminis
1156 2271 1342 2325 nostri
1394 2270 1806 2324 monarchiam
1860 2268 2038 2323 Fulco

391 2375 592 2416 comes
622 2375 733 2432 pro
764 2359 1095 2414 commodis
1124 2364 1182 2414 et
1220 2358 1581 2430 profectibus
1611 2362 1813 2413 nostra
1844 2361 2041 2412 aucto-

387 2449 553 2504 ritate
577 2447 944 2502 stabiliendis
965 2452 1020 2502 et
1046 2447 1489 2503 roborandis....
1513 2446 1768 2502 cmnobii
1796 2445 2038 2502 nomine

388 2534 726 2604 Cormarici,
758 2536 816 2591 in
874 2536 1100 2591 honore
1161 2536 1261 2591 Dei
1313 2535 1736 2607 omnipotentis
1762 2539 1817 2590 et
1848 2532 2039 2590 sancti

385 2625 545 2682 Pauli
587 2623 840 2698 apostoli
888 2625 1210 2691 constituti,
1253 2641 1287 2680 a
1315 2624 1525 2697 priscis
1581 2629 1638 2679 et
1694 2627 1811 2679 Deo
1860 2623 2039 2679 obse-

386 2714 706 2787 quentibus
734 2713 985 2769 ﬁdeliter
1008 2713 1353 2779 abbatibus,
1383 2713 1599 2768 scilicet
1631 2713 1819 2768 sancti
1849 2716 1905 2768 et
1931 2727 2036 2784 pe-

388 2802 625 2857 culiaris
648 2801 835 2856 nostri
863 2801 1098 2874 patroni
1129 2802 1443 2859 Martini...
1500 2802 1723 2856 summi
1753 2805 1808 2855 et
1859 2800 2039 2869 digne

387 2893 506 2945 Deo
533 2888 768 2944 colendi
801 2889 1060 2957 theologi
1112 2889 1276 2944 Pauli
1326 2890 1553 2944 honore
1610 2893 2037 2955 constructum,

390 2981 447 3032 et
471 2975 738 3031 maxima
765 2976 1075 3047 copiarum
1104 2980 1160 3030 et
1188 2991 1375 3047 opum
1404 2976 1643 3032 datione
1672 2975 1947 3045 ditatum,
1987 2978 2045 3030 et

388 3079 715 3120 numerosa
742 3062 968 3118 Christo
1015 3062 1435 3119 famulandum
1466 3064 1905 3119 monachorum
1944 3063 2043 3118 sti-

388 3149 631 3225 patione
660 3149 942 3216 locatum,
966 3154 1023 3205 et
1051 3166 1087 3205 a
1114 3149 1661 3222 praedecessoribus
1690 3151 1906 3205 nostris
1939 3150 2044 3206 bo-

389 3255 485 3295 na;
516 3241 571 3293 et
600 3236 796 3306 dignae
833 3238 1137 3292 memoriae
1165 3238 1515 3310 parentibus
1544 3238 1735 3293 isdem
1761 3238 2045 3309 praefatus

386 3328 555 3384 locus
577 3343 713 3381 cum
745 3326 928 3397 digno
954 3328 1180 3383 honore
1202 3332 1290 3381 est
1314 3327 1575 3398 habitus,
1610 3332 1667 3383 et
1693 3327 2047 3401 privilegiali

387 3415 784 3490 przeceptione
812 3416 1194 3488 imperialiter
1228 3416 1546 3479 stabilitus,
1573 3433 1788 3488 resque
1820 3416 2044 3472 ibidem

386 3503 653 3576 undique
676 3521 992 3562 concessas
1039 3505 1151 3561 sub
1184 3505 1555 3561 attestatione
1587 3505 1774 3575 regali
1799 3506 2044 3579 praefato

384 3593 767 3663 monasterio,
817 3610 957 3649 cum
1004 3594 1169 3649 omni
1214 3593 1639 3649 deliberatione
1688 3594 2045 3650 substituere

385 3682 748 3739 omnimodis
778 3687 1121 3738 sanxerunt.
1175 3687 1291 3752 Ego
1335 3700 1578 3756 quoque
1614 3684 1788 3757 justis
1837 3701 1906 3740 ac
1932 3683 2046 3757 piis

386 3770 646 3826 consiliis
670 3771 766 3842 pie
789 3787 962 3826 aures
982 3772 1916 3845 accommodans,salutiferisque
1945 3788 2046 3845 pe-

388 3857 695 3912 titionibus
718 3857 1114 3914 libentissimo
1169 3875 1444 3914 annuens
1475 3861 1699 3925 animo,
1758 3860 2046 3933 praelibati

391 3945 623 4001 comitis
656 3947 859 4016 agnita
882 3947 983 4019 pia
1030 3952 1087 4003 et
1111 3946 1267 4003 ﬁdeli
1302 3949 1606 4020 petitione,
1640 3966 1906 4007 annuere
1957 3967 2048 4006 sa-

394 4033 532 4102 tegi.
567 4033 729 4089 Idem
756 4050 1020 4106 namque
1045 4034 1211 4091 locus
1240 4035 1299 4091 in
1357 4037 1598 4108 speciali
1624 4054 1834 4107 regum
1861 4039 2049 4095 domi-

392 4128 535 4180 natu
562 4123 894 4196 priscorum
950 4124 1275 4196 antiquitus
1324 4125 1488 4181 visus
1522 4131 1631 4182 est.
1694 4127 1806 4183 Sed
1850 4127 2048 4200 prohi-

391 4214 565 4270 bente
623 4212 887 4283 plurium
930 4213 1304 4269 infestatione
1346 4214 1745 4271 nefandorum
1802 4216 2044 4287 civium,

394 4302 517 4374 qui,
551 4317 661 4356 ceu
688 4306 876 4356 ratem
898 4301 959 4356 in
987 4301 1339 4371 ﬂuctivagos
1364 4303 1559 4374 pelagi
1587 4304 1911 4369 discursus,
1930 4304 2049 4360 dei-

391 4391 569 4447 ﬁcam
600 4405 840 4461 semper
866 4389 1234 4446 insectantur
1292 4392 1634 4463 Ecclesiam,
1669 4398 1909 4449 coactus
1940 4393 2048 4449 ab-

390 4478 501 4534 bas
521 4478 793 4549 ejuScem
823 4476 937 4533 loci
967 4484 1023 4534 et
1050 4479 1329 4535 monachi
1352 4480 1596 4550 aggredi
1625 4481 1852 4551 regiam
1889 4481 2048 4551 cogi-

392 4567 535 4623 tavit
561 4567 960 4638 serenitatem,
1000 4573 1299 4640 quatenus
1328 4570 1484 4625 illius
1512 4575 1669 4626 tutor
1696 4587 1807 4643 pro
1863 4571 2051 4626 nimia

389 4655 820 4728 inquietudine,
852 4660 908 4710 et
929 4655 1208 4712 defensor
1245 4673 1354 4729 pro
1402 4657 1879 4714 infestationibus
1939 4658 2051 4714 Sibi

393 4743 806 4799 obsistentium
821 4760 892 4799 ex
924 4745 1263 4816 provisione
1290 4747 1687 4802 restitueretur
1706 4747 2051 4817 regia.0uo-

393 4847 528 4889 rum
554 4837 696 4888 voto
718 4847 1033 4888 assensum
1064 4833 1229 4901 regia
1251 4833 1527 4906 priebens
1553 4836 1860 4906 majestas,
1893 4840 2050 4893 tuto-

393 4935 520 4975 rem
546 4919 724 4987 illius,
758 4935 865 4974 seu
895 4919 1252 4976 advocitum
1281 4921 1480 4994 ipsum
1512 4922 1852 4995 Fulconem,
1892 4924 2054 4980 vide-

395 5006 531 5064 licet
552 5024 847 5081 proavum
873 5007 1041 5065 istius
1103 5009 1390 5079 Fulconis,
1422 5011 1526 5084 qui
1556 5011 1670 5067 illis
1722 5012 1967 5069 vicinior
1996 5016 2054 5068 et

395 5098 693 5170 potentior
722 5102 861 5170 post
887 5113 1089 5168 regem
1122 5103 1261 5156 tunc
1293 5101 1575 5174 temporis
1604 5101 2048 5158 videbatur.Po-

397 5185 534 5240 steri
572 5201 815 5257 quoque
867 5186 1023 5242 illius
1081 5188 1362 5262 deinceps
1418 5189 1581 5245 illam
1637 5190 1943 5247 abbatiam
1992 5191 2054 5247 in

402 5288 579 5327 suum
599 5272 879 5341 redegere
909 5274 1305 5333 dominatum.
1371 5281 1586 5334 Verens
1634 5279 1813 5349 igitur
1842 5294 2052 5352 supra-

402 5359 595 5415 dictus
624 5375 825 5415 comes
847 5363 1265 5422 exaltationem
1295 5383 1421 5422 suae
1463 5368 1790 5441 progeniei,
1823 5368 1916 5425 vel
1945 5385 2054 5441 pa-

403 5462 553 5504 vens
582 5462 658 5501 ne
686 5446 830 5503 forte
859 5450 1104 5521 quilibet
1131 5471 1397 5523 suorum,
1429 5473 1533 5512 seu
1586 5457 1735 5530 ipse,
1768 5458 2055 5515 suadente

408 5539 649 5602 Satana,
682 5534 868 5592 victus
897 5540 1281 5615 philargyria,
1331 5561 1465 5601 eam
1492 5546 1554 5601 in
1595 5551 1903 5618 posterum
1953 5551 2058 5603 aut

407 5624 701 5681 distrahat
729 5626 1059 5702 cuicunque
1083 5637 1293 5689 exterae
1324 5651 1617 5705 personae,
1637 5653 1741 5692 seu
1766 5637 1829 5694 in
1870 5636 2057 5709 quoli-

404 5714 516 5773 bet
566 5712 926 5775 beneﬁcium
982 5720 1218 5778 subdat.
1254 5720 1444 5793 Hujus
1498 5725 1802 5782 commodi
1846 5740 2054 5797 causa,

2076 4447 2117 4501 D

2131 493 2246 549 loci
2266 494 2492 549 domno
2522 492 2819 548 Richardo
2850 491 3094 560 abbate,
3127 494 3183 546 et
3212 488 3339 545 sibi
3363 487 3711 560 subjectis
3745 504 3858 542 mo-

2132 582 2362 649 nachis,
2394 587 2689 655 quatenus
2711 598 2747 637 a
2763 597 2859 637 me
2875 583 3228 653 exposceret
3247 578 3445 651 quod
3479 576 3857 651 privilegiali

2134 672 2326 728 edicto
2353 673 2468 727 hoc
2496 676 2694 727 vetare
2724 674 2783 727 et
2808 668 3131 743 prohibere
3170 666 3578 735 debeamus,
3614 667 3795 740 quod
3819 676 3857 721 et

2134 762 2406 818 facimus.
2440 761 2789 833 Praecipiens
2817 763 2875 815 et
2897 758 3195 815 mandant
3213 757 3624 813 auctoritate
3653 757 3854 827 regali

2134 856 2191 907 et
2215 851 2517 906 obtestans
2545 865 2651 922 per
2678 848 2961 905 deiﬁcum
2989 862 3215 903 nomen
3245 850 3508 902 sanctae
3546 851 3616 902 et
3644 846 3853 902 indivi-

2135 941 2271 996 dua:
2302 939 2610 1003 Trinitatis,
2632 943 2699 994 ut
2722 954 2901 994 nemo
2922 935 3241 993 temerario
3272 951 3454 992 ausu
3506 944 3857 1009 praesumat

2137 1029 2415 1086 eamdem
2447 1029 2752 1085 abbatiam
2783 1028 2843 1084 in
2868 1025 3285 1083 dominatione
3319 1025 3631 1097 alicujus
3660 1041 3857 1099 ρει-εον

2136 1135 2230 1175 me
2260 1117 2690 1176 transfundere.
2741 1115 2846 1171 sed
2877 1115 2951 1170 sit
2990 1115 3054 1170 in
3103 1112 3277 1170 salva
3307 1114 3637 1170 custodia
3678 1118 3746 1170 et
3769 1114 3858 1169 de-

2138 1207 2404 1263 fensione
2452 1205 2722 1261 Fulconis
2778 1204 3010 1260 comitis
3065 1207 3124 1259 et
3176 1218 3662 1260 successorum
3717 1205 3853 1276 ejus.

2141 1298 2311 1364 Quod
2342 1297 2389 1351 si
2418 1297 2553 1369 quis
2581 1300 2828 1351 conatus
2859 1294 3032 1350 fuerit
3078 1292 3443 1349 istiusmodi
3482 1310 3638 1351 rem
3683 1300 3855 1351 atten-

2141 1391 2283 1452 tare,
2315 1400 2435 1440 non
2466 1384 2713 1439 omnino
2739 1382 2905 1455 quod
2936 1381 3100 1455 cupit
3152 1380 3463 1448 vindicet,
3504 1387 3576 1439 et
3609 1383 3701 1439 ad
3728 1399 3852 1439 nos-

2140 1478 2297 1528 trum
2323 1478 2589 1529 tutamen
2618 1476 2675 1527 et
2701 1471 3039 1528 dominium
3068 1471 3232 1526 idem
3252 1470 3445 1526 locus
3480 1476 3851 1531 revertatur.

2143 1562 2264 1617 sive
2296 1577 2708 1617 successorum
2733 1565 3097 1628 nostrorum,
3126 1564 3184 1614 et
3212 1559 3540 1633 deinceps
3572 1561 3737 1617 nulli
3763 1561 3851 1616 de

2142 1651 2395 1707 minatui
2425 1650 2725 1716 subsistat,
2757 1648 2870 1704 nisi
2895 1649 3079 1718 regio.
3117 1649 3175 1705 Si
3204 1649 3351 1722 quis
3376 1654 3642 1719 autem,
3698 1650 3849 1724 quod

2143 1755 2265 1795 non
2291 1738 2609 1807 credimus,
2640 1738 2795 1793 hanc
2815 1737 3098 1810 praecepti
3120 1736 3598 1808 ascriptionem
3629 1738 3847 1808 regiam

2145 1826 2421 1901 populari
2461 1826 2746 1882 audacter
2802 1825 3127 1892 conaverit,
3161 1840 3233 1880 ac
3286 1824 3531 1882 timide
3577 1826 3845 1882 deserere

2144 1915 2410 1983 voluerit,
2439 1916 2792 1985 cungatan
2824 1917 2880 1969 et
2910 1912 3158 1983 Abiron,
3199 1918 3394 1985 atque
3430 1931 3600 1971 cum
3630 1916 3731 1972 bis
3763 1915 3842 1987 qui

2146 2004 2424 2061 dixerunt
2449 2005 2701 2061 Domino
2754 2007 2873 2060 Deo
2902 2024 2915 2059 :
2950 2004 3174 2060 Recede
3202 2019 3240 2060 a
3270 2005 3489 2073 nobis,
3538 2008 3839 2063 scientiam

2148 2095 2379 2150 viarum
2413 2106 2653 2151 tuarum
2685 2096 2962 2150 nolumus
2993 2109 3016 2163 ;
3044 2098 3101 2149 et
3130 2109 3291 2148 'cum
3327 2094 3596 2151 Herode
3651 2112 3845 2168 parvu-

2146 2182 2340 2238 lorum
2370 2189 2667 2250 necatore,
2696 2198 2933 2237 necnon
2957 2198 3094 2237 cum
3126 2185 3366 2237 Nerone
3409 2184 3843 2256 apostolorum

2148 2271 2293 2326 Petri
2323 2276 2379 2327 et
2408 2271 2569 2326 Pauli
2600 2276 2657 2326 et
2681 2270 3007 2326 multorum
3037 2273 3388 2341 martyrum
3434 2271 3842 2336 interfectore,

2149 2376 2255 2415 seu
2284 2376 2423 2414 cum
2452 2358 2767 2414 Aureliano
2788 2358 3147 2430 impiissimo
3167 2357 3405 2426 lictore,
3445 2365 3516 2415 et
3537 2377 3695 2417 cum
3708 2360 3842 2417 Juda

2146 2449 2426 2505 traditore
2455 2448 2686 2503 Domini
2714 2448 3050 2521 portionem
3103 2446 3350 2516 habeat,
3386 2453 3455 2504 et
3517 2451 3840 2507 anathema

2148 2543 2479 2607 maranata,
2507 2543 2685 2609 atque
2711 2537 2770 2591 in
2797 2537 2992 2609 poenis
3026 2535 3439 2592 infernalibus
3479 2538 3840 2613 perpetuali

2149 2633 2234 2682 ter
2263 2626 2739 2683 concremandus
2769 2625 3002 2681 existat.
3033 2628 3101 2680 Et
3125 2630 3194 2680 ut
3219 2625 3340 2681 hoc
3363 2632 3619 2684 nostrae
3653 2634 3837 2686 aucto-

2148 2715 2333 2771 ritatis
2391 2715 2862 2770 emolumentum
2912 2729 3018 2785 per
3066 2714 3470 2772 succedentia
3545 2734 3835 2775 annorum

2150 2804 2442 2861 curricula
2468 2804 2545 2859 ab
2561 2804 2844 2859 omnibus
2868 2804 3067 2859 verius
3118 2803 3429 2873 credatur,
3465 2812 3534 2864 et
3567 2808 3833 2865 attentius

2150 2884 2512 2961 observetur,
2570 2892 2776 2948 annuli
2827 2891 3018 2948 nostri
3074 2892 3498 2966 impressione
3538 2897 3829 2968 jussimus

2151 2978 2440 3050 insigniri,
2464 2984 2520 3036 et
2546 2996 3013 3051 monogramma
3033 2979 3222 3037 nostri
3245 2980 3540 3039 nominis
3569 2985 3831 3041 decenter

2073 3100 2113 3155 ρ
2154 3067 2580 3123 mandavimus
2608 3067 2845 3124 ascribi.

2226 3154 2473 3224 Signum
2500 3155 2758 3211 Rotberti
2778 3155 3198 3227 gloriosissimi
3221 3156 3407 3227 regis.

2954 3244 3016 3297 Χ.

2153 3329 2420 3385 Rotberti
2463 3329 2839 3385 Francorum
2889 3331 3051 3401 regis
3104 3330 3380 3400 diploma
3421 3347 3554 3402 pro
3608 3337 3829 3394 restitu-

2470 3419 2627 3474 tione
2659 3420 3007 3475 monasterii
3030 3421 3510 3478 Latiniacensis.

2775 3508 2968 3577 (Anno
2999 3508 3184 3578 1018.)

2154 3597 2429 3669 [ΜΑΒιιι.,
2456 3597 2542 3652 De
2566 3611 2631 3652 re
2659 3596 2931 3665 diplom.,
2961 3595 3064 3651 lib.
3098 3613 3179 3664 vi,
3211 3613 3358 3670 pag.
3396 3602 3540 3669 601,
3576 3617 3662 3658 ex
3680 3603 3831 3659 char-

2638 3682 2851 3740 tulario
2884 3684 3326 3756 Latiniacensi.]

2224 3777 2513 3830 Ronaarus
2553 3772 2653 3828 Dei
2713 3773 3028 3829 ordinante
3080 3773 3403 3831 clementia
3461 3779 3832 3836 Francorum

2153 3879 2275 3917 P8X.

2228 3949 2283 4007 Si
2303 3949 2475 4021 justis
2501 3949 2768 4005 ﬁdelium
2823 3954 3171 4006 nostrorum
3203 3951 3628 4024 petitionibus
3671 3956 3833 4012 liben-

2155 4047 2241 4096 ter
2269 4055 2586 4095 assensum
2613 4038 3070 4112 praebuerimus,
3125 4045 3183 4096 et
3212 4056 3353 4113 quae
3386 4044 3833 4102 rationabiliter

2154 4129 2445 4202 petierint,
2489 4127 2665 4183 bonae
2696 4127 3019 4184 voluntatis
3050 4129 3242 4199 gratia
3275 4129 3409 4186 sine
3430 4136 3679 4204 quovis
3711 4141 3835 4208 typo

2155 4217 2436 4291 perﬁcere
2498 4217 2953 4285 curaverimus;
3006 4223 3063 4273 et
3117 4219 3230 4274 hos
3286 4219 3475 4275 nobis
3535 4223 3836 4281 ﬁdeliores

2154 4307 2301 4377 ﬁeri,
2333 4312 2391 4362 et
2444 4305 2632 4362 nostri
2677 4306 2846 4376 regni
2887 4310 3112 4363 statum
3167 4307 3286 4364 sub
3309 4307 3533 4367 divina
3561 4314 3839 4371 custodia

2155 4396 2455 4453 credimus
2512 4394 2896 4451 conﬁrmari:
2938 4395 3203 4452 maxime
3251 4401 3465 4453 tamen
3527 4402 3581 4457 si
3628 4403 3714 4459 de
3762 4402 3836 4459 his

2155 4503 2290 4560 quae
2317 4485 2396 4542 ad
2441 4485 2733 4540 honorem
2782 4489 3001 4541 sanctae
3055 4486 3156 4541 Dei
3185 4486 3466 4543 Ecclesiae
3511 4494 3837 4562 pertinent.

2156 4574 2215 4630 id
2244 4574 2371 4630 fieri
2420 4572 2748 4642 contigerit.
2806 4573 3041 4629 Noverit
3090 4574 3273 4645 igitur
3329 4582 3712 4637 communis
3760 4584 3841 4636 Ec-

2156 4663 2347 4719 clesiae
2398 4667 2577 4734 atque
2624 4667 2965 4718 nostrorum
2996 4662 3294 4719 industria
3329 4662 3656 4737 ﬁdelium,
3713 4686 3843 4744 prae—

2158 4753 2412 4809 sentium
2443 4750 2665 4807 scilicet
2718 4756 2897 4825 atque
2947 4750 3308 4817 futurorum,
3361 4756 3543 4826 quod
3587 4760 3843 4831 quidam

2157 4843 2231 4898 de
2260 4841 2447 4897 nostri
2484 4841 2649 4910 regni
2701 4841 3095 4915 principibus,
3154 4842 3405 4898 nomine
3465 4846 3843 4920 Stephanus,

2157 4930 2461 4988 nobilitate
2492 4935 2549 4986 et
2600 4930 2868 5003 potentia
2919 4946 3123 4986 comes
3174 4931 3585 5001 clarissimus,
3648 4944 3845 4995 noster

2158 5020 2338 5076 etiam
2393 5033 2585 5090 nepos
2646 5018 3115 5087 amantissimus,
3175 5018 3560 5078 celsitudinis
3630 5032 3842 5082 nostra:

2160 5106 2668 5178 magniﬁcentiam
2697 5106 3004 5163 humiliter
3033 5107 3200 5175 adiit,
3234 5111 3291 5163 et
3320 5108 3591 5166 auribus
3633 5121 3842 5171 nostra?

2161 5196 2491 5253 serenitatis
2520 5195 2728 5251 devote
2749 5195 3042 5251 intimavit
3070 5194 3327 5268 qualiter
3356 5200 3734 5269 quamdam
3764 5202 3846 5259 ab-

2160 5287 2408 5358 batiam,
2434 5286 2607 5356 cujus
2637 5285 3070 5341 monasterium
3096 5285 3158 5340 in
3183 5286 3512 5344 Parisiensi
3555 5296 3848 5351 comitatu

2162 5373 2502 5437 fundatum,
2536 5374 2599 5428 in
2627 5373 2761 5430 loco
2792 5373 2974 5429 situm
2999 5373 3259 5429 habetur
3307 5375 3415 5447 qui
3452 5378 3847 5450 Latigniacus

2162 5461 2394 5528 dicitur,
2449 5477 2584 5533 quae
2655 5462 2797 5518 olim
2851 5461 3068 5535 amplis
3139 5466 3444 5520 terrarum
3519 5472 3758 5541 spatiis
3808 5472 3849 5522 et

2161 5549 2342 5619 largis
2393 5549 2873 5621 possessionibus
2918 5550 3105 5607 ditata
3158 5550 3489 5624 claruerat,
3525 5558 3648 5614 sed
3686 5574 3848 5634 paga-

2162 5654 2382 5696 norum
2433 5641 2641 5711 postea
2693 5639 3105 5710 persecutione
3157 5638 3472 5699 destructa
3512 5650 3575 5701 et
3620 5650 3848 5721 penitus

2167 5726 2449 5783 destituta
2476 5722 2691 5795 fuerat,
2712 5729 2881 5798 pater
2932 5742 3081 5783 suus
3131 5737 3343 5786 comes
3372 5730 3735 5796 Herbertus
3785 5748 3853 5791 re-
