3892 6388
64 252 174 305 961

1712 240 2015 331 LOMATA.

3406 254 3511 307 962

69 371 467 437 stauraverit,
502 387 569 426 ac
594 370 715 425 suis
748 368 1025 425 ﬁdelibus
1082 368 1449 425 concambiis
1504 365 1748 425 redditis
1778 368 1822 421 A
1861 367 2121 424 ﬁliorum
2137 370 2405 440 Hugonis
2420 370 2577 437 regis
2607 374 2663 426 et
2686 372 3437 446 Henrici,Robertiquoque
3458 381 3515 433 et

14 472 15 475 ‘
70 462 349 517 abbatite
380 460 687 534 propriam
719 462 937 514 terram
966 475 1077 531 pro
1106 463 1271 529 parte
1298 456 1562 512 maxima
1592 454 1753 511 resti-

14 560 15 625 ς
73 552 285 606 tuerit.
315 549 598 605 Przefatus
631 548 807 617 igitur
832 565 1035 603 comes
1069 548 1406 619 Stephanus
1454 544 1755 601 humiliter

72 640 331 714 expetiit
357 644 416 695 ut
446 644 744 711 praecepto
774 642 989 693 nostrae
1018 638 1385 693 auctoritatis
1440 635 1756 692 conﬁrma-

74 748 294 785 remus
326 733 626 802 quatenus
659 733 877 783 terram
910 744 1097 800 quam
1124 732 1293 801 pater
1318 744 1459 781 suus
1489 725 1571 781 ibi
1626 722 1755 780 red-

78 820 240 875 didit
274 820 396 875 sive
419 818 684 884 donavit,
714 818 807 873 vel
834 818 962 890 ipse
987 818 1186 873 adhuc
1210 818 1459 873 daturus
1490 821 1599 883 est,
1652 831 1756 869 seu

79 909 185 965 alii
215 908 468 981 quilibet
493 907 803 962 t‘hristiani
832 912 888 962 et
918 906 1185 962 Ecclesiae
1212 906 1418 961 ﬁdeles
1442 922 1514 961 ex
1566 906 1755 960 dona—

81 999 250 1054 tione
285 998 481 1053 daturi
516 1002 673 1063 sunt,
708 998 863 1052 hanc
894 997 1025 1069 ipsa
1048 996 1548 1051 abbatiatirmiter
1562 1001 1755 1050 tenere

83 1090 231 1145 etin
265 1093 624 1161 perpetuum
654 1088 877 1143 valeret
906 1087 1233 1159 possidere.
1270 1088 1450 1157 Cujus
1477 1086 1756 1159 precibus

80 1179 353 1235 liberiori
382 1178 571 1248 gratia
594 1178 927 1250 praebentes
954 1194 1291 1243 assensum,
1343 1176 1590 1232 consilio
1646 1191 1753 1230 no-

83 1275 355 1324 strorum
410 1268 750 1340 principum
784 1267 1091 1339 nostrique
1143 1268 1310 1335 regni
1363 1267 1752 1339 primatuum,

80 1358 261 1431 quod
292 1357 596 1413 humiliter
625 1357 883 1429 expetiit,
913 1356 1229 1412 efﬁcaciter
1254 1357 1574 1429 impetrare
1623 1371 1755 1427 pro-

81 1446 329 1502 meruit.
364 1446 486 1500 Hoc
509 1445 687 1515 igitur
716 1451 934 1501 nostrae
981 1445 1345 1500 celsitudinis
1393 1448 1754 1517 praeceptum

80 1532 219 1587 ﬁeri
245 1534 556 1603 jussimus,
586 1550 691 1606 per
720 1534 886 1606 quod
916 1534 1298 1607 praecipimus
1326 1538 1503 1606 atque
1556 1532 1746 1586 ﬁrma-

80 1638 230 1676 mus
264 1626 327 1676 ut
352 1621 649 1693 quidquid
680 1622 964 1689 praedicta
993 1622 1235 1678 abbatia
1266 1623 1343 1678 ad
1380 1637 1644 1695 praesens
1670 1625 1753 1674 te-

1863 459 2105 526 Odonis,
2139 460 2217 516 ad
2238 461 2481 516 tutelam
2505 461 2767 533 praedicti
2790 464 3136 519 monasterii
3158 464 3514 520 Miciacensis

1860 549 1975 605 hoc
2006 556 2226 606 nostra:
2255 552 2431 621 regiae
2462 550 2766 621 dignitatis
2799 558 3167 625 praeceptum
3194 553 3513 623 edidimus,

1861 643 1927 695 ut
1966 640 2196 713 absque
2230 640 2349 696 ullo
2370 641 2757 696 incommodo
2784 640 3065 697 fratribus
3120 643 3345 699 ibidem
3399 644 3518 699 Deo

1863 729 2254 786 servientibus
2327 731 2798 787 emolumentum
2875 732 3191 805 proveniat
3236 733 3516 802 salutare,

1863 824 2259 892 nostrumque
2291 821 2453 893 apud
2491 821 2620 875 illos
2669 826 3027 893 perpetuum
3072 827 3340 878 teneatur
3390 840 3519 878 me-

1864 910 2134 965 moriale.
2170 910 2591 966 Przedictorum
2622 910 2799 981 igitur
2825 911 3270 984 privilegiorum
3315 917 3517 968 tenore

1864 999 2258 1065 considerato,
2290 1000 2368 1055 ad
2400 1000 2670 1056 notitiam
2704 1001 3039 1057 futurorum
3066 1001 3291 1075 placuit
3341 1002 3518 1058 nobis

1862 1089 1921 1145 in
1951 1090 2065 1144 hoc
2094 1091 2465 1161 pragmatico
2488 1092 2833 1147 conﬁrmari
2868 1097 2923 1147 et
2954 1092 3230 1147 adnotari
3279 1109 3519 1164 posses-

1863 1179 2058 1234 siones
2097 1197 2231 1252 quae
2262 1180 2320 1235 in
2354 1181 2652 1252 praedictis
2683 1185 2739 1236 et
2760 1181 2819 1236 in
2846 1181 2977 1236 aliis
3044 1197 3257 1251 regum
3285 1182 3520 1255 privile-

1864 1268 1972 1337 giis
2003 1269 2480 1339 continebantur,
2540 1286 2694 1341 quas
2754 1269 3203 1341 praesentialiter
3248 1271 3518 1342 ejusdem

1862 1358 2119 1413 cmnobii
2146 1358 2353 1414 fratres
2383 1360 2571 1429 gratia
2607 1360 2702 1414 Dei
2729 1375 2932 1415 secure
2977 1364 3031 1415 et
3083 1360 3280 1432 quiete
3326 1361 3517 1433 possi-

1863 1448 2023 1503 denL

1936 1538 2094 1592 Prior
2124 1543 2213 1592 est
2265 1536 2487 1592 fundus
2542 1537 2900 1593 Miciacensis
2949 1555 3088 1594 cum
3141 1538 3514 1610 appendiciis

1864 1627 2005 1695 suis,
2047 1632 2104 1682 et
2122 1627 2340 1682 ﬂuvius
2374 1628 2588 1697 Legiris
2620 1633 2675 1683 et
2706 1628 2954 1695 Ligeriti,
2985 1633 3041 1683 et
3061 1628 3123 1683 in
3146 1629 3372 1685 civitate
3404 1634 3518 1685 Au-

80 1727 233 1767 nere
264 1711 550 1781 noscitur,
579 1712 672 1767 vel
701 1712 995 1784 quidquid
1028 1718 1084 1767 et
1113 1712 1394 1785 deinceps
1442 1710 1752 1785 possiden-
1784 1728 1823 1781 B
1861 1716 2175 1772 relianensi
2208 1716 2522 1789 possident
2552 1718 2610 1772 in
2635 1717 2812 1773 alodo
2830 1718 3155 1773 claustrum
3186 1719 3381 1775 Sancti
3409 1722 3520 1775 Ma-

83 1802 243 1857 dum
276 1819 311 1858 a
334 1802 542 1859 Christi
572 1802 850 1858 fidelibus
881 1802 1174 1859 donatum
1232 1804 1423 1871 fuerit,
1468 1804 1602 1874 jure
1660 1802 1755 1857 ﬁr-

84 1891 371 1947 missimo
403 1895 597 1946 teneat
649 1896 829 1963 atque
882 1891 1204 1964 possideat.
1268 1895 1335 1948 Ut
1370 1896 1570 1947 autem
1626 1891 1753 1945 heec

86 1984 315 2035 nostrae
338 1979 703 2034 auctoritatis
735 1979 1056 2051 praeceptio
1085 1980 1409 2036 ﬁrmiorem
1433 1980 1493 2035 in
1528 1980 1624 2035 Die
1648 1996 1755 2034 no-

87 2068 259 2124 mine
290 2068 555 2123 obtineat
581 2068 874 2139 vigorem,
899 2068 1106 2124 annuli
1138 2069 1322 2125 nostri
1362 2070 1755 2143 impressione

89 2157 303 2213 subter
322 2173 456 2213 eam
477 2157 769 2228 jussimus
798 2158 1061 2229 sigillari.

168 2250 380 2302 Actum
406 2247 653 2303 Seuonis
683 2247 938 2315 civitate,
972 2264 1134 2302 anno
1189 2248 1508 2304 Dominicae
1560 2253 1756 2304 lucar-

89 2337 356 2394 nationis
383 2336 699 2392 millesimo
730 2337 1204 2393 decimo-octavo
1234 2342 1331 2409 (9),
1366 2343 1651 2409 regnante
1675 2354 1760 2392 se-

91 2425 412 2481 renissimo
438 2442 575 2495 rege
604 2427 858 2483 Roberto
903 2445 1085 2497 xxxu,
1139 2444 1193 2482 v1
1250 2428 1373 2483 Kal.
1417 2427 1617 2484 Martii.
1676 2426 1756 2482 Si-

95 2531 289 2585 gnum
321 2516 557 2571 Roberti
581 2516 755 2585 regis.
806 2516 1055 2585 Signum
1112 2518 1379 2587 Hugonis
1434 2517 1608 2585 regis.
1671 2516 1756 2573 Si—

97 2621 289 2675 gnum
316 2606 563 2661 Henrici.
624 2606 871 2676 Signum
916 2606 1171 2661 Roberti.
1233 2610 1481 2678 Signum
1532 2605 1753 2669 Letrici,

101 2695 559 2767 archiepiscopi,
596 2695 921 2750 Balduinus
957 2696 1463 2752 subcancellarius
1496 2696 1621 2751 vice
1652 2702 1755 2751 Ar-

96 2783 313 2855 nulphi
382 2784 817 2856 archiepiscopi
846 2784 1022 2858 primi
1046 2786 1382 2841 cancellarii
1411 2785 1757 2855 recognovit

100 2878 282 2945 atque
310 2872 588 2930 ﬁrmavit.

888 2968 973 3020 XI.

102 3053 373 3109 Rotberti
398 3054 982 3125 regis'privilegz’um
1018 3070 1129 3123 pro
1183 3056 1528 3112 Miciacensi
1552 3070 1759 3111 mona-
1798 3086 1837 3141 Ο

836 3145 1036 3199 sterio.

731 3233 925 3304 (Anno
954 3234 1129 3305 1022.)

104 3323 382 3394 [ΜΑΒιιιη
415 3322 646 3378 Annal.
684 3324 928 3391 Bened.,
964 3328 1108 3379 tom.
1153 3327 1240 3395 IV,
1263 3325 1560 3397 Append,
1620 3340 1759 3397 pag.

482 3415 606 3478 706,
634 3428 707 3466 ex
737 3414 978 3469 archivo
1010 3414 1388 3485 Miciacensi.]

180 3502 239 3553 1n
264 3499 507 3554 nomine
542 3506 759 3555 sanctae
793 3506 849 3555 et
877 3501 1137 3556 invidum
1168 3503 1480 3569 Trinitatis,
1512 3504 1762 3556 Borman-

103 3600 207 3640 TUS
238 3585 333 3639 Dei
363 3585 553 3654 gratia
576 3586 937 3641 Francorum
971 3603 1093 3640 rex.

180 3676 259 3728 Ex
290 3674 555 3745 injuncto
582 3675 756 3729 nobis
787 3675 964 3743 regiae
992 3676 1296 3743 dignitatis
1349 3676 1545 3730 officio
1603 3680 1763 3730 tene-

102 3778 242 3818 mur
270 3762 646 3818 monasteriis
692 3763 753 3817 in
802 3779 988 3832 regno
1041 3768 1247 3818 nostro
1305 3763 1637 3818 constitutis
1692 3780 1763 3819 eo

103 3852 287 3908 modo
318 3853 653 3926 providere,
686 3868 811 3923 quo
836 3852 1110 3907 universa
1139 3869 1274 3924 quae
1301 3852 1378 3908 ab
1410 3852 1539 3907 aliis
1580 3852 1763 3908 libere

102 3941 248 4014 ipsis
270 3942 487 3998 collata
517 3947 675 4011 sunt,
710 3946 766 3997 et
793 3958 929 4014 quae
971 3942 1275 4013 possidere
1303 3942 1759 4012 dignoscuntur,

100 4048 180 4089 ne
211 4032 270 4086 in
302 4037 609 4104 posterum
642 4048 821 4103 super
841 4031 933 4086 his
962 4031 1201 4086 valeant
1227 4032 1603 4104 aliquatenus
1632 4049 1761 4089 mo-

103 4122 300 4177 lestari
331 4121 650 4176 liberaliter
670 4120 1116 4176 confirmemus.

179 4211 459 4266 Noverint
488 4211 665 4279 igitur
691 4211 951 4265 universi
978 4211 1143 4283 quod
1164 4215 1515 4268 constitutus
1532 4212 1591 4267 in
1614 4229 1763 4285 prai-

105 4300 294 4357 sentia
323 4306 529 4357 nostra
558 4300 913 4356 venerabilis
944 4300 1253 4357 Odolricus
1311 4303 1652 4375 episcopus,
1708 4308 1764 4358 et

104 4389 375 4447 Albertus
407 4390 598 4446 abbas
628 4390 823 4445 Sancti
880 4391 1179 4447 Maximini
1229 4392 1589 4448 Miciacensis
1647 4393 1761 4449 loci

106 4495 245 4537 cum
271 4479 641 4551 quibusdam
668 4479 950 4535 fratribus
970 4481 1270 4537 humiliter
1289 4484 1585 4555 petierunt
1611 4499 1764 4538 sere-

107 4567 351 4623 nitatem
368 4573 635 4624 nostram
666 4568 941 4626 innovari
961 4570 1070 4625 sibi
1098 4571 1406 4644 privilegia
1427 4573 1709 4644 quzedam
1728 4589 1765 4629 a

106 4656 646 4730 praedecessoribus
679 4659 896 4713 nostris
921 4659 1184 4729 regibus,
1222 4660 1513 4717 Clodoveo
1547 4662 1765 4718 scilicet

105 4745 297 4820 primo
330 4748 693 4803 Francorum
721 4762 859 4817 rege
888 4748 1395 4805 Christianissimo
1454 4756 1510 4805 et
1556 4750 1764 4807 Carolo

110 4838 392 4903 Augusto.
421 4835 584 4904 regia
615 4835 1027 4892 muniﬁcentia
1049 4838 1416 4893 monasterio
1438 4839 1765 4895 Miciacensi

108 4923 353 4988 indulta,
386 4941 646 5008 quorum
678 4924 947 4981 videlicet
971 4925 1418 4998 privilegiorum
1432 4928 1621 4999 sigilla
1643 4946 1765 5001 prae

110 5013 292 5069 nimia
331 5019 624 5071 vetustate
682 5015 856 5071 nobis
904 5016 1239 5071 videntibus
1290 5017 1473 5074 fracta
1528 5020 1765 5090 penitus

110 5104 341 5159 fuerant
362 5110 417 5159 et
446 5109 825 5177 consumpta.
862 5108 1128 5171 Quorum
1160 5105 1423 5177 petitioni
1456 5107 1635 5177 digne
1685 5109 1767 5165 fa-

109 5195 327 5261 ventes,
361 5208 471 5265 pro
503 5194 720 5249 animm
751 5193 941 5249 salute
968 5193 1247 5266 propriae,
1272 5195 1389 5250 mei
1415 5196 1637 5252 scilicet
1662 5200 1769 5254 Ro-

110 5281 257 5337 berti
279 5282 434 5351 regis
465 5286 521 5338 et
550 5284 751 5339 uxoris
779 5299 927 5338 mere
951 5284 1330 5356 Constantia,
1354 5289 1411 5341 et
1426 5290 1768 5343 nostrorum

181 5422 253 5493 (9)
286 5427 492 5500 Annus
520 5424 876 5500 millesimus
893 5426 1164 5500 decimus
1186 5432 1454 5500 octavus,
1478 5430 1573 5485 hic
1606 5436 1770 5487 nota-

112 5500 226 5561 tus,
259 5494 489 5571 primus
518 5500 645 5550 erat
677 5496 938 5571 tlugonis
968 5496 1147 5571 regis,
1172 5494 1574 5571 Botberti'ﬁlii,
1609 5518 1769 5558 anno

113 5565 718 5648 superiqre‘coronati,
739 5565 799 5623 at
810 5565 1098 5648 pondum
1117 5570 1448 5648 tricesimus
1471 5565 1770 5629 secundus

111 5636 297 5716 ipsius
329 5636 561 5716 Roberti
592 5636 769 5716 regis.
810 5643 975 5695 Forte
1006 5640 1065 5695 id
1084 5640 1464 5698 referendum
1480 5660 1587 5716 pro
1614 5662 1769 5701 novo

113 5706 340 5765 c'alculo
371 5709 447 5764 ad
480 5706 711 5765 annum
752 5710 1165 5783 insequentem
1217 5718 1368 5779 1019,
1415 5706 1521 5787 qui
1573 5732 1769 5772 annus

1860 1805 2070 1861 ximini
2100 1806 2178 1861 ab
2210 1807 2375 1861 omni
2406 1807 2713 1861 exactione
2743 1806 2997 1862 liberum
3049 1813 3102 1863 et
3142 1807 3518 1863 consuetudi-

1862 1912 1936 1951 ne
1968 1914 1980 1962 ;
2008 1899 2063 1950 et
2083 1896 2399 1968 cappelam
2449 1896 2509 1951 in
2565 1896 2791 1951 honore
2837 1897 3108 1966 ejusdem
3164 1896 3518 1953 confessoris

1865 1991 2184 2051 sacratam,
2245 1990 2302 2041 et
2345 1986 2737 2057 praebendam
2798 1988 3025 2042 Sanctae.
3102 1987 3301 2043 Crucis
3382 2002 3517 2059 per-

1862 2074 2163 2147 petualem
2188 2092 2201 2141 ;
2236 2078 2291 2128 et
2319 2073 2381 2128 in
2411 2073 2604 2143 burgo
2628 2074 2888 2129 Dunensi
2916 2073 3220 2129 furnulum
3247 2091 3437 2130 unum
3457 2074 3519 2129 in

1864 2162 2064 2231 alodo,
2094 2167 2149 2218 et
2174 2163 2346 2232 juxta
2376 2165 2660 2218 Sanctum
2690 2163 2991 2217 Anianum
3019 2163 3326 2219 abbatiam
3372 2166 3518 2219 San-

1865 2253 1940 2308 cti
1970 2252 2202 2309 Maximi
2235 2258 2291 2308 et
2320 2253 2579 2321 burgum
2627 2253 2801 2323 ejus;
2854 2256 2911 2307 et
2960 2253 3020 2307 in
3071 2252 3265 2323 burgo
3324 2254 3522 2309 Sancti

1864 2342 2078 2398 Aniani
2108 2341 2426 2398 dimidium
2478 2342 2780 2397 furnilium
2842 2342 2902 2397 in
2959 2341 3367 2407 manu-ﬁrma,
3418 2342 3523 2415 qui

1868 2432 2059 2488 reddit
2089 2448 2335 2487 censum
2381 2432 2660 2487 denarios
2698 2449 2755 2486 IV
2811 2436 2867 2487 et
2922 2432 3170 2487 obolum
3223 2432 3284 2487 in
3335 2432 3524 2488 missa

1866 2523 2093 2576 Sanctae
2130 2520 2329 2577 Crucis
2348 2520 2569 2575 mensis
2597 2520 2745 2582 Maii,
2779 2525 2836 2575 et
2850 2521 3024 2590 juxta
3081 2525 3355 2576 sanctum
3406 2525 3520 2576 Do-

1864 2610 2179 2665 natianum
2211 2609 2477 2664 alodium
2511 2625 2698 2663 unum
2735 2627 2747 2676 ;
2780 2614 2945 2663 extra
2970 2609 3267 2664 civitatem
3316 2614 3524 2665 contra

1867 2700 2193 2755 claustrum
2224 2698 2420 2755 Sancti
2453 2697 2748 2753 Maximini
2775 2702 3005 2769 partem
3037 2698 3216 2765 alodi,
3239 2714 3373 2770 qua:
3390 2714 3523 2770 per-

1867 2790 2009 2844 tinet
2040 2789 2118 2843 ad
2149 2789 2349 2861 ipsum
2389 2787 2737 2855 claustrum,
2772 2791 2827 2842 et
2877 2787 3267 2859 praebendam
3323 2788 3521 2843 Sancti

1869 2878 2104 2933 Aniani.
2140 2877 2451 2933 Possident
2482 2876 2659 2931 etiam
2683 2875 2993 2931 ecclesiam
3025 2875 3221 2932 Sancti
3258 2875 3523 2948 Dionysii

1872 2968 1930 3023 in
1961 2968 2138 3023 alodo
2169 2984 2308 3023 cum
2330 2966 2613 3022 omnibus
2644 2965 2723 3021 ibi
2739 2965 3173 3038 pertinentibus
3200 2967 3367 3021 terris
3397 2966 3522 3022 cul—

1869 3056 1940 3112 tis
1963 3061 2019 3112 et
2048 3055 2305 3125 incultis,
2336 3055 2541 3128 pratis,
2572 3054 2838 3129 pascuis,
2871 3053 3076 3122 vineis,
3112 3053 3296 3108 servis
3331 3056 3386 3107 et
3416 3068 3523 3107 an-

1870 3145 2037 3211 cillis,
2062 3150 2118 3200 et
2144 3144 2316 3213 villis,
2349 3144 2409 3199 id
2437 3148 2529 3200 est
2556 3144 2843 3210 Bruerias,
2869 3146 3292 3211 Caventonem,
3349 3140 3527 3197 Albu-

1869 3236 2009 3304 rias,
2042 3234 2348 3312 Asinarias
2371 3238 2427 3289 et
2484 3233 2664 3289 aliam
2716 3237 3072 3305 potestatem
3121 3249 3255 3304 quea
3315 3230 3529 3286 dicitur

1871 3330 2176 3394 Nemesus,
2208 3324 2545 3381 Masnitium
2565 3329 2619 3379 et
2640 3323 3014 3378 Boschellum
3036 3322 3097 3377 in
3112 3321 3524 3387 manu-ﬁrma,

1871 3421 1927 3470 et
1958 3420 2183 3470 curtem
2218 3414 2429 3469 Drcani
2452 3414 2510 3468 in
2543 3413 2722 3468 alodo
2744 3430 2879 3484 quae
2911 3417 2998 3466 est
3026 3412 3087 3466 in
3143 3428 3299 3483 pago
3359 3412 3526 3466 Gast-

1871 3504 2067 3569 nensi,
2099 3503 2235 3557 etin
2263 3518 2420 3573 pago
2446 3500 2851 3556 Aurelianensi
2885 3500 3099 3555 Ulmeri
3131 3499 3335 3553 villam
3388 3515 3528 3553 cum

1871 3591 2151 3646 omnibus
2180 3590 2290 3644 sibi
2320 3588 2773 3662 pertinentibus,
2806 3592 2861 3643 et
2887 3591 3245 3658 potestatem
3289 3587 3525 3641 Audoe-

1870 3681 2094 3752 niputei
2113 3680 2418 3749 (Empuis),
2440 3678 3053 3745 Bitriacum,montem
3082 3676 3527 3747 Guichet,Pyra-

1871 3769 2030 3823 cium
2094 3768 2428 3832 Sarcinum,
2510 3764 3058 3835 Grangioli-villam,
3134 3762 3525 3834 Viviniacum,

1870 3856 2218 3913 Haia-corbi
2245 3861 2301 3911 et
2326 3855 2888 3913 Nocimentum.Has
2902 3857 3223 3927 potestates
3242 3852 3529 3909 Clotarius

1868 3965 1972 4003 rex
2002 3948 2161 4003 ﬁlius
2182 3947 2457 4003 Clodovei
2485 3946 2733 4002 senioris
2754 3946 3038 4018 praedicto
3061 3944 3193 4000 loco
3210 3945 3525 4001 concessit.

1941 4041 2153 4093 Prmter
2208 4038 2338 4094 haec
2400 4042 2600 4094 autem
2654 4036 2967 4109 possident
3015 4034 3309 4107 capellam
3335 4033 3529 4092 Sancti

1870 4128 2173 4186 Maximini
2206 4144 2386 4201 super
2427 4127 2677 4198 Ligerim
2710 4126 2969 4198 positam
3003 4124 3080 4180 ab
3098 4124 3263 4179 omni
3285 4140 3533 4180 consue-

1873 4219 2073 4274 tudine
2106 4223 2162 4274 et
2199 4222 2487 4291 potestate
2519 4215 2991 4271 ministerialium
3016 4219 3362 4269 nostrorum
3388 4212 3531 4268 libe-

1870 4326 2041 4375 ram;
2074 4312 2132 4364 et
2161 4307 2377 4362 vallem
2405 4310 2462 4361 et
2487 4306 2825 4361 Cersiacum
2870 4321 3008 4359 cum
3048 4302 3157 4357 sibi
3204 4301 3529 4374 pertinente

1874 4402 2028 4453 terra
2050 4400 2107 4451 et
2131 4395 2363 4463 silva,et
2388 4394 2594 4449 omnia
2624 4410 2758 4466 quae
2778 4393 2856 4447 ad
2874 4391 3152 4447 eamdem
3178 4388 3381 4444 villam
3402 4404 3532 4461 per-

1877 4487 2062 4542 tinent
2084 4489 2139 4540 et
2162 4487 2315 4539 totas
2365 4483 2590 4555 Spedas
2626 4486 2681 4537 et
2706 4481 3149 4545 Montiniacum,
3182 4477 3530 4533 Vacheriam

1872 4590 2114 4648 quoque
2145 4577 2201 4628 et
2235 4576 2426 4627 totum
2458 4571 2767 4627 Ronedum
2801 4572 2928 4640 [al.,
2979 4568 3313 4637 Rollenum]
3383 4566 3534 4622 sicut

1872 4663 2126 4737 partitur
2157 4667 2313 4717 terra
2344 4660 2541 4717 Sancti
2572 4658 2873 4732 Liphardi,
2907 4663 2963 4713 et
2988 4656 3238 4711 Alenam
3278 4659 3335 4711 et
3364 4655 3534 4711 Boni-

1872 4753 2099 4821 villam,
2125 4757 2179 4808 et
2207 4751 2547 4806 casuarium
2579 4765 2770 4805 unum
2800 4748 2860 4803 in
2892 4749 3152 4804 Sumone
3173 4744 3333 4808 villa,
3361 4749 3417 4799 et
3447 4748 3533 4800 to-

1874 4850 1996 4900 tam
2031 4842 2269 4900 Sivestri
2300 4841 2522 4896 villam.
2560 4844 2673 4895 Has
2706 4838 3086 4911 possesiones
3124 4833 3535 4891 Childebertus

1872 4951 1977 4989 rex
1997 4932 2282 5006 praedicto
2308 4931 2441 4986 loco
2484 4928 2748 4985 contulit.
2802 4927 2989 4983 Habet
3036 4925 3213 4981 etiam
3264 4924 3323 4979 in
3373 4938 3534 4996 pago

1876 5023 2221 5081 Carnotensi
2256 5020 2658 5081 Fraxiuulum,
2694 5023 2751 5073 et
2783 5015 3219 5079 Saumaricum,
3268 5018 3326 5068 et
3382 5011 3539 5095 Cles-

1875 5130 2004 5169 sam
2036 5112 2238 5167 villam
2271 5127 2409 5165 cum
2431 5108 2713 5164 omnibus
2735 5106 2844 5162 sibi
2866 5103 3324 5179 pertinentibus,
3345 5105 3402 5157 et
3427 5106 3538 5157 ter-

1873 5219 2003 5259 ram
2027 5200 2361 5274 quamdam
2385 5199 2443 5253 in
2473 5197 2609 5253 villa
2641 5214 2775 5269 quae
2797 5195 3011 5251 dicitur
3033 5196 3247 5259 Vonas,
3281 5196 3338 5247 et
3366 5190 3537 5248 Mais-

1876 5293 2029 5347 siam
2060 5295 2116 5346 et
2138 5287 2541 5345 Lincomisum
2576 5305 2588 5354 ;
2611 5287 2724 5342 has
2739 5283 3148 5358 possessiones
3167 5280 3540 5351 Dagobertus

1876 5449 2014 5488 xxxr
2036 5431 2295 5505 Rotberti
2327 5429 2552 5505 censeri
2578 5433 2831 5502 poterat,
2865 5443 2937 5482 ex
2952 5443 3084 5505 _quo_
3106 5442 3246 5505 cum
3269 5429 3435 5505 patre
3456 5439 3542 5479 re-

1887 5520 2069 5579 gnare
2088 5498 2611 5579 ccepit.Herbertus
2639 5498 3042 5579 comes,cujus
3072 5498 3177 5579 hic.
3198 5498 3540 5562 mentio,se-

1878 5571 2079 5649 pultus
2096 5571 2257 5629 est—in
2278 5571 3068 5649 Latiniacensimonasterio,
3086 5571 3263 5649 cujus
3276 5579 3537 5649 ossazme

1881 5608 2079 5649 μυιιυο
2096 5608 2181 5629 σοι
2197 5608 2257 5629 ιιι
2279 5608 2667 5629 ιλαιιυιαυῠιιῡι
2684 5608 2977 5627 ιμυιιυισιυι
2991 5608 3068 5637 ιυ,
3086 5608 3177 5639 υιιδ
3192 5608 3257 5623 uo
3276 5608 3415 5623 vanu.
3444 5608 3536 5620 ιιι-ιν

1881 5653 2192 5719 praesente,
2225 5663 2297 5701 ex
2318 5646 2516 5720 veteri
2556 5644 2804 5720 basilica
2826 5715 2840 5720 _
2859 5642 2921 5720 in
2971 5658 3190 5720 novam
3225 5608 3537 5720 translata

1886 5707 2189 5773 suntcum
2214 5717 2595 5788 semesoejus
2622 5714 2947 5789 epitaphio,
2994 5713 3177 5787 lapidi
3222 5707 3531 5777 insculpto.
