3892 6388
381 266 484 326 963

1565 264 1860 322 ROBERTI
1898 250 2099 317 REGIS
2138 260 2590 321 FRANCORUM.
3794 262 3874 315 9e

380 409 487 449 rex
511 389 670 448 dicto
694 391 827 447 loco
856 388 1165 446 concessit.
1195 392 1261 445 Et
1296 389 1357 444 in
1399 405 1557 461 pago
1601 386 1860 444 Eunensi
1909 388 2019 442 ha-
2050 388 2107 458 lA
2135 387 2591 456 monachorum,
2617 385 2720 443 ubi
2740 354 2891 442 inter
2929 402 3141 443 eorum
3170 385 3541 460 propriam
3582 384 3818 442 silvam
3837 403 3873 441 ε’

381 478 528 537 bent
556 480 765 536 cellam
793 481 851 534 in
883 476 1015 535 loco
1041 477 1142 551 qui
1172 478 1387 533 dicitur
1415 470 1839 533 Mons-Letardi
1886 493 2025 531 cum

385 586 544 642 aqua
571 567 826 635 Coneda,
861 566 1236 635 molendinis,
1271 566 1434 633 silva,
1466 566 1672 639 pratis,
1707 566 1872 621 terris
1904 560 2025 619 cul-

385 659 454 714 tis
481 663 536 713 et
562 654 817 727 incultis,
851 658 1114 730 pascuis,
1156 654 1364 722 vineis,
1408 655 1741 727 mancipiis,
1804 654 2023 708 servis:

382 746 536 801 hanc
574 746 785 801 cellam
825 743 1219 801 Theodericus
1250 760 1350 799 rex
1378 760 1451 799 ex
1493 744 1830 799 haereditate
1887 741 2029 813 Lupi

381 833 623 907 pessimi
644 832 813 889 ducis
842 832 1172 891 Miciacensi
1200 831 1333 888 loco
1359 828 1622 887 contulit.
1644 830 2029 888 Combiacum

382 938 623 995 quoque
654 921 964 994 possident
993 938 1064 976 ex
1094 921 1253 975 dono
1279 920 1556 977 Clodovei
1590 918 1837 974 senioris
1894 934 2029 972 cum

383 1010 632 1066 ecclesia
652 1021 709 1066 et
737 1011 1016 1066 omnibus
1049 1008 1160 1065 sibi
1194 1008 1623 1082 pertinentibus
1651 1026 1663 1075 ;
1694 1006 2030 1062 Prunedum

385 1103 442 1154 et
482 1098 787 1166 Berellam,
846 1099 1111 1171 Spinam,
1170 1097 1829 1161 Toscham-rotundam,
1892 1097 2031 1149 Bru-

384 1186 552 1256 lium,
586 1193 643 1245 et
674 1190 921 1244 Boscum
954 1188 1140 1244 sancti
1161 1188 1332 1257 Agili,
1365 1192 1419 1243 et
1466 1188 1696 1243 Brasias
1730 1184 2029 1258 quasdam

380 1276 552 1347 juxta
599 1275 809 1332 silvam
866 1282 1152 1343 nostram,
1204 1293 1338 1349 quae
1396 1275 1610 1331 dicitur
1658 1277 1866 1344 forest,
1930 1274 2029 1329 ubi

383 1368 555 1421 metae
583 1368 723 1420 sunt
747 1365 972 1437 positas.

452 1454 682 1509 Habent
705 1454 948 1526 insuper
976 1470 1047 1508 ex
1073 1453 1235 1508 dono
1268 1453 1499 1525 Pippini
1522 1452 1676 1522 regis
1739 1456 2031 1507 Fontanas

383 1547 438 1598 et
461 1541 763 1599 Malverias
783 1560 917 1615 quae
947 1546 1083 1597 sunt
1112 1542 1173 1597 in
1196 1541 1373 1597 alodo
1404 1546 1460 1597 et
1511 1541 1570 1596 in
1620 1542 2029 1605 manu-tirma,

382 1635 438 1687 et
462 1634 772 1687 Fauvanas
810 1635 866 1687 et
889 1630 1093 1687 villam
1124 1630 1373 1688 Marcelli
1406 1649 1418 1697 ;
1474 1636 1529 1686 et
1580 1631 1849 1687 Chandre
1897 1645 2035 1684 cum

2136 473 2311 531 silvas
2332 475 2629 533 baronum
2653 482 2708 532 et
2730 476 2984 533 militum
3014 482 3378 533 nostrorum
3416 483 3647 534 metae
3678 480 3870 550 posita»

2136 569 2459 634 sunt,omni
2484 573 2747 640 tempore
2776 568 3009 637 glandis
3023 584 3242 640 porcos
3260 568 3629 624 ducentos
3650 568 3866 641 absqua

2137 654 2256 709 ullo
2273 657 2588 727 pasnutico
2605 657 2697 712 vel
2714 656 2917 729 aliquo
2935 657 3173 713 servitio
3210 657 3474 714 habere
3518 658 3665 713 sibi
3697 658 3867 713 liceat.

2206 740 2393 798 Habet
2425 750 2709 815 praeterea
2738 743 2899 799 idem
2931 744 3286 800 coenobium
3314 745 3601 801 multas
3637 762 3868 820 posses.

2138 830 2351 895 siones,
2376 848 2547 903 quas,
2573 833 2715 904 quia
2748 832 2809 887 in
2840 832 3164 905 privilegiis
3195 848 3437 903 regum
3501 832 3865 905 praeceden-

2138 917 2305 984 tium,
2331 922 2385 972 et
2414 920 2769 975 authenticis
2801 920 3157 993 pontiﬁcum
3184 920 3617 977 nominatim
3636 936 3867 993 expre-

2139 1023 2218 1060 sze
2250 1006 2645 1074 continentur,
2680 1008 2740 1063 in
2762 1009 3040 1081 praesenti
3064 1009 3478 1082 pragmatico
3544 1009 3866 1066 notuimu

2139 1095 2430 1151 adnotari.
2459 1099 2573 1152 Nos
2600 1114 2760 1164 vero,
2793 1114 2867 1153 ne
2916 1098 3227 1154 inferiores
3287 1097 3680 1155 videamur
3738 1114 3868 1172 prir-

2139 1183 2307 1239 dictis
2338 1184 2597 1253 regibus,
2631 1184 2924 1242 beneﬁcio
2955 1186 3357 1242 concedimus
3388 1187 3725 1260 praedicti
3764 1205 3854 1242 mc:

2138 1274 2381 1328 nasterii
2404 1273 2704 1344 fratribus,
2728 1276 2881 1329 duos
2912 1275 3231 1331 farinarios
3293 1276 3677 1333 censuales
3734 1276 3867 1332 intr;

2144 1362 2459 1430 Ligeritum
2483 1381 2660 1437 super
2689 1368 2972 1422 Sanctum
2988 1365 3307 1437 Hilarium,
3338 1382 3509 1422 cum
3536 1371 3690 1423 tota
3720 1383 3863 1439 aqua

2140 1450 2240 1505 illa
2271 1466 2455 1523 quam
2478 1453 2640 1508 dedit
2666 1454 2748 1508 eis
2771 1454 2942 1523 Hugo
2970 1454 3161 1523 miles,
3196 1452 3540 1510 solventes
3580 1456 3654 1511 in
3690 1472 3863 1511 censu

2143 1538 2366 1595 solidos
2402 1547 2516 1596 tres
2544 1543 2605 1597 in
2630 1543 2814 1599 missa
2846 1546 3076 1599 Sanctae
3110 1544 3318 1600 Crucis
3362 1545 3642 1600 mensis
3704 1546 3866 1601 Maii:

2144 1631 2200 1682 et
2230 1634 2434 1684 contra
2454 1630 2748 1686 domnum
2772 1635 3085 1687 Mai-tinum
3124 1632 3185 1687 in
3212 1628 3521 1701 Ligerito,
3560 1634 3867 1690 molendi-

383 1720 664 1777 omnibus
687 1720 802 1776 sibi
832 1718 1281 1792 pertinentibus,
1308 1719 1472 1775 terris
1495 1718 1665 1775 cultis
1696 1723 1751 1775 et
1773 1717 2035 1797 incultis,
2076 1736 2115 1793 Β
2147 1732 2257 1771 nes
2282 1717 2433 1773 duos
2464 1736 2534 1773 ex
2556 1720 2797 1792 proprio
2818 1721 2952 1791 jure
2998 1726 3232 1790 nostro,
3285 1738 3448 1776 cum
3519 1738 3718 1796 aqua
3769 1722 3861 1778 sibi

384 1809 566 1865 servis
599 1812 655 1865 et
682 1808 932 1864 ancillls.
2024 1880 2032 1888 ι

452 1899 518 1953 Et
543 1914 614 1953 ex
640 1897 800 1953 dono
833 1896 1111 1952 Ludovici
1137 1894 1511 1970 imperatoris
1537 1902 1593 1953 et
1616 1897 1869 1952 Lotharii
1929 1894 2036 1949 lilil

382 1986 510 2056 ejus
548 1986 770 2042 habent
791 1985 1222 2041 discursionem
1246 1985 1423 2042 trium
1452 1986 1700 2041 navium
1727 2002 1831 2057 per
1849 1984 2039 2040 diver-

386 2090 455 2129 sa
474 2072 707 2146 imperii
730 2075 1004 2143 ﬂumina,
1055 2074 1269 2129 scilicet
1310 2091 1416 2147 per
1476 2075 1747 2142 Ligerim,
1797 2078 2034 2140 (larum,

388 2165 749 2234 Sequanam,
777 2165 1120 2231 Maternam,
1158 2164 1464 2231 Vigenam,
1497 2165 1750 2229 Sartam,
1800 2163 2034 2218 Medua-

384 2264 549 2317 nam,
581 2250 848 2320 Sidilum,
881 2266 989 2322 pro
1017 2250 1383 2322 quibuslibet
1407 2251 1756 2306 monasterii
1789 2252 2036 2306 necessi-

388 2339 632 2407 tatibus,
663 2343 729 2395 ut
755 2355 959 2394 secure
984 2346 1041 2395 et
1067 2339 1248 2394 libere
1275 2339 1358 2395 ire
1390 2346 1445 2395 et
1467 2339 1656 2395 redire
1688 2340 1940 2406 valeant,
1981 2346 2035 2396 et

386 2443 508 2484 non
532 2428 786 2484 reddant
811 2427 1111 2484 teloneum
1158 2428 1250 2484 vel
1301 2428 1485 2485 ullam
1543 2428 2033 2485 consuetudinem

384 2516 652 2590 aliquam
676 2517 1156 2574 redhibitionem.
1224 2520 1287 2574 Et
1345 2534 1419 2573 ne
1470 2518 1749 2591 quislibet
1797 2524 2035 2574 exactor

383 2605 511 2662 ﬁsci
541 2606 614 2663 de
641 2607 822 2663 carris
853 2607 946 2662 vel
975 2608 1215 2662 carretis
1247 2607 1339 2662 vel
1391 2607 1708 2676 sagmariis
1751 2607 1840 2662 vel
1882 2624 2032 2680 quo-

385 2711 621 2769 cunque
650 2696 924 2752 vehiculo
952 2697 1077 2751 sive
1108 2713 1212 2768 per
1241 2702 1459 2752 terram
1494 2697 1611 2751 sive
1658 2713 1764 2769 per
1809 2713 2033 2769 aquam

384 2783 562 2853 facto,
586 2786 675 2841 vel
702 2787 776 2841 de
806 2801 1170 2858 quocunque
1199 2788 1561 2842 commercio
1606 2786 1908 2859 pertinens
1957 2788 2033 2841 ad

382 2875 736 2948 praedictum
756 2874 955 2930 locum
981 2873 1179 2943 exigat
1207 2875 1299 2931 vel
1322 2876 1575 2948 accipiat
1606 2875 1790 2930 ullam
1839 2875 2033 2930 omni-

384 2978 465 3018 no
489 2961 1004 3026 consuetudinem,
1036 2979 1145 3018 nec
1176 2964 1250 3018 de
1279 2964 1646 3036 quibuslibet
1675 2966 1925 3034 negotiis
1948 2965 2035 3019 vel

2147 1807 2495 1877 pertinente,
2526 1810 2609 1863 eis
2638 1809 2698 1863 in
2725 1813 3082 1881 perpetuum
3104 1810 3539 1865 concedimus
3608 1817 3675 1868 et
3738 1828 3859 1867 con—

2146 1893 2477 1951 ﬁrmamus.
2503 1897 2897 1953 Concedimus
2924 1901 3104 1953 etiam
3135 1896 3221 1953 eis
3258 1902 3326 1953 ut
3352 1896 3688 1956 homines
3736 1917 3855 1956 nos-

2148 1984 2429 2039 striliberi
2459 1991 2515 2041 et
2541 1986 2821 2059 servi,qui
2848 1986 3183 2071 pianserint
3210 1987 3309 2042 vel
3337 1987 3597 2046 domos
3630 1991 3851 2047 habue-

2146 2073 2260 2127 rint
2289 2072 2347 2127 in
2383 2073 2546 2127 terris
2567 2091 2796 2143 eorum,
2826 2091 3036 2130 omnes
3068 2075 3312 2147 penitus
3343 2079 3853 2135 consuetudine:

2146 2168 2201 2216 et
2229 2180 2302 2216 ex
2331 2165 2570 2218 nomine
2606 2165 2803 2220 taliam
2835 2165 3373 2237 quemadmodum
3438 2169 3705 2243 proprii
3758 2170 3849 2224 hu-

2145 2250 2335 2305 mines
2366 2268 2573 2305 eorum
2607 2257 2896 2326 perpetuo
2927 2253 3201 2309 reddant.
3234 2257 3305 2309 Et
3338 2254 3517 2312 sicut
3573 2260 3705 2331 piae
3736 2275 3849 2313 me-

2143 2340 2347 2417 muriae
2370 2341 2599 2409 genitor
2630 2347 2829 2396 noster
2848 2344 3015 2411 Hugo
3043 2359 3147 2398 rex
3179 2341 3266 2397 eis
3290 2352 3732 2404 concesserat
3754 2348 3851 2402 sin-

2143 2429 2295 2497 gulis
2326 2427 2722 2484 hebdomadis
2753 2446 2859 2502 per
2885 2448 3069 2486 unam
3099 2430 3342 2488 diemet
3364 2441 3847 2509 noctem,quam

2142 2516 2452 2587 voluerint,
2480 2518 2809 2574 libertatem
2868 2518 3274 2591 perlustrandi
3335 2525 3558 2581 totam
3617 2542 3837 2599 aquam

2142 2606 2325 2661 nostri
2350 2606 2500 2676 juris
2530 2607 2760 2676 Ligeriti
2790 2607 2974 2678 ﬂuvii,
2998 2608 3272 2681 quolibet
3300 2613 3520 2668 modo
3562 2615 3842 2688 piscatio

2142 2696 2254 2759 nis,
2290 2694 2374 2750 eis
2406 2694 2466 2749 in
2489 2701 2844 2767 perpetuum
2863 2697 3258 2753 concedimus
3274 2704 3336 2754 et
3353 2703 3840 2761 conﬁrmamus.

2144 2787 2208 2839 Et
2235 2784 2379 2856 quia
2409 2784 2824 2840 ministeriales
2855 2787 3043 2841 nostri
3083 2784 3588 2848 Aurelianenses
3635 2798 3697 2850 et
3752 2792 3843 2847 mi-

2140 2873 2288 2941 lites,
2318 2878 2373 2926 et
2406 2873 2726 2928 servientes
2770 2874 3042 2929 Landrici
3091 2874 3296 2930 militis
3361 2878 3839 2950 Balgenciacen-

2143 2963 2239 3027 sis,
2272 2967 2329 3015 et
2348 2962 2597 3032 quidam
2629 2962 2749 3031 alii,
2783 2963 2931 3018 sicut
2956 2964 3035 3018 ad
3060 2969 3301 3020 nostras
3353 2984 3563 3024 aures
3628 2973 3835 3043 saepius

386 3050 451 3106 in
477 3049 629 3104 villis
655 3049 749 3104 vel
766 3049 831 3103 in
880 3050 1069 3118 terris,
1131 3051 1251 3105 sive
1282 3052 1340 3105 in
1383 3051 1543 3105 silvis
1597 3055 1701 3106 aut
1748 3051 1807 3105 in
1866 3051 2036 3122 aquis
2069 3087 2107 3140 Ο
2141 3050 2425 3119 pervenit,
2480 3056 2665 3106 terras
2712 3053 2977 3123 praedicti
3034 3056 3393 3111 monasterii
3455 3059 3831 3131 quotidianis

387 3136 655 3211 praedicti
683 3138 1025 3192 monasterii
1051 3137 1222 3192 factis
1279 3138 1675 3209 undecunque
1723 3138 2036 3208 judiciaria

386 3228 652 3299 potestas
682 3223 906 3295 aliquid
927 3224 1159 3295 exigere
1181 3231 1526 3297 praesumat,
1550 3226 1814 3298 aliquam
1845 3226 2035 3291 legem

387 3314 483 3370 vel
512 3313 1005 3369 consuetudinem
1035 3315 1300 3386 accipere
1324 3315 1414 3370 vel
1445 3315 1696 3385 exigere,
1714 3316 1807 3369 vel
1824 3332 2036 3386 quam-

386 3400 531 3457 libet
558 3401 892 3457 molestiam
922 3396 1157 3457 inferre.
1193 3402 1335 3474 Ipsis
1370 3418 1508 3457 vero
1551 3403 1861 3457 monachis
1901 3419 2037 3457 con-

389 3490 754 3557 suetudines,
795 3506 949 3564 quas
1008 3490 1236 3559 volunt,
1298 3490 1422 3546 sive
1455 3491 1512 3546 in
1574 3492 1740 3547 terris
1797 3492 1919 3546 sive
1977 3492 2038 3546 in

386 3580 558 3653 aquis
588 3578 709 3635 suis
737 3596 958 3653 ponere
979 3580 1169 3647 liceat,
1203 3581 1263 3635 id
1285 3584 1395 3648 est,
1452 3580 1739 3636 telonium
1797 3580 1935 3636 salis
1985 3586 2040 3636 et

387 3670 638 3725 aliarum
657 3685 878 3735 rerum,
911 3685 1046 3741 quas
1076 3670 1373 3725 vehantur
1404 3670 1525 3725 sive
1546 3686 1652 3742 per
1674 3674 1891 3726 terram
1918 3669 2039 3725 sive

386 3776 493 3832 per
522 3775 768 3832 aquam,
793 3765 849 3816 et
869 3764 1113 3816 caeteras
1142 3760 1302 3830 leges
1333 3761 1394 3816 id
1417 3765 1506 3816 est
1534 3761 1909 3831 sanguinem,
1944 3776 2038 3815 ra-

388 3852 584 3921 ptum,
616 3848 1028 3920 homicidium,
1052 3850 1416 3917 incendium,
1451 3855 1507 3905 et
1530 3851 1675 3906 alias
1701 3850 1862 3920 leges
1904 3866 2039 3923 quae

392 3934 585 3990 solent
613 3935 853 4001 exsolvi,
887 3936 948 3990 in
980 3937 1101 3991 suis
1134 3937 1301 3992 terris
1332 3938 1649 4010 accipiant.

462 4021 770 4078 Possident
792 4023 970 4079 etiam
996 4039 1067 4078 ex
1087 4024 1247 4080 dono
1260 4026 1449 4083 Caroli
1475 4027 1635 4082 Calvi
1667 4025 2038 4083 Gaudiacum

393 4128 531 4169 cum
560 4110 808 4168 ecclesia
834 4115 890 4168 et
917 4113 1198 4169 omnibus
1229 4114 1339 4170 sibi
1368 4114 1819 4189 pertinentibus,
1870 4115 2039 4171 terris

392 4201 562 4258 cultis
595 4207 651 4258 et
674 4200 933 4273 incultis,
956 4202 1217 4274 pascuis,
1243 4204 1422 4259 servis
1438 4206 1495 4259 et
1534 4206 1760 4261 ancillis
1807 4209 1864 4262 et
1911 4204 2038 4277 qui-

389 4290 651 4347 busdam
679 4290 831 4347 villis
856 4310 868 4358 ;
904 4291 1123 4347 scilicet
1149 4294 1402 4349 Montem
1433 4293 1680 4366 Bellerii,
1710 4297 2035 4365 Patiacum,

391 4378 799 4438 Mauselanum
822 4383 879 4436 et
906 4380 1160 4436 boscum
1181 4383 1283 4455 qui
1305 4382 1518 4440 dicitur
1538 4387 1754 4439 Boscus
1780 4386 1955 4455 regis,
1984 4389 2042 4442 et

388 4470 642 4526 boscum
673 4469 932 4538 Gilfredi,
956 4468 1208 4526 boscum
1239 4472 1417 4530 etiam
1447 4473 1642 4529 Sancti
1674 4473 1943 4544 Marcelli,
1985 4480 2042 4530 et

386 4556 617 4614 brasias
646 4558 945 4632 quasdam
972 4559 1122 4615 inter
1150 4565 1414 4617 montem
1436 4561 1650 4618 Belleni
1672 4567 1728 4617 et
1744 4562 1903 4619 viam
1927 4578 2039 4635 pu-

394 4645 632 4714 blicam,
660 4647 763 4704 ubi
784 4653 956 4704 metas
988 4649 1196 4721 positae
1220 4654 1379 4707 sunt.

462 4739 525 4790 ln
557 4736 863 4792 Secalonia
888 4753 1130 4809 quoque
1179 4737 1361 4794 habet
1390 4743 1614 4794 curtem
1668 4742 2040 4796 Vennensem

342 4856 347 4861 ι
389 4839 527 4878 cum
558 4823 808 4880 ecclesia
832 4829 889 4880 et
918 4824 1200 4879 omnibus
1233 4825 1346 4881 sibi
1374 4826 1825 4898 pertinentibus,
1852 4833 1907 4883 et
1933 4833 2041 4886 Ma-

390 4912 617 4969 cherias
646 4918 702 4968 et
728 4916 951 4969 Mesum
972 4918 1029 4969 et
1055 4914 1401 4987 Brulium,et
1427 4916 1793 4972 Cosdrenam
1826 4918 2038 4974 silvam

387 5018 525 5057 cum
554 5001 766 5058 brasiis
797 5002 1234 5073 adjacentibus,
1258 5008 1314 5059 et
1340 5004 1400 5059 in
1434 5004 1701 5060 Litiniaci
1754 5007 2039 5077 parochia

384 5087 735 5146 farinarium
764 5095 1072 5162 petrosum
1095 5110 1108 5159 ;
1135 5091 1246 5147 has
1271 5092 1684 5164 possessiones
1715 5094 1939 5151 habent
1966 5112 2038 5152 ex

384 5176 549 5233 dono
580 5176 837 5234 Lotharii
868 5179 971 5234 ﬁlii
1004 5179 1279 5236 Ludovici
1304 5180 1704 5254 imperatoris.
1986 5224 1991 5227 Α

459 5265 544 5317 Ex
566 5263 728 5320 dono
757 5271 957 5322 autem
980 5266 1298 5325 Clodomiri
1343 5270 1501 5341 regis
1557 5270 1783 5326 habent
1837 5274 2018 5330 Fonta

388 5349 577 5405 nellas
605 5366 745 5406 cum
772 5354 1055 5410 omnibus
1084 5357 1197 5412 sibi
1222 5358 1674 5430 pertinentibus,
1720 5360 1887 5416 terris
1918 5361 2037 5416 cul-

389 5436 463 5491 tis
491 5441 550 5492 et
575 5436 833 5507 incultis,
863 5442 1127 5512 pascuis,
1159 5445 1322 5513 silva,
1351 5446 1584 5517 brasiis,
1630 5449 1814 5503 servis
1843 5456 1900 5505 et
1930 5466 2037 5504 an-

391 5523 556 5579 cillis.
587 5524 749 5580 Hanc
771 5527 948 5582 etiam
980 5535 1463 5591 communitatem
1492 5537 1717 5593 habent
1746 5554 1817 5593 ex
1875 5538 2037 5595 dono

390 5612 643 5669 Alberici
662 5613 1021 5671 vicecomitis
1043 5621 1494 5696 Aurelianensis,
1521 5633 1583 5683 ut
1604 5643 1711 5699 per
1737 5632 1921 5684 totam
1943 5628 2038 5682 sil-

396 5717 534 5759 vam
555 5718 691 5775 qum
716 5701 954 5774 adjacet
983 5708 1332 5767 Fontanellse
1361 5715 1717 5784 supradictae
1758 5716 2036 5786 potestati

2142 3142 2379 3192 vastant
2402 3139 2648 3209 rapinis,
2679 3145 2734 3194 et
2759 3141 3107 3197 hominibus
3133 3143 3253 3198 illic
3286 3151 3829 3205 commorantibus

2140 3226 2358 3281 multas
2388 3228 2636 3296 injurias
2664 3229 2910 3299 faciunt,
2968 3247 3075 3303 per
3138 3232 3253 3287 hoc
3310 3242 3561 3292 nostrae
3629 3239 3829 3308 regalis

2144 3315 2505 3371 auctoritatis
2539 3324 2903 3390 praeceptum
2930 3319 3401 3378 idomnimodis
3434 3327 3690 3383 amodo
3722 3325 3829 3382 ﬁeri

2145 3405 2552 3476 prohibemus,
2573 3407 2863 3464 Landrico
2891 3409 3073 3465 milite
3095 3410 3647 3485 Balgenciacensi,
3681 3422 3739 3473 et
3784 3416 3833 3469 tio

2144 3492 2233 3547 liis
2261 3495 2388 3563 ejus
2422 3496 2730 3565 Landrico,
2761 3500 2987 3554 Joanne
3014 3504 3068 3555 et
3098 3502 3323 3557 Herveo
3348 3502 3436 3559 ad
3458 3505 3685 3577 ipsum
3711 3521 3833 3562 con-

2147 3583 2558 3651 sentientibus,
2588 3589 2643 3639 et
2671 3602 2875 3641 coram
2930 3587 3106 3642 nobis
3145 3592 3203 3644 et
3250 3590 3563 3649 ﬁdelibus
3624 3594 3831 3651 nostris

2144 3670 2347 3742 palam
2379 3672 2799 3728 conﬁtentibus
2830 3691 2890 3729 se
2918 3676 3034 3731 huc
3060 3692 3256 3749 usque
3296 3678 3561 3737 nullum
3587 3685 3832 3739 omnino

2141 3759 2239 3829 jus
2270 3764 2371 3814 aut
2399 3760 2579 3815 ullam
2610 3763 3108 3819 consuetudinem
3138 3766 3232 3820 vel
3264 3769 3609 3826 servitium
3640 3773 3705 3829 in
3723 3789 3832 3828 om-

2145 3846 2323 3903 nibus
2352 3850 2517 3904 terris
2547 3853 2741 3906 Sancti
2764 3853 3063 3908 Maximini
3093 3854 3185 3909 vel
3206 3855 3586 3916 hominibus
3610 3862 3695 3918 de
3718 3864 3829 3934 jure

2144 3937 2428 3994 habuisse
2460 3939 2553 3994 vel
2578 3940 2799 3996 habere
2822 3941 3059 3998 debere.
3095 3943 3507 4004 Prohibemus
3539 3949 3759 4021 igitur,
3789 3956 3833 4005 et

2145 4030 2487 4086 auctoritate
2517 4030 2680 4099 regia
2706 4032 3087 4105 praecipimus
3109 4034 3375 4091 districte
3407 4043 3478 4093 ut
3502 4039 3574 4096 in
3599 4044 3834 4099 Miciaco

2144 4118 2298 4185 villa,
2331 4124 2387 4173 et
2414 4120 2474 4173 in
2501 4125 2790 4192 potestate
2823 4122 3019 4178 Sancti
3052 4124 3340 4197 Dionysii,
3368 4130 3427 4182 et
3470 4127 3542 4184 in
3603 4132 3837 4206 capella

2148 4207 2345 4263 Sancti
2366 4210 2666 4265 Maximini
2698 4217 2860 4267 trans
2893 4212 3166 4282 Ligerim,
3200 4218 3258 4269 et
3281 4215 3346 4269 in
3380 4218 3765 4288 Cambiaco,
3792 4224 3838 4276 et

2144 4294 2205 4350 in
2254 4297 2575 4367 Gaudiaco,
2624 4301 3095 4369 Monte-Bellerii,
3156 4303 3476 4373 Malvariis,
3560 4311 3835 4368 Canariis

2147 4386 2448 4452 Fontanis,
2483 4386 2922 4455 Villa-Marcelli,
2948 4391 3231 4463 Rosariis,
3264 4396 3542 4451 Asneriis
3568 4398 3643 4455 in
3661 4403 3834 4465 Meso,

2146 4477 2201 4529 et
2230 4474 2289 4529 in
2313 4476 2597 4531 omnibus
2630 4479 3002 4551 appendiciis
3028 4497 3165 4553 quae
3198 4481 3277 4537 ad
3303 4483 3416 4539 has
3440 4485 3635 4543 villas
3670 4492 3838 4563 perti-

2145 4579 2283 4618 nere
2314 4570 2662 4634 noscuntur,
2695 4571 2750 4623 et
2782 4568 2844 4623 in
2874 4569 3004 4624 aliis
3035 4569 3213 4637 villis,
3248 4571 3342 4627 vel
3374 4575 3581 4643 terris,
3612 4580 3719 4635 vel
3747 4581 3838 4636 ho-

2145 4652 2409 4708 minibus
2438 4670 2669 4725 eorum,
2701 4655 2857 4712 ullus
2882 4658 3132 4714 omnino
3162 4659 3683 4723 ministerialium
3744 4684 3840 4725 no-

2148 4746 2426 4809 strorum,
2448 4759 2643 4815 neque
2675 4761 2896 4815 comes,
2921 4762 3117 4819 neque
3156 4748 3405 4819 missus,
3474 4768 3700 4827 neque
3756 4759 3841 4829 ju-

2147 4829 2281 4895 dex,
2315 4836 2418 4886 aut
2452 4832 2696 4901 villicus,
2757 4838 2861 4889 aut
2909 4836 3191 4908 quislibet
3245 4838 3501 4909 publica
3532 4850 3838 4914 potestate

2146 4920 2449 4992 przeditus,
2480 4920 2661 4976 ullam
2720 4925 2967 4979 omnino
3032 4925 3250 4994 legem,
3286 4928 3381 4983 vel
3434 4937 3840 4993 consuetudi—

2147 5024 2306 5079 nem,
2339 5009 2432 5065 vel
2461 5011 2763 5066 servitium
2796 5012 3041 5085 aliquod
3074 5015 3293 5085 exigat,
3337 5017 3432 5071 vel
3495 5021 3712 5081 ullam
3762 5027 3839 5082 in-

2146 5097 2557 5171 quietudinem
2586 5103 2689 5155 aut
2731 5102 3209 5159 contrarietatem
3269 5104 3577 5181 deinceps
3643 5113 3836 5171 facere

2145 5191 2470 5275 praesumat
2502 5205 2515 5254 ;
2544 5191 2646 5242 aut
2664 5187 2999 5261 quidquam
3019 5190 3392 5262 subtrahere,
3422 5202 3538 5252 aut
3553 5199 3837 5275 aliquam

2145 5273 2585 5330 infestationem
2634 5274 2895 5333 inferre:
2958 5278 3063 5333 sed
3118 5278 3293 5336 liceat
3342 5273 3696 5355 praedictis
3739 5293 3841 5349 fra~

2146 5363 2336 5420 tribus
2366 5370 2731 5420 memoratas
2802 5368 3240 5438 possessiones,
3296 5376 3355 5428 et
3406 5378 3642 5434 omnia
3705 5400 3837 5455 quae

2144 5466 2355 5518 regum
2376 5454 2471 5507 vel
2526 5454 2867 5526 principum
2926 5471 3031 5510 seu
3090 5457 3352 5515 aliorum
3399 5454 3837 5533 quorumlibet

2144 5538 2410 5595 ﬁdelium
2436 5541 2834 5610 largitioncin
2885 5551 3247 5617 perpetuum
3307 5549 3520 5622 adepti
3586 5555 3833 5619 fuerint.

2147 5628 2259 5684 sub
2316 5636 2519 5687 nostra
2544 5631 2891 5704 plenissima
2946 5634 3210 5701 tuitione,
3268 5640 3504 5697 nostris
3567 5652 3638 5704 et
3690 5650 3838 5707 futu-

2145 5718 2224 5774 ris
2283 5721 2402 5774 Deo
2449 5721 2799 5792 disponente
2845 5723 3239 5795 temporibus,
3299 5729 3512 5799 quiete
3554 5741 3624 5791 et
3653 5738 3839 5797 libere

2243 5993 2249 5999 _
2338 5956 2371 5985 ο
