3892 6440
85 341 187 391 965

1600 323 2014 383 DIPLOMA'I‘A.

3405 329 3511 388 966

82 457 410 530 possidere.
443 460 509 512 Ut
535 460 735 511 autem
765 456 892 511 haec
925 459 1130 511 nostra
1162 456 1482 512 auctoritas
1511 453 1730 508 certius
1773 475 1812 527 Α
1855 467 1989 506 sum
2021 455 2075 506 et
2109 453 2257 507 sicut
2281 452 2465 508 nostri
2517 454 2798 525 praecepti
2854 454 3199 510 auctoritate
3254 453 3515 511 ﬁrmavi-

83 548 378 612 credatur,
410 551 464 601 et
493 562 527 600 a
557 545 856 613 ﬁdelibus,
889 549 1005 599 Deo
1037 551 1358 613 annuente,
1415 545 1632 598 nostris
1689 547 1744 596 et

84 638 295 692 futuris
328 634 698 706 temporibus
734 635 947 690 melius
975 641 1380 696 conservetur.
1435 633 1608 703 sigilli
1640 649 1742 687 no-

86 727 185 781 stri
214 727 552 780 charactere
585 725 790 780 subter
821 741 954 780 eam
976 726 1273 796 jussimus
1300 724 1589 780 roborari.

161 814 407 882 Signum
441 813 702 868 Rotberti
734 813 906 882 regis.
945 813 1104 884 Sign.
1138 814 1400 884 Hugonis
1447 813 1601 881 regis
1645 811 1744 865 ﬁlii

88 905 366 959 Botberti.
404 903 563 972 Sign.
601 903 831 958 Henrici
892 904 995 958 ﬁlii
1049 905 1304 960 Rotberti
1349 906 1521 974 regis.
1583 903 1740 972 Sign.

91 993 346 1048 Rotberti
379 993 478 1047 ﬁlii
511 993 770 1048 Rotberti
802 994 981 1061 regis.

161 1083 412 1138 Nomina
443 1083 679 1138 testium
713 1102 724 1137 :
763 1083 922 1151 Sign.
956 1084 1222 1138 Tetduini
1258 1083 1470 1148 clerici,
1516 1082 1618 1138 ﬁlii
1651 1087 1749 1138 Be-

88 1171 242 1238 ginze
277 1170 565 1237 mulieris,
595 1172 768 1242 cujus
801 1177 927 1227 erat
953 1172 1334 1227 beneﬁcium.
1385 1174 1544 1242 Sign.
1611 1175 1748 1227 Leu-

83 1262 300 1315 tericus
356 1260 844 1333 archiepiscopus
906 1264 1189 1318 Senonas.
1255 1263 1416 1330 Sign.
1469 1262 1748 1317 Gostinus

87 1349 574 1420 archiepiscopus
609 1350 911 1406 Bituricas.
945 1352 1104 1420 Sign.
1165 1352 1472 1407 Odolricus
1527 1354 1726 1424 episco

87 1453 204 1508 pus
232 1437 579 1492 Aurelianis.
628 1438 786 1507 Sign.
842 1439 1134 1494 Guarinus
1185 1440 1502 1512 episcopus
1561 1439 1750 1494 Helva-

88 1542 224 1593 gus.
260 1526 420 1590 Sign.
449 1529 673 1581 Franco
703 1527 1020 1598 episcopus
1054 1529 1322 1584 Parisius.
1362 1530 1519 1597 Sign.
1552 1544 1752 1584 comes

85 1617 188 1669 lvo
217 1616 290 1670 de
322 1615 729 1672 Bello-monte.
768 1617 926 1685 Sign.
966 1618 1087 1672 Ebo
1131 1618 1320 1673 miles.
1383 1619 1498 1688 Sig.
1553 1617 1754 1673 Guari-

86 1721 204 1759 nus
233 1705 399 1760 miles
423 1705 694 1760 Parisius.
742 1710 902 1775 Sign.
937 1707 1268 1763 Amalricus
1302 1708 1469 1763 miles
1492 1709 1564 1763 de
1599 1711 1755 1763 Mon-

88 1795 338 1850 te-forte.
405 1799 524 1864 Ego
583 1796 908 1851 Balduinus
957 1797 1349 1853 cancellarius
1389 1798 1754 1871 perlegendo

91 1884 443 1957 subscripsi.

161 1978 374 2028 Actum
405 1973 737 2029 Aurelianis
789 1975 1048 2046 publice,
1109 1992 1269 2031 anno
1330 1977 1754 2031 lncarnatioms

88 2063 326 2118 Domini
360 2063 676 2118 millesimo
709 2064 989 2120 vicesimo
1023 2065 1308 2135 secundo,
1328 2065 1494 2134 regni
1516 2065 1756 2121 Rotber-

87 2154 126 2208 ti
161 2153 318 2222 regis
348 2168 528 2219 xxvu,
563 2157 619 2208 et
648 2153 967 2208 indictione
1002 2171 1061 2223 v,
1123 2155 1368 2226 quando
1421 2155 1755 2227 Stephanus

86 2242 518 2297 haeresiarches
549 2247 603 2297 et
635 2243 957 2314 complices
1001 2244 1130 2314 ejus
1178 2244 1446 2298 damnati
1506 2249 1645 2298 sunt
1701 2248 1758 2299 et

88 2333 211 2388 arsi
243 2339 381 2386 sunt
408 2332 738 2388 Aurelianis
770 2336 899 2404 ML,
933 2335 1179 2406 quando
1208 2334 1466 2390 haeretici
1487 2334 1754 2390 damnati

89 2428 236 2479 sunt
263 2423 634 2494 Aurelianis].

881 2517 988 2569 XII.

91 2602 338 2658 Roberti
361 2603 516 2671 regis
539 2603 925 2671 privilegium
949 2619 1066 2672 pro
1097 2605 1344 2659 ecclesia
1384 2604 1446 2659 S.
1481 2605 1752 2673 Martini,

163 2698 400 2763 petente
427 2695 490 2748 S.
526 2694 866 2761 Guittetmo,
900 2694 1112 2750 abbate
1154 2696 1216 2749 S.
1248 2696 1510 2764 Benigni
1553 2696 1754 2750 Divia-

169 2784 389 2837 nensz's.

724 2875 916 2938 (Anno
949 2873 1122 2941 l023).

171 2960 446 3032 [MAEILL.,
481 2960 632 3016 Acta
662 2960 770 3016 SS.
804 2962 1050 3032 Bened.,
1085 2977 1218 3016 saec.
1255 2964 1340 3029 Vl,
1364 2977 1504 3033 pag.
1538 2965 1682 3033 467].

173 3054 235 3104 In
264 3049 508 3104 nomine
535 3054 754 3105 sanctae
793 3055 849 3105 et
891 3050 1211 3106 individute
1260 3051 1572 3108 Trinitatis.
1635 3054 1759 3120 Ego

101 3145 394 3196 Romanis
427 3140 616 3209 gratia
647 3139 745 3194 Dei
780 3143 1140 3196 Francorum
1170 3157 1292 3196 rex.

173 3228 404 3284 Noverit
431 3229 703 3284 omnium
726 3235 944 3286 sanctae
970 3231 1174 3286 matris
1199 3231 1468 3286 Ecclesiae
1492 3231 1759 3288 ﬁdelium

97 3317 413 3387 industria,
448 3323 510 3373 ut
534 3335 800 3391 praesens
833 3319 936 3375 sed
967 3320 1146 3376 etiam
1179 3319 1396 3386 futura,
1431 3321 1597 3392 quod
1637 3321 1763 3393 qui-

96 3409 244 3464 dam
275 3412 477 3463 noster
501 3425 722 3475 comes,
757 3409 1104 3464 Guillelmus
1132 3410 1395 3475 nomine,
1425 3417 1642 3466 nostrte
1680 3428 1766 3466 sc-

97 3496 368 3553 renitatis
400 3497 612 3554 adierit
640 3499 1042 3570 praesentiam,
1074 3515 1296 3568 rogans
1327 3503 1384 3554 et
1413 3499 1632 3555 obnixe
1663 3517 1766 3572 po-

101 3585 339 3642 stulans
365 3591 429 3641 ut
453 3587 788 3658 quamdam
817 3588 1126 3643 ecclesiam
1179 3587 1239 3642 in
1291 3589 1519 3643 honore
1579 3587 1762 3642 sancti

101 3674 332 3732 Martini
357 3680 679 3743 sacratam,
712 3675 772 3730 in
804 3676 1098 3731 suburbio
1130 3675 1428 3731 Belnensis
1482 3675 1659 3731 castri
1694 3674 1765 3729 si—

102 3770 252 3833 tam,
280 3765 423 3820 olim
454 3766 760 3821 abbatiam
804 3765 906 3819 sed
925 3765 1052 3834 jam
1084 3765 1332 3819 omnino
1381 3764 1764 3828 destructam,

103 3870 296 3927 quam
326 3855 504 3911 etiam
529 3856 663 3926 jure
721 3855 906 3909 nostri
948 3853 1221 3909 beneﬁcii
1279 3854 1646 3926 possidebat,
1708 3870 1769 3909 se

105 3942 255 3999 mihi
310 3943 510 4000 liceret
563 3943 822 4012 credere,
881 3959 952 3999 eo
992 3943 1403 3998 conventionis
1457 3948 1658 3999 tenore
1706 3947 1771 3999 ut

106 4034 389 4092 eamdem
422 4035 738 4091 ecclesiam
769 4035 1008 4091 cuidam
1044 4034 1492 4103 congregationi
1538 4034 1599 4089 in
1637 4033 1770 4090 loco

119 4123 477 4179 Fructuarize
504 4124 675 4194 juxta
700 4123 876 4195 Alpes
927 4125 1047 4178 Deo
1098 4123 1446 4193 regulariter
1497 4123 1773 4179 servienti

107 4213 442 4285 quominus
493 4213 864 4268 traderemus
919 4213 1338 4286 perpetualiter
1403 4213 1768 4271 habendam.

112 4303 301 4372 Cujus
332 4303 668 4359 rationabili
700 4307 757 4358 et
785 4304 1014 4359 devotae
1044 4302 1312 4376 petitioni
1342 4303 1596 4360 libenter
1638 4320 1775 4361 con-

111 4392 481 4448 descendere
538 4393 716 4462 volui,
777 4393 1066 4466 quoniam
1113 4393 1306 4449 eidem
1346 4395 1622 4450 coenobio
1646 4396 1775 4466 jam

112 4480 351 4553 pridem
381 4481 715 4553 quamdam
743 4483 1048 4539 abbatiam
1079 4486 1303 4540 Sanctae
1334 4485 1523 4540 Mariae
1580 4485 1639 4539 in
1685 4502 1779 4538 su-

113 4567 338 4623 burbio
369 4570 746 4625 Cabilonensi
777 4573 970 4640 sitam,
1007 4589 1142 4627 cum
1195 4572 1452 4628 Ecclesia
1507 4572 1780 4627 Busciani

116 4661 176 4714 et
205 4657 453 4714 alodum
485 4660 806 4716 Cassiniaci
839 4678 977 4717 cum
1007 4662 1256 4718 ecclesia
1303 4662 1578 4732 ejusdem
1631 4661 1780 4716 villae

115 4764 228 4822 per
257 4750 536 4821 pri-ccepti
564 4750 906 4806 ﬁrmitatem
932 4767 1368 4807 concesseram.
1404 4753 1545 4817 Quae
1576 4751 1782 4808 omnia

118 4837 260 4893 dedi
294 4839 572 4894 instinctu
605 4844 660 4895 et
690 4841 971 4912 petitione
1001 4842 1228 4897 domini
1263 4840 1550 4896 Guillclmi
1600 4841 1782 4898 abba-

119 4929 225 4998 tis,
256 4929 526 5000 ejusdem
559 4929 671 4985 loci
702 4931 1168 4986 Fructuariensis
1209 4931 1404 4986 devoti
1429 4931 1781 4995 fundatoris,

120 5020 554 5075 interveniente
585 5025 640 5076 et
667 5021 1074 5076 subscribente
1107 5021 1378 5078 Gosfrido
1412 5021 1788 5076 Cabilonensi

121 5110 416 5181 episcopo
459 5127 596 5166 cum
628 5112 870 5184 reliquis
918 5111 1212 5184 episcopis
1264 5110 1368 5184 qui
1399 5111 1790 5168 interfuerunt

122 5199 380 5254 concilio
441 5215 634 5273 nuper
692 5201 881 5257 Ariaci
934 5200 1156 5256 habito.
1250 5205 1560 5257 Innotesco
1612 5201 1790 5272 igitur

122 5287 356 5343 cunctis
406 5289 756 5360 praedictam
815 5289 1159 5344 Belnenscm
1218 5289 1530 5345 ecclesiam
1563 5289 1792 5346 Guillel—

123 5392 300 5433 mum
331 5377 610 5432 comitem
641 5378 787 5433 mihi
833 5378 1166 5434 reddidisse
1215 5384 1272 5435 et
1318 5395 1414 5434 me
1472 5395 1605 5435 eam
1659 5383 1792 5435 Fru-

127 5464 450 5521 ctuariensi
481 5466 756 5522 coenobio
781 5467 1056 5532 dedisse;
1090 5483 1232 5535 erga
1263 5485 1444 5539 quem
1471 5468 1670 5524 locum
1704 5474 1791 5525 ta-

125 5555 261 5611 liter
288 5557 505 5609 nostrae
537 5555 965 5611 benevolentiae
993 5557 1365 5613 inculcamus
1396 5558 1695 5622 affectum,
1732 5563 1794 5614 ut

127 5640 482 5712 quicunque
536 5643 596 5697 in
637 5645 802 5699 omni
852 5650 1068 5700 nostr-te
1129 5647 1555 5702 dominationis
1610 5663 1795 5716 regno

128 5746 244 5806 pro
273 5730 683 5805 redemptione
712 5739 1094 5808 peccatorum
1123 5753 1370 5793 suorum
1402 5737 1624 5810 aliquid
1644 5737 1789 5793 inibi

132 5821 407 5879 conferre
432 5823 704 5894 voluerit,
717 5830 934 5884 nostrae
963 5827 1326 5884 auctoritatis
1345 5827 1567 5884 habeat
1595 5842 1797 5884 assen-

1853 556 2010 609 mus,
2043 540 2122 595 ita
2153 541 2327 596 etiam
2362 541 2628 609 Iegaliter
2660 542 2845 597 dandi
2875 543 2934 598 in
2960 548 3267 615 posterum
3296 541 3516 600 haben-

1854 629 1935 684 da
1987 630 2215 702 absque
2265 631 2702 686 declamatione
2754 632 3154 700 decernimus,
3205 635 3262 689 et
3297 634 3517 690 harum

1853 733 2054 773 rerum
2112 720 2570 776 conventionem
2630 721 2837 776 annuli
2894 722 3078 777 nostri
3124 721 3517 794 impressione

1855 807 2088 876 signam
2099 825 2185 863 us.

1925 901 2136 952 Actum
2203 898 2470 964 Avaloni,
2537 913 2697 954 anno
2746 899 3037 956 incarnati
3111 901 3283 957 Verbi
3356 906 3515 974 1023,

1856 992 2141 1056 regnante
2173 988 2426 1044 Roberto
2456 1003 2676 1043 xxxvn.
2713 992 2833 1058 Ego
2869 989 3186 1046 Baldoinus
3230 991 3519 1050 cancella-

1855 1076 1978 1131 rius
2010 1076 2332 1146 relegendo
2359 1079 2706 1151 subscripsi.

2622 1189 2753 1242 XIII.

1858 1291 2127 1346 Rotbertz‘
2171 1292 2324 1362 regis
2375 1297 2744 1361 przeceptum
2798 1308 2912 1362 pro
2944 1296 3302 1350 monasterio
3340 1297 3523 1352 Betti—

2311 1364 2527 1418 montis
2556 1379 2743 1432 prope
2777 1363 3060 1420 Turonos.

2493 1455 2690 1521 (Anno
2725 1454 2902 1523 1022).

1862 1540 2138 1609 [ΜΑΒιι,ι.,
2169 1540 2397 1618 Annal.
2429 1541 2674 1618 Bened,
2735 1541 2992 1618 to_m._lV,
3021 1542 3326 1618 _Append.
3377 1561 3518 1618 pag.

2244 1557 2397 1595 mat.
2429 1557 2674 1605 1381260.,
2735 1557 2876 1596 tom.
2909 1557 2992 1604 iv,
3054 1557 3097 1596 Α

2244 1616 2367 1676 708,
2401 1629 2472 1666 ex
2507 1613 2750 1667 archivo
2784 1615 2837 1668 S.
2873 1557 3140 1684 Martini}?

1937 1721 1995 1772 In
2027 1719 2268 1774 nomine
2301 1723 2519 1774 sanctm
2553 1723 2607 1774 et
2646 1719 2969 1774 individuus
3017 1717 3330 1792 Trinitatis,
3384 1723 3526 1780 Bor-

1796 1820 1834 1872 B
1863 1823 2068 1863 scarus
2100 1808 2200 1863 Dei
2226 1807 2638 1864 misericordia
2663 1824 2784 1863 rex.

1935 1896 1991 1952 Si
2047 1897 2431 1968 petitionibus
2486 1915 2800 1953 servorum
2855 1898 2955 1954 Dei
3000 1913 3109 1971 pro
3157 1897 3528 1972 quibuslibet

1863 1981 2272 2036 ecclesiasticis
2301 1982 2751 2038 necessitatibus
2782 1997 2958 2038 aures
3008 1989 3242 2040 nostras
3283 1983 3526 2058 pulsan-

1864 2069 2009 2124 tium
2068 2070 2317 2126 libenter
2373 2071 2749 2136 assentimur,
2824 2075 2880 2126 et
2932 2070 3010 2127 ad
3053 2071 3267 2128 divinae
3307 2071 3528 2130 militiae

1863 2158 2086 2213 cultum
2121 2159 2179 2213 in
2206 2159 2350 2214 locis
2384 2159 2640 2215 Domino
2668 2159 2876 2214 dicatis
2919 2157 3161 2215 uberius
3188 2159 3530 2218 famulanti-

1861 2248 1977 2302 bus
2009 2248 2297 2303 auxilium
2340 2248 2723 2320 porrigimus,
2773 2247 2830 2304 id
2883 2247 3058 2304 nobis
3088 2247 3301 2322 procul
3345 2251 3530 2308 dubio

1863 2342 1918 2391 et
1949 2337 2025 2390 ad
2051 2337 2372 2393 instantem
2412 2339 2596 2393 vitam
2624 2339 3028 2411 temporaliter
3051 2339 3529 2410 transigendam,

1864 2430 1920 2482 et
1972 2427 2050 2482 ad
2105 2426 2367 2482 futuram
2421 2427 2663 2484 feliciter
2711 2428 3106 2486 obtinendam
3147 2429 3529 2502 profuturum

1864 2515 2246 2570 conﬁdimus.
2285 2521 2500 2571 Notum
2531 2516 2712 2587 igitur
2765 2517 2887 2572 fore
2948 2518 3196 2574 omnino
3253 2519 3531 2592 cupimus

1863 2606 2092 2661 cunctis
2150 2606 2358 2661 Christi
2431 2607 2768 2679 nostrisque
2827 2605 3102 2663 ﬁdelibus
3137 2652 3152 2678 ,
3237 2608 3531 2680 praesenti-

1862 2695 1976 2749 bus
2040 2694 2257 2750 scilicet
2305 2699 2483 2768 atque
2537 2696 2768 2762 futuris,
2827 2696 3116 2770 quoniam
3174 2696 3319 2753 adiit
3377 2713 3526 2753 sere.

1863 2785 2108 2840 nitatem
2139 2785 2325 2839 nostri
2357 2785 2632 2841 culminis
2663 2785 2955 2858 Sulpicius
3005 2785 3421 2842 Subdiaconus
3476 2790 3532 2842 et

1865 2874 2216 2930 archiclavis
2266 2874 2426 2930 Beati
2484 2875 2730 2941 Martini,
2792 2875 3091 2931 humiliter
3143 2875 3441 2945 flagitans,
3475 2879 3534 2931 et

1866 2963 2193 3034 ﬂagitando
2217 2980 2458 3020 summa
2484 2980 2658 3037 prece
2685 2964 3044 3036 deposcens,
3096 2970 3160 3020 ut
3186 2965 3532 3021 auctoritate

1868 3059 2082 3109 nostrae
2104 3053 2519 3126 praeceptionis
2545 3054 2899 3125 juberemus
2917 3059 3288 3127 praeceptum
3306 3055 3436 3110 ﬁeri
3461 3053 3535 3110 de

1801 3177 1841 3231 ρ
1869 3143 1960 3199 his
1979 3144 2136 3199 unde
2150 3144 2277 3214 jam
2293 3149 2660 3216 praeceptum
2680 3144 2863 3200 altera
2878 3145 3006 3199 vice
3020 3145 3146 3200 ﬁeri
3157 3144 3176 3215 j
3188 3161 3535 3200 usseramus

1870 3249 1974 3306 per
2000 3233 2480 3304 deprecationem
2508 3232 2679 3288 bonae
2703 3234 3007 3289 memoriae
3034 3233 3242 3289 Hervei
3271 3233 3455 3288 levitas
3483 3236 3540 3288 et

1871 3310 2220 3378 archiclavis
2234 3322 2392 3378 Beati
2408 3322 2633 3378 Martini
2649 3323 3104 3395 praedecessoris
3118 3323 3389 3393 ejusdem
3400 3319 3540 3378 ﬁde-

1870 3413 1940 3466 lis
1963 3413 2145 3466 nostri
2178 3411 2518 3484 Sulpicii,de
2540 3411 2788 3466 ecclesia
2846 3411 3117 3466 videlicet
3133 3414 3324 3467 Beatae
3346 3410 3538 3468 Mariae

1874 3500 2257 3564 Bellimontis,
2291 3499 2352 3554 in
2384 3515 2507 3570 qua
2537 3499 2809 3568 regulam
2859 3499 3407 3555 sanctimonialium
3448 3517 3541 3556 su-

1873 3589 2178 3661 pradictus
2236 3592 2474 3643 sanctus
2529 3587 2618 3641 vir
2675 3590 2932 3642 Herveus
3000 3588 3353 3658 construxit,
3414 3603 3539 3644 non

1871 3679 2048 3747 longe
2078 3678 2190 3732 sita
2221 3693 2255 3732 a
2284 3680 2476 3732 castro
2507 3676 2691 3748 patris
2717 3677 2905 3731 nostri
2935 3675 3180 3743 Martini,
3230 3693 3370 3732 cum
3415 3693 3541 3732 om-

1875 3766 2052 3821 nibus
2083 3764 2264 3820 rebus
2297 3765 2371 3819 ad
2404 3779 2538 3819 eam
2570 3763 3024 3836 pertinentibus,
3082 3764 3272 3820 vineis
3321 3765 3543 3821 scilicet

1875 3860 1932 3912 et
1961 3854 2177 3926 pratis;
2232 3859 2409 3926 atque
2461 3854 2536 3908 de
2592 3853 2862 3925 quodam
2920 3853 3143 3910 vivario
3197 3853 3544 3911 Malamorta

1876 3946 2245 4016 nuncupato,
2297 3958 2536 3999 necnon
2595 3946 2650 3999 et
2707 3942 2781 3998 de
2825 3941 3140 4016 quodlibet
3168 3941 3541 4017 arpennibus

1877 4035 2211 4101 vinearum,
2235 4048 2380 4106 quae
2411 4032 2665 4088 diversis
2698 4031 2759 4088 in
2788 4031 2935 4089 locis
2961 4049 3149 4106 prope
3182 4031 3544 4090 suburbium

1879 4123 2084 4196 oppidi
2115 4123 2342 4196 praefati
2370 4121 2731 4179 confessoris
2763 4121 2973 4180 Christi
2998 4122 3243 4190 Martini,
3296 4123 3420 4178 sitae
3462 4123 3548 4179 in-

1880 4217 1967 4269 ter
2000 4212 2215 4282 Ligeris
2245 4212 2513 4268 videlicet
2543 4213 2792 4284 Carique
2848 4211 3109 4278 alveum,
3164 4211 3277 4267 hoc
3332 4216 3420 4267 est
3471 4209 3546 4267 de

1880 4302 2067 4357 vineis
2094 4319 2165 4357 ex
2189 4302 2466 4357 thesauro
2495 4317 2702 4373 arpen.
2753 4306 3033 4374 quatuor,
3090 4316 3214 4356 non
3259 4298 3437 4371 longe
3467 4300 3546 4357 ab

1883 4391 2108 4463 oppido
2139 4391 2297 4446 beati
2329 4389 2552 4446 Martini
2583 4406 2652 4444 ex
2683 4393 2852 4460 parte
2895 4389 3024 4445 Cari
3067 4387 3334 4444 ﬂuminis
3369 4407 3382 4456 ;
3443 4393 3549 4444 ter-

1882 4480 2188 4534 minantur
2216 4479 2289 4533 de
2322 4476 2560 4532 duabus
2588 4477 2864 4548 partibus
2891 4476 3081 4549 ipsius
3103 4475 3409 4549 potestatis
3435 4495 3447 4544 ;
3472 4476 3548 4532 de

1885 4568 2052 4623 tertia
2082 4571 2247 4638 parte
2281 4570 2448 4621 terrae
2472 4565 2670 4622 Sancti
2708 4565 2956 4620 Andreas
2988 4583 3000 4632 ;
3057 4564 3130 4619 de
3184 4570 3400 4637 quarta
3451 4565 3551 4620 via

1885 4655 2131 4729 publica
2162 4674 2173 4710 :
2207 4654 2460 4709 reddent
2489 4669 2736 4708 censum
2769 4653 2846 4708 ad
2877 4652 3126 4708 missam
3183 4653 3380 4709 Sancti
3409 4656 3552 4710 Mar-

1889 4745 1992 4800 tini
2018 4743 2335 4800 hiemalem
2367 4742 2572 4798 denar.
2607 4741 2926 4798 sexdecim.
2965 4746 3128 4809 Item,
3157 4742 3232 4796 de
3259 4740 3446 4796 vineis
3477 4758 3551 4797 ex

1889 4835 2171 4889 thesauro
2196 4848 2400 4906 arpen.
2436 4837 2695 4904 quatuor
2726 4831 2785 4887 in
2818 4830 3106 4887 suburbio
3135 4830 3356 4886 castelli
3393 4830 3552 4886 Beati

1848 4948 1849 4951 η
1891 4924 2118 4980 Martini
2144 4940 2216 4979 ex
2245 4927 2411 4996 parte
2443 4923 2729 4992 meridiei,
2759 4922 2861 4978 ubi
2897 4922 3046 4977 ultra
3073 4924 3279 4977 Beram
3311 4920 3547 4977 dicitur.

1891 5015 2306 5070 Terminantur
2343 5014 2417 5068 de
2451 5030 2571 5068 una
2602 5018 2767 5085 parte
2799 5017 2951 5068 terra
3011 5011 3207 5068 Sancti
3265 5010 3549 5080 Venantii,

1893 5106 1965 5161 de
1998 5104 2238 5160 duabus
2271 5109 2425 5160 terra
2455 5103 2763 5159 communi
2787 5102 3058 5170 fratrum,
3111 5099 3183 5157 de
3214 5106 3428 5175 quarta
3456 5101 3556 5158 via

1892 5194 2154 5269 publica.
2189 5194 2457 5249 Reddent
2486 5209 2736 5248 censum
2767 5192 2843 5248 ad
2873 5191 3123 5248 missam
3170 5191 3366 5248 Sancti
3413 5193 3557 5248 Mar-

1895 5285 2000 5342 tini
2029 5283 2349 5340 hiemalem
2379 5281 2515 5338 den.
2551 5281 2871 5338 sexdecim.
2902 5283 3066 5350 Item,
3118 5280 3192 5337 de
3244 5280 3434 5336 vineis
3485 5298 3558 5338 ex

1895 5375 2180 5430 thesauro
2210 5389 2458 5446 arpenn.
2489 5388 2505 5425 ι
2532 5372 2593 5426 in
2624 5371 2914 5427 suburbio
2945 5369 3171 5426 castelli
3219 5370 3376 5426 Beati
3415 5373 3558 5428 Mar-

1899 5465 2100 5521 tiniex
2129 5467 2296 5536 parte
2329 5461 2686 5528 occidentis;
2742 5461 3136 5516 terminantur
3187 5461 3261 5516 de
3320 5460 3558 5516 duabus

1901 5555 2170 5628 partibus
2202 5559 2354 5609 terra
2385 5552 2570 5624 ipsius
2597 5551 2923 5624 potestatis,
2943 5551 3016 5606 de
3049 5551 3219 5607 tertia
3245 5555 3397 5606 terra
3421 5552 3559 5606 San-

1903 5647 1976 5702 cti
2004 5644 2249 5700 Joannis
2279 5649 2333 5699 et
2366 5643 2562 5699 Sancti
2589 5642 2768 5706 Pauli,
2797 5642 2871 5696 de
2895 5646 3110 5715 quarta
3153 5641 3252 5697 via
3295 5641 3555 5714 publica.

1905 5735 2173 5791 Reddent
2201 5749 2452 5789 censum
2483 5731 2560 5787 ad
2587 5730 2837 5788 missam
2868 5731 3064 5789 Sancti
3092 5730 3318 5789 Martini
3339 5727 3558 5784 hiema—

1909 5825 2028 5884 lem
2057 5825 2193 5882 den.
2222 5829 2498 5896 quatuor.
2528 5826 2692 5890 Item,
2716 5822 2790 5878 de
2828 5820 3016 5878 vineis
3050 5836 3122 5877 ex
3169 5820 3443 5876 thesauro
3467 5826 3555 5866 ar-
