3892 6386
387 302 492 358 967

1360 292 1653 347 ROBERTl
1692 286 1893 343 REGIS
1931 284 2351 341 FRANCORUM
2389 282 2811 339 DlPLOMATA.
3790 285 3870 335 96:

390 435 530 495 pen.
563 435 582 471 ι
610 417 671 472 in
699 413 989 469 suburbio
1020 414 1238 469 castelli
1279 414 1432 469 Beati
1462 412 1687 471 Martini
1741 427 1812 466 ex
1871 413 2036 481 parte
2074 415 2119 466 Α
2150 406 2473 474 mavimus,
2523 411 2579 462 et
2634 403 2841 461 annuli
2897 403 3085 460 nostri
3148 403 3618 477 impressione
3681 403 3867 473 signa-

393 505 714 567 occidentis
742 523 755 573 ;
780 504 1170 559 terminantur
1198 504 1270 558 de
1302 520 1423 559 una
1447 508 1614 575 parte
1654 501 1747 556 via
1774 498 2035 572 publica,

394 598 469 654 de
498 595 736 652 duabus
761 598 914 649 terra
943 593 1130 666 ipsius
1157 594 1482 666 potestatis,
1529 592 1603 647 de
1650 594 1863 663 quarta
1888 593 2041 644 terra

396 684 593 744 Sancti
622 682 809 738 Pauli.
838 681 1105 737 Reddent
1133 697 1381 737 censum
1431 680 1510 737 ad
1556 680 1805 735 missam
1848 675 2042 733 Sancti

394 773 619 833 Martini
646 770 969 827 hiemalem
1006 771 1143 830 den.
1176 775 1453 843 quatuor.
1515 774 1678 838 Item,
1735 768 1808 823 de
1858 765 2041 822 vineis

394 880 466 921 ex
496 864 773 919 thesauro
804 876 1010 933 arpen.
1069 876 1127 914 11!
1178 860 1237 915 in
1292 859 1581 914 suburbio
1628 857 1848 913 castelli
1883 854 2043 910 Beati

401 952 630 1012 Martini
683 950 763 1007 ad
819 949 1146 1006 Curaecium
1194 948 1503 1017 maceriae;
1536 949 1927 1004 terminantur
1968 943 2043 999 de

397 1041 633 1097 duabus
659 1039 927 1112 partibus
952 1038 1056 1093 viis
1088 1038 1364 1110 publicis,
1392 1038 1466 1093 de
1505 1037 1745 1109 reliquis
1770 1034 2041 1108 partibus

398 1135 552 1186 terra
580 1132 805 1186 Sanctae
834 1127 1053 1193 Crucis,
1088 1131 1144 1182 et
1163 1132 1332 1199 prato
1365 1126 1558 1183 Sancti
1584 1124 1880 1181 Venantii:
1909 1122 2042 1177 red-

398 1219 541 1275 dent
568 1233 811 1273 censum
857 1216 935 1271 ad
965 1216 1211 1271 missam
1269 1215 1466 1272 Sancti
1512 1214 1737 1271 Martini
1776 1230 1848 1268 ex
1877 1216 2043 1285 parte

397 1305 737 1373 occidentis,
769 1304 1161 1359 terminantur
1189 1304 1263 1359 de
1295 1320 1416 1359 una
1444 1308 1611 1376 parte
1650 1309 1802 1358 terra
1850 1298 2042 1356 sancti

396 1395 619 1453 Martini
647 1395 720 1450 de
747 1393 1028 1463 Portaria,
1068 1393 1143 1449 de
1172 1393 1356 1450 altera
1403 1393 1477 1448 de
1520 1392 1652 1465 ipsa
1701 1390 1963 1447 Portaria
1993 1388 2050 1443 et

396 1490 549 1541 terra
574 1483 770 1541 Sancti
804 1481 1064 1554 Sulpicii,
1097 1483 1170 1537 de
1207 1486 1422 1555 quarta
1451 1481 1545 1536 via
1589 1480 1831 1554 publica
1866 1496 1877 1533 :
1912 1478 2045 1533 red-

2147 496 2369 551 vimus.

2218 584 2550 641 Rotbertus.
2581 588 2703 655 Ego
2730 582 3054 640 Balduinus
3097 582 3555 640 cancellarius
3586 582 3810 653 relegi,
3834 596 3866 637 e:

2150 673 2495 747 subscripsi.

2914 763 3048 817 XIV.

2148 851 2389 909 Robcrtz’
2415 853 2569 921 regis
2599 856 2654 907 et
2684 850 3049 907 Constantia;-
3090 851 3334 921 reginz
3399 850 3661 907 charta
3692 852 3773 908 de
3797 852 3859 906 de

2221 943 2462 997 natione
2485 941 2703 1010 praedii
2723 955 2913 1009 prope
2950 940 3353 1009 Vermen'am,
3382 942 3597 1011 facta
3628 941 3861 998 abbate;

2224 1030 2695 1099 Compendiensi.

2774 1117 2973 1187 (Anno
3006 1118 3188 1189 4029).

2153 1206 2968 1277 [MlaiLL.,Annal.Bened.,
3029 1210 3178 1262 tom.
3240 1207 3334 1273 IV,
3412 1220 3587 1279 pag.
3627 1209 3763 1270 602,
3819 1221 3863 1258 εχ

2771 1294 3198 1366 autographa].

2228 1386 2289 1437 In
2316 1381 2557 1438 nomine
2588 1386 2809 1438 sanctas
2840 1386 2898 1438 et
2922 1381 3277 1450 individuus,
3303 1382 3679 1453 Trinitatis,
3703 1385 3861 1438 Patrr

2156 1476 2212 1526 et
2268 1470 2405 1536 Filii,
2461 1476 2516 1526 et
2568 1470 2815 1543 Spiritus
2869 1468 3080 1535 sancti,
3129 1485 3245 1540 ego
3279 1472 3669 1527 Ronan-res
3700 1472 3861 1540 grati;

396 1573 537 1628 dent
567 1588 815 1628 censum
846 1570 923 1627 ad
953 1572 1203 1626 missam
1236 1571 1431 1628 Sancti
1476 1569 1698 1626 Martini
1730 1567 2047 1624 hiemalem
2158 1559 2253 1614 Ι)Θὶ
2287 1562 2645 1614 Francorum
2669 1575 2793 1626 rex;
2826 1562 2884 1614 εἴ
2909 1561 3268 1615 ΟΟΝΒΤΑΝΤῙΑ
3324 1558 3578 1615 άίνίιῗιο
3613 1564 3775 1615 nutu
3801 1574 3862 1613 F5“

396 1662 532 1717 den.
565 1666 698 1717 tres.
729 1661 893 1725 Item,
939 1660 1014 1715 de
1064 1659 1250 1715 vineis
1298 1675 1370 1714 ex
1397 1660 1682 1715 thesauro
1711 1656 2048 1730 quartarios
2158 1647 2316 1718 gina-

400 1755 511 1806 tres
558 1750 620 1805 in
678 1747 966 1804 suburbio
1015 1748 1236 1804 castelli
1287 1749 1447 1804 Beati
1486 1747 1732 1817 Martini,
1782 1764 1854 1802 ex
1882 1750 2048 1819 parte
2092 1765 2129 1818 Β
2227 1736 2283 1790 Si
2312 1734 2585 1807 ΡΙ*ίωὶῐίνὶ
2617 1734 2841 1789 fructus
2879 1734 3204 1801 charitatiS,
3253 1750 3433 1807 quos
3472 1740 3758 1793 exornat
3784 1735 3861 1789 de-

400 1837 656 1906 orientis,
687 1836 1079 1893 terminantur
1108 1837 1181 1893 de
1212 1853 1334 1892 una
1364 1838 1573 1903 fronte,
1598 1836 1692 1891 via
1722 1852 1857 1908 qum
1885 1835 1937 1889 d1

2325 1822 2588 1892 erogatio
2617 1821 2911 1891 religiosae
2939 1821 3348 1893 liberalitatis,
3388 1823 3485 1880 ad
3521 1824 3654 1881 hoc
3681 1823 3855 1881 emea-

398 1925 460 1980 in
486 1924 718 1993 urbem,
747 1928 803 1979 et
832 1940 903 1979 ex
926 1940 1047 1978 uno
1072 1924 1250 1979 latere
1274 1925 1366 1980 via
1396 1926 1567 1995 cujus
1592 1928 1773 1995 caput
1810 1927 2047 1995 portam

401 2013 597 2069 Sancti
622 2011 838 2067 Juliani
871 2011 1123 2080 attingit,
1155 2013 1228 2067 de
1259 2012 1441 2068 altero
1466 2013 1646 2068 latere
1672 2018 1823 2067 terra
1855 2008 2054 2066 Sancti

404 2100 592 2171 Pauli,
650 2100 723 2154 de
778 2099 961 2154 altera
1016 2104 1214 2154 autem
1268 2100 1458 2155 fronte
1507 2101 1682 2155 alodo
1727 2097 2049 2154 Ademari:

402 2187 654 2244 reddent
682 2203 931 2242 censum
957 2186 1035 2241 ad
1065 2187 1312 2242 missam
1347 2188 1544 2245 Sancti
1573 2188 1795 2244 Martini
1824 2187 2052 2241 hiema-

406 2275 526 2332 lem
554 2274 689 2330 den.
724 2279 971 2346 septem.
1002 2278 1080 2330 De
1119 2275 1301 2330 vineis
1347 2292 1588 2348 quoque
1640 2276 1713 2330 de
1770 2274 2050 2339 Portaria,

407 2380 530 2420 non
557 2362 733 2432 longe
763 2379 798 2418 a
828 2362 1071 2418 castello
1106 2363 1260 2419 Beati
1309 2364 1530 2420 Martini
1578 2381 1649 2419 ex
1689 2368 1853 2436 parte
1882 2361 2052 2417 meri-

407 2453 522 2509 diei
550 2469 755 2525 arpen.
787 2457 1066 2525 quatuor,
1098 2454 1490 2508 terminantur
1514 2470 1585 2509 ex
1614 2452 1852 2509 duabus
1881 2451 2057 2523 parti-

404 2540 518 2597 bus
547 2545 699 2597 terra
728 2540 919 2612 ipsius
951 2540 1278 2612 potestatis,
1335 2541 1407 2595 de
1460 2542 1624 2597 tertia
1676 2546 1828 2596 terra
1859 2539 2053 2595 Sancti

408 2629 690 2698 Venantii,
722 2629 795 2684 de
823 2634 1040 2700 quarta
1069 2628 1266 2685 Sancti
1298 2629 1554 2701 DionySIi
1588 2648 1600 2697 ;
1642 2630 1892 2685 reddent
1915 2644 2051 2683 cen-

408 2735 544 2773 sum
600 2717 678 2774 ad
728 2717 979 2772 missam
1039 2718 1234 2774 Sancti
1294 2718 1518 2774 Martini
1566 2719 1883 2774 hiemalem
1913 2718 2049 2772 den.

408 2806 727 2863 sexdecim.
759 2805 922 2871 Item,
955 2806 1028 2861 de
1058 2806 1242 2861 vineis
1270 2807 1344 2861 de
1389 2807 1648 2863 Portaria
1698 2824 1903 2879 arpen.
1964 2805 2052 2860 di-

407 2896 658 2953 midium
688 2895 751 2950 in
778 2894 1069 2950 suburbio
1100 2894 1323 2951 castelli
1354 2897 1509 2952 Beati
1537 2898 1781 2966 Martini,
1814 2914 1885 2953 ex
1916 2911 2053 2969 par-

409 2988 464 3040 te
513 2982 874 3049 occidentis;
932 2982 1321 3039 terminantur
1370 2985 1445 3040 de
1495 3002 1617 3041 una
1656 2986 1846 3041 fronte
1903 2990 2055 3040 terra

413 3072 640 3163 Sanctae
668 3069 880 3163 Mariae,
911 3085 979 3124 ex
1008 3086 1130 3125 uno
1157 3070 1336 3163 latere
1374 3077 1528 3129 terra
1578 3074 1806 3130 Sanctae
1859 3075 2053 3128 Mone-
2089 3110 2129 3163 Ο

412 3157 653 3230 gundis,
681 3174 754 3213 ex
786 3156 968 3213 altero
993 3175 1132 3214 vero
1159 3158 1336 3216 latere
1363 3164 1418 3216 et
1446 3177 1518 3216 ex
1546 3162 1738 3233 capite
1787 3160 1890 3215 viis
1943 3177 2053 3232 pu-

410 3246 579 3303 blicis
604 3265 616 3314 ;
647 3246 895 3302 reddent
920 3262 1165 3302 censum
1194 3249 1270 3303 ad
1319 3249 1567 3304 missam
1604 3248 1801 3305 Sancti
1832 3248 2057 3303 Martini

411 3334 727 3392 hiemalem
756 3335 894 3392 den.
944 3336 1116 3393 duos.
1170 3340 1248 3393 De
1287 3337 1358 3394 iis
1388 3338 1633 3410 quidem
1662 3336 1944 3394 omnibus
1975 3337 2057 3392 vi-

410 3425 556 3493 neis,
587 3442 738 3498 quas
767 3425 862 3481 hic
891 3443 1026 3482 cum
1059 3426 1180 3482 suis
1218 3426 1735 3482 terminationibus
1759 3426 2056 3482 recensui-

410 3531 565 3581 mus,
588 3514 715 3586 jam
741 3512 1201 3571 ﬁrmaveramus
1226 3514 1537 3588 quoddam
1565 3515 1874 3587 scriptum,
1894 3515 2058 3587 quod

408 3604 568 3660 idem
596 3602 877 3660 dominus
908 3603 1201 3676 Sulpicius
1228 3604 1302 3659 de
1332 3604 1481 3677 ipsis
1507 3603 1634 3659 ﬁeri
1659 3605 1939 3674 jusserat,
1963 3622 2056 3659 as-

410 3708 586 3748 sensu
633 3691 862 3762 Rogerii
900 3690 1113 3747 decani
1155 3695 1213 3747 et
1264 3696 1616 3747 caeterorum
1654 3691 1924 3747 fratrum.
1959 3695 2060 3747 De-

408 3784 685 3853 precatur
731 3795 974 3852 quoque
1004 3796 1162 3851 saepe
1191 3779 1384 3835 dictus
1428 3780 1620 3836 ﬁdelis
1646 3785 1848 3836 noster
1870 3781 2058 3836 domi-

410 3882 525 3922 nus
586 3866 877 3938 Sulpicius
938 3866 1309 3932 archiclavis,
1358 3868 1498 3924 huic
1546 3874 1845 3940 praecepto
1882 3868 2060 3925 inseri

412 3951 723 4027 quoddam
752 3952 934 4009 altare
963 3954 1024 4010 in
1054 3953 1282 4010 honore
1313 3962 1531 4012 sancta:
1562 3957 1753 4013 crucis
1781 3962 1837 4013 et
1874 3958 2061 4014 sancti

411 4042 560 4099 Petri
588 4041 647 4097 in
683 4041 883 4098 medio
913 4041 1175 4097 ecclesias
1200 4042 1531 4100 beatissimi
1588 4046 1813 4102 Martini
1861 4046 2056 4115 situm,

412 4130 517 4188 ubi
542 4136 760 4188 sancta;
788 4129 1094 4187 memoriae
1119 4129 1402 4187 dominus
1428 4134 1690 4190 Herveus
1710 4134 2060 4191 archiclavis

412 4220 737 4278 tumulatus
765 4219 1100 4292 requiescit,
1132 4219 1297 4293 quod
1320 4226 1376 4278 et
1394 4221 1523 4294 jam
1548 4224 1675 4296 ipse
1700 4240 1824 4279 non
1849 4223 2058 4281 imme-

411 4326 544 4367 mor
583 4325 707 4364 sua:
756 4307 996 4378 animae,
1055 4306 1248 4364 eidem
1298 4308 1452 4379 loco,
1504 4313 1735 4369 Sanctae
1792 4313 2063 4370 videlicet

411 4398 603 4456 Mariae
630 4396 968 4453 Belimontis
991 4415 1004 4465 ;
1031 4397 1092 4453 in
1119 4403 1473 4472 perpetuum
1502 4402 1796 4459 concessit
1831 4403 2060 4460 haben-

412 4486 578 4542 dum.
606 4488 701 4541 Est
730 4484 887 4540 enim
913 4485 986 4541 de
1018 4488 1298 4544 thesauro
1324 4490 1479 4545 Beati
1508 4491 1765 4555 Martini,
1797 4507 1867 4548 ea
1904 4492 2063 4548 vide-

410 4574 545 4630 licet
572 4574 700 4644 lege
726 4590 913 4648 eoque
945 4581 1145 4632 tenore
1196 4583 1261 4633 ut
1302 4580 1786 4636 sanctimoniales
1808 4582 2059 4638 Domino

415 4662 758 4734 servientes,
789 4664 1009 4720 amodo
1040 4681 1278 4737 semper
1307 4667 1369 4722 in
1399 4674 1711 4740 posterum
1740 4685 1964 4742 cappas
2006 4676 2062 4727 et

414 4756 625 4808 caetera
653 4757 1007 4808 ornamenta
1037 4753 1193 4807 Beati
1219 4754 1464 4823 Martini,
1515 4759 1698 4827 prout
1742 4758 2057 4827 potuerint,

413 4840 643 4914 absque
673 4840 861 4914 pretio
889 4839 1219 4896 restituant.
1254 4841 1437 4905 Cuius
1461 4858 1573 4898 nos
1598 4843 1939 4915 petitionem
1970 4864 2061 4904 sa-

413 4929 485 4985 tis
514 4928 928 4986 rationabilem
956 4925 1420 4995 considerantes,
1474 4929 1627 4985 votis
1659 4930 1787 5001 ejus
1813 4931 2062 4991 libenter

412 5034 725 5076 assensum
745 5016 1059 5083 dedimus;
1092 5020 1150 5071 et
1176 5020 1299 5071 tam
1319 5015 1394 5072 de
1417 5017 1549 5090 ipso
1577 5017 1744 5075 altari
1773 5037 1955 5093 quam
1986 5024 2060 5080 de

412 5123 595 5180 supra
644 5105 877 5178 scriptis
929 5103 1214 5159 omnibus
1271 5104 1469 5178 rebus,
1526 5108 1641 5164 hoc
1696 5117 2059 5184 praeceptum

412 5194 539 5250 ﬁeri
559 5194 872 5265 jussimus.
921 5192 977 5249 Si
1007 5191 1144 5264 quis
1174 5198 1371 5251 autem
1402 5195 1581 5267 hujus
1608 5203 1826 5255 nostrae
1856 5206 2058 5258 aucto-

412 5280 598 5337 ritatis
654 5282 1024 5353 praeceptum
1077 5279 1293 5338 violare
1357 5286 1807 5358 prmsumpserit
1839 5332 1852 5356 ,
1936 5306 2060 5347 non

415 5368 611 5426 solum
675 5369 738 5424 in
791 5367 1088 5425 oli'ensam
1133 5386 1192 5426 se
1245 5372 1452 5429 Christi
1514 5378 1570 5429 et
1641 5380 1908 5434 nostram
1980 5380 2062 5437 la-

413 5473 614 5531 psum,
666 5473 879 5513 verum
931 5457 1109 5514 etiam
1163 5458 1547 5518 denariorum
1593 5463 1921 5523 solidorum
1965 5485 2061 5525 ex-

415 5545 565 5601 cocti
622 5545 753 5602 auri
810 5561 870 5601 se
949 5547 1179 5603 noverit
1259 5566 1439 5622 poena
1519 5552 1917 5611 multandum.
1994 5561 2062 5615 Ut

414 5638 615 5691 autem
668 5636 798 5691 haec
842 5641 1045 5692 nostra
1101 5640 1418 5696 auctoritas
1478 5640 1874 5699 inviolabilem
1911 5644 2061 5700 obti-

412 5728 552 5782 neat
598 5724 875 5783 eﬂ‘ectum
900 5767 919 5799 ,
976 5741 1166 5783 manu
1223 5743 1360 5785 eam
1406 5732 1613 5786 nostra
1664 5731 1908 5803 propria
1958 5731 2053 5788 ﬁr-

2159 1929 2255 1968 ces
2285 1917 2422 1967 sunt
2450 1916 2506 1966 et
2534 1911 2733 1967 idonei
2765 1916 2829 1967 ut
2851 1910 3092 1967 valeant
3106 1910 3363 1969 ﬁrmare
3394 1918 3659 1971 statum
3685 1915 3853 1985 cujus-

2160 2018 2396 2075 cunque
2427 2000 2690 2067 honoris,
2720 2017 2790 2056 ac
2819 2000 3037 2056 deinde
3076 2008 3555 2074 repraesentare
3618 2004 3849 2077 plenitu~

2159 2092 2360 2147 dinem
2390 2091 2598 2146 futurae
2624 2090 3140 2157 remunerationis,
3170 2091 3524 2150 verissime
3580 2094 3763 2151 decet
3789 2109 3851 2149 re-

2161 2180 2320 2250 giam
2350 2179 2700 2249 dignitatem
2720 2178 2833 2234 illis
2865 2178 3199 2235 redividare
3229 2185 3293 2236 et
3333 2181 3608 2239 affatim
3655 2184 3852 2240 exube-

2159 2285 2308 2332 rare,
2342 2285 2447 2340 per
2474 2284 2627 2340 quos
2659 2284 2781 2322 suae
2804 2267 3111 2338 dignitatis
3140 2268 3658 2340 amplitudinem
3687 2272 3851 2328 valeat

2162 2357 2545 2413 sublimando
2573 2356 2815 2427 erigere,
2840 2361 2896 2412 et
2923 2355 3211 2427 erigenda
3242 2358 3652 2430 sublimare;
3692 2367 3749 2418 et
3778 2361 3849 2415 de

2162 2462 2329 2500 mum
2351 2444 2501 2500 felici
2533 2461 2893 2501 commercro
2931 2449 2989 2501 et
3015 2444 3517 2519 incomparabili
3569 2456 3848 2524 exspecte:

2161 2538 2400 2603 aeterna,
2434 2536 2490 2588 et
2519 2537 2676 2588 certa
2733 2549 2837 2606 spe
2894 2533 3203 2605 possideat
3257 2543 3675 2609 exspectata.
3706 2537 3844 2605 Quod

2159 2621 2522 2677 liberalitatis
2550 2637 2739 2692 genus
2768 2625 2908 2677 tunc
2931 2638 3004 2677 ex
3028 2628 3198 2695 parte
3225 2638 3341 2695 pro
3375 2624 3615 2685 debito
3638 2643 3842 2685 exerce-

2163 2728 2318 2773 mus,
2343 2710 2389 2765 si
2420 2710 2565 2766 locis
2591 2716 2936 2767 sanctorum
2980 2715 3039 2767 et
3076 2714 3700 2783 congregationibus
3730 2716 3842 2772 ﬁde-

2163 2801 2309 2856 lium
2337 2799 2688 2873 temporalia
2725 2800 2887 2856 bona
2918 2799 3189 2857 conferre
3242 2817 3381 2859 non
3439 2804 3838 2879 denegamus.

2163 2894 2228 2945 ut
2256 2893 2420 2945 tanto
2449 2888 2691 2944 liberius
2720 2888 2977 2945 cultores
3029 2888 3390 2948 Christiane
3446 2895 3773 2967 religionis
3803 2900 3838 2948 et

2164 2977 2541 3035 ecclesiastici
2585 2977 2810 3033 ordinis
2858 2976 3077 3033 divinis
3131 2978 3486 3040 inserviant
3538 2986 3835 3049 mandatis,

2163 3073 2390 3141 quanto
2421 3066 2678 3139 amplius
2708 3067 2925 3123 fuerint
2951 3067 3031 3123 ab
3056 3067 3227 3124 omni
3250 3073 3671 3132 necessitatis
3694 3076 3836 3147 impe-

2163 3153 2428 3210 dimento
2481 3154 2759 3211 absoluti.
2825 3160 3163 3213 lnnotescat
3240 3173 3399 3228 ergo
3486 3164 3833 3221 universitati

2167 3249 2386 3299 sanctas
2418 3244 2623 3299 matris
2655 3244 2925 3301 Ecclesiae.
2944 3245 3240 3318 ﬁdelium,
3292 3252 3429 3305 tam
3457 3254 3832 3324 presentius

2162 3348 2350 3405 quam
2393 3332 2571 3388 etiam
2626 3332 2985 3403 futurorum,
3039 3350 3136 3391 me
3186 3340 3244 3392 et
3273 3339 3644 3412 conjugem
3672 3356 3835 3399 meam

2165 3420 2589 3488 Constantiam,
2614 3421 2886 3493 jucunda
2914 3424 3382 3482 conversatione
3434 3430 3609 3486 mihi
3660 3431 3833 3488 adma

2164 3507 2311 3563 dum
2340 3508 2637 3581 dilectam,
2670 3514 2727 3565 et
2754 3510 2817 3566 in
2839 3510 3369 3571 administratione
3400 3532 3636 3575 rerum
3685 3519 3761 3575 ad
3794 3532 3834 3570 sa

2164 3597 2581 3669 pertinentium
2614 3598 2754 3654 satis
2795 3598 2998 3655 utilem
3041 3604 3100 3656 et
3141 3606 3499 3674 strenuam,
3565 3607 3836 3681 praedium

2165 3690 2381 3741 nostra;
2411 3686 2593 3756 regali
2624 3686 2751 3742 sedi
2780 3688 3095 3744 Vermerite
3134 3690 3543 3763 contiguum,
3599 3697 3766 3770 quod
3786 3693 3834 3747 de

2165 3790 2312 3830 auro
2341 3791 2413 3830 ex
2432 3776 2618 3847 patris
2648 3776 2740 3832 sui
2768 3776 2931 3833 dono
2957 3783 3267 3851 asportato
3292 3783 3623 3852 praedicta
3652 3786 3835 3855 conqu

2165 3880 2301 3920 mea
2328 3870 2570 3934 emerat,
2604 3868 2832 3923 Sancte:
2862 3868 3054 3924 Maria:
3102 3872 3643 3943 Compendiensis
3686 3874 3835 3932 eode

2168 3953 2291 4023 sire,
2348 3954 2520 4024 cujus
2577 3954 2805 4011 cultum
2859 3956 3244 4027 singulariter
3302 3966 3550 4032 praeter
3623 3971 3834 4022 caeteros

2166 4047 2508 4099 sanctorum
2538 4043 3029 4116 amplectebatur,
3083 4050 3142 4102 et
3185 4048 3419 4105 sanctis
3480 4054 3837 4127 martyribus

2166 4130 2435 4187 Cornelio
2463 4136 2520 4187 et
2548 4132 2846 4206 Cypriano
2896 4133 2958 4189 in
3006 4134 3225 4191 eadem
3268 4137 3551 4197 ecclesia
3599 4143 3840 4216 requies-

2167 4219 2436 4275 centibus
2455 4221 2755 4277 humiliter
2777 4222 3018 4279 dedisse
3057 4228 3117 4280 et
3144 4223 3366 4282 devote
3391 4227 3550 4299 jure
3584 4230 3838 4305 praetorio

2167 4313 2223 4364 et
2272 4308 2491 4363 forensi
2538 4309 2846 4366 tradidisse
2899 4327 3011 4384 pro
3066 4316 3278 4369 nostra
3321 4313 3771 4378 incolumitate
3805 4322 3839 4373 et

2168 4396 2357 4453 salute
2387 4398 2726 4456 animarum
2748 4405 3115 4471 nostrarum,
3148 4406 3207 4457 et
3252 4402 3363 4460 ﬁlii
3415 4410 3634 4467 nostri
3674 4412 3839 4480 Euge

2166 4486 2258 4542 nis
2288 4531 2301 4556 ,
2374 4487 2501 4558 jam
2573 4489 2742 4559 regni
2814 4489 2963 4546 solio
2995 4532 3009 4556 ,
3088 4495 3431 4565 antequam
3518 4498 3838 4559 decederet

2168 4575 2469 4631 sublimati
2520 4581 2595 4641 et,
2650 4578 2804 4648 proh
2864 4577 3081 4635 dolor!
3135 4580 3360 4637 nostris
3426 4583 3676 4645 diebus
3725 4587 3839 4645 inihi

2170 4663 2402 4735 sepulti.
2432 4666 2513 4720 Ea
2537 4670 2739 4721 autem
2778 4682 2915 4739 quae
2958 4668 3290 4741 respiciunt
3340 4670 3431 4727 ad
3492 4677 3843 4748 praedictum

2169 4752 2460 4826 praedium
2512 4759 2650 4810 sunt
2702 4756 2887 4837 haec“:
2931 4758 3072 4812 Duas
3131 4757 3410 4816 ecclesia
3497 4780 3663 4823 cum
3718 4781 3841 4841 qua-

2168 4848 2301 4898 tuor
2349 4842 2732 4912 molendinis,
2779 4845 3223 4918 quinquaginta
3276 4853 3402 4905 tres
3442 4851 3840 4914 habitatores,

2166 4931 2429 5004 hospites
2458 4949 2595 4989 cum
2625 4933 3028 5007 quadraginta
3052 4941 3317 5008 quatuor
3330 4944 3657 5012 arpennis
3671 4946 3842 5002 vinea-

2167 5038 2321 5091 rum,
2354 5026 2412 5078 et
2440 5039 2578 5079 cum
2605 5023 3007 5096 quadraginta
3025 5030 3082 5081 et
3106 5026 3365 5084 dimidio
3394 5036 3716 5105 arpennis
3740 5050 3842 5109 pra-

2168 5115 2384 5167 torum.
2452 5112 2715 5186 Denique
2765 5113 2917 5169 inter
2971 5114 3239 5187 hospites
3301 5121 3363 5173 et
3438 5129 3717 5182 caeteras
3784 5124 3841 5179 le-

2167 5199 2404 5269 gitimas
2454 5200 2791 5257 exactiones
2845 5201 3145 5275 persolvet
3220 5220 3628 5283 unoquoque
3713 5225 3842 5271 anno

2169 5289 2282 5345 sub
2336 5289 2577 5345 nomine
2631 5306 2848 5347 census
2902 5291 3057 5348 duas
3093 5291 3282 5350 libras
3311 5294 3766 5373 denariorum,
3807 5306 3844 5355 et

2169 5382 2301 5434 octo
2355 5379 2595 5435 solidos.
2651 5380 3026 5437 lncnlcamus
3078 5381 3283 5438 adhuc
3340 5394 3767 5450 numerando
3797 5405 3842 5445 ea

2169 5483 2302 5538 Quae
2356 5483 2495 5523 cum
2545 5466 2767 5540 praedio
2823 5468 3209 5537 contulimus,
3243 5486 3443 5528 unam
3505 5479 3755 5538 scine“

2168 5570 2309 5610 vam
2337 5572 2473 5628 quae
2503 5561 2590 5611 est
2614 5571 2798 5628 supra
2824 5556 3140 5613 ecclesiam
3168 5559 3376 5616 Sancti
3395 5564 3713 5626 Germani
3744 5570 3839 5625 sita

2169 5650 2225 5702 et
2270 5645 2517 5703 alteram
2569 5646 2649 5703 ad
2701 5647 3378 5723 Altum-Monticellum;
3441 5654 3695 5718 deinde
3743 5669 3840 5717 tan-

2169 5737 2300 5792 tum
2328 5739 2496 5792 terra;
2537 5734 2782 5793 culturae
2809 5736 2889 5795 ad
2917 5735 3189 5796 alodium
3228 5742 3640 5820 pertinentis,
3674 5763 3841 5825 quan-
