3980 6426
100 332 176 382 197

1092 325 1254 381 νιτΑ
1294 326 1349 381 8.
1391 326 1828 382 CUNEGUNDIS
1869 326 1985 383 UBI
2033 326 2124 381 DE
2165 327 2219 381 S.
2266 326 2603 383 HENRICO.

3511 332 3615 385 198

95 452 298 504 Domine
327 466 496 516 meus,
528 465 636 504 non
664 464 784 503 mea
822 449 924 503 tibi
956 448 1055 503 sed
1085 451 1183 503 Dei
1217 451 1407 519 potius
1438 453 1516 502 est
1544 449 1788 517 Optanda
1826 451 1871 503 Α
1902 449 2087 503 bonus
2118 448 2261 503 odor
2300 448 2415 503 sint
2441 449 2558 503 Deo
2617 449 2677 502 in
2716 448 2876 502 omni
2908 449 3054 503 loco.
3118 451 3337 505 Revera
3368 468 3501 506 vera
3529 456 3617 506 est

93 541 251 606 gratia
285 555 299 592 :
336 555 502 608 quam
524 545 585 591 ut
607 540 838 607 pleniter
866 538 1110 606 adipisci
1139 540 1420 603 merearis,
1452 539 1625 591 Deum
1665 542 1794 592 time

92 635 128 680 et
149 612 409 679 mandata
429 628 553 694 ejus
588 627 815 680 observa
856 643 870 691 ;
898 641 1015 679 mea
1046 642 1169 679 vero
1214 641 1344 692 erga
1406 631 1455 679 te
1482 629 1665 693 vigere
1693 626 1801 679 de-

92 716 209 767 vatio
236 728 334 767 nec
354 713 521 767 desiit
560 730 655 768 nec
685 713 892 768 desinet
921 713 1240 782 aliquando.
1289 712 1594 767 Enimvero
1656 714 1792 766 visis

92 801 377 855 virtutibus
407 806 464 855 et
490 801 671 872 signis
702 801 788 856 his
819 818 931 872 que
985 802 1198 855 ﬁebant
1236 801 1337 868 ibi,
1397 802 1636 855 collecta
1657 816 1792 855 con-

91 890 161 943 cio
194 890 457 959 gaudens
486 890 777 960 gaudebat
799 890 860 944 in
909 890 1171 944 Domino.
1206 889 1501 959 Siquidem
1555 888 1794 943 tristicia

94 976 432 1046 imperatrici
477 977 910 1032 condolentium
952 994 1117 1030 versa
1166 983 1252 1031 est
1294 977 1354 1030 in
1404 976 1704 1047 gaudium,
1737 983 1794 1030 et

92 1066 339 1135 quicum
398 1064 573 1119 ﬂente
622 1067 921 1134 ﬂeverant,
969 1066 1091 1135 jam
1137 1064 1415 1136 gaudenti
1468 1065 1793 1135 congaudee

96 1157 237 1209 bant.
281 1154 465 1223 Igitur
501 1171 703 1208 omnes
742 1171 878 1208 voce
912 1153 1172 1208 unanimi
1198 1153 1516 1224 gratiarum
1543 1154 1793 1207 actiones

94 1242 340 1295 omnium
394 1243 798 1313 persolvebant
855 1242 1225 1308 dominatori,
1285 1242 1386 1312 qui
1442 1242 1575 1295 facit
1615 1241 1793 1295 mira—

95 1330 216 1383 biles
244 1346 360 1395 res,
393 1332 492 1401 qui
524 1331 620 1402 pia
660 1331 1081 1402 dispensatione
1112 1346 1245 1385 suos
1302 1330 1587 1400 permittit
1641 1335 1790 1385 tem-

95 1418 221 1487 ptari
276 1420 510 1477 electos.
576 1428 639 1474 ut
694 1419 1185 1490 quemadmodum
1236 1423 1513 1483 aromata,
1576 1424 1793 1489 quanto

95 1505 343 1559 subtilius
393 1507 531 1561 trita
557 1508 793 1574 fuerint,
843 1513 1005 1562 tanto
1046 1508 1326 1577 majorem
1381 1506 1631 1560 reddunt
1681 1507 1792 1559 fra-

97 1595 388 1662 grantiam,
427 1596 507 1649 ita
542 1601 599 1650 et
622 1596 789 1650 electi
840 1596 1308 1650 tribulationibus
1339 1595 1562 1666 probati
1587 1594 1794 1649 Christi

580 1899 1009 2021 VITA
1103 1897 1845 2020 SANCTAZ
1936 1896 3110 2021 CUNEGUNDIS

1902 539 2206 605 sententia,
2258 554 2432 608 quam
2495 538 2771 592 Dominus
2828 537 2908 590 ait
2960 553 2973 591 :
3024 538 3154 591 Non
3212 544 3386 608 potest
3422 543 3615 594 civitas

1902 627 2163 681 abscondi
2207 642 2370 695 super
2429 632 2659 681 montem
2708 630 2910 696 posita,
2973 642 3143 695 neque
3188 628 3487 682 accendunt
3540 628 3617 680 lu-

1902 731 2116 770 cernam
2149 715 2367 784 (Matth.
2414 730 2467 780 v,
2504 716 2615 783 14),
2649 721 2707 769 et
2739 722 2948 769 cetera.

1973 804 2088 859 Sub
2123 803 2315 857 modio
2343 803 2527 873 posita
2552 803 2658 857 fuit
2687 804 2892 858 ardens
2926 804 3023 857 illa
3076 803 3327 858 lucerna.

1975 891 2134 945 Hanc
2190 892 2403 945 etenim
2436 896 2675 961 nuptam
2709 891 2871 961 prius
2904 907 3104 944 omnes
3132 906 3253 944 esse
3311 889 3613 959 putabant,

1977 979 2235 1049 Denique
2278 983 2612 1048 corruptam
2665 994 2769 1048 per
2827 978 3184 1032 adulterium
3230 978 3613 1048 reputabant;

1973 1067 2082 1120 Sed
2124 1082 2236 1137 que
2264 1066 2545 1136 virginem
2578 1068 2781 1120 florem
2805 1067 3050 1120 servavit
3096 1067 3156 1119 in
3207 1082 3399 1131 evum,

1973 1155 2200 1208 Judicio
2223 1159 2364 1208 teste
2385 1155 2521 1207 satis
2552 1155 2759 1208 enituit
2788 1155 3110 1208 manifeste.

1972 1243 2137 1307 Quod
2169 1243 2298 1313 pius
2341 1243 2635 1297 Heinricus
2683 1244 2873 1310 fuerit,
2928 1244 3083 1314 quod
3144 1243 3309 1312 virgo
3348 1241 3612 1312 pudicus,

1975 1332 2067 1385 Est
2095 1332 2543 1398 manifestatum,
2609 1332 2742 1385 licet
2800 1332 2952 1385 haud
2981 1331 3155 1385 fuerit
3208 1331 3317 1384 sibi
3347 1335 3605 1401 gratum.

1975 1420 2228 1474 Pessima
2255 1420 2532 1491 ﬁgmenta
2560 1420 2765 1475 Satane
2794 1426 2927 1473 sunt
2962 1419 3327 1474 adnichilata.

1976 1508 2209 1562 Femina
2235 1508 2374 1561 dum
2413 1508 2633 1579 fragilis
2685 1509 2896 1563 Satana
2937 1513 3254 1577 temptante
3313 1506 3611 1578 probatur,

1975 1596 2256 1650 Omnibus
2284 1597 2513 1651 odibilis
2543 1596 2777 1650 zabulus
2803 1613 2907 1665 per
2932 1612 3059 1650 eam
3106 1594 3467 1666 reprobatur.

1374 2120 1843 2159 IMPERATRICIS
1891 2122 1963 2159 ΕΤ
2012 2120 2333 2159 \‘IRGINIS.

129 2264 794 2329 UBSERVATIONES
846 2263 1194 2329 PRIEVUE
1244 2264 1375 2328 UBI
1428 2265 1528 2328 DE
1566 2248 1890 2330 ‘SANCTO
1943 2265 2291 2331 HENRICO
2344 2266 2907 2346 IMPERATORE,
2960 2267 3150 2333 EJUS
3202 2269 3557 2335 CONJUGE

664 2404 845 2474 (Apud
883 2403 1117 2471 Mabill.,
1150 2405 1291 2458 Acta
1321 2406 1417 2459 SS.
1452 2405 1662 2460 ordinis
1692 2406 1745 2460 S.
1783 2406 2076 2473 Benedicti,
2119 2406 2324 2461 Saeculi
2355 2408 2441 2475 VI,
2474 2412 2636 2477 parte
2658 2424 2719 2477 ιι,
2750 2424 2879 2479 pag.
2916 2409 3042 2462 451.

1687 2583 2083 2592 ’Μο-

155 2711 197 2758 1.
228 2708 336 2759 Par
365 2707 592 2760 illustre
618 2707 930 2776 conjugum
955 2704 1124 2759 simul
1157 2710 1215 2758 et
1244 2704 1557 2775 virginum,
1583 2704 1790 2759 Henri-
1832 2706 1870 2758 Β
1901 2704 2177 2775 obsequio
2226 2705 2582 2775 mancipatos
2630 2723 2746 2760 non
2801 2707 2975 2761 modo
3020 2724 3123 2762 sua
3170 2708 3507 2762 auctoritate
3556 2715 3613 2761 et

82 2810 202 2847 cum
232 2796 451 2849 scilicet
471 2795 883 2865 imperatorem
914 2799 971 2847 et
999 2793 1413 2862 Cunegundem
1445 2796 1783 2862 Augustam,

82 2883 192 2950 ejus
220 2900 483 2949 uxorem,
510 2883 717 2936 merito
748 2882 855 2936 sibi
884 2881 1132 2936 vindicat
1163 2880 1305 2935 ordo
1344 2881 1743 2935 Benedictinus
1768 2898 1780 2934 :

78 2987 315 3040 quorum
350 2972 471 3037 ille,
530 2970 859 3025 obedientia
904 2985 1080 3041 quam
1112 2970 1326 3039 regqu
1355 2973 1586 3023 voverat
1618 2970 1786 3023 astri-

78 3066 208 3125 ctus,
262 3062 324 3115 in
390 3060 605 3113 saeculo
665 3074 1014 3125 remanens;
1060 3058 1238 3112 altera
1286 3073 1421 3111 vero
1495 3063 1627 3127 post
1676 3056 1783 3110 viri

74 3150 305 3215 obitum,
356 3154 627 3220 suscepto
677 3148 992 3202 monastico
1057 3147 1279 3211 habitu,
1339 3162 1403 3200 ac
1461 3146 1521 3199 in
1591 3151 1782 3199 sancta

70 3238 498 3292 conversatione
521 3237 581 3291 in
618 3236 969 3291 monasterio
1020 3234 1411 3305 Confugiensi,
1463 3234 1616 3305 quod
1663 3236 1781 3304 ipsa

70 3341 97 3377 τι
135 3326 533 3381 fundamentis
582 3329 863 3390 erexerat,
920 3323 1095 3377 vitam
1150 3323 1381 3388 ﬁniens,
1422 3321 1569 3376 inter
1602 3322 1782 3376 sancti

72 3416 239 3467 Patris
297 3414 599 3469 Benedicti
650 3414 915 3467 alumnos
950 3412 1153 3465 merito
1177 3410 1499 3480 computari
1544 3411 1775 3465 debent.

107 3506 154 3555 2.
188 3505 369 3557 Porro
404 3503 636 3556 animus
697 3517 813 3555 non
861 3506 948 3553 est
996 3500 1087 3552 hic
1146 3500 1216 3553 de
1249 3499 1553 3569 utriusque
1593 3499 1780 3568 majo-

65 3591 210 3643 ribus
244 3609 308 3644 ac
341 3592 703 3645 familiarum
735 3588 1077 3659 antiquitate
1121 3591 1221 3640 aut
1250 3586 1550 3641 nobilitate
1599 3587 1780 3641 disse-

66 3695 201 3746 rere;
238 3698 347 3735 nec
385 3680 568 3734 etiam
603 3694 693 3731 res
747 3679 1005 3748 ipsorum
1063 3676 1123 3729 in
1180 3675 1511 3747 reipublicae
1543 3675 1780 3728 admini-

61 3771 320 3823 stratione
386 3767 624 3838 egregie
671 3772 858 3835 gestas
907 3765 1088 3818 fusius
1126 3780 1411 3835 exponere
1450 3768 1625 3818 vacat.
1663 3765 1777 3817 Hoc

58 3872 249 3928 nempe
283 3859 355 3912 ad
391 3873 503 3911 eos
544 3856 645 3925 qui
682 3853 927 3909 Romani
956 3853 1185 3922 imperii
1216 3852 1524 3905 annalibus
1554 3852 1775 3905 descri-

58 3946 243 3999 bendis
272 3944 635 4000 incumbunt
662 3943 927 4013 pertinet,
962 3941 1249 4011 quodjam
1281 3939 1523 3994 amultis
1547 3940 1773 3994 abunde

55 4036 369 4101 praestitum
402 4039 517 4087 est.
552 4031 725 4085 Nobis
746 4030 939 4101 itaque
969 4029 1103 4082 satis
1164 4028 1274 4082 erit
1321 4044 1773 4082 commemorare

52 4136 109 4172 ea
138 4123 349 4191 quibus
370 4126 583 4175 noster
613 4118 755 4172 ordo
802 4117 914 4187 piis
942 4118 1056 4171 illis
1101 4116 1461 4187 principibus
1509 4116 1773 4171 astrictus

52 4217 145 4272 est,
172 4213 465 4280 praeclara
500 4208 715 4262 scilicet
766 4211 822 4260 et
860 4205 1144 4259 immensa
1199 4204 1476 4259 beneﬁcia
1515 4220 1645 4276 quas
1686 4221 1772 4258 or-

48 4298 156 4351 dini
223 4298 618 4353 Benedictino
697 4295 1063 4349 contulerunt
1112 4314 1127 4359 ;
1186 4298 1286 4348 aut
1334 4293 1569 4364 egregia
1625 4293 1773 4347 facta

48 4386 245 4457 piaque
297 4403 494 4459 Opera
557 4384 765 4455 quibus
812 4382 1081 4436 eumdem
1127 4382 1579 4437 illustraverunt.
1632 4382 1772 4435 Hinc

46 4476 181 4529 beati
224 4476 470 4532 Henrici
529 4473 717 4526 Vitam
764 4473 1018 4542 proferre
1068 4470 1179 4524 huc
1227 4472 1509 4539 integram
1585 4469 1769 4523 visum

44 4578 148 4616 non
204 4572 291 4617 est
350 4578 564 4633 operae
612 4561 885 4630 pretium,
936 4558 1093 4629 quod
1165 4558 1347 4611 multa
1401 4556 1690 4611 contineat
1738 4574 1771 4610 a

42 4660 224 4707 nostro
274 4654 566 4708 instituto
600 4664 835 4720 prorsus
865 4648 1073 4701 aliena.
1120 4648 1341 4701 Sanctae
1402 4662 1534 4699 vero
1589 4645 1770 4715 ipsius

38 4742 287 4811 conjugis
320 4741 549 4803 Vitam,
608 4735 855 4806 qualiter
884 4752 917 4789 a
964 4735 1226 4789 Gretsero
1281 4740 1339 4786 et
1397 4731 1666 4785 Bollando
1696 4730 1769 4785 ad

41 4829 178 4882 diem
215 4832 244 4884 3
280 4827 481 4884 Martii
549 4824 704 4878 edita
736 4829 839 4887 est,
882 4822 967 4883 ad
1012 4822 1321 4875 nonnullos
1372 4822 1592 4873 codices
1640 4835 1769 4872 ma-

44 4918 353 4988 nuscriptos
416 4914 706 4969 collatam
749 4910 897 4964 infra
937 4909 1224 4975 dabimus,
1278 4911 1479 4978 utpote
1510 4908 1767 4978 comple-

42 5012 269 5060 ctentem
304 5021 374 5059 ea
402 5003 539 5057 fere
592 4996 961 5053 solummodo
1002 5011 1131 5067 quae
1166 4996 1282 5066 egit
1328 4996 1387 5048 in
1415 4995 1767 5049 monasterio

42 5094 423 5165 Confugiensi,
478 5089 590 5144 ubi
643 5091 771 5158 post
819 5089 1115 5156 peractum
1166 5084 1226 5138 in
1279 5084 1410 5137 vitae
1482 5083 1766 5154 religiosa

41 5184 306 5237 exercitiis
351 5181 601 5250 aliquot
659 5189 945 5229 annorum
1005 5172 1380 5238 curriculum,
1437 5170 1661 5225 vivendi
1693 5170 1767 5225 ﬁ-

42 5289 157 5325 nem
187 5272 418 5326 habuit.

100 5364 145 5415 3.
180 5364 465 5417 Henricus
502 5357 708 5423 itaque
743 5365 773 5404 e
806 5350 1055 5404 Bavaria'.
1085 5348 1247 5414 duce,
1274 5352 1402 5418 post
1431 5346 1655 5401 Ottonis
1687 5346 1762 5399 Ill

42 5452 388 5519 imperatoris
437 5444 685 5500 obitum
734 5439 919 5494 Caesar
962 5454 1112 5492 anno
1165 5438 1301 5490 l002
1340 5441 1586 5501 creatus,
1620 5434 1762 5487 nihil

44 5540 312 5611 aU!quillS
348 5533 571 5593 habuit
633 5543 809 5601 quam
860 5530 923 5581 ut
982 5525 1286 5580 Ecclesiam
1342 5524 1607 5594 virosque
1663 5520 1761 5576 Dei

1812 3985 1852 4038 C

1898 2793 2255 2864 protectione
2322 2794 2561 2858 foveret,
2615 2794 2715 2848 sed
2772 2795 2947 2849 etiam
3014 2801 3078 2849 ut
3126 2796 3291 2849 bonis
3346 2796 3611 2849 omnibus

1895 2882 2197 2936 affluenter
2249 2882 2517 2949 dotaret;
2560 2899 2675 2953 qua
2705 2882 2765 2937 in
2819 2899 2879 2937 re
2913 2884 3327 2955 Cunegundem
3390 2886 3605 2939 nedum

1896 2969 2256 3038 adjutricem,
2293 2969 2388 3022 sed
2414 2974 2470 3022 et
2516 2969 2890 3023 incitatricem
2951 2970 3219 3037 habebat,
3254 2976 3448 3042 utpote
3479 2988 3610 3042 quae

1898 3074 2012 3111 non
2035 3057 2245 3112 minori
2275 3058 2462 3111 studio
2494 3074 2558 3111 ac
2598 3058 2777 3128 ipsius
2814 3060 3023 3128 conjux
3069 3060 3139 3113 ad
3167 3075 3234 3114 ea
3264 3077 3392 3131 quae
3426 3061 3607 3115 Deum

1893 3147 2246 3217 spectabant,
2296 3146 2560 3200 ferretur.
2595 3146 2736 3200 Hinc
2792 3147 3155 3217 episcopatus
3190 3156 3290 3202 aut
3338 3149 3407 3202 de
3455 3166 3606 3203 novo

1893 3237 2091 3305 erecti,
2122 3241 2221 3289 aut
2248 3234 2519 3301 restituti,
2578 3240 2677 3289 aut
2736 3243 2887 3290 certe
2945 3236 3106 3290 novis
3146 3238 3608 3307 possessionibus

1893 3325 2099 3378 abillis
2141 3324 2367 3378 adaucti
2418 3323 2632 3395 passim
2676 3329 3092 3380 memorantur.
3146 3326 3379 3380 Nullum
3429 3326 3608 3381 ferme

1888 3414 1998 3466 fuit
2023 3413 2109 3466 his
2148 3412 2507 3483 temporibus
2532 3413 2589 3466 in
2620 3412 2867 3483 imperio
2900 3414 3157 3468 Romano
3188 3415 3607 3469 monasterium

1891 3502 2047 3572 quod
2074 3517 2275 3555 eorum
2300 3500 2679 3555 beneﬁcentia
2707 3506 2807 3555 aut
2838 3508 3225 3556 restauratum
3258 3519 3374 3556 non
3406 3504 3599 3569 fuerit,

1889 3596 1990 3644 aut
2021 3590 2081 3643 in
2110 3589 2227 3642 suis
2257 3588 2718 3658 possessionibus
2760 3590 3168 3644 conﬁrmatum
3229 3595 3287 3644 et
3318 3592 3477 3644 novis
3506 3607 3605 3644 cu-

1889 3679 2193 3732 mulatum.
2238 3677 2455 3730 Enituit
2484 3694 2619 3730 sane
2650 3677 2801 3730 inter
2851 3678 3129 3747 praeclara
3178 3694 3382 3732 eorum
3430 3695 3606 3749 opera

1891 3765 2434 3833 Bambenbergensis
2487 3765 2848 3834 episcopatus
2901 3766 3135 3832 erectio,
3194 3782 3297 3837 pro
3366 3783 3479 3838 qua
3541 3784 3600 3822 re

1887 3868 1991 3905 nec
2020 3853 2342 3923 sumptibus
2368 3858 2767 3923 pepercerunt,
2824 3870 2929 3907 nec
2970 3853 3283 3920 laboribus,
3335 3856 3437 3926 qui
3469 3872 3604 3909 sane

1885 3941 2055 3994 multi
2101 3941 2355 4006 fuerunt,
2400 3946 2526 3994 tum
2564 3961 2594 3994 a
2644 3942 3103 4012 Wirceburgensi
3157 3943 3448 4015 episcopo,
3503 3945 3604 4016 qui

1885 4045 2037 4099 {egre
2069 4029 2303 4095 ferebat,
2334 4029 2594 4083 dimcesis
2652 4046 2769 4083 suae
2801 4036 3023 4099 partem
3076 4031 3146 4086 ab
3206 4032 3450 4086 Ecclesia
3495 4033 3603 4087 sibi

1882 4116 2188 4170 commissa
2207 4117 2422 4183 divelli,
2454 4122 2577 4170 tum
2605 4117 2674 4171 ab
2709 4118 2846 4188 ipsis
2905 4118 3022 4172 suis
3068 4120 3516 4187 consanguineis
3543 4127 3599 4173 et

1883 4204 2266 4275 principibus,
2291 4206 2391 4276 qui
2420 4222 2487 4260 ea
2518 4206 2729 4276 specie,
2764 4206 2919 4276 quod
2945 4206 3181 4260 familiae
3208 4225 3326 4262 sua:
3353 4208 3507 4262 bona
3528 4224 3595 4262 eo

1882 4298 2046 4364 pacto
2076 4293 2511 4363 dissiparentur.
2564 4295 2832 4348 adversus
2872 4300 3135 4349 sanctum
3183 4296 3594 4365 imperatorem

1883 4380 2252 4434 rebellarunt.
2314 4380 2421 4434 Sed
2493 4381 2616 4434 haec
2670 4382 2867 4435 omnia
2924 4382 3198 4435 Henricus
3279 4388 3337 4435 et
3384 4382 3601 4451 insigni

1883 4468 2359 4538 magnanimitate
2391 4471 2447 4522 et
2480 4467 2803 4522 incredibili
2855 4469 3134 4538 patientia
3188 4468 3323 4523 vicit
3349 4474 3406 4523 et
3437 4486 3601 4540 supe-

1882 4555 2046 4609 ravit.

1950 4644 2002 4696 4.
2034 4644 2242 4697 Verum
2274 4658 2345 4695 ne
2375 4659 2537 4696 novae
2576 4642 2729 4696 sedis
2758 4644 2911 4695 clero
2960 4642 3183 4696 deesset
3224 4643 3363 4697 ordo
3394 4660 3595 4699 mona-

1880 4731 2073 4795 sticus,
2102 4730 2161 4784 in
2193 4736 2388 4784 monte
2414 4730 2581 4799 juxta
2610 4731 2813 4785 urbem
2844 4731 2916 4785 ad
2948 4733 3344 4801 aquilonarem
3370 4739 3593 4803 partem

1882 4820 2089 4889 posito,
2143 4818 2243 4889 qui
2299 4818 2503 4872 exinde
2552 4819 2708 4873 Mons
2780 4820 3186 4874 Monachorum
3243 4820 3429 4875 dictus
3487 4828 3594 4887 est,

1880 4907 2103 4978 insigne
2150 4906 2567 4961 monasterium
2625 4907 2730 4961 sub
2775 4908 2954 4962 sancti
3016 4908 3305 4963 Michaelis
3361 4914 3593 4965 castero-

1880 5011 2124 5066 rumque
2157 4996 2495 5066 angelorum
2530 4995 2852 5065 patrocinio
2892 5002 3218 5064 erexerunt,
3253 4999 3410 5069 quod
3443 5000 3591 5053 mul-

1877 5086 1951 5138 tis
1980 5083 2436 5156 possessionibus
2473 5100 2539 5137 ac
2586 5084 2823 5154 praediis
2855 5085 3135 5152 dotatam,
3173 5086 3243 5139 ab
3304 5086 3465 5139 omni
3495 5103 3589 5140 ex-

1876 5178 2038 5226 terna
2077 5176 2359 5242 potestate
2418 5171 2688 5238 liberum,
2744 5174 2959 5242 regulas
3018 5173 3400 5227 Benedictinae
3429 5174 3593 5227 addi-

1792 5260 1833 5312 D
1872 5263 2101 5313 xerunt.
2153 5259 2338 5329 Ipsius
2395 5259 2816 5315 dedicationem
2873 5276 3024 5314 anno
3096 5263 3224 5314 1021
3293 5261 3594 5330 consignat

1872 5347 2223 5402 Trithemius
2252 5346 2311 5401 in
2334 5364 2484 5402 nova
2521 5348 2769 5403 editione
2828 5348 3249 5418 Hirsaugiensis
3300 5349 3587 5403 Chronici.

1873 5450 2046 5507 quam
2081 5436 2154 5489 ab
2173 5435 2499 5489 Eberhardo
2530 5434 2721 5505 primo
2744 5434 3295 5503 Bambenbergensis
3326 5434 3589 5489 Ecclesiae

1874 5521 2141 5592 episcopo
2190 5539 2309 5575 cum
2357 5538 2568 5576 summa
2632 5523 2912 5578 devotione
2950 5522 3155 5577 factam
3203 5522 3375 5577 fuisse
3429 5539 3585 5578 com-
