3892 6388
443 255 547 313 971

1507 248 1921 309 MEGINFBEDI
1961 242 2401 305 MAGDEBURG.
2443 247 2765 305 MAGISTRI
3800 251 3874 303 97!

436 379 854 435 verumtamen
883 378 1063 434 rebus
1104 370 1445 432 monasterii
1472 375 1846 448 praepositus,
1903 371 2077 446 quid-
2116 375 2161 427 Α
2189 370 2300 426 lus.
2344 370 2484 426 Vide
2512 371 2679 440 infra
2708 372 2768 426 in
2790 374 3054 426 Amorne
3087 371 3173 426 De
3191 366 3550 427 miraculis
3584 371 3658 426 S.
3681 366 3873 424 Emme

437 468 593 541 quid
616 466 805 523 ﬁdelis
833 466 1078 523 domino
1104 481 1329 533 servus,
1362 481 1465 520 seu
1496 463 1780 533 magistro
1810 461 2073 534 discipu-

2184 460 2402 515 rammi
2429 458 2543 515 init

798 775 1206 913 INCIPIT
1264 775 1806 913 EPIS’I‘OLA
1879 776 2012 909 ΕΤ
2100 774 2657 910 PROLOGUS
2757 772 3472 909 MEGINFREDI

1336 1004 2028 1062 PARTHENOPOLITANI
2069 1003 2392 1059 MAGISTRI
2434 1002 2517 1056 ET
2556 1000 2936 1056 PRAEPOSITI

1605 1144 2619 1379 amnium

820 1450 875 1505 S.
919 1449 1327 1505 EMMERAMMI
1368 1447 1756 1503 MONACHUM
1797 1447 2081 1501 EUMDEM
2123 1446 2204 1499 ET
2242 1444 2692 1499 PRIEPOSITUM
2734 1443 2969 1507 ATQUE
3011 1443 3461 1499 MAGlSTRUM.

1905 1572 2326 1590 wn—

1120 1667 1478 1724 tlharissimo
1520 1668 1630 1722 s'uo
1660 1672 1725 1721 A.
1752 1670 1818 1723 Μ.
1855 1665 2139 1737 [Arnoldo
2173 1664 2481 1733 magistro]
2514 1662 2763 1720 salutem
2796 1663 2856 1719 in
2888 1663 3139 1720 Christo.

500 1849 850 1901 Sanctorum
870 1840 1051 1909 dicta,
1072 1859 1207 1917 quae
1223 1844 1495 1899 videntur
1514 1843 1823 1915 simplicia,
1842 1842 2074 1898 viviﬁco
2116 1844 2153 1897 Β
2184 1847 2284 1897 tua
2309 1841 2545 1913 pondus
2571 1836 2877 1913 imposuit,
2905 1839 3074 1912 quod
3104 1838 3267 1895 beati
3300 1843 3631 1914 martyris
3659 1848 3721 1901 et
3750 1861 3861 1917 pon-

431 1934 682 1990 fecunda
712 1933 941 2006 spiritu,
965 1931 1229 2004 pondere
1250 1931 1511 1986 veritatis
1539 1931 1836 1999 religiosa,
1858 1947 1980 1985 non
2006 1930 2071 1984 il-

426 2023 535 2079 lice
619 2021 1065 2094 compositionis
1125 2025 1263 2075 sunt
1338 2025 1472 2075 astu
1535 2035 1853 2092 pomposa.
1929 2022 2070 2085 Quae

428 2110 675 2183 quando
730 2106 1314 2164 incommutabilium
1370 2112 1511 2163 sunt
1566 2107 1740 2177 signa
1764 2108 2069 2175 virtutum,

428 2213 624 2271 neque
699 2198 867 2252 favor
932 2197 1014 2251 eis
1069 2196 1251 2252 nutrit
1316 2196 1613 2259 meritum,
1673 2212 1868 2267 neque
1933 2196 2075 2250 indi-

430 2287 633 2358 gnatio
688 2285 1108 2341 detrimentum
1144 2304 1156 2352 ;
1198 2284 1416 2356 quibus
1459 2284 1618 2339 velut
1658 2301 1731 2339 ex
1766 2284 2072 2339 sanctitate

427 2376 599 2432 ﬂuxit
620 2374 897 2445 dignitas,
929 2376 1008 2430 ita
1033 2391 1105 2429 ex
1131 2390 1329 2429 rerum
1380 2374 1685 2429 existentia
1725 2375 1879 2428 venit
1930 2373 2071 2428 intc-

427 2466 632 2535 gritas,
664 2480 923 2537 quorum
980 2463 1131 2519 sicut
1185 2462 1534 2535 compositio
1592 2461 1929 2533 spiritualis,
1990 2462 2072 2516 sic

425 2554 690 2628 potentia
739 2552 1050 2619 mirabilis,
1100 2552 1249 2607 dum
1306 2567 1413 2624 per
1465 2549 1676 2606 eadem
1757 2549 2070 2605 locutionis

424 2642 699 2698 membra
722 2646 778 2698 et
807 2639 885 2697 ad
932 2641 1267 2711 genituram
1308 2639 1588 2708 imaginis
1632 2639 1732 2694 Dei
1778 2639 2071 2709 gremium

422 2732 561 2788 ﬁdei
584 2731 845 2801 maritat,
875 2736 931 2786 et
979 2746 1085 2803 per
1132 2730 1271 2785 ﬁdei
1328 2729 1527 2784 sinum
1585 2728 1845 2783 indurat.
1909 2728 2070 2782 Unde

423 2820 714 2892 conjicere
765 2835 1039 2893 possum,
1099 2818 1297 2885 frater,
1351 2833 1538 2890 quam
1588 2832 1729 2872 vera
1784 2815 2072 2872 debeatur

424 2909 721 2966 sanctitati
746 2907 970 2977 religio,
1001 2923 1191 2980 quam
1215 2911 1422 2963 saneta
1470 2904 1698 2962 veritati
1724 2904 2018 2961 confessio
2055 2924 2068 2971 ;

424 3010 503 3051 ne
525 2994 733 3052 videar
780 2995 876 3050 vel
902 2995 965 3049 in
990 2994 1264 3066 spiritum
1327 3009 1455 3048 esse
1503 2997 1921 3065 praesumptor,
1981 2993 2071 3048 vel

427 3082 491 3139 in
523 3079 960 3156 simplicitatem
987 3080 1296 3154 impostor.
1332 3081 1447 3137 Sed
1475 3081 1618 3154 quia
1662 3081 1808 3136 mihi
1839 3081 2072 3137 dilectio

2181 1931 2349 1986 tiiicis
2378 1931 2798 1986 Emmerammi
2860 1928 3162 1985 desiderio
3214 1929 3501 1986 libenter
3570 1934 3794 1997 subivi,
3825 1948 3857 1985 ρῑ

2178 2020 2256 2077 ab
2314 2020 2503 2091 ipsius
2554 2019 2859 2075 sanctitate
2910 2022 2969 2075 et
3010 2018 3346 2074 sanctitatis
3408 2021 3566 2092 ejus
3603 2024 3849 2097 scriptor:

2179 2109 2416 2164 veniam
2472 2124 2716 2181 quaero;
2771 2112 3071 2181 quatenus
3130 2107 3292 2163 illius
3356 2125 3471 2166 me
3547 2114 3855 2170 reverentia

2179 2198 2483 2265 cultorem,
2544 2198 2713 2253 istius
2767 2198 3058 2270 sapientia
3123 2197 3425 2267 dignetur
3482 2201 3851 2260 imitatorem.

2180 2282 2467 2358 Equidem
2499 2286 2545 2340 si
2576 2290 2923 2341 sanctorum
2951 2291 3120 2355 gesta
3164 2302 3293 2341 non
3341 2303 3722 2359 possumus
3768 2291 3857 2347 imi

2182 2376 2307 2444 tari,
2341 2375 2538 2430 licebit
2564 2375 2770 2431 saltem
2810 2374 3107 2444 meditari,
3140 2374 3351 2431 licebit
3406 2378 3669 2453 mirari,
3727 2382 3854 2454 quod

2179 2464 2479 2535 volumus,
2512 2468 2576 2518 ut
2603 2464 2970 2537 quandoque
2996 2463 3173 2519 liceat
3221 2464 3408 2537 velle,
3474 2471 3672 2541 quod
3723 2473 3853 2527 mira-

2177 2567 2338 2607 mur.
2374 2554 2499 2608 Non
2527 2551 2685 2607 enim
2712 2555 2799 2607 est
2857 2551 3321 2625 circumscripta
3376 2554 3624 2616 divina
3671 2560 3851 2616 misen-

2179 2641 2401 2708 cordia,
2428 2657 2562 2713 quae
2608 2641 2780 2710 juvat
2832 2640 3011 2697 etiam
3068 2640 3175 2696 ubi
3224 2640 3410 2700 nulla
3445 2651 3615 2704 sunt
3661 2649 3845 2705 merita

2178 2729 2425 2784 Proinde
2456 2729 2657 2799 ﬂagito
2685 2732 2986 2801 quatenus
3012 2729 3275 2785 orationi
3313 2745 3486 2788 mea
3542 2753 3843 2796 succum:

2178 2834 2252 2873 ne
2280 2819 2370 2873 vel
2398 2818 2685 2890 professio
2716 2832 2853 2874 mea
2880 2816 3193 2874 debilitata
3222 2824 3651 2895 succumbat,
3699 2834 3750 2882 et
3776 2840 3845 2897 per

2179 2906 2555 2962 occasionem
2585 2906 2915 2979 imperitiae,
2937 2906 3039 2979 pia
3063 2906 3358 2965 voluntas
3388 2911 3666 2971 invidiae
3686 2917 3843 2971 dentes

2178 2994 2426 3063 imbuat,
2460 2994 2619 3050 unde
2650 2999 2707 3050 et
2738 3000 2931 3052 tecum
2960 2994 3146 3052 latere
3172 2996 3534 3071 desiderat,
3572 3020 3657 3062 ne
3697 3004 3750 3062 in
3774 3019 3841 3075 par

2177 3083 2333 3139 blico
2362 3083 2692 3139 erubescat.

1867 3186 2135 3257 Explicit
2165 3190 2435 3259 epistola.

442 3334 3835 3363 _———————————————-—————_———_——_—_______—.

1424 3426 1974 3549 INCIPIT
2042 3428 2829 3553 PROLOGUS.

491 3645 749 3705 Militiam
803 3644 1006 3703 Christi
1059 3644 1196 3701 licet
1247 3643 1450 3699 varius
1504 3642 1816 3716 pugnandi
1848 3641 2066 3697 modus
2107 3647 2232 3699 Cet
2278 3659 2494 3699 amarae
2552 3643 2734 3709 necis,
2775 3644 2856 3700 ad
2908 3644 3199 3701 thronum
3251 3652 3521 3707 aeternae
3588 3655 3843 3712 eharitatis

420 3736 710 3802 exerceat,
738 3730 972 3790 diversa
998 3731 1413 3805 triumphandi
1442 3731 1631 3802 gloria
1655 3733 1920 3801 coronet,
1967 3743 2079 3801 par

422 3827 512 3881 est
533 3828 737 3881 tamen
761 3822 1095 3895 disciplina,
1128 3816 1335 3875 similis
1382 3820 1655 3889 affectus,
1713 3818 1926 3873 eadem
1968 3815 2080 3871 for-

420 3924 572 3980 ma;
625 3909 935 3982 quomodo
983 3909 1075 3964 sui
1128 3909 1287 3979 regis
1341 3907 1619 3979 impressi
1667 3905 1967 3978 patientiae
2009 3905 2080 3960 si-

424 3998 584 4071 gillo,
611 3998 692 4055 ad
718 3996 917 4073 ipsum
943 3994 1286 4069 inrequietis
1307 3994 1657 4051 anhelantes
1683 3992 1899 4049 animis
1920 3993 2078 4049 simi-

421 4084 736 4146 litudinem
764 4102 959 4151 suam,
987 4078 1066 4141 ad
1097 4096 1282 4140 unam
1311 4081 1522 4139 faciem
1579 4081 1788 4156 prima;
1842 4081 2074 4155 pietatis

422 4179 781 4237 instaurant.
818 4175 984 4232 Unde
1016 4171 1369 4246 patriarchae
1401 4177 1455 4228 et
1499 4172 1805 4246 prophetae
1857 4171 2073 4228 latores

421 4268 646 4340 legum,
666 4267 919 4323 victores
936 4278 1167 4333 regum,
1201 4255 1522 4318 Ecclesiam
1553 4258 1698 4318 Novi
1723 4260 2075 4318 Testamenti

421 4374 529 4431 per
550 4356 945 4413 mediatorem
967 4356 1172 4409 Jesum
1202 4351 1515 4419 Christum,
1549 4351 1611 4408 in
1636 4367 1826 4408 unum
1853 4367 2071 4424 corpus

422 4445 833 4503 aduniendam
864 4440 1295 4509 benedicendo,
1352 4441 1464 4514 piae
1514 4436 1697 4515 prolis
1747 4442 2073 4498 successio-

425 4550 567 4591 nem
596 4532 785 4589 sancti
811 4531 1057 4606 Spiritus
1083 4530 1327 4588 oraculo
1374 4536 1431 4587 et
1475 4547 1630 4587 verae
1687 4530 2072 4604 professionis

423 4638 653 4693 organo
682 4622 755 4679 de
784 4621 960 4691 longe
990 4620 1269 4690 salutant,
1303 4622 1366 4677 ut
1390 4619 1572 4678 variis
1600 4618 1705 4678 aut
1748 4619 2071 4676 verborum

423 4716 526 4769 aut
576 4728 775 4769 rerum
815 4710 1060 4767 ostentis
1106 4708 1466 4781 exprimant,
1498 4724 1653 4781 quos
1703 4709 1815 4764 sibi
1869 4708 2069 4764 videli-

421 4807 511 4860 cet
577 4802 846 4859 moribus
899 4798 1226 4856 concordes
1304 4797 1535 4853 futuros
1584 4813 1712 4852 esse
1786 4797 2070 4870 praevide-

417 4896 570 4960 rant,
603 4892 757 4948 Inter
782 4905 940 4964 quos
970 4890 1028 4943 et
1074 4890 1312 4941 sanctos
1368 4887 1663 4957 martyres
1716 4894 1823 4956 per
1870 4898 2068 4941 exem-

2184 3728 2533 3786 familiarius
2564 3729 2868 3803 aspirant;
2919 3742 3065 3787 nam
3114 3732 3274 3789 inter
3330 3738 3676 3797 cruciatus
3704 3741 3847 3797 libera

2184 3819 2308 3891 spei
2338 3819 2782 3892 contemplatio,
2813 3832 2924 3894 pro
2954 3816 3185 3877 difﬁcili
3213 3823 3606 3886 conditione
3653 3845 3845 3905 proces-

2187 3909 2259 3965 sit
2282 3909 2359 3965 ad
2384 3909 2757 3966 altitudinem
2783 3906 3006 3981 gloriae.
3042 3912 3242 3977 Quare
3267 3910 3318 3973 si
3353 3914 3444 3973 ab
3480 3917 3618 3977 illis
3660 3927 3843 3978 tantum

2181 3998 2575 4054 venerationis
2599 3999 2947 4056 habuerunt
2985 4017 3129 4057 cum
3182 4002 3400 4061 adhuc
3468 4023 3619 4069 non
3674 4018 3844 4068 essent

2182 4087 2328 4159 quid
2357 4105 2392 4143 a
2417 4087 2590 4143 nobis
2638 4088 2898 4145 habituri
2947 4094 3111 4162 sunt,
3141 4091 3253 4165 qui
3296 4092 3631 4156 doctrinis
3685 4114 3849 4156 eorum

2182 4178 2238 4231 et
2258 4176 2543 4249 exemplis
2569 4175 2815 4233 instituti
2846 4178 3113 4250 quotidie
3148 4165 3537 4253 patrociniis
3594 4189 3849 4247 fovemur.

2182 4265 2264 4320 Ex
2293 4266 2512 4338 quibus
2533 4266 2745 4322 beatus
2766 4266 3033 4339 pontifex
3052 4271 3495 4345 Emmerammi
3506 4292 3613 4345 us,
3647 4294 3847 4336 auream

2179 4355 2242 4411 in
2275 4355 2488 4411 saeculo
2518 4354 2745 4412 famam
2806 4356 3142 4430 dereliquit,
3199 4360 3312 4432 qui
3372 4380 3506 4436 pro
3574 4368 3754 4426 fratre
3776 4382 3852 4422 suo

2178 4443 2503 4516 pretiosum
2554 4444 2915 4514 sanguinem
2976 4445 3149 4502 fudit.
3206 4450 3277 4504 Et
3343 4456 3416 4508 ut
3482 4455 3730 4532 duplex
3768 4456 3853 4528 pii-

2178 4532 2311 4588 tatis
2365 4532 2515 4589 foret
2569 4533 2910 4604 auctoritas,
2971 4534 3203 4592 crimen
3247 4538 3561 4603 alienum
3611 4548 3852 4605 innocen'

2176 4620 2270 4677 tiae
2317 4635 2437 4677 suae
2498 4620 2807 4694 imposuit,
2858 4624 3161 4698 quatenus
3244 4642 3405 4686 eum
3487 4632 3777 4694 liberaret
3834 4646 3856 4684 a

2176 4713 2364 4764 morte
2422 4709 2711 4782 corporis,
2772 4726 2957 4782 quem
3011 4715 3193 4769 antea
3248 4718 3621 4781 sustulerat
3676 4725 3748 4782 ab
3790 4726 3857 4777 in-

2176 4797 2346 4854 teritu
2403 4798 2641 4854 mentis.
2727 4801 2805 4855 De
2876 4799 3052 4870 cujus
3127 4803 3457 4882 moribus,
3543 4814 3856 4871 certamine.

2173 4886 2476 4959 triumpho
2530 4891 2587 4943 et
2636 4888 2883 4952 meritis,
2954 4890 3123 4961 quod
3182 4894 3451 4969 scriptis
3551 4910 3615 4963 et
3679 4912 3853 4962 recent

417 4981 586 5055 plum
641 4979 1097 5071 praeteritorum,
1128 4971 1312 5071 aliqui
1340 4972 1422 5029 ita
1448 4972 1812 5071 describunt,
1855 4977 1933 5071 ut“
1948 4974 2073 5071 sole
2104 4997 2150 5054 ο
2178 4976 2672 5071 memoria‘nobis
2726 4977 2920 5052 potuit
2947 4982 3297 5056 pervenire,
3326 4986 3582 5051 futuris
3620 5001 3855 5067 tempori.

422 5071 618 5126 luceat
646 5065 1043 5142 splendidius,
1092 5061 1259 5134 quod
1288 5061 1348 5117 in
1386 5061 1667 5117 omnibus
1699 5077 1853 5118 unus
1906 5063 2081 5120 fuerit
2183 5062 2298 5121 bus
2318 5060 2725 5137 providemus.

423 5158 687 5231 spiritus.
715 5156 789 5215 Hi
827 5168 971 5223 ergo
1000 5166 1110 5225 per
1137 5153 1545 5224 contemptum
1588 5150 1823 5223 cognati
1853 5150 2077 5208 doloris

1823 5256 2092 5330 Erplz'ctt
2112 5260 2423 5332 prologus.

1636 5404 2086 5475 INCIPIUNT
2138 5404 2603 5476 CAPITULA.

492 5534 621 5592 CAP.
661 5530 705 5591 Ι.
748 5531 1042 5602 Quomodo
1097 5531 1297 5588 beatus
1365 5532 1835 5587 Emmerammm
1889 5533 2055 5601 apud

410 5607 752 5665 Pictavium
775 5604 1063 5671 nutritur,
1095 5617 1164 5660 ac
1193 5603 1404 5659 litteris
1433 5603 1728 5673 eruditur,
1747 5609 1799 5659 et
1826 5606 2057 5661 univer-

408 5679 497 5736 sis
523 5680 720 5748 factus
750 5679 835 5733 est
863 5673 1152 5734 amabilis.

2204 5536 2387 5623 μᾳῧῗᾍ
2500 5533 3146 5623 Ρῗείψίδ
3174 5543 3414 5623 ποθέει,
3444 5567 3514 5617 et
3561 5563 3847 5621 adolere

2166 5605 2261 5690 tiae
2283 5605 2459 5690 bonos
2486 5606 2712 5690 odores,
2725 5620 3128 5690 ‘prohmprum
3159 5605 3849 5690 ὴιαείιῖἰῖἇῑῧῖιῖῖῖιέέζς

2166 5620 2261 5659 um
2283 5620 2459 5687 annos
2486 5620 2852 5730 oaoreszipro
2883 5620 3128 5665 morum
3159 5620 3589 5692 maturitate;
3622 5651 3697 5692 su

2164 5680 2271 5730 tur
2296 5680 2675 5746 episcopatui“
2739 5676 3011 5746 ίοηέεαιε-
