3892 6376
438 245 544 296 975

438 364 610 432 biret,
638 378 849 418 verum
879 361 962 418 illi
1003 365 1168 418 tanta
1189 358 1466 414 sedulitas
1497 356 1814 412 Dominicae
1868 354 2082 412 messis
2124 363 2169 410 Α

441 452 674 519 inarsit,
701 455 766 506 ut
795 451 1136 521 adjacentes
1167 446 1462 502 Gallorum
1525 445 1898 516 aliarumque
1951 459 2087 514 gen-

443 540 592 595 tium
633 537 972 611 provincias
1029 536 1106 591 ad
1157 535 1316 590 littus
1367 532 1571 588 SOlldt‘B
1619 532 2089 588 conversationis

443 629 626 684 hamo
657 626 800 682 Petri
831 626 1164 681 attraheret.
1215 626 1585 695 Quapropter
1635 618 2093 692 frequentabant

445 717 645 771 sedem
675 715 802 786 ejus
831 713 1122 784 religiosae
1153 711 1329 767 simul
1357 716 1414 766 et
1441 709 1840 765 indill‘erentes
1893 723 2094 780 perso-

441 821 532 860 nae
555 803 911 876 complures,
946 818 1098 874 quas
1128 799 1278 856 odor
1309 802 1649 855 aromatum
1679 797 1807 868 ejus
1837 813 1873 852 a
1899 811 2092 851 remo-

442 893 690 947 tioribus
711 891 857 947 locis
880 889 1146 958 adduxit,
1162 888 1380 961 quibus
1400 885 1594 941 ﬁdelis
1613 885 1994 958 dispensator
2013 882 2092 938 ad

441 997 794 1036 mensuram
825 979 1115 1050 cujusque
1145 975 1482 1049 depositum
1542 990 1719 1029 suum
1771 973 2092 1046 prudenter

444 1069 762 1134 distribuit,
825 1073 888 1123 ut
941 1083 1062 1122 non
1116 1066 1314 1121 minus
1357 1065 1431 1120 de
1489 1063 1590 1119 illo
1647 1079 1835 1136 quam
1865 1061 1938 1117 de
1964 1061 2094 1116 aliis

447 1158 789 1231 apostolicis
821 1158 958 1212 viris
995 1156 1110 1210 dici
1132 1158 1334 1228 posset
1357 1153 1503 1209 illud
1535 1152 1752 1225 psalmi
1785 1169 1796 1206 :
1827 1174 1854 1198 ‹‹
1889 1151 2095 1206 llluxe-

444 1252 584 1302 runt
615 1245 1050 1302 coruscationes
1077 1249 1192 1299 tum
1215 1243 1345 1298 orbi
1362 1247 1527 1298 terrae
1563 1242 1754 1311 (Psal.
1808 1246 2028 1306 LXXVI).
2066 1261 2092 1287 »

446 1339 591 1390 Nam
618 1335 880 1391 candens
901 1333 1120 1388 amoris
1142 1333 1276 1400 igne
1295 1331 1534 1404 superni
1555 1330 1704 1384 dum
1726 1331 1788 1384 in
1807 1327 2092 1396 colligen-

444 1423 535 1478 dis
566 1421 882 1478 animabus
915 1420 1160 1489 singulis
1196 1419 1552 1491 paucitatem
1582 1417 1806 1472 fructus
1829 1416 1906 1470 ad
1930 1431 2096 1484 mag-

445 1511 774 1567 nitudinem
816 1510 1135 1565 voluntatis
1185 1507 1514 1562 excrevisse
1562 1522 1680 1560 non
1732 1509 2012 1570 cerneret,
2041 1508 2097 1558 et

445 1599 774 1669 indignatio
803 1615 1000 1653 secum
1034 1595 1362 1670 reputantis
1379 1595 1573 1650 studio
1591 1611 1701 1649 suo
1729 1593 1948 1648 nullius
1970 1609 2094 1646 mo-

443 1689 628 1744 menti
659 1688 908 1742 donaret
934 1687 1209 1758 pretium,
1243 1685 1394 1740 inter
1422 1684 1732 1752 angustias
1755 1681 2090 1754 disceptan-
2122 1701 2160 1753 Β

446 1777 515 1832 tis
541 1775 913 1832 conscientiae
945 1775 1238 1846 perlatum
1269 1778 1360 1828 est
1388 1773 1465 1827 ad
1493 1789 1652 1840 eum,
1673 1773 1916 1837 Avares,
1939 1786 2092 1841 quos

447 1866 570 1921 aliis
601 1864 950 1920 nominibus
985 1867 1185 1918 Hunos
1201 1867 1256 1917 et
1283 1865 1510 1932 Ungros
1531 1859 1928 1932 appellamus,
1951 1861 2092 1912 Pan-

443 1955 636 2011 noniae
687 1953 947 2008 incolatu
977 1951 1325 2008 idololatrias.
1356 1949 1630 2022 squalere
1660 1953 1918 2013 veterno,
1951 1952 2007 2002 ct
2032 1947 2094 2001 in

443 2045 570 2100 luce
603 2043 923 2098 multarum
954 2041 1010 2096 id
1042 2041 1312 2096 locorum
1362 2039 1648 2108 gentium,
1691 2037 1847 2092 hanc
1897 2034 2090 2090 solam

441 2133 698 2188 veritatis
725 2131 883 2187 diem
917 2147 1033 2186 non
1066 2130 1308 2185 habere.
1337 2128 1436 2183 His
1477 2127 1692 2182 auditis
1725 2130 1886 2181 tanto
1933 2141 2092 2180 com-

445 2237 655 2293 passus
685 2220 1027 2275 animarum
1059 2215 1401 2288 dispendio,
1433 2213 1846 2281 aegritudinem
1897 2211 2092 2266 cordis

445 2326 546 2381 spe
568 2307 988 2380 recuperandae
1016 2305 1206 2374 gentis
1226 2303 1523 2358 interdum
1548 2301 1770 2370 lenivit,
1790 2299 2088 2356 interdum

443 2397 820 2452 difﬁcultates
848 2395 1145 2464 itinerum,
1205 2391 1500 2464 peregrini
1549 2407 1744 2446 mores
1799 2389 2088 2456 locorum,

445 2487 690 2542 affectus
749 2499 979 2550 eorum,
1029 2499 1182 2555 quos
1227 2480 1536 2536 relicturus
1583 2483 1726 2545 erat,
1784 2481 2091 2550 respectus

439 2572 796 2629 inﬁrmitatis
826 2571 1124 2640 humanae,
1157 2569 1372 2642 pedem
1422 2567 1859 2640 aliquantulum
1906 2572 2088 2622 retra-

438 2663 589 2717 hunt
634 2661 710 2716 ab
757 2659 1024 2730 inceptis.
1071 2661 1246 2713 Porro
1275 2656 1616 2712 facultatem
1639 2655 1903 2711 oblatam
1953 2655 2084 2722 sibi,

439 2767 574 2806 cum
599 2747 989 2804 insarrienda
1033 2747 1296 2818 deceptae
1338 2744 1674 2814 gentilitatis
1719 2745 1906 2800 humo
1950 2744 2087 2798 ﬁdei

439 2837 675 2895 sarculo
696 2841 956 2892 uteretur
969 2835 1243 2908 impigre,
1258 2849 1367 2888 nec
1385 2848 1557 2904 posse
1580 2849 1686 2888 nec
1703 2837 1973 2906 oportere
1991 2848 2088 2887 ne-

442 2927 584 2996 gligi
605 2926 852 2998 putavit,
872 2923 1121 2994 quando
1142 2923 1340 2993 etipse
1361 2921 1472 2975 hoc
1491 2937 1647 2992 saepe
1670 2921 1979 2994 optaverit,
2026 2925 2090 2975 ut

440 3029 551 3086 pro
573 3029 775 3068 amore
793 3009 1172 3066 fraternitatis
1195 3013 1250 3064 et
1269 3009 1386 3074 Dei,
1421 3011 1747 3080 periculum
1770 3009 2010 3064 subiret.

1108 3099 1331 3152 CAPUT
1369 3101 1428 3152 V.

513 3188 867 3256 Bajoariam
895 3185 1278 3256 petit.—Vicit
1305 3203 1443 3256 ergo
1473 3187 1530 3242 in
1564 3187 1792 3260 optimo
1821 3184 2083 3254 ingenio,

441 3281 499 3332 et
527 3275 718 3331 ardua
746 3275 860 3343 via,
890 3281 946 3329 et
975 3275 1166 3347 potior
1185 3291 1396 3331 causa:
1422 3293 1563 3330 nam
1610 3274 1932 3330 constituto
1977 3287 2086 3343 pro

441 3383 503 3420 se
529 3364 880 3420 examinata:
903 3379 1170 3436 personae
1199 3364 1344 3436 viro,
1377 3365 1503 3438 ipsc
1535 3364 1612 3418 ad
1659 3377 1821 3416 nova
1872 3359 2086 3431 tyroci-

438 3453 538 3508 nia
572 3458 844 3508 strenuus
863 3452 1028 3507 miles
1043 3452 1402 3523 succingitur
1432 3471 1443 3518 ;
1479 3457 1534 3506 ct
1555 3449 1742 3506 ascito
1762 3448 1912 3502 inter
1938 3447 2086 3502 alios

436 3541 800 3599 necessitatis
821 3559 940 3597 suae
968 3543 1230 3610 comites,
1293 3542 1437 3614 quia
1495 3539 1764 3608 linguam
1815 3537 2084 3592 Teutoni-

434 3649 568 3688 cam
589 3647 712 3687 non
741 3636 1004 3702 noverat,
1037 3631 1216 3687 Vitale
1265 3629 1536 3703 quodam
1603 3625 1953 3698 presbytero
2003 3626 2086 3680 in-

436 3724 708 3794 terprate,
741 3720 993 3791 perrexit
1023 3739 1034 3789 ;
1062 3721 1122 3776 in
1153 3717 1432 3776 barbarie
1462 3713 1863 3785 disciplinam,
1891 3713 1952 3768 in
1993 3731 2087 3768 ex-

435 3809 568 3864 silio
598 3807 874 3880 patriam,
904 3810 1372 3866 interimmanes
1429 3803 1848 3873 cognationem
1905 3802 2088 3858 factu-

434 3906 556 3950 rus.
593 3897 729 3960 Quae
759 3898 960 3954 omnia
989 3899 1123 3953 licet
1150 3895 1317 3968 prius
1347 3893 1500 3946 bene
1551 3889 1819 3954 tenuerit,
1874 3890 2084 3945 melius

435 3988 636 4040 tamen
667 3985 974 4058 dereliquit
1005 4005 1018 4056 ;
1053 3990 1108 4040 et
1138 3999 1275 4055 qum
1325 3981 1450 4035 sine
1503 3979 1764 4051 appetitu
1818 3979 2084 4048 jucunde

434 4073 690 4140 licerent,
715 4075 994 4132 abdicata
1019 4070 1390 4144 jocunditate
1415 4083 1552 4122 cum
1578 4065 1832 4134 licentia,
1856 4083 1931 4122 ne
1979 4067 2084 4124 ubi

433 4177 630 4217 rerum
664 4179 924 4236 praesens
945 4157 1252 4217 afﬂuentia
1273 4157 1619 4210 thesaurum
1648 4154 1836 4210 beatae
1892 4171 2084 4211 remu-

431 4251 748 4308 nerationis
780 4253 1092 4315 obaeraret,
1127 4259 1422 4316 pauperes
1452 4243 1688 4299 divitias
1719 4243 1886 4300 dives
1929 4261 2078 4316 pau-

432 4355 536 4410 per
565 4341 856 4414 exposuit.
893 4337 1032 4393 lude
1064 4335 1248 4400 viam,
1275 4347 1349 4386 ne
1377 4347 1500 4404 quo
1549 4331 1910 4404 pigresceret
1961 4332 2080 4386 otio

429 4429 788 4502 inrequietus
804 4423 1086 4498 agricola,
1117 4420 1439 4492 praesumit,
1457 4426 1514 4477 et
1535 4421 1804 4484 Galliam,
1823 4437 1944 4493 qua
1960 4425 2078 4476 ten-

431 4517 609 4574 debat
656 4519 783 4585 iter,
845 4519 902 4571 et
951 4511 1148 4567 Rheni
1188 4510 1450 4566 ﬂuminis
1505 4510 1806 4580 contigua,
1861 4509 2080 4582 plantis

429 4607 593 4662 verbi
649 4608 748 4664 Dei
802 4603 1108 4658 silvescere
1161 4605 1217 4656 et
1271 4600 1570 4656 insitivam
1625 4599 1768 4654 novi
1822 4599 2081 4654 hominis

430 4712 757 4765 gemmam,
790 4689 1141 4765 protoplasti
1169 4705 1200 4744 e
1233 4694 1467 4744 mortuo
1499 4689 1714 4760 stipite,
1745 4687 2082 4743 frondesce-

428 4801 488 4840 re
517 4785 643 4858 ipse
668 4781 916 4856 quidem
940 4777 1164 4833 studuit
1199 4796 1212 4844 ;
1257 4777 1363 4832 sed
1420 4775 1769 4831 incrementi
1810 4776 2080 4832 datorem

429 4875 727 4931 Christum
757 4869 955 4942 operis
976 4883 1215 4922 summa
1231 4865 1652 4936 comprobavit
1674 4883 1686 4919 :
1711 4865 1933 4938 quippe
1954 4867 2077 4939 qui,

427 4964 528 5019 ubi
561 4963 662 5018 Dei
693 4957 938 5014 scientia
962 4955 1184 5012 meritis
1214 4955 1480 5020 accessit,
1511 4955 1781 5010 sobolem
1840 4971 2078 5026 regene-

425 5051 672 5108 rationis
705 5047 905 5103 edidit.
943 5049 1060 5100 Hoc
1089 5043 1268 5113 igitur
1294 5043 1474 5099 modo
1505 5043 1698 5098 ﬁdelis
1743 5044 1805 5099 in
1862 5045 2076 5116 Bajoa-

427 5141 544 5194 rios
600 5139 772 5203 ﬁnes,
823 5134 925 5207 qui
975 5133 1287 5188 meridiem
1345 5148 1570 5204 versus,
1631 5133 1878 5206 Alpibus
1924 5151 1936 5202 ;
1999 5134 2076 5190 ad

428 5227 716 5282 orientem
747 5223 958 5294 Ungris
993 5240 1006 5290 ;
1035 5221 1114 5277 ad
1145 5220 1488 5293 aquilonem
1517 5239 1658 5278 vero
1692 5222 1943 5278 Hircano
1973 5239 2076 5278 ne-

427 5314 580 5370 mori
635 5313 885 5368 limitem
945 5311 1273 5366 Germaniae
1330 5311 1709 5383 protendunt,
1785 5328 1908 5368 non
1963 5311 2078 5368 hac

2117 3048 2156 3100 C

2109 4391 2152 4444 D

503 5448 582 5520 (2)
632 5448 859 5522 Haecin
885 5464 996 5504 ms.
1032 5447 1147 5522 alia
1174 5447 1364 5505 littera
1391 5449 1450 5504 in
1480 5449 1748 5518 margine
1779 5449 2079 5522 adscripta

432 5517 713 5574 fuerant:
745 5520 886 5574 Haec
913 5525 993 5576 est
1021 5521 1226 5576 civitas
1273 5535 1450 5578 quam
1498 5517 1640 5576 otini
1706 5517 1998 5578 Teutones"
2037 5537 2075 5576 a

437 5589 734 5644 Germano
762 5591 882 5644 sive
902 5591 1246 5648 Germanico
1275 5589 1741 5648 Germanisheim
1761 5593 2070 5648 vocabant.

431 5659 634 5728 Hujus
656 5660 1004 5719 vocabulum
1027 5663 1324 5720 modernis
1347 5662 1704 5732 temporibus
1736 5663 1946 5734 lingua
1972 5677 2074 5718 no-

1496 234 1914 290 MEGINFREDI
1954 229 2398 288 MAGDEBUHG.
2441 229 2785 285 MAGISTRI.

3831 231 3888 280 971

2199 351 2547 408 conterritus
2611 357 2790 419 meta,
2840 350 3097 406 devenit.
3161 349 3272 406 Ubi
3339 364 3514 404 cum
3589 346 3888 403 deﬂuentia

2200 442 2370 498 Histri
2399 441 2660 497 ﬂuminis
2689 440 3012 513 imperium
3042 442 3425 512 sequeretur.
3495 437 3888 494 Ratisbonai:

2196 533 2268 602 (2)
2302 531 2546 586 accessit
2578 530 2788 585 urbem
2817 545 2954 602 quae
2987 527 3131 584 olim
3161 527 3347 584 totius
3407 527 3829 596 Germaniae,
3863 543 3888 581 ei

2195 619 2437 674 nomine
2459 623 2514 675 et
2538 619 2826 688 dignitate
2857 617 3220 691 principum,
3249 621 3308 672 et
3337 615 3586 672 adhuc
3641 616 3888 687 ejusdem

2196 709 2385 780 gentis
2435 707 2780 780 metropolis
2857 707 3118 778 antiqua:
3166 705 3500 779 prosapiae
3569 710 3799 778 caput,
3828 719 3888 757 ax-

2196 803 2370 854 ventu
2402 795 2726 852 beatissimi
2784 794 3109 851 sacerdotis
3155 793 3625 849 ornatioribus
3668 793 3886 848 illustra-

2196 885 2484 942 vitfastus
2509 889 2564 940 et
2611 883 2874 954 insignia
2921 882 3258 938 victoriosaa
3315 881 3548 952 gentis
3605 881 3883 953 triumph;

2197 979 2505 1046 concepta,
2551 989 2709 1028 novo
2734 971 2901 1045 pacis
2923 971 3226 1044 praeconio
3256 971 3321 1026 in
3345 970 3610 1026 melius
3641 987 3884 1027 commu-

2199 1067 2337 1128 tata,
2370 1061 2506 1116 fidei
2534 1061 2736 1134 spoliis
2759 1065 2816 1116 et
2838 1065 3056 1117 ornatu
3080 1063 3304 1116 sanctae
3365 1059 3739 1130 religionis
3796 1075 3887 1114 am-

2200 1151 2422 1223 pliavit.

2836 1240 3070 1298 CAPUT
3110 1242 3198 1294 Vl.

2269 1332 2644 1388 Pannoniam
2664 1331 3086 1399 petit—Fines
3127 1330 3290 1386 inter
3347 1331 3630 1400 Ungros
3661 1335 3724 1387 et
3743 1330 3884 1397 Bajxr

2198 1424 2316 1477 rios
2347 1421 2580 1476 deserti.
2612 1451 2682 1461 —
2731 1419 2920 1490 Hujus
2972 1417 3400 1474 monarchiam
3455 1419 3745 1474 Theodo
3798 1419 3881 1472 du:

2197 1511 2538 1585 provinciae,
2573 1510 2674 1582 qui
2697 1514 2836 1564 tunc
2859 1508 3141 1581 possedit,
3163 1512 3506 1580 comperto
3527 1509 3750 1566 sancti
3771 1523 3882 1581 pon-

2199 1600 2368 1656 tiﬁcis
2395 1598 2656 1667 introitu,
2685 1597 3072 1669 adhibitoque
3103 1601 3479 1669 conspectu,
3557 1600 3730 1653 inter
3781 1597 3879 1652 alia.

2200 1707 2332 1762 qua?
2365 1689 2437 1743 sit
2491 1703 2674 1743 causa
2697 1685 2902 1752 exsilii,
2935 1690 3324 1757 percontatus
3343 1690 3466 1741 est.
3500 1687 3636 1753 Qui
3670 1687 3876 1742 nomini

2199 1785 2256 1834 et
2285 1776 2523 1832 natione
2553 1775 2840 1848 exposita,
2871 1773 3198 1830 incolatum
3228 1774 3430 1830 nativi
3467 1775 3730 1832 liminis
3782 1791 3879 1848 pro

2199 1871 2398 1937 pterea
2428 1863 2756 1918 deseruisse
2784 1878 2845 1916 se
2892 1860 3214 1933 perhibuit,
3267 1865 3335 1916 ut
3390 1863 3764 1919 Pannonia
3807 1875 3875 1933 pe

2197 1954 2392 2027 pulos,
2431 1951 2532 2024 qui
2593 1950 2792 2022 gentili
2847 1950 3071 2006 feritate
3125 1949 3331 2006 adhuc
3424 1952 3869 2008 effremuerant

2199 2039 2488 2096 conditori
2544 2037 2770 2095 Christo
2821 2036 3250 2106 reconciliaret,
3315 2041 3378 2092 et
3453 2037 3529 2094 in
3601 2040 3730 2095 hoc
3771 2055 3869 2110 pre

2200 2129 2395 2203 posito
2452 2144 2620 2181 suam
2671 2127 3016 2196 conjurasse
3075 2125 3478 2193 sententiam,
3548 2134 3626 2184 ut
3656 2133 3763 2185 aut
3792 2135 3868 2180 voti

2199 2232 2446 2288 compos
2497 2213 2930 2286 professionem
2987 2211 3120 2267 vitae
3172 2229 3316 2267 cum
3348 2213 3710 2272 fructuosa
3758 2230 3868 2288 paea

2199 2302 2412 2370 ﬁniret,
2436 2306 2537 2358 aut
2572 2301 2788 2355 devoto
2831 2299 3177 2365 certamine,
3208 2301 3620 2370 sanguinem
3678 2308 3871 2372 martyr

2198 2392 2543 2446 eti‘underet.
2607 2390 2694 2444 Ad
2748 2390 2872 2444 haec
2917 2388 3122 2444 divino
3179 2389 3451 2445 consilio
3520 2398 3866 2464 praeventus,

2196 2483 2319 2538 dux
2345 2482 2492 2551 iniit,
2526 2497 2586 2536 se
2620 2485 2741 2535 tam
2786 2479 2886 2551 pio
2944 2478 3142 2534 studio
3202 2478 3358 2534 nihil
3386 2496 3761 2556 opponere,
3807 2480 3866 2536 nio

2195 2571 2278 2626 hil
2327 2574 2500 2626 tantae
2554 2567 2750 2623 virtuti
2774 2567 3042 2623 resistere
3076 2567 3228 2635 ;nisi
3257 2569 3445 2640 quod
3497 2569 3862 2628 commeandi

2195 2659 2537 2716 facultatem
2615 2657 3060 2730 impossibilitas
3130 2657 3434 2729 quaedam
3527 2662 3860 2722 Obstrueret

2196 2752 2437 2822 propter
2473 2745 2838 2801 discordiam
2905 2745 3144 2812 scilicet,
3189 2750 3248 2801 et
3290 2745 3580 2817 longam
3637 2752 3787 2807 inter
3821 2764 3859 2802 se

2197 2843 2254 2894 ct
2323 2839 2540 2892 Avares
2625 2833 2918 2889 bellorum
2997 2835 3522 2905 controversiam,
3617 2841 3768 2896 fines
3820 2839 3856 2891 in

2194 2932 2442 2998 utroque
2467 2923 2649 2978 limite
2679 2923 2964 2989 desertos,
2996 2923 3079 2978 ita
3121 2927 3188 2978 ut
3241 2923 3415 2980 circa
3473 2931 3739 2985 Anesim
3780 2929 3856 2982 ﬂu-

2193 3015 2357 3068 vium
2389 3011 2566 3067 urbes
2595 3015 2652 3066 et
2671 3009 2802 3065 loca
2830 3009 2972 3064 olim
3004 3009 3366 3081 cultissima,
3425 3017 3637 3072 tantis
3681 3016 3853 3072 bestia-

2193 3119 2326 3157 rum
2371 3099 2843 3156 immanitatibus
2863 3098 3194 3169 horrerent,
3227 3115 3304 3154 ne
3352 3101 3697 3161 viantibus
3742 3105 3852 3160 ullus

2195 3187 2537 3246 transeundi
2567 3187 2761 3242 aditus
2791 3191 3018 3258 pateret
3045 3203 3058 3242 :
3115 3203 3369 3244 monere
3435 3197 3669 3250 autem
3697 3195 3849 3268 potius

2193 3283 2248 3334 et
2273 3277 2626 3350 supplicare,
2659 3279 2956 3348 quatenus
2992 3275 3158 3346 apud
3209 3291 3272 3330 se
3301 3292 3608 3354 suosque
3633 3285 3698 3338 Β.
3731 3287 3852 3339 Pater

2193 3367 2412 3423 morari
2441 3365 2804 3435 dignaretur,
2827 3380 2982 3436 quos
3013 3369 3135 3420 tam
3193 3365 3382 3422 rudes
3436 3374 3502 3426 et
3574 3372 3852 3446 imperfec-

2197 3461 2284 3512 tos
2315 3457 2374 3511 in
2403 3455 2520 3509 ﬁde
2550 3452 2834 3526 praeteriri
2860 3453 2950 3508 fas
2997 3469 3119 3508 non
3150 3458 3309 3508 esset
3337 3472 3351 3508 :
3406 3462 3704 3518 maxime
3751 3476 3854 3516 cum

2193 3545 2282 3600 isti
2313 3543 2713 3598 necessarium
2741 3547 3034 3614 optarent,
3067 3548 3126 3596 et
3151 3541 3234 3597 illi
3266 3543 3430 3600 forte
3454 3551 3656 3620 quasi
3687 3565 3853 3623 super

2193 3635 2380 3688 fluum
2442 3636 2804 3686 recusarent.
2874 3630 3210 3686 Provideret
3274 3639 3505 3692 autem
3583 3656 3668 3696 ne
3716 3639 3854 3696 indis-

2191 3727 2350 3778 creta
2374 3721 2564 3794 pietas
2594 3719 2908 3792 praemium
2941 3719 3256 3789 amitteret,
3289 3721 3343 3776 si
3371 3725 3646 3784 offerret
3693 3728 3852 3785 invitis

2192 3811 2456 3878 taedium,
2537 3809 2640 3882 qui
2712 3807 3053 3864 volentibus
3109 3814 3351 3880 poterat
3413 3815 3658 3874 afferre
3689 3815 3852 3892 pra-si-

2189 3899 2398 3955 dium:
2457 3914 2607 3954 neve
2664 3897 2746 3952 sic
2794 3897 3064 3966 diligeret
3117 3897 3364 3970 impios,
3423 3909 3500 3960 ut
3559 3908 3852 3980 neglig-erat

2189 3989 2338 4062 pios.
2365 3987 2461 4042 Vir
2517 3991 2718 4042 autem
2749 3985 2870 4054 Dei,
2899 3986 2955 4040 in
2993 4002 3102 4041 sua
3134 3989 3446 4046 sententia
3475 3991 3681 4064 ﬁxus,
3729 3993 3854 4052 nullo

2190 4081 2338 4132 nutu
2407 4073 2691 4130 declinari
2761 4074 2971 4145 potuit,
3037 4079 3104 4130 ut
3173 4075 3343 4132 aliud
3426 4081 3646 4154 vellet,
3707 4098 3857 4158 quam

2189 4164 2353 4238 quod
2406 4167 2711 4235 coeperat;
2769 4161 2886 4216 nisi
2939 4161 3088 4218 forte
3137 4164 3406 4221 caelestis
3437 4169 3737 4230 obviaret
3759 4187 3859 4227 ren-

2191 4271 2342 4310 SllI'tB
2389 4251 2794 4308 contradictio.
2831 4251 3061 4316 Quibus
3095 4253 3360 4326 acceptis
3391 4257 3593 4316 ducis
3623 4263 3857 4336 pruden-

2191 4341 2271 4397 tia
2321 4339 2646 4413 populique
2675 4339 3006 4411 frequentia
3032 4357 3171 4396 cum
3219 4342 3713 4408 exhortationes
3763 4352 3857 4420 ejm

2191 4429 2516 4486 adientium
2546 4426 2846 4482 mentibus
2895 4431 2951 4482 et
3000 4427 3300 4500 pabulum
3341 4433 3660 4495 sufﬁcere
3687 4438 3858 4495 docili-

2191 4523 2324 4585 tate,
2359 4521 2414 4571 ct
2441 4515 2754 4575 dulcedine
2775 4514 3140 4571 desiderium
3193 4521 3681 4598 conspicerent,
3743 4527 3859 4582 salu-

2191 4613 2309 4662 tem
2364 4622 2558 4670 suam,
2612 4621 2797 4677 quam
2855 4604 3292 4677 supplicatione
3351 4623 3494 4667 non
3586 4619 3859 4688 poterant

2187 4695 2474 4750 violenter
2494 4693 2894 4758 obtinuerant,
2922 4697 2981 4747 et
3009 4709 3084 4748 ex
3114 4693 3315 4749 verbis
3348 4696 3742 4774 Salvium-is,
3767 4706 3861 4759 τίω

2189 4802 2439 4859 passum
2488 4788 2574 4838 est
2625 4797 2880 4852 regnum
2936 4782 3220 4838 caalorum
3279 4785 3548 4856 (Matth.
3604 4799 3861 4868 xr).Nam

2188 4872 2529 4944 egrediendi
2557 4870 2952 4944 provinciam,
2983 4887 3060 4926 ne
3074 4871 3256 4927 beato
3281 4873 3422 4930 viro
3455 4885 3729 4940 occasio
3758 4899 3862 4957 pre

2187 4963 2428 5024 veniret,
2485 4960 2878 5026 obstiterant;
2925 4963 2982 5014 et
3030 4958 3186 5015 bene
3234 4965 3584 5033 prmvaluit
3615 4972 3861 5029 humana

2187 5049 2600 5124 praesumptio,
2657 5065 2780 5120 quo
2825 5064 2899 5102 ex
2955 5047 3115 5102 fonte
3159 5049 3293 5119 ejus
3345 5051 3584 5111 salutis
3618 5059 3859 5118 ascendit

2187 5138 2466 5194 conditio.
2515 5141 2587 5192 At
2638 5138 2805 5192 Pater
2849 5140 3109 5202 sanctus,
3143 5151 3332 5208 quem
3361 5143 3698 5211 prohibiti
3727 5147 3860 5206 callis

2184 5221 2402 5293 injuria
2463 5220 2856 5288 conturbavit,
2921 5219 3222 5276 aestimare
3289 5226 3512 5296 ccepit,
3584 5235 3862 5305 quidnam

2185 5311 2312 5367 haec
2332 5311 2510 5382 justas
2540 5309 2828 5366 voluntati
2857 5307 3182 5364 difﬁcultas
3210 5309 3402 5370 obvia
3457 5325 3862 5388 portenderet,

2184 5453 2313 5504 stra
2341 5447 2747 5518 Regam'sbure
2771 5447 3112 5517 teutonizat,
3145 5461 3336 5517 quam
3365 5459 3744 5518 antiquitas
3781 5459 3861 5513 Br:-

2184 5535 2385 5646 Zuzng,
2417 5525 2483 5644 αἱ
2519 5518 2759 5588 quidam
2809 5519 3047 5586 scriptis
3105 5522 3449 5594 testantur,
3519 5518 3859 5588 Tiburnus.

2223 5607 2254 5644 ο
2291 5606 2326 5647 a
2369 5606 2448 5646 an
2483 5631 2494 5642 .
