3968 6386
143 316 245 366 977

1491 303 1652 356 VITA
1692 301 1750 353 Β.
1796 298 2234 356 EMMERAMMI.

3478 299 3580 348 978

144 433 403 489 maxime
439 447 578 486 cum
608 446 644 486 δ,
669 429 804 484 sinu
833 428 1091 484 veritatis
1125 428 1380 484 strenuis
1409 426 1560 482 votis
1599 424 1800 497 placa-
1837 424 1881 475 A
1914 423 1996 478 ire
2022 424 2478 496 permitteretur,
2508 419 2762 474 caelestis
2804 418 2956 473 aulze
2981 417 3327 489 janitorem,
3360 423 3423 472 ut
3453 418 3580 490 pul-

142 523 276 578 bilis
298 521 738 595 promitteretur
764 517 1026 585 effectus,
1046 535 1229 590 quem
1254 518 1383 589 ipse
1410 530 1653 589 quoque
1682 529 1804 567 non
1848 509 1852 513 ’

142 613 381 668 inﬁrma
434 611 551 664 fide
591 613 1074 682 prosequeretur.
1109 609 1244 663 Haec
1289 608 1614 676 agitantem
1647 602 1808 658 subit

143 700 488 773 exemplum
535 698 970 771 apostolorum,
1003 713 1158 770 quos
1199 701 1302 752 aut
1346 693 1672 767 responsis,
1706 695 1809 746 aut

144 789 591 847 difﬁcultatibus
615 803 876 860 superna
903 787 1236 842 moderatio
1262 803 1422 841 nunc
1445 790 1501 840 et
1525 784 1600 840 ad
1628 799 1806 854 quas-

144 882 286 936 dam
333 883 537 948 gentes
566 878 744 945 misit,
777 892 939 932 nunc
988 893 1024 931 a
1060 875 1428 948 quibusdam
1480 871 1804 946 prohibuit.

145 969 483 1024 Gratulatus
534 983 697 1036 ergo,
746 983 1020 1038 supernae
1066 964 1446 1037 dispositioni
1495 960 1810 1035 supposuit

145 1059 438 1126 animum,
467 1062 523 1112 et
553 1056 742 1125 gentis
788 1055 987 1110 studio
1037 1055 1292 1126 praebuit
1335 1068 1721 1120 consensum,
1754 1053 1831 1106 et

145 1148 205 1202 in
233 1145 405 1201 altari
448 1144 799 1199 obedientiae
831 1147 947 1199 Deo
977 1144 1293 1198 consilium
1335 1141 1542 1197 salutis
1573 1140 1808 1195 oblatu-

147 1254 266 1302 rus,
300 1240 510 1290 mutua
539 1250 600 1289 se
631 1234 915 1289 charitate
947 1233 1173 1306 populo
1206 1232 1492 1299 devinxit,
1516 1231 1686 1301 cujus
1714 1228 1813 1282 de-

146 1326 371 1382 votioni
410 1323 754 1379 conflictum
801 1323 1114 1378 ministerii
1165 1323 1255 1377 sui
1285 1323 1464 1378 etiam
1493 1319 1623 1375 vitae
1654 1318 1810 1391 peri-

148 1415 282 1470 culo
313 1413 606 1469 difﬁnivit.

790 1545 1022 1601 CAPUT
1063 1546 1171 1600 VII.

221 1660 465 1713 Romam
498 1658 626 1712 vult
659 1657 762 1710 ire.
793 1687 860 1694 ——
909 1657 1088 1709 Erant
1114 1659 1316 1709 autem
1348 1655 1694 1707 memoratae
1739 1650 1814 1705 ci-

149 1747 346 1802 vitatis
391 1751 447 1800 et
486 1745 692 1818 patriae
746 1745 922 1800 totius
971 1744 1187 1799 accolae
1232 1742 1537 1798 afﬂuentia
1565 1741 1812 1813 quidem
1855 1778 1892 1829 Β

150 1836 476 1891 mundanae
508 1833 797 1890 felicitatis
822 1833 1096 1896 illustres,
1128 1832 1229 1887 sed
1264 1831 1496 1886 noviter
1523 1831 1598 1885 ad
1628 1830 1812 1883 ﬁdem

152 1925 414 1991 adducti,
448 1924 675 1979 delusa;
705 1922 1014 1978 vetustatis
1069 1921 1306 1977 frutices
1351 1919 1622 1975 nondum
1654 1919 1812 1973 radi-

152 2015 303 2070 citus
334 2013 763 2085 exstirpabant,
783 2017 839 2066 et
865 2011 1360 2067 consuetudinem
1393 2009 1674 2064 tenaciter
1697 2009 1814 2062 ha:-

150 2109 380 2158 rentem
429 2101 770 2173 ignorantia
824 2102 986 2156 fovit.
1042 2101 1130 2154 Ad
1190 2099 1357 2172 quod
1415 2115 1567 2170 opus
1612 2096 1818 2152 omnia

151 2193 512 2249 ferramenta
542 2191 894 2246 Christianae
949 2190 1249 2259 religionis
1298 2189 1582 2243 robustus
1628 2186 1818 2242 cultor

153 2283 540 2352 succingitur,
573 2286 630 2336 et
658 2281 870 2336 excisis
899 2279 1208 2335 inutilibus
1234 2277 1574 2350 paganismi
1608 2293 1816 2331 surcu-

150 2372 259 2438 lis,
316 2371 559 2442 erigitur
614 2375 1060 2425 sacramentum
1109 2368 1267 2432 fidei,
1319 2367 1483 2438 quod
1540 2365 1817 2421 universo

147 2462 389 2534 justitiae
419 2460 563 2515 ﬂore
593 2460 878 2528 distinxit,
910 2465 966 2514 et
1008 2460 1295 2531 quoniam
1343 2473 1631 2526 magnam
1663 2455 1819 2510 circa

155 2550 584 2624 perﬁciendam
618 2552 736 2604 Deo
781 2548 1020 2620 plebem
1061 2547 1360 2601 solertiam
1411 2545 1638 2611 habuit,
1671 2543 1818 2598 luci-

156 2641 410 2696 dissimo
465 2638 934 2694 conversationis
981 2636 1258 2708 exemplo
1294 2636 1552 2690 formam
1582 2632 1820 2688 vivendi

157 2729 432 2802 praebuit,
473 2732 529 2782 et
581 2727 939 2782 suavissimo
991 2725 1276 2796 loquendi
1322 2724 1507 2778 modo
1561 2722 1816 2778 edocuit.

161 2819 324 2875 Unde
355 2833 478 2873 non
501 2816 833 2873 sufﬁciebat
853 2821 977 2871 tam
1000 2815 1231 2870 ardenti
1250 2813 1516 2885 lampadi
1541 2828 1818 2867 normam

158 2905 599 2981 praedicationis
631 2905 1028 2959 communiter
1053 2903 1352 2968 exhibere,
1376 2902 1522 2973 quin
1548 2901 1820 2956 omnium

161 3012 359 3052 mores
383 2994 632 3060 notavit,
665 2993 936 3048 omnium
970 2992 1210 3060 ingenia
1238 2991 1539 3046 discussit.
1579 2989 1820 3061 Deposi-

162 3092 220 3141 ta
265 3101 389 3140 non
436 3083 804 3150 auctoritate,
837 3081 943 3137 sed
992 3081 1306 3149 rigiditate,
1349 3080 1428 3134 ad
1476 3078 1820 3134 intrandam

161 3176 453 3246 cujusque
485 3172 698 3244 privati
721 3172 973 3227 domum
999 3170 1388 3225 reverentiam
1419 3168 1822 3241 episcopalem

158 3263 518 3321 humiliavit.
575 3266 635 3316 In
680 3262 960 3328 Ecclesia,
994 3277 1128 3332 quae
1174 3259 1522 3315 communia
1565 3259 1822 3323 fuerunt,

162 3351 479 3418 ordinavit,
515 3351 678 3424 apud
709 3351 977 3420 singulos
1008 3351 1082 3405 de
1123 3349 1377 3422 propriis
1425 3348 1706 3404 admissis
1738 3346 1826 3400 (li-

163 3441 472 3515 sceptavit,
502 3445 558 3494 et
591 3456 952 3509 cognoscere
997 3455 1160 3506 suos,
1193 3443 1249 3493 et
1286 3454 1321 3493 a
1372 3437 1495 3492 suis
1525 3435 1825 3506 cognosci,

165 3531 321 3586 sicut
368 3535 576 3602 pastor
627 3531 826 3586 bonus
866 3529 1096 3596 maluit,
1137 3543 1211 3581 ne
1258 3526 1625 3581 taciturnitas
1678 3522 1830 3578 vitiis

165 3619 529 3693 permitteret
581 3635 922 3686 assensum,
964 3619 1309 3689 perurgeret
1357 3613 1678 3668 interitum.
1720 3611 1829 3666 lta-

167 3725 285 3782 que
311 3725 490 3763 nemo
523 3709 896 3764 subditotum
924 3707 1052 3775 ejus
1075 3708 1219 3771 erat,
1242 3703 1346 3774 qui
1371 3701 1466 3756 vel
1496 3702 1570 3755 de
1602 3699 1832 3756 actibus

166 3798 261 3852 vel
295 3814 331 3852 a
360 3797 554 3853 verbis
585 3795 874 3865 magistri,
907 3794 1129 3849 lineam
1162 3790 1528 3847 rectitudinis
1568 3805 1688 3844 non
1725 3793 1834 3842 tra-

166 3887 354 3942 heret.
376 3885 626 3941 Proinde
653 3883 899 3940 celebris
931 3882 1010 3936 illi
1041 3881 1149 3936 fuit
1178 3879 1475 3934 contentio
1502 3876 1834 3932 sobrietatis

170 3993 311 4031 cum
343 3975 564 4039 sobrio,
601 3971 1036 4030 extenuationis
1077 3986 1215 4026 cum
1258 3967 1488 4028 humili,
1522 3965 1836 4021 liberalita-

172 4067 244 4120 tis
274 4082 413 4120 cum
445 4064 746 4120 omnibus.
774 4066 988 4117 Verum
1019 4061 1080 4115 in
1110 4063 1495 4114 contumaces
1529 4055 1838 4123 magnani-

170 4172 274 4212 mo
300 4160 520 4211 conatu
545 4154 797 4209 surrexit
825 4157 883 4208 et
914 4149 1321 4224 superciliosae
1353 4146 1699 4220 procacitati
1727 4147 1840 4201 vir-

173 4263 316 4316 gam
366 4245 735 4301 auctoritatis
781 4242 1051 4311 intendit,
1085 4256 1254 4313 spem
1285 4238 1438 4294 votis
1469 4253 1836 4310 prOponens,

171 4340 240 4391 ut
267 4336 328 4390 in
359 4336 472 4390 hac
504 4351 644 4389 area
693 4331 1032 4388 certaminis
1071 4346 1178 4402 per
1215 4328 1526 4383 diversum
1558 4342 1836 4396 agonem,

170 4423 545 4498 quandoque
592 4421 928 4495 perveniret
957 4420 1036 4474 ad
1066 4419 1356 4492 palmam.
1391 4417 1490 4471 His
1535 4420 1592 4471 et
1618 4417 1838 4470 horum

1916 513 2208 568 sationem
2240 514 2367 583 [al.,
2403 508 2926 582 supplicationem]
2969 523 3143 562 suam
3171 506 3584 562 intromitteret

1917 601 2385 674 supplicaturus.

2551 680 2772 733 CAPUT
2813 680 2948 731 VIII.

1986 772 2138 840 Ejus
2174 769 2608 839 prada-tiones.
2642 798 2710 805 —
2751 765 2872 821 Sub
2903 763 3062 818 idem
3104 768 3341 835 tempus
3379 763 3584 818 invida

1916 877 2055 934 pars
2105 874 2389 931 supremo
2428 871 2758 925 congressu
2799 858 2966 909 tanto
3014 852 3405 925 periculosius
3446 868 3585 907 con-

1916 950 2168 1016 flictura,
2199 951 2429 1020 quanto
2462 944 2778 1013 gloriosius
2818 946 2944 998 erat
2974 941 3288 1005 vincenda,
3325 940 3585 995 subdola

1918 1037 2232 1093 occasione
2263 1039 2459 1102 nacta,
2493 1033 2605 1088 tale
2639 1029 2955 1103 pugnandi
2982 1046 3170 1098 genus
3201 1028 3446 1096 invenit,
3479 1027 3586 1082 ubi

1919 1131 2022 1182 aut
2045 1126 2272 1180 viscera
2299 1122 2601 1179 charitatis
2631 1118 3024 1183 occludenda,
3059 1122 3163 1172 aut
3209 1116 3458 1172 infamia
3489 1132 3584 1171 sa-

1920 1215 2000 1271 cri
2033 1214 2278 1282 ordinis,
2312 1213 2372 1267 in
2429 1211 2700 1266 Ecclesite
2747 1208 3125 1276 scandalum,
3169 1206 3318 1261 foret
3358 1206 3584 1278 displo-

1919 1304 2138 1360 denda.
2174 1307 2320 1358 Nam
2377 1317 2558 1372 supra
2611 1297 2929 1353 memorati
2972 1295 3258 1368 principis
3305 1294 3447 1364 ﬁlia,
3479 1310 3586 1348 no-

1919 1393 2080 1448 mine
2113 1395 2238 1460 Uta,
2272 1408 2306 1447 a
2338 1389 2655 1460 cujusdam
2682 1386 2900 1457 judicis
2932 1384 3053 1439 ﬁlio
3088 1382 3391 1452 Sigibaldo
3423 1398 3588 1436 com-

1920 1498 2146 1554 pressa,
2181 1483 2479 1534 consuetae
2532 1475 2916 1548 turpitudinis
2963 1472 3266 1528 maculam
3297 1475 3465 1525 utero
3493 1469 3586 1524 in-

1923 1574 2322 1641 gravescente,
2357 1566 2756 1635 detegcndam
2786 1579 2909 1618 non
2950 1562 3144 1616 solum
3178 1558 3588 1630 generositatis

1921 1661 2169 1726 damno,
2189 1675 2398 1713 verum
2429 1657 2607 1712 etiam
2641 1669 2924 1710 mensura
2946 1651 3152 1707 mortis
3185 1649 3584 1722 ponderabat.

1924 1750 2075 1815 Quid
2110 1748 2415 1804 facerent?
2447 1746 2614 1817 quod
2645 1743 2964 1800 consilium
2994 1740 3316 1812 caperent?
3350 1743 3588 1809 tempus

1923 1837 2178 1907 urgebat
2225 1841 2490 1908 partum,
2541 1838 2596 1888 et
2643 1832 2820 1904 culpa
2866 1829 3211 1885 minabatur
3264 1827 3588 1882 interitum.

1927 1930 2286 1999 Supererant
2319 1925 2444 1980 sola
2493 1925 2553 1977 in
2602 1921 2762 1976 beati
2812 1916 3240 1975 Emmerammi
3271 1920 3327 1970 et
3374 1915 3591 1987 pietate

1924 2016 2166 2081 ﬁducia,
2200 2020 2255 2070 et
2309 2014 2368 2068 in
2421 2012 2730 2067 sanctitate
2780 2008 3048 2064 consilia.
3087 2008 3209 2060 Huc
3255 2003 3592 2076 desperatio

1925 2104 2151 2178 pallida
2176 2101 2566 2175 provolvitur,
2582 2099 2767 2171 pedes
2799 2094 3131 2151 osculando
3154 2092 3590 2178 demulcentur,

1928 2177 2152 2247 crimen
2183 2189 2522 2262 exponitur,
2556 2186 2731 2241 venia
2758 2186 3023 2253 rogatur.
3066 2184 3370 2236 Postremo
3409 2177 3483 2232 de
3517 2177 3598 2231 vi-

1928 2287 2000 2336 tae
2055 2279 2321 2334 remedio
2375 2277 2474 2349 pia
2529 2273 2854 2349 paternitas
2899 2269 3253 2335 consulitur,
3307 2271 3597 2336 tantoque

1929 2369 2146 2425 exstitit
2189 2366 2628 2439 querelantium
2684 2361 2901 2417 modus
2951 2359 3224 2426 flebilior,
3257 2359 3484 2428 quanto
3525 2354 3598 2408 de

1931 2456 2214 2514 admissis
2247 2470 2562 2527 poenarum
2591 2450 2794 2523 opinio
2823 2446 3191 2520 praesentior.
3219 2448 3442 2499 Horum
3463 2442 3603 2496 bea-

1932 2554 2024 2604 tus
2075 2550 2242 2601 Pater
2299 2542 2558 2614 acceptis
2610 2539 2930 2609 gemitibus
2986 2534 3250 2606 compati
3299 2532 3478 2604 coepit
3515 2530 3602 2584 in-

1930 2637 2130 2702 terius,
2189 2639 2245 2687 et
2298 2633 2430 2687 licet
2485 2629 2804 2702 parturiret
2854 2624 3129 2697 spiritum
3186 2620 3432 2686 doloris,
3486 2618 3599 2672 ob-

1930 2725 2191 2780 firmavit
2257 2728 2457 2776 tamen
2523 2717 2750 2773 delictis
2813 2715 3027 2770 faciem
3090 2710 3437 2781 arguentis;
3496 2707 3598 2761 lae-

1933 2831 2067 2870 sum
2138 2812 2362 2884 quippe
2432 2809 2708 2877 ingenuze
2772 2800 3240 2872 regenerationis
3301 2796 3600 2870 pudorem

1931 2904 2192 2959 referens
2249 2899 2444 2968 magis
2493 2894 2971 2952 erubescendum
3021 2896 3077 2946 et
3125 2895 3412 2944 teternam
3457 2883 3602 2955 justi

1928 2991 2149 3064 judicis
2180 2986 2765 3045 animadversionem
2795 2979 3208 3037 vehementius
3257 2991 3388 3030 esse
3426 2973 3608 3045 perti-

1938 3080 2343 3144 mescendam,
2379 3076 2640 3132 maxime
2673 3089 2810 3128 cum
2842 3072 3022 3140 hujus
3064 3067 3346 3139 temporis
3380 3061 3604 3135 suppli-

1939 3171 2029 3226 cia
2061 3170 2212 3225 sicut
2242 3165 2590 3239 quantitate,
2626 3163 2708 3216 sic
2757 3160 2938 3215 etiam
2984 3158 3061 3212 ab
3101 3154 3337 3211 {eternis
3369 3152 3606 3207 diversa

1939 3265 2096 3326 sunt,
2129 3257 2431 3330 qualitate.
2468 3252 2740 3322 Proinde,
2776 3250 2930 3304 sicut
2971 3263 3104 3302 mos
3135 3249 3240 3310 est,
3275 3239 3604 3315 poenitenti-

1938 3350 2053 3404 bus
2092 3328 2254 3402 viam
2283 3340 2781 3400 reconciliationis
2812 3336 3088 3401 ostendit,
3123 3335 3250 3406 ipse
3300 3331 3419 3386 alto
3465 3328 3606 3383 dile-

1940 3437 2150 3494 ctionis
2180 3434 2428 3490 consilio
2460 3429 2765 3487 alteritatis
2794 3441 2978 3482 onera
3008 3425 3415 3492 suscepturus,
3439 3432 3609 3472 man-

1940 3527 2105 3581 davit
2133 3523 2434 3582 secretius,
2457 3524 2515 3574 ut
2548 3516 2854 3572 maculam
2885 3515 3040 3567 hanc
3061 3512 3122 3566 in
3148 3526 3208 3564 se
3231 3506 3604 3570 tranferrent,

1940 3631 2063 3686 quo
2094 3612 2324 3667 facilius
2354 3610 2612 3663 furorem
2641 3604 2811 3659 ducis
2837 3600 3189 3663 evaderent;
3215 3611 3398 3667 quem
3424 3609 3606 3648 nove-

1941 3708 2032 3758 rat
2060 3697 2511 3764 inexorabilem,
2545 3710 2683 3749 cum
2715 3688 3048 3760 ignominia
3078 3683 3411 3741 cumularet
3435 3681 3604 3736 dolo-

1943 3809 2089 3848 rem.
2136 3788 2248 3846 Sed
2279 3803 2352 3842 ne
2403 3783 2605 3856 pietati
2635 3778 3012 3854 providentia
3049 3776 3299 3838 deesset,
3333 3776 3389 3828 et
3430 3771 3606 3826 inno-

1944 3881 2138 3937 centia
2169 3883 2337 3934 muta
2387 3876 2572 3930 fidem
2611 3877 2666 3928 et
2711 3869 3056 3942 exemplum
3106 3865 3296 3936 culpae
3335 3863 3605 3929 donaret,

1946 3973 1994 4027 si
2025 3970 2217 4026 alieno
2268 3963 2498 4022 crimini
2545 3968 2812 4018 sternens
2843 3961 3149 4023 humeros,
3182 3954 3243 4010 in
3282 3950 3609 4008 offendicu-

1946 4062 2073 4118 lum
2123 4059 2214 4114 sui
2264 4057 2475 4120 sileret,
2510 4052 2835 4110 testificata:
2865 4047 3122 4105 veritatis
3162 4048 3218 4100 et
3255 4059 3406 4098 verae
3460 4039 3613 4096 aesti-

1948 4149 2229 4208 mationis
2275 4147 2475 4202 virum
2504 4142 2894 4199 Woltlaicum
2931 4135 3262 4210 quemdam
3301 4131 3612 4204 presbyte-

1948 4258 2084 4298 rum
2117 4235 2466 4294 familiarius
2497 4231 2768 4297 adscivit,
2799 4229 2894 4284 eui
2925 4230 3220 4282 secretum
3248 4237 3448 4284 suum,
3469 4234 3614 4289 qua-

1951 4336 2123 4386 tenus
2149 4325 2349 4382 divina
2373 4320 2736 4376 revelatione
2767 4319 3036 4379 noverat,
3061 4310 3290 4367 cautius
3315 4305 3609 4377 exposuit.

1955 4422 2103 4473 Nam
2141 4412 2291 4469 dixit
2337 4407 2653 4466 articulum
2693 4405 2828 4460 vitae
2867 4399 3177 4474 praesentis
3218 4399 3463 4469 propter
3510 4393 3615 4447 cri-

175 4512 474 4568 similibus
529 4529 636 4584 per
711 4511 1030 4566 triennium
1086 4509 1237 4563 ﬁnes
1295 4505 1584 4577 Bajoariaa
1642 4503 1839 4576 perlu-
1871 4481 1915 4533 θ
1957 4521 2095 4562 men
2147 4502 2410 4558 alienum
2441 4497 2675 4552 diverso
2724 4509 2785 4547 se
2817 4489 3086 4546 cruciatu
3125 4498 3528 4556 egressurum,
3561 4485 3617 4535 et

177 4608 395 4671 strans,
457 4601 534 4656 ad
587 4600 830 4656 laudem
884 4599 1137 4668 coelestis
1189 4597 1396 4670 patriae
1451 4610 1575 4650 non
1634 4593 1844 4649 ultima

177 4709 322 4767 pars
375 4707 753 4758 accessurus,
804 4706 910 4762 per
970 4688 1264 4760 spiritum,
1311 4687 1415 4758 qui
1462 4683 1725 4756 loquitur
1767 4682 1846 4738 ad

179 4799 284 4839 cor
334 4779 722 4845 Hierusalem,
782 4779 860 4833 ad
916 4779 1080 4833 littus
1149 4781 1378 4831 aeternae
1434 4773 1648 4846 quietis
1704 4776 1849 4828 tem-

180 4888 332 4946 pora
388 4887 497 4925 sua
550 4869 679 4939 jam
751 4869 881 4938 jam
943 4866 1228 4922 declinari
1286 4863 1612 4937 praesensit,
1674 4867 1730 4916 et
1783 4865 1849 4916 ut

178 4960 368 5032 judici
398 4957 663 5032 pulsanti
693 4957 1028 5029 expeditius
1055 4954 1328 5027 aperiret,
1360 4951 1630 5024 pervigili
1659 4954 1850 5005 custo-

185 5051 287 5106 dia
310 5049 668 5105 insidiosum
700 5053 934 5121 tempus
968 5043 1375 5118 exspectabat,
1397 5057 1472 5096 ne
1503 5056 1738 5096 moram
1769 5039 1851 5094 fa—

186 5140 376 5195 ciente
426 5154 672 5210 sponso,
708 5136 993 5208 fragilitas
1036 5131 1405 5190 obdormiret
1454 5130 1744 5184 humana.
1790 5131 1854 5183 Et

185 5228 332 5303 quia
396 5231 646 5286 neverat
711 5225 1054 5295 fatigatione
1113 5222 1380 5294 corporis
1451 5219 1854 5274 excitatiorem

188 5318 462 5374 animum
493 5315 681 5382 reddi,
707 5320 764 5371 et
787 5316 849 5370 in
877 5312 1130 5383 negotiis
1153 5313 1416 5366 honesta:
1445 5307 1855 5364 sollicitudinis

187 5407 392 5465 minus
449 5405 738 5476 obrepere
799 5419 1085 5461 somnum
1141 5399 1486 5475 pigredinis,
1535 5405 1659 5454 tum
1711 5413 1858 5470 prae-

189 5503 353 5554 terea
416 5498 717 5565 quatenus
785 5494 846 5549 in
912 5493 1011 5548 via
1076 5491 1252 5546 bonae
1318 5488 1660 5546 intentionis
1718 5503 1856 5541 eum

191 5588 357 5643 fraus
379 5583 622 5638 inimica
650 5583 938 5638 calcaneo
969 5584 1300 5637 calceatum
1323 5585 1380 5636 et
1404 5583 1648 5635 cautum
1674 5576 1858 5632 offen-

191 5677 377 5741 deret,
409 5672 712 5728 licentiam
743 5689 779 5728 a
806 5671 958 5726 duce
987 5671 1206 5743 pariter
1236 5675 1292 5725 et
1317 5669 1543 5742 populo
1560 5665 1856 5741 quaesivit,

193 5769 492 5839 quatenus
511 5766 762 5819 Romam
783 5761 862 5818 ad
883 5761 1198 5817 beatorum
1215 5759 1425 5816 limina
1445 5757 1854 5834 apostolorum

1955 4608 2166 4667 pcenas
2197 4605 2306 4662 pro
2335 4583 2603 4657 quadam
2629 4581 2768 4636 ﬁcta
2800 4578 2977 4649 culpa
3006 4592 3069 4630 se
3094 4575 3389 4667 laturum:
3424 4572 3620 4667 rogat-

1955 4655 2072 4754 que
2099 4683 2163 4734 ut
2192 4655 2328 4750 post
2358 4655 2589 4729 obitum
2630 4685 2808 4725 suum
2847 4664 3075 4721 cunctis
3115 4658 3383 4754 Ecclesiae
3424 4655 3619 4754 gradi-

1955 4744 2070 4826 bus
2099 4744 2428 4833 denuntiet,
2453 4777 2527 4817 ne
2558 4759 2693 4832 quis
2723 4756 2907 4812 fidem
2937 4753 3119 4823 hujus
3148 4746 3411 4804 infamiae
3441 4744 3515 4799 de
3537 4759 3618 4833 eo

1958 4856 2280 4915 contendat
2306 4831 2551 4916 habere,
2583 4831 2640 4904 et
2665 4846 3002 4902 imitaturus
3030 4836 3375 4908 exemplum
3403 4831 3620 4904 impin-

1960 4954 2062 5018 gat
2107 4943 2558 5007 oﬁ'endiculum,
2607 4955 2668 4993 se
2722 4939 2923 4992 autem
2981 4932 3119 4986 vivo
3177 4923 3462 4982 omnibus
3506 4922 3621 4976 hoc

1960 5011 2088 5094 esse
2118 5035 2378 5092 celatum
2410 5028 2752 5103 persuadet.
2797 5021 2968 5089 Quod
2998 5020 3092 5075 ille
3122 5017 3282 5072 idem
3308 5011 3624 5103 presbyter

1961 5129 2041 5184 ita
2083 5130 2147 5181 ut
2171 5100 2450 5197 jusserat,
2484 5115 2893 5175 testimonium
2932 5105 3274 5167 innocentia
3305 5104 3435 5174 ejus
3469 5105 3525 5156 et
3553 5100 3623 5155 ﬁ-

1962 5189 2190 5273 deliter"
2212 5211 2413 5275 tacuit,
2447 5209 2595 5264 dum
2634 5203 2875 5268 debuit;
2926 5205 2983 5254 et
3021 5201 3221 5269 aperte
3253 5189 3622 5266 praedicavit,

1964 5323 2103 5364 cum
2134 5301 2349 5359 decuit.
2380 5301 2514 5354 Post
2538 5297 2668 5351 haac
2695 5297 2811 5348 Deo
2841 5289 3087 5357 dignus,
3120 5287 3366 5355 accepta
3391 5279 3630 5336 licentia

1965 5390 2250 5466 principis
2280 5393 2337 5444 et
2386 5383 2596 5460 populi
2638 5385 2910 5472 optatam
2960 5374 3209 5472 armripuit
3257 5371 3442 5437 viam,
3475 5372 3531 5472 et
3567 5369 3632 5472 ut

1965 5459 2075 5555 par
2103 5459 2232 5549 fuit,
2263 5459 2404 5533 cum
2426 5475 2587 5545 justo
2619 5459 2936 5527 dedu'citur
2965 5466 3200 5522 affectu.
3230 5465 3379 5518 Nam
3406 5475 3479 5514 ex
3500 5459 3632 5555 tota

1967 5547 2116 5628 urbe
2157 5547 2469 5639 utriusque
2513 5579 2691 5618 sexus
2737 5559 2929 5616 effusa
2982 5552 3304 5612 multitudo
3351 5547 3632 5623 precibus

1967 5635 2418 5733 lachrymisque
2448 5651 2833 5728 prosequitur
2859 5651 3123 5714 euntem,
3156 5648 3212 5700 et
3240 5643 3299 5698 in
3351 5635 3632 5728 omnibus

1977 5765 2324 5808 mensuram
2347 5744 2570 5803 doloris
2590 5739 2874 5815 expendit
2896 5738 3155 5812 pretium
3170 5734 3428 5802 accepta-2
3451 5718 3636 5778 chari-
