3892 6388
373 292 477 343 9'79

371 410 526 475 tatis,
559 424 699 464 cum
746 406 965 479 pariter
1017 410 1073 462 et
1117 406 1361 461 minoris
1410 406 1655 461 fortunas
1694 402 2014 476 populares
2052 404 2097 455 A

372 505 478 558 aut
506 498 851 556 amovendee
883 495 1250 567 paternitatis
1293 496 1519 551 damno
1550 498 1885 563 gemebant,
1919 495 2019 545 aut

373 605 486 661 pro
517 587 705 642 reditu
736 585 787 639 ei
814 590 947 638 vota
981 583 1384 653 geminabant,
1418 590 1473 639 et
1503 584 1579 639 ab
1606 600 1728 639 uno
1757 581 2015 635 dilectio-

373 678 467 733 nis
499 678 655 731 fonte
702 674 1148 743 lachrymarum
1180 673 1399 745 duplex
1442 673 1691 728 inundat
1726 671 2016 738 materies,

284 796 290 803 ι
374 765 740 834 mixtamque
768 762 889 817 vim
920 762 1197 831 luctibus,
1228 762 1381 817 etde
1418 762 1611 817 reditu
1648 761 1831 831 dupia
1860 776 2018 829 spes,

374 858 429 908 et
466 853 539 908 de
571 851 857 906 abscessu
888 850 1117 905 tristitia
1162 866 1424 920 praesens
1472 850 1865 904 administrat.
1906 849 2020 901 llos

374 942 489 1007 ille,
526 941 673 995 sicut
700 942 947 995 noverat
985 938 1117 1011 pius
1149 943 1368 1009 pastor,
1402 939 1604 1010 amplo
1635 940 2019 994 commenda-

374 1030 551 1085 tionis
580 1028 786 1084 ordine
817 1028 1131 1094 demulcet,
1159 1031 1214 1081 et
1242 1027 1508 1083 salutatis
1540 1028 1837 1095 omnibus,
1866 1030 2019 1080 viam

376 1117 722 1186 ingreditur.
1764 1121 1775 1135 ‘

1025 1205 1250 1259 CAPUT
1289 1207 1372 1259 1X.

456 1315 628 1368 Ducis
656 1314 785 1380 ﬁlia
814 1316 1108 1380 stuprata.
1135 1344 1202 1351 —
1230 1313 1357 1375 Quo
1383 1312 1617 1379 longius
1644 1312 2017 1382 procedente,

379 1417 560 1474 supra
587 1401 723 1455 dicti
748 1401 915 1455 ducis
946 1400 1065 1455 tilia
1091 1400 1393 1455 commissi
1435 1401 1667 1455 sceleris
1702 1401 2020 1471 publicata,

378 1497 433 1547 et
477 1494 611 1547 ante
641 1490 821 1563 patris
852 1490 1113 1545 tribunal
1148 1489 1483 1555 constituta,
1516 1490 1589 1543 de
1635 1494 1870 1543 auctore
1902 1493 2023 1541 tam

378 1580 656 1636 solemnis
680 1580 910 1650 injuriae
938 1578 1299 1633 convenitur.
1333 1582 1597 1649 Cumque
1622 1578 1743 1643 diu,
1772 1577 2026 1631 femineo

378 1673 558 1735 metu,
596 1667 831 1739 spiritus
871 1668 1299 1739 obtupesceret,
1342 1670 1397 1720 et
1444 1667 1769 1721 alternante
1820 1666 2026 1720 timore

378 1757 595 1831 pariter
620 1761 675 1812 et
706 1772 909 1812 amore
948 1756 1151 1827 lingua
1204 1756 1468 1821 haereret,
1505 1754 1881 1818 arguentium
1920 1755 2026 1807 im-
2059 1750 2097 1801 Β

378 1849 518 1917 petu
565 1848 846 1909 coartata,
892 1843 951 1897 in
1007 1843 1336 1897 innocentis
1391 1842 1653 1913 episcopi
1707 1858 2027 1913 personam

379 1934 636 1988 dedecus
687 1948 865 1987 suum
918 1931 1187 2001 conjecit.
1223 1933 1350 1996 Quo
1400 1936 1569 2003 pater
1608 1931 1831 1997 audito,
1868 1934 2027 1984 tanto

380 2021 797 2076 vehementiori
849 2020 1255 2087 indignatione
1288 2019 1658 2084 tlammescit,
1692 2026 1918 2088 quanto
1953 2017 2031 2070 al-

380 2108 539 2163 tioris
586 2108 889 2177 dignitatis
936 2108 1090 2161 fastu
1139 2108 1455 2173 intumuit;
1502 2113 1864 2177 acceptoque
1905 2123 2030 2159 mu-

381 2212 558 2251 crone
607 2197 681 2250 ad
722 2196 1187 2264 extinguendam
1234 2197 1541 2266 propriam
1583 2195 1849 2247 sobolem
1895 2196 2026 2263 ruit,

378 2284 805 2357 perﬁceretque
862 2283 1113 2351 facinus,
1170 2283 1281 2337 nisi
1351 2299 1565 2338 manus
1629 2284 2027 2337 assistentium

380 2371 643 2444 puellam
674 2371 1003 2426 imminenti
1036 2371 1296 2443 perlculo
1326 2371 1696 2425 subduceret.
1728 2372 2027 2442 Prosequi-

381 2464 477 2514 tur
519 2464 717 2515 autem
764 2464 991 2515 tantum
1046 2460 1335 2514 sententia
1387 2460 1643 2513 furorem
1677 2476 1851 2525 sai-va,
1889 2476 2029 2514 nam

383 2548 819 2605 exhaaredatam
850 2549 909 2604 in
940 2548 1212 2603 Ausonias
1252 2548 1582 2619 longinqua
1633 2548 1870 2611 relegat,
1905 2565 2031 2619 per-

379 2642 559 2711 petuo
598 2638 965 2711 puniendam
994 2637 1187 2707 exilio,
1222 2654 1407 2709 quam
1446 2653 1757 2706 nunquam
1788 2638 2029 2693 misera-

378 2729 458 2783 tio
479 2733 726 2800 paterna
746 2728 1073 2783 revocavit:
1102 2727 1243 2799 quia
1271 2725 1713 2779 inconsolabilis
1736 2731 1822 2778 est
1838 2724 2027 2789 dolor,

379 2834 557 2893 quem
589 2817 741 2873 altus
762 2817 1088 2872 nutriverat
1116 2816 1330 2888 pudor.
1348 2815 1493 2867 Huic
1512 2815 1733 2882 judicio
1760 2817 2031 2884 Lamper-

382 2913 474 2963 tus
503 2906 714 2979 puella:
746 2922 1070 2975 germanus
1096 2904 1377 2970 interfuit,
1410 2920 1589 2973 quem
1630 2905 1890 2971 grandis,
1923 2918 2030 2973 pro

382 2995 730 3050 confusione
761 2994 1000 3061 sororis,
1024 2993 1242 3047 invasit
1275 2993 1526 3057 tristitia;
1560 2998 1613 3047 et
1638 2994 1803 3064 quod
1826 2995 2032 3062 juven-

1428 281 1849 340 MEGINFREDI
1888 277 2327 334 MAGDEBURG.
2370 283 2729 339 MAGISTBI.

3762 284 3849 334 98f)

2127 411 2431 459 momento
2458 407 2791 477 pertransit.
2811 422 2943 461 esse
2968 406 3238 471 brevem,
3270 410 3335 462 et
3368 420 3699 477 poenam,
3733 422 3841 476 qui

2132 492 2307 546 vitam
2343 511 2665 564 perennem
2691 496 2878 559 affert,
2914 512 3039 550 esse
3072 495 3292 549 levem.
3328 494 3731 549 Discrimen
3762 504 3841 548 est.

2128 581 2337 652 inquit,
2370 601 2638 654 parvum,
2672 585 2877 638 mortis
2905 586 3086 653 hujus
3116 584 3293 649 hora,
3319 601 3556 656 quam
3590 584 3780 641 bona
3801 586 3845 638 ti~

2127 670 2218 725 dei
2269 678 2472 743 peetus
2505 674 2650 727 dum
2683 675 2974 745 patienter
3013 673 3231 745 excipit
3262 673 3683 729 aeternitatis
3714 674 3844 729 desi-

2129 760 2290 813 derio
2325 762 2585 816 transilit.
2626 763 2785 817 Unde
2831 762 3158 817 videndum
3196 767 3289 818 est
3350 778 3437 817 ne
3504 779 3647 818 nos
3693 763 3839 817 timor

2132 851 2455 911 stl‘ttliu‘ult’ét
2485 857 2807 921 antequam
2838 852 3063 905 timoris
3091 868 3283 908 causa
3313 852 3705 907 conveniat
3730 871 3743 917 ;
3776 870 3841 905 eu

2132 936 2179 989 si
2222 955 2435 992 manus
2476 940 2717 1007 dantur,
2750 940 3139 1011 periculosius
3188 942 3399 1011 punit,
3441 958 3677 1013 quam
3728 942 3844 997 inte-

2129 1032 2409 1097 remptor.
2440 1030 2533 1083 llic
2567 1030 2783 1084 etenim
2810 1046 2879 1084 ex
2904 1030 3157 1085 adversa
3186 1030 3416 1086 militia
3458 1032 3743 1088 tetricus
3772 1047 3845 1101 pa

2130 1116 2264 1169 riter
2294 1121 2348 1170 et
2381 1118 2762 1188 turpissimus
2790 1120 3170 1190 proﬂigator;
3220 1136 3427 1191 quem
3461 1121 3583 1177 ille
3619 1123 3843 1194 ceperit.

2130 1211 2304 1259 antea
2347 1207 2596 1262 moritur
2626 1224 2812 1277 quam
2865 1209 3172 1280 puniatur.
3216 1210 3523 1278 Moritur,
3576 1212 3841 1283 inquam.

2132 1310 2251 1348 non
2308 1295 2501 1349 solum
2556 1297 2817 1366 turpiter,
2878 1314 3091 1352 verum
3146 1298 3525 1365 infeliciter,
3598 1300 3756 1373 quia
3807 1314 3843 1357 et

2133 1390 2341 1453 sponte
2375 1385 2549 1438 simul
2581 1391 2635 1439 et
2662 1387 2784 1439 sine
2821 1403 2925 1457 spe
2959 1386 3197 1442 tollitur.
3229 1388 3351 1453 Qui
3386 1390 3589 1447 enim
3623 1391 3841 1449 diversa

2134 1474 2251 1543 pati
2284 1490 2391 1544 pro
2418 1474 2641 1542 justitia
2668 1474 2882 1541 difidit,
2916 1480 2971 1529 et
3002 1476 3126 1531 sine
3156 1476 3281 1532 ﬁde
3314 1479 3624 1535 moritur
3652 1486 3712 1535 et
3743 1482 3839 1534 δὶητ

2138 1562 2250 1614 line
2284 1562 2540 1632 punitur.
3098 1626 3103 1629 Α

2789 1643 3011 1697 CAPUT
3048 1644 3134 1696 XI.

2208 1732 2344 1781 Dur
2359 1731 2599 1795 juvenis
2623 1731 2807 1796 plecti
2826 1732 3019 1797 jubet.
3049 1762 3118 1769 —
3160 1730 3303 1787 Haec
3342 1748 3426 1788 eo
3466 1751 3841 1807 prosequen-

2140 1822 2188 1870 te
2222 1818 2488 1869 l'unestus
2522 1816 2727 1887 irrupit
2752 1818 3013 1885 juvenis,
3048 1822 3105 1873 et
3136 1824 3203 1872 ut
3232 1818 3295 1873 in
3333 1836 3416 1874 ea
3454 1822 3677 1879 domo
3716 1824 3839 1895 lapis

2132 1906 2334 1973 ,ὶίιριιίι³
2369 1922 2547 1975 super
2597 1922 2735 1960 eum
2787 1907 3005 1961 baculo
3062 1907 3304 1961 inclinis
3367 1916 3593 1979 stans,
3642 1914 3837 1968 adduci

2140 1994 2246 2047 sibi
2298 1995 2537 2047 beatum
2596 1998 3104 2050 Emmerammum
3153 1996 3577 2056 turbulenter
3625 2003 3834 2075 procla-

2142 2088 2277 2137 mat.
2315 2086 2441 2146 Quo
2489 2084 2748 2137 adducto
2781 2084 3132 2139 ardentibus
3179 2089 3239 2141 et
3277 2088 3507 2144 oculis
3543 2096 3609 2147 et
3643 2092 3835 2147 animi»

2138 2177 2451 2242 exceptum
2498 2172 2855 2225 mordaciter
2900 2173 3154 2228 irridens
3195 2190 3529 2243 generum
3565 2182 3832 2253 appellat

2139 2262 2305 2325 Quod
2342 2263 2435 2316 Dei
2490 2263 2765 2317 sacerdos
2809 2265 2975 2333 justa
3015 2264 3434 2323 detestatione
3474 2287 3639 2328 cum
3678 2272 3833 2327 deae

2139 2356 2322 2419 garet,
2356 2351 2447 2405 ille
2506 2352 2905 2422 prosequitur,
2958 2353 3045 2409 ira
3094 2359 3595 2416 contumaciam
3649 2361 3834 2432 dispu-

2140 2446 2337 2494 mante
2386 2446 2441 2494 et
2494 2442 2675 2505 ignita
2720 2442 3018 2510 jac-ulatur
3055 2444 3429 2514 opprobria,
3470 2452 3833 2522 tandemque

2141 2528 2365 2583 intulit:
2424 2530 2730 2585 «Ruinam
2774 2537 2990 2584 nostrae
3034 2531 3262 2587 domus
3314 2539 3736 2607 sustulimus,
3762 2555 3833 2593 ca-

2142 2618 2464 2671 lamitatem
2522 2624 2786 2674 nostram
2837 2620 3246 2690 proveximus,
3290 2623 3692 2684 incendium
3737 2629 3831 2696 glo-

2140 2702 2237 2755 ria?
2294 2708 2503 2755 Ith'lt‘fP
2555 2704 2613 2756 in
2672 2704 2805 2757 sinu
2858 2704 3140 2759 fovimus.
3188 2707 3429 2779 thuid
3494 2728 3658 2782 ergo
3707 2713 3829 2786 patri

2140 2790 2343 2857 ﬁliam,
2378 2791 2519 2844 mihi
2552 2808 2815 2847 sororem
2860 2809 3058 2847 meam
3110 2794 3419 2853 fmdasti?
3482 2801 3679 2859 Plena
3726 2803 3828 2857 libi-

2140 2880 2349 2933 dinum
2405 2884 2638 2934 tuarum
2688 2881 2855 2945 virga
2912 2882 3096 2950 regia,
3149 2883 3440 2942 dedecus
3505 2893 3749 2959 generis
3791 2900 3829 2944 et

2142 2968 2431 3021 damnum
2488 2969 2733 3039 pudoris
2766 2970 3056 3039 exposuit.
3106 2971 3281 3026 Risus
3334 2974 3667 3049 hostium,
3708 2996 3824 3035 mce-

381 3083 490 3139 tuti
520 3082 807 3138 familiare
838 3087 947 3151 est,
970 3056 1078 3153 pro
1110 3081 1259 3136 falsa
1290 3082 1405 3135 lide
1434 3083 1583 3153 cepit
1615 3056 1753 3136 eum
1787 3056 2029 3136 temera—
2064 3097 2102 3152 ί)
2141 3071 2237 3153 Γοίῖ
2294 3056 2497 3153 Panis»
2562 3056 2755 3153 hiems
2798 3057 3033 3153 fratris,
3090 3059 3322 3153 Pignus
3396 3066 3634 3123 nObile
3692 3068 3825 3123 dam.

383 3172 509 3228 rius
536 3171 718 3239 furor,
745 3186 888 3226 nam
919 3170 1103 3225 mixto
1132 3169 1333 3225 dolore
1365 3176 1685 3243 postquam
1717 3171 2032 3224 bestialiter

389 3258 705 3325 etfremuit,
736 3258 887 3313 iram
938 3258 1094 3312 subit
1145 3259 1419 3328 amentia,
1460 3258 1719 3329 ﬂetuque
1764 3259 2033 3328 deposito

387 3346 613 3421 prosilit
641 3346 719 3403 ad
739 3346 1080 3402 vindictam.
1110 3349 1355 3420 Sumpto
1380 3348 1579 3418 itaque
1606 3347 1887 3403 comitatu
1912 3364 2033 3402 non

389 3451 603 3509 pauco,
635 3439 914 3508 properat
943 3434 1136 3490 virum
1166 3436 1263 3490 Dei
1295 3436 1594 3507 persequi.

1049 3572 1269 3626 CAPUT
1307 3572 1365 3626 X.

456 3674 726 3743 Hymnos
757 3674 921 3730 canit
951 3674 1437 3731 Emmerammus.
1470 3705 1538 3714 —
1562 3678 1790 3729 Interea
1818 3676 2036 3726 sancta:

388 3762 695 3818 memoriae
718 3765 886 3817 Pater
909 3762 1082 3819 trium
1110 3764 1344 3820 dierum
1375 3778 1617 3820 cursum
1648 3759 1950 3830 explicuit,
1985 3764 2040 3815 et

390 3851 454 3908 in
502 3850 704 3905 vicum
754 3852 1077 3923 quemdam
1136 3850 1551 3925 Helphandorf
1597 3852 2034 3918 nuncupatum,

391 3938 499 3994 ubi
523 3938 656 3993 fons
685 3940 1008 4012 perspicuis
1037 3942 1325 3999 manabat
1355 3939 1551 4010 aquis,
1570 3952 1876 3991 morarum
1906 3953 2041 3992 cau-

395 4042 494 4083 sas
521 4026 759 4083 innectit
786 4030 977 4098 sociis,
1010 4032 1249 4088 inventa
1280 4025 1525 4098 gerendi
1555 4024 1846 4096 quidlibet
1876 4042 2041 4081 occa-

395 4116 579 4172 sione.
612 4120 766 4174 Mens
796 4121 954 4177 enim
983 4121 1188 4177 divino
1238 4131 1444 4175 amore
1482 4113 1749 4177 lustrata,
1784 4114 1884 4169 ubi
1915 4132 2039 4169 cer—

396 4205 631 4264 taminis
663 4224 946 4283 campum
996 4207 1236 4272 invenit,
1268 4205 1330 4260 in
1377 4202 1702 4259 adventum
1738 4204 2036 4275 temporis,

394 4309 561 4351 arma
605 4296 743 4352 fidei
771 4302 828 4355 et
856 4295 1226 4361 constantia},
1260 4292 1386 4364 spei
1417 4295 1473 4346 et
1521 4292 1802 4347 orationis
1837 4308 2037 4363 Opera,

395 4383 761 4454 subornavit,
815 4387 898 4444 ita
943 4389 1008 4441 ut
1071 4386 1280 4452 stupor
1343 4379 1666 4451 discipulos
1715 4379 2038 4451 invaderet,

392 4476 624 4529 tantum
665 4476 832 4547 quod
882 4470 1230 4548 pontiﬁcem
1282 4475 1571 4538 gravaret.
1643 4470 1822 4537 Igitur
1876 4469 2039 4525 circi-

396 4565 479 4617 ter
532 4564 744 4620 horam
806 4563 923 4619 diei
976 4558 1209 4616 tertiam
1264 4559 1599 4614 celebrante
1648 4558 1748 4614 illo
1802 4559 2041 4613 canoni-

395 4664 495 4705 cos
525 4652 805 4723 hymnos,
836 4657 893 4708 et
921 4647 1193 4704 debitum
1232 4647 1498 4703 ofﬁcium
1548 4646 1660 4701 sub
1700 4652 2041 4702 sanctarum

394 4741 729 4797 testimonio
777 4738 1169 4811 reliquiarum
1215 4736 1497 4801 solvente,
1548 4734 1785 4803 juvenis
1832 4736 2041 4806 praefa-

393 4832 487 4885 tus
538 4829 968 4903 superveniens
1014 4824 1407 4896 praecipitium
1460 4822 1655 4878 cordis
1695 4838 1914 4878 vesano
1962 4830 2048 4880 tu-

393 4919 586 4976 multu
613 4916 969 4986 designavit,
1001 4928 1145 4968 nam
1181 4910 1580 4967 multitudinis
1621 4926 1789 4966 arma
1820 4911 2046 4983 collisa,

392 5008 701 5067 minaciter
759 5002 1003 5076 inquirit
1069 5016 1291 5056 nomen
1355 5000 1672 5070 pontiﬁcis,
1746 5000 2048 5057 comitatui

394 5098 521 5167 ejus
587 5109 879 5163 magnum
934 5106 1219 5163 pavorem
1279 5089 1546 5144 incussit.
1616 5089 1774 5144 Unde
1838 5090 2048 5147 festina

394 5183 807 5256 trepidatione,
863 5181 1016 5236 sicut
1064 5178 1151 5248 ﬁt,
1192 5178 1271 5234 ad
1321 5178 1538 5233 ostium
1592 5177 1807 5233 domus
1848 5195 2048 5234 occur-

392 5277 609 5337 rentes,
638 5273 963 5342 postquam
1012 5267 1287 5324 habitum
1318 5266 1531 5322 furoris
1581 5272 1636 5322 et
1671 5266 1907 5323 turbam
1947 5284 2046 5323 co-

396 5362 753 5428 gnoverunt,
803 5356 972 5411 illum
1026 5357 1152 5411 haec
1200 5356 1448 5441 inimica
1503 5355 1806 5411 intendere
1858 5342 2048 5411 timidi

392 5444 901 5518 praenuntiabant.
925 5448 1188 5510 Quorum
1214 5446 1305 5500 ille
1334 5446 1540 5517 pavori
1568 5462 1638 5528 ex
1670 5461 1887 5501 arcano
1916 5445 2048 5501 soli-

396 5534 488 5589 dm
521 5533 648 5606 spei
682 5534 875 5590 retulit
903 5552 1057 5603 orsa,
1089 5536 1314 5597 dicens,
1348 5536 1671 5590 adventum
1695 5551 1899 5589 eorum
1923 5550 2044 5589 non

359 5669 369 5679 .
399 5624 608 5678 afferre
636 5622 745 5676 sibi
766 5624 1033 5679 timorem
1059 5640 1161 5695 per
1181 5642 1362 5696 quem
1384 5630 1437 5679 et
1465 5624 1731 5678 molestia
1750 5627 1969 5694 pereat,
1989 5628 2046 5678 et

400 5712 619 5779 gaudia
648 5711 771 5769 sine
799 5712 916 5767 ﬁne
947 5714 1262 5771 succedant
1287 5732 1299 5768 :
1328 5713 1597 5768 dolorem
1626 5712 1909 5782 corporis,
1934 5712 2040 5783 qui

2144 3148 2315 3197 natur
2358 3148 2422 3198 ut
2472 3149 2748 3199 scortum.
2798 3146 3046 3201 Hoccine
3087 3152 3176 3201 est
3224 3150 3637 3225 episcopum
3686 3156 3823 3212 esse?

2147 3232 2391 3285 lloccine
2414 3238 2498 3286 est
2526 3234 2785 3288 amicum
2817 3250 2943 3287 esse
2966 3234 2993 3288 ‘P
3021 3237 3138 3290 Hoc
3169 3242 3260 3292 est
3294 3240 3748 3301 testimonium
3764 3261 3823 3298 re

2144 3320 2375 3385 ligionis
2396 3323 2421 3374 1’
2454 3322 2570 3374 Hoc
2592 3321 2877 3375 indicium
2904 3322 3140 3392 pietatis
3168 3328 3286 3379 tute
3315 3326 3347 3381 ‘I
3378 3328 3577 3388 Hanc
3604 3335 3825 3395 gratiam

2146 3408 2364 3462 meritis
2396 3409 2612 3463 nostris
2657 3410 2983 3480 rependis?
3031 3411 3138 3482 qui
3166 3416 3219 3466 te
3252 3414 3605 3477 advenam
3636 3428 3695 3477 et
3722 3437 3826 3477 esteo

2144 3512 2289 3550 num
2339 3496 2552 3551 nostris
2608 3496 2782 3551 bonis
2835 3497 2895 3552 in
2943 3499 3351 3559 reverentiam
3406 3508 3622 3565 totius
3650 3510 3827 3582 populi

2145 3584 2590 3639 mdiﬁcavimus.
2624 3585 2744 3640 Sub
2774 3586 2901 3642 haec
2933 3587 3102 3643 miles
3136 3588 3359 3646 Christi
3390 3612 3406 3649 :
3452 3599 3621 3667 lmo,
3644 3598 3827 3671 inquit.

2146 3672 2244 3733 till.
2276 3673 2454 3727 aliam
2499 3679 2555 3728 et
2604 3673 2778 3741 longe
2824 3675 3179 3732 dissimilem
3230 3682 3529 3747 gratiam
3574 3693 3636 3745 et
3666 3694 3829 3743 vestra

2146 3762 2351 3815 merita
2394 3766 2449 3816 et
2494 3768 2697 3817 nostra
2728 3763 3006 3820 voluntas
3038 3768 3320 3837 exquirit.
3362 3774 3656 3833 Proinde
3685 3777 3827 3833 bona

2146 3849 2288 3919 spei,
2324 3850 2545 3905 bonam
2579 3852 2758 3907 tidem
2802 3852 3022 3908 habere
3053 3854 3319 3912 debuisti
3350 3877 3365 3918 :
3427 3878 3601 3920 nam
3634 3867 3734 3922 1113,
3760 3882 3830 3919 su-

2148 3938 2331 4008 spicio
2354 3955 2471 3993 non
2492 3940 2797 4011 probatur,
2822 3958 2955 4012 quae
2981 3959 3173 4014 neque
3195 3944 3395 4004 ﬁdem
3426 3955 3637 4011 trahit
3658 3973 3694 4011 a
3717 3972 3833 4027 pre-

2149 4027 2344 4093 teritis,
2378 4043 2569 4098 neque
2620 4044 2866 4083 causam
2902 4031 3082 4086 habet
3111 4048 3184 4087 ex
3224 4036 3510 4095 meritis.
3550 4044 3679 4100 Cur
3705 4047 3835 4100 enim

2148 4115 2297 4169 bene
2328 4117 2693 4171 merentibus
2726 4118 3023 4185 obessem,
3054 4122 3160 4192 qui
3201 4123 3295 4178 vel
3348 4129 3537 4187 male
3584 4134 3839 4191 merenti-

2146 4202 2259 4257 bus
2313 4220 2466 4275 szepe
2522 4206 2911 4275 profueram?
2966 4209 3216 4264 Proinde
3268 4216 3358 4279 tu,
3408 4233 3631 4288 quem
3672 4238 3840 4293 neque

2149 4297 2387 4362 propter
2416 4292 2609 4346 minas
2644 4292 2841 4359 timeo,
2874 4311 3069 4366 neque
3103 4302 3358 4370 propter
3393 4303 3715 4366 timorem
3744 4292 3839 4365 1n.)-

2148 4396 2281 4446 neo,
2313 4381 2545 4451 depone
2576 4382 2985 4453 pertinaciam,
3019 4384 3194 4440 diiler
3223 4389 3539 4451 animum
3574 4400 3843 4472 suspicio

2149 4469 2258 4534 nis,
2291 4474 2347 4560 et
2373 4469 2497 4524 redi
2529 4471 2607 4526 ad
2636 4472 3112 4543 experimentum
3144 4475 3461 4551 veritatis,
3500 4502 3590 4541 ne
3626 4469 3843 4560 propter

2150 4556 2534 4612 temeritatem
2586 4563 2749 4614 tuam
2778 4560 3048 4616 incurras
3077 4562 3136 4617 in
3170 4564 3464 4625 exitium.
3507 4556 3843 4632 Addiniina

2150 4652 2491 4702 sanctorum
2541 4648 2951 4720 apostolorum
3007 4651 3267 4708 Romam
3309 4655 3405 4712 ire
3442 4660 3735 4733 decrevi,
3768 4665 3845 4719 ubi

2150 4735 2511 4791 cathedram
2548 4739 2749 4793 Petrus
2803 4738 3032 4805 habuit,
3065 4756 3249 4811 quem
3306 4742 3371 4798 in
3425 4750 3723 4811 Ecclesia
3762 4768 3845 4808 sua

2152 4840 2457 4881 censorem
2496 4826 2755 4881 veritatis
2796 4828 3017 4883 Veritas
3074 4828 3205 4898 ipsa
3257 4830 3637 4905 disposuit.
3685 4846 3846 4912 Hujus

2152 4913 2406 4968 vicarius
2453 4914 2603 4969 sicut
2651 4915 2728 4969 ab
2758 4917 2971 4971 eodem
3010 4917 3143 4971 loco
3173 4923 3231 4973 et
3262 4922 3502 4982 ordine
3544 4934 3743 4989 trahit
3771 4934 3849 4987 ho

2153 5017 2380 5067 norem,
2401 5001 2479 5056 sic
2512 5002 2589 5056 ab
2621 5002 2833 5058 eadem
2860 5007 3017 5059 tenet
3047 5005 3495 5069 auctoritatem
3530 5024 3600 5075 et
3629 5023 3849 5091 ejusju-

2153 5090 2373 5144 dieium
2394 5106 2514 5144 non
2539 5089 2772 5155 fallitur,
2798 5092 2958 5163 quod
2988 5099 3231 5149 auctore
3256 5097 3519 5157 Christo
3542 5089 3847 5165 solidatur.

2154 5178 2235 5233 lbi
2267 5194 2407 5245 ergo
2436 5177 2529 5232 vel
2558 5193 2663 5248 per
2697 5184 2746 5234 te
2770 5179 2861 5234 vel
2890 5195 2997 5251 per
3028 5182 3311 5237 nuntium
3347 5196 3709 5252 canonica:
3739 5216 3849 5253 exs.

2154 5266 2494 5356 minationis
2512 5266 2751 5336 pondus
2771 5266 2843 5320 de
2870 5266 3118 5356 objectis
3144 5272 3418 5340 experiri
3448 5276 3709 5347 licebit,
3734 5303 3853 5356 qua-

2154 5358 2322 5407 tenus
2360 5352 2656 5419 obligatus
2710 5357 2813 5408 aut
2864 5354 3177 5409 absolutus
3222 5356 3550 5424 inveniar.
3603 5352 3847 5444 Accepta

2153 5447 2350 5496 autem
2403 5441 2879 5496 mansuetudinis
2927 5444 3195 5512 oraculo,
3239 5447 3372 5505 vim
3439 5441 3851 5518 δηίωοείαλυ.

2153 5547 2307 5585 caeca
2328 5530 2561 5601 tyranni
2584 5531 2970 5601 praesumptio
2986 5532 3191 5588 furore
3214 5534 3508 5613 laxabat,
3538 5548 3823 5607 hamum;
3848 5582 3851 5583 ν

2151 5638 2287 5691 que,
2319 5637 2499 5692 quem
2530 5636 2715 5675 manu
2767 5620 3059 5716 gestabat,
3096 5626 3247 5681 tanti
3295 5634 3506 5701 patris
3543 5638 3615 5695 in
3660 5650 3850 5716 pecu.

2154 5710 2416 5781 impegit,
2446 5714 2504 5766 et
2530 5726 2652 5767 non
2683 5709 2968 5765 reveritus
3013 5714 3250 5785 templo
3283 5721 3552 5783 Domini
3586 5709 3853 5791 funesta.
