3968 6402
175 285 270 342 981
1512 278 1684 337 VITA
1722 280 1786 334 B.
1821 281 1825 332 ἶ

2005 283 2237 340 ἰΒΑΜΜΙ
2247 328 2258 340 .

3502 288 3607 344 982

173 406 414 477 injicere
447 421 684 471 manus,
720 405 910 462 socios
941 406 1218 462 nefandis
1269 407 1511 478 instigat
1556 405 1829 470 vocibus,
1867 409 1913 460 Α
1945 405 2036 460 tite
2069 407 2347 463 salutaris
2378 409 2633 464 hostiam
2657 408 2941 477 fastidire,
2968 426 3107 469 cum
3135 425 3165 466 e
3219 413 3429 468 contra
3480 426 3607 466 ma-

172 502 474 568 quatenus
509 495 877 550 vinculatum
927 495 1272 552 deformiter
1315 498 1634 554 traherent.
1701 498 1834 550 Fac-

173 591 424 658 tumque
451 585 665 656 estsic,
704 589 765 640 ut
789 587 1114 642 assentatio
1143 603 1379 660 semper
1425 585 1716 642 declivem
1750 588 1834 656 ty-

171 675 377 731 rannis
406 675 700 747 impetum
728 674 885 745 facit,
915 679 1034 732 uta
1065 675 1352 732 militibus
1382 675 1536 730 illico
1555 673 1829 739 vallatus,

172 769 228 822 et
255 765 556 835 religionis
586 765 856 821 vestibus
895 770 1130 831 exutus,
1154 767 1212 821 in
1245 765 1503 838 hospitio
1559 764 1831 836 ipsorum

172 869 353 926 super
386 853 612 910 scalam
638 853 884 908 funibus
918 854 1322 923 stringeretur.
1358 858 1474 910 Hoc
1502 870 1653 910 ausu
1709 856 1830 907 tam

173 943 459 1000 scelerato
487 943 778 1016 perterriti
817 943 1063 1001 comites
1091 944 1278 1000 sancti
1312 943 1441 1009 viri,
1487 942 1828 1012 diffugiunt,

172 1032 429 1104 exempli
458 1032 708 1103 majoris
745 1031 1027 1101 imagine,
1055 1032 1473 1106 propheticum
1516 1030 1832 1104 implentes

171 1121 559 1193 praesagium,
592 1120 758 1194 quod
789 1121 1004 1177 dicitur
1037 1139 1048 1176 :
1086 1143 1113 1172 ‹‹
1148 1124 1387 1178 Percute
1419 1125 1743 1194 pastorem,
1775 1123 1833 1175 et

170 1209 590 1284 dispergentur
615 1225 754 1268 oves
777 1209 974 1280 gregis
1005 1210 1240 1281 (Matth.
1273 1214 1496 1277 xxvx).»
1537 1208 1831 1265 Pretiosus

169 1303 372 1358 autem
423 1298 633 1356 Christi
681 1303 934 1370 martyr,
1019 1299 1163 1360 olim
1220 1299 1510 1356 devotam
1562 1297 1830 1356 animam

169 1387 441 1445 oblatum
473 1387 541 1442 iri
571 1391 690 1443 Deo
730 1387 1134 1462 perpendens,
1183 1391 1412 1462 quanto
1462 1385 1698 1443 arctiori
1749 1385 1832 1440 di-

169 1475 448 1532 scrimine
479 1475 932 1545 conﬂigendum
963 1476 1075 1536 sibi
1106 1476 1406 1546 cognovit,
1450 1480 1614 1534 tanto
1645 1479 1828 1531 atten-

168 1564 299 1620 tiori
338 1564 755 1635 sollicitudine,
787 1565 866 1621 ad
890 1566 1149 1622 victoriae
1215 1580 1336 1620 sum
1393 1565 1610 1620 ducem
1666 1562 1829 1620 Chri-

167 1658 325 1713 stum
357 1670 419 1709 se
462 1654 731 1726 contulit,
783 1654 924 1710 foris
975 1655 1282 1730 patientia,
1341 1653 1619 1727 precibus
1666 1653 1827 1710 intus

1943 510 2074 564 gnae
2107 496 2179 552 sit
2209 497 2560 553 obedientiac
2596 499 2956 555 sententiam
2989 498 3212 570 judicis
3238 504 3602 572 exspectare.

1941 588 2013 639 At
2042 587 2351 657 quomodo
2383 603 2564 658 grave
2596 592 2683 643 est
2713 587 2962 662 pigritiae
2996 593 3131 656 tute,
3189 587 3455 644 ofﬁcium
3504 605 3610 644 no-

1940 673 2033 728 bis
2059 675 2446 732 humanitatis
2474 681 2530 732 et
2567 675 2867 734 exhausto
2894 677 3202 736 tormentis
3241 678 3498 750 pectoris
3523 695 3612 734 re-

1940 765 2265 834 frigerandi
2295 768 2531 841 copiam
2557 769 2874 840 praebere?
2931 768 3057 825 dies
3093 772 3226 826 tuos
3272 770 3399 825 haec
3438 784 3611 828 exac-

1942 855 2021 910 tio
2049 860 2342 927 torqueat,
2374 862 2438 912 ut
2466 857 2699 928 quoties
2726 857 3043 931 cujuslibet
3101 857 3337 930 generis
3393 863 3608 932 potum

1943 959 2170 1014 sumas,
2204 944 2627 1002 alienationem
2658 945 2875 1004 mentis
2904 946 3197 1012 incurras,
3252 945 3398 1004 nulli
3449 947 3607 1020 peri-

1943 1032 2144 1088 culum
2167 1032 2419 1097 laturus,
2452 1034 2555 1088 sed
2615 1034 2963 1108 exemplum
3021 1034 3440 1092 inobedientiae
3489 1035 3604 1092 hoc

1942 1127 2085 1194 typo
2117 1122 2406 1178 futurus.»
2441 1124 2622 1194 Cujus
2651 1124 2957 1180 sententiae
3013 1123 3136 1180 vim
3185 1125 3347 1182 idem
3405 1125 3602 1180 Vitalis

1940 1211 2166 1281 multis,
2198 1212 2418 1288 quibus
2444 1219 2654 1286 postea
2675 1213 2902 1270 vixerat
2927 1214 3120 1288 annis,
3163 1219 3443 1288 expertus
3495 1220 3602 1273 est.

1941 1304 2088 1356 Nam
2110 1301 2344 1374 quoties
2375 1302 2638 1374 aliquem
2654 1302 2937 1373 gustabat
2954 1308 3188 1376 potum,
3216 1303 3371 1360 illico
3401 1309 3603 1367 mente

1941 1396 2153 1463 captus
2200 1406 2306 1463 per
2345 1391 2512 1446 urbis
2567 1392 2796 1465 plateas
2838 1408 3065 1468 perque
3114 1392 3246 1456 loca
3296 1397 3604 1476 petrarum

1941 1479 2218 1552 abrupta,
2249 1485 2305 1536 et
2332 1486 2728 1539 monumenta
2777 1486 3154 1542 mortuorum
3209 1481 3600 1540 discurrendo

1940 1568 2273 1625 terribiliter
2316 1571 2751 1643 perstrepebat,
2800 1575 2856 1628 et
2904 1575 3110 1628 tamen
3162 1572 3246 1634 ita
3303 1571 3599 1646 stupidus,

1939 1657 2085 1712 nulli
2116 1657 2224 1713 fuit
2252 1658 2648 1732 periculosus.
2682 1661 2848 1734 Saepe
2901 1676 3145 1735 quoque
3197 1661 3278 1720 sic
3313 1665 3598 1731 evagatus

166 1747 457 1811 armatus,
489 1748 607 1799 toto
635 1743 904 1800 videlicet
931 1745 1140 1819 spiritu
1172 1744 1253 1799 illi
1307 1744 1628 1810 inhaerens,
1657 1741 1829 1812 cujus
1862 1763 1902 1819 Β
1940 1752 2046 1818 est,
2076 1752 2140 1804 ut
2171 1763 2277 1820 per
2307 1749 2624 1805 cacumina
2653 1749 2908 1808 turrium
2949 1755 3229 1820 curreret,
3288 1755 3344 1807 et
3389 1751 3600 1826 praeci-

166 1847 338 1886 amor
367 1831 641 1890 animum
671 1832 962 1902 deliniret,
991 1833 1140 1889 dum
1171 1833 1428 1890 crudelis
1459 1847 1642 1904 poena
1701 1846 1826 1890 cor-

167 1936 282 1992 pus
313 1919 582 1980 laniaret.

810 2012 1035 2067 CAPUT
1072 2014 1181 2068 XII.

237 2100 667 2160 Emmerammi
692 2116 907 2170 corpus
935 2103 1524 2158 secatum.—Interea
1557 2098 1825 2171 quinque

164 2188 548 2268 carnificibus
573 2189 652 2246 ad
683 2189 1019 2251 secandum
1047 2189 1432 2250 membratim
1461 2193 1639 2262 atque
1689 2187 1825 2244 arti-

162 2277 406 2338 culatim
440 2282 584 2339 tanti
607 2280 933 2340 sacerdotis
955 2280 1402 2356 corpusculum,
1430 2285 1494 2335 ut
1511 2277 1824 2336 bestialem

162 2368 399 2441 tyranni
430 2369 704 2428 animum
733 2369 1048 2442 multiplici
1069 2371 1312 2426 vulnere
1343 2372 1679 2443 pascereut,
1711 2367 1824 2427 ele-

162 2456 289 2532 ctis,
320 2457 513 2518 divisa
541 2463 630 2516 est
661 2460 953 2522 sententia
988 2464 1297 2524 tortorum.
1333 2458 1563 2532 Quippe
1603 2458 1726 2514 duo
1751 2474 1823 2513 ex

159 2545 327 2622 ipsis,
352 2546 715 2611 detestantes
747 2553 870 2608 tam
887 2548 1127 2606 crudele
1150 2547 1438 2617 oﬁicium,
1460 2546 1702 2603 veniam
1719 2562 1824 2622 po-

162 2633 487 2706 stulabant,
515 2652 591 2695 ne
614 2652 724 2710 pro
753 2637 854 2695 illo
884 2635 1147 2694 facinore
1176 2636 1414 2715 puniret
1442 2652 1545 2692 eos
1572 2634 1819 2708 justitia,

161 2723 239 2780 ad
267 2724 434 2796 quod
465 2741 589 2782 non
614 2726 914 2794 voluntas,
934 2726 1036 2781 sed
1071 2725 1305 2784 Domini
1333 2725 1424 2781 sui
1449 2728 1688 2793 cogeret
1717 2740 1823 2778 saa-

157 2812 300 2868 vitia
325 2831 338 2883 ;
381 2815 575 2872 cmteri
606 2831 743 2870 vero
769 2830 925 2872 vana
947 2830 1057 2887 pro
1110 2814 1264 2870 veris
1303 2814 1687 2882 aestimantes,
1711 2816 1824 2871 Ma-

158 2918 292 2970 nus,
321 2902 622 2978 inquiunt,
664 2903 967 2983 impudice
1008 2903 1358 2959 mulieribus
1415 2902 1688 2970 insertas,
1742 2901 1821 2960 ad

156 2989 513 3051 deterrenda
542 2993 907 3050 incestorum
953 2991 1222 3048 facinora
1269 2990 1514 3064 praecidi
1563 2994 1814 3064 oportet.

1939 1834 2151 1908 pitium
2182 1836 2428 1892 minime
2453 1835 2744 1898 toleraret.
2772 1838 3060 1899 Caeterum
3083 1839 3170 1896 vir
3190 1839 3353 1900 idem
3384 1839 3599 1900 callem

1937 1925 2050 1996 piae
2079 1926 2549 1982 conversationis
2575 1931 2731 1987 recte
2761 1927 3168 1999 gradiebatur,
3186 1933 3243 1992 et
3270 1929 3598 1992 missarum

1937 2011 2134 2068 ofﬁcia
2167 2019 2499 2088 caeteraque
2531 2015 2941 2074 Ecclesiastica
2971 2021 3208 2076 strenue
3224 2017 3595 2090 peragenda,

1937 2101 2240 2158 charitatis
2269 2103 2477 2159 munia
2509 2109 2747 2174 cuncta,
2774 2110 3071 2178 quantum
3087 2107 3290 2175 valuit,
3309 2107 3598 2180 adimple-

1935 2189 2194 2246 vit:.hoc
2229 2194 2459 2248 tantum
2493 2192 2692 2248 solum
2721 2209 2914 2266 usque
2955 2195 3035 2250 ad
3086 2196 3270 2250 tinem
3322 2195 3478 2266 vitae,
3533 2199 3600 2252 ut

1935 2279 2109 2334 nobis
2135 2280 2436 2336 aestimare
2468 2282 2838 2348 conceditur,
2869 2287 2928 2340 et
2945 2298 3057 2356 pro
3087 2283 3365 2356 exemplo
3387 2288 3443 2340 et
3490 2300 3596 2340 oro

1934 2369 2284 2427 humilitatis
2315 2371 2608 2444 custodia,
2642 2372 2902 2447 pertulit.

2568 2462 2792 2521 CAPUT
2829 2463 2963 2522 XIII.

2005 2551 2436 2612 Enmzerammi
2459 2553 2794 2624 sepultura.
2827 2585 2896 2593 —
2925 2553 3155 2613 Interea
3181 2552 3454 2614 locorum
3501 2554 3594 2614 in-

1935 2637 2078 2694 colae
2109 2639 2371 2716 pretiosa
2401 2640 2684 2714 martyris
2715 2642 2993 2700 membra
3029 2642 3403 2702 humanitate
3433 2659 3595 2705 com-

1932 2729 2138 2802 puncti
2168 2729 2229 2792 in
2259 2729 2558 2802 arborem,
2587 2747 2725 2803 quae
2759 2730 2942 2802 Spina
2965 2730 3117 2788 Alba
3151 2736 3420 2801 vocatur,
3477 2731 3594 2792 col-

1931 2816 2104 2887 lecta,
2135 2817 2282 2880 dum
2314 2818 2658 2889 conderent,
2689 2819 3064 2895 conditisque
3091 2837 3215 2878 non
3241 2821 3346 2878 diu
3393 2837 3592 2880 reces-

1932 2906 2166 2979 sissent,
2191 2909 2314 2964 duo
2335 2909 2722 2982 pulcherrimi
2752 2908 2864 2968 viri
2894 2914 3071 2968 antea
3095 2927 3220 2968 non
3268 2911 3378 2973 visi
3427 2911 3593 2977 viam

1930 2998 2158 3067 regiam
2181 2999 2514 3072 equitantes
2541 3000 2614 3055 de
2646 3004 2902 3074 utroque
2929 3005 3169 3059 arantes
3225 3001 3428 3070 latere,
3479 3018 3590 3074 pro

158 3083 363 3179 Itaque
394 3079 734 3180 digitorum.
760 3079 1040 3180 articulos
1065 3079 1415 3137 vulneribus
1475 3083 1814 3180 numerant,
1851 3118 1892 3180 C
1933 3087 2218 3143 membris
2247 3087 2407 3148 beati
2426 3089 2744 3162 pontiﬁcis,
2780 3089 2883 3146 ubi
2909 3090 3104 3166 posita
3147 3090 3415 3159 fuissent,
3451 3107 3590 3150 con-

155 3174 210 3224 et
241 3169 419 3228 simul
446 3175 588 3230 nata
617 3171 915 3240 dividunt,
941 3188 1050 3246 per
1081 3175 1352 3248 tempora
1381 3170 1559 3228 morti
1614 3186 1818 3228 moras

157 3258 464 3330 facientes,
500 3265 565 3322 ut
589 3260 853 3321 amarior
893 3276 1002 3333 per
1049 3264 1347 3319 tormenta
1404 3258 1648 3320 veniret.
1704 3259 1819 3318 Sed

153 3363 259 3404 cur
289 3354 558 3408 moratur
586 3349 682 3408 hic
715 3349 1017 3418 facundia,
1051 3349 1156 3408 ubi
1184 3349 1354 3406 locus
1403 3353 1491 3405 est
1543 3348 1677 3404 voci
1725 3365 1820 3409 su-

153 3436 353 3512 spiriis
378 3437 732 3507 interclusas,
766 3454 888 3498 non
943 3439 1394 3512 compositionis
1443 3441 1566 3494 arte
1617 3437 1817 3512 depic-

152 3532 225 3582 tae
251 3527 279 3582 Ἰ
309 3530 462 3597 Ergo
492 3527 752 3606 pedibus
793 3531 850 3583 et
886 3527 1172 3588 manibus
1212 3527 1520 3596 abscissis,
1579 3526 1817 3588 lumini-

149 3615 268 3672 bus
298 3615 558 3685 eﬁ'ossis,
585 3616 833 3677 auribus
860 3615 1208 3690 amputatis,
1229 3615 1477 3676 naribus
1498 3616 1810 3683 truncatis,

149 3704 397 3762 tandem
428 3704 716 3778 pudicitia
745 3704 1027 3777 martyris
1054 3709 1142 3760 est
1192 3704 1424 3773 invasa,
1477 3707 1533 3763 et
1589 3708 1814 3762 secreta

147 3793 398 3866 pudoris
427 3792 763 3851 detestabili
783 3797 923 3848 sunt
947 3793 1072 3849 acie
1097 3793 1306 3850 recisa.
1339 3793 1492 3852 Inter
1521 3807 1656 3864 quae
1687 3808 1814 3850 om-

146 3882 250 3943 nia
269 3882 328 3938 in
359 3882 603 3940 laudem
635 3881 944 3944 Creatoris,
961 3898 1079 3938 vox
1109 3881 1389 3955 quamvis
1418 3881 1676 3948 modica,
1703 3884 1812 3940 Da-

144 3971 410 4033 vidicum
442 3971 630 4028 melos
662 3970 942 4029 exercuit.
978 3971 1150 4038 Quod
1180 3970 1294 4044 ipsi
1318 3969 1654 4030 invidentes
1700 3969 1810 4026 lin-

143 4077 328 4131 guam
367 4060 652 4121 radicitus
699 4060 969 4118 evulsam
1013 4065 1451 4132 resecaverunt,
1485 4059 1809 4134 relictoque

142 4155 268 4206 tam
295 4149 696 4222 multipliciter
726 4167 882 4208 caeso
910 4155 1305 4206 recesserunt.
1342 4155 1470 4222 Ipse
1514 4165 1656 4204 vero
1709 4150 1808 4206 Dei

139 4239 394 4296 bellator
424 4239 485 4296 in
505 4239 719 4298 eodem
750 4239 1010 4300 victoriae
1041 4255 1258 4312 campo
1291 4255 1501 4302 cruore
1549 4239 1807 4302 involve-

139 4328 338 4404 batur,
371 4329 564 4386 donec
593 4329 736 4384 socii
761 4328 921 4385 beati
974 4328 1084 4385 viri
1116 4346 1146 4384 e
1194 4329 1438 4386 latebris
1469 4333 1525 4386 et
1571 4328 1806 4400 angulis

140 4417 377 4485 emersi,
407 4435 546 4477 cum
575 4418 788 4475 vicinis
821 4417 1175 4474 mulieribus
1203 4435 1386 4474 causa
1411 4418 1803 4480 humanitatis

140 4506 365 4574 excitis,
399 4508 668 4567 aderant.
695 4510 857 4574 Quos
888 4507 1100 4563 adesse
1128 4524 1526 4578 cognoscens,
1580 4524 1805 4582 aquam

141 4595 220 4652 ad
253 4595 712 4654 refocillandum
743 4601 952 4670 pectus
978 4597 1242 4671 requirit.
1301 4596 1404 4655 Cui
1462 4596 1660 4654 Vitalis
1711 4614 1805 4654 su-

141 4685 450 4758 pradictus
472 4685 786 4759 presbyter
821 4705 832 4742 :
868 4709 895 4735 «
925 4686 1116 4744 Mirari
1144 4687 1285 4744 satis
1317 4703 1552 4760 nequeo
1576 4686 1804 4744 cunctis

136 4791 293 4849 pene
323 4775 612 4832 membris
643 4776 901 4846 amissis,
935 4781 1115 4851 atque
1174 4777 1376 4850 ipsum
1418 4777 1566 4832 lucis
1619 4777 1803 4835 limen

137 4881 516 4935 egressurus,
547 4864 843 4942 quidnam
873 4870 1086 4940 potum
1115 4872 1394 4938 exoptes;
1434 4867 1614 4942 quasi
1643 4867 1804 4926 dela-

134 4953 312 5010 niatae
339 4953 588 5010 morulis
627 4953 760 5010 vitae
806 4953 1116 5024 fruiturus,
1159 4972 1298 5011 cum
1355 4959 1476 5012 toto
1533 4955 1802 5014 cruciati-

84 5069 94 5080 ~
133 5043 250 5102 bus
271 5043 617 5116 exhaustus,
650 5043 835 5099 ﬁnem
865 5043 1194 5110 doloribus,
1227 5045 1425 5118 potius
1451 5061 1639 5117 quam
1671 5061 1804 5119 spa-

134 5134 283 5191 tium
309 5139 592 5206 exoptare
624 5134 895 5190 deberes.
925 5158 953 5184 ››
981 5133 1071 5190 Ad
1103 5134 1230 5190 haec
1257 5133 1478 5192 athleta
1536 5136 1637 5191 Dei
1675 5141 1800 5194 tam

129 5237 393 5292 magnus
422 5224 498 5281 ad
523 5224 963 5296 prosternenda
983 5223 1045 5280 in
1064 5223 1315 5280 subditis
1336 5224 1494 5292 vitia,
1513 5241 1700 5300 quam
1713 5225 1798 5298 in-

128 5311 323 5367 victus
356 5311 434 5368 ad
464 5311 751 5386 patienda
781 5316 1098 5378 tormenta,
1135 5312 1412 5387 spiritum
1438 5313 1692 5384 collegit,
1743 5319 1800 5374 et

127 5400 473 5460 animosam
497 5399 776 5461 virtutem
802 5401 1073 5470 rationis,
1097 5419 1288 5482 parvo
1308 5419 1429 5475 quo
1456 5403 1649 5476 potuit
1674 5421 1798 5464 cor-

127 5489 294 5562 poris
319 5489 460 5548 nisu
489 5488 694 5556 erexit,
712 5493 1073 5565 temptatum
1103 5491 1288 5550 robur
1313 5492 1531 5552 mentis
1553 5494 1796 5566 gravius

127 5580 348 5648 ferens,
379 5593 567 5650 quam
599 5579 1015 5640 membrorum
1047 5582 1398 5640 sectiones.»
1432 5584 1794 5660 Impatientis

129 5671 238 5731 est,
273 5665 488 5740 inquit,
522 5671 768 5736 cogente
796 5667 1022 5739 dolore,
1055 5672 1406 5750 quempiam
1425 5673 1576 5730 velle
1603 5678 1794 5734 metas

130 5759 268 5826 vitae
288 5756 599 5844 praesentis
628 5773 967 5842 erumpere,
998 5765 1054 5823 et
1095 5769 1451 5825 cencessam
1503 5765 1793 5852 poeniten-

1930 3177 2269 3234 veniebant.
2304 3178 2532 3245 Quibus
2561 3179 2622 3234 in
2659 3179 2872 3237 arbore
2907 3180 3194 3256 priedicta
3222 3181 3588 3250 monstratis,

1931 3267 2268 3324 videntibus
2300 3269 2548 3337 cunctis,
2581 3268 2720 3325 illuc
2749 3270 3186 3344 pervenientes,
3221 3270 3419 3333 subito
3466 3287 3591 3334 non

1932 3362 2418 3433 comparuerunt.
2456 3362 2571 3415 Hac
2603 3358 3012 3433 disparitione,
3043 3358 3148 3434 qui
3197 3364 3415 3434 praesto
3469 3360 3593 3420 fue-

1929 3451 2064 3504 rant
2084 3463 2295 3504 omnes
2318 3447 2653 3521 stupefacti,
2678 3447 2757 3508 ad
2782 3448 3062 3510 arborem
3085 3448 3243 3510 illico
3270 3450 3594 3514 convolan-

1930 3541 2014 3591 tes
2040 3537 2316 3592 membra
2335 3535 2520 3608 paulo
2570 3539 2708 3594 ante
2762 3537 2959 3610 posita
3015 3552 3140 3596 non
3180 3537 3588 3614 invenerunt;

1927 3624 2185 3696 factique
2217 3629 2356 3680 sunt
2385 3625 2565 3695 hujus
2590 3624 2673 3681 rei
2703 3629 2879 3686 testes
2912 3629 2969 3682 et
2995 3625 3204 3689 notitia
3242 3630 3300 3684 et
3323 3627 3588 3705 novitate

1925 3730 2078 3787 pene
2107 3730 2342 3783 omnes,
2370 3713 2473 3787 qui
2505 3713 2777 3784 ejusdem
2797 3713 2913 3775 loci
2933 3713 3172 3776 fuerant
3193 3715 3582 3790 habitatores,

1925 3802 2273 3860 consulente
2311 3801 2934 3878 divinadispositione
2955 3804 3245 3867 membris
3295 3805 3409 3862 illis
3452 3821 3586 3880 pre.

1924 3892 2107 3962 tiosis,
2139 3908 2274 3969 quae
2296 3907 2418 3950 non
2445 3891 2658 3950 amittit
2687 3893 2748 3953 in
2794 3894 3018 3958 sanctis
3062 3895 3245 3956 etiam
3297 3895 3585 3970 capillum

1922 3982 2130 4061 capitis
2162 3981 2327 4054 (Luc.
2361 3983 2503 4054 XXI).
2551 3984 2699 4044 Dum
2735 3984 2865 4046 haec
2916 3988 3225 4056 geruntur,
3282 3986 3388 4061 qui
3427 3985 3588 4050 circa

1922 4077 2198 4133 sanctum
2227 4072 2327 4130 Dei
2357 4072 2614 4144 fuerant,
2645 4073 2914 4137 tollentes
2946 4091 3086 4138 eum
3118 4076 3194 4139 de.
3239 4076 3582 4140 certaminis

1921 4179 2161 4237 campo,
2192 4162 2255 4219 in
2290 4163 2560 4238 plaustro
2590 4164 2922 4239 ponebant,
2950 4165 3298 4240 perducturi
3330 4183 3471 4223 eum
3518 4167 3581 4226 in

1919 4253 2124 4310 villam
2151 4254 2456 4319 Ascheim,
2488 4271 2625 4328 quae
2655 4253 2919 4313 distabat
2945 4254 3180 4318 indem
3199 4255 3578 4327 mulieribus,

1919 4342 2022 4398 ubi
2061 4348 2118 4400 et
2146 4343 2395 4399 ecclesia
2418 4343 2526 4404 fuit
2556 4347 2613 4400 Β.
2645 4343 2818 4404 Petro
2854 4344 3266 4418 apostolorum
3323 4345 3580 4419 principi

1917 4427 2214 4498 dedicata,
2248 4446 2322 4486 ne
2347 4430 2408 4485 in
2425 4430 2640 4490 vilibus
2668 4432 3030 4493 rusticorum
3060 4432 3238 4502 casis,
3269 4437 3438 4495 t'tnta
3487 4437 3578 4495 ta.

1915 4515 2106 4590 lisque
2137 4533 2400 4589 persona
2429 4517 2727 4582 deﬁceret.
2759 4519 3012 4580 Proinde
3037 4520 3318 4584 mulieres
3347 4537 3421 4583 ex
3443 4521 3582 4586 vicic.

1917 4605 2018 4666 nia
2043 4605 2322 4677 collectae,
2355 4612 2409 4664 et
2449 4607 2557 4663 viri
2604 4607 2832 4666 circiter
2885 4608 3150 4680 ducenti,
3199 4610 3577 4674 venerabiles

1917 4694 2204 4768 exequias
2236 4695 2559 4770 prosecuti,
2581 4696 2813 4758 viscera.
2840 4697 3385 4763 commiserationis
3425 4701 3578 4762 votis

1915 4783 2216 4840 indulsere
2244 4785 2544 4844 fidelibus.
2597 4789 2854 4846 Emensa
2894 4787 3026 4858 jam
3071 4803 3298 4859 magna
3349 4789 3576 4855 itineris

1913 4877 2105 4946 parte,
2146 4873 2206 4936 in
2247 4890 2535 4947 campum
2583 4875 2915 4948 quemdam
2971 4877 3353 4948 gramineum
3381 4878 3576 4942 tribus

1913 4961 2179 5020 millibus
2211 4963 2534 5024 distantem
2564 4982 2600 5024 a
2623 4965 2752 5024 vico
2783 4967 3062 5028 Ascheim
3096 4967 3569 5040 perveniebant:

1912 5055 1970 5108 et
1997 5067 2133 5110 ecce
2162 5054 2694 5125 transmigraturus
2716 5055 2797 5114 ad
2826 5055 3088 5119 ccclestia
3115 5055 3340 5118 beatus
3377 5057 3576 5132 ponti.

1910 5139 2005 5198 fex
2027 5157 2174 5197 voce
2201 5159 2325 5215 qua
2349 5143 2536 5207 valuit
2563 5144 2786 5217 ejulare
2819 5145 3018 5218 capit,
3047 5145 3309 5209 innuens
3353 5148 3571 5212 horam

1907 5231 2242 5290 vocationis
2289 5249 2412 5290 suae
2469 5233 2806 5296 advenisse.
2864 5235 3040 5305 Quod
3083 5235 3338 5309 quidam
3405 5253 3567 5300 com-

1906 5320 2239 5380 meantium
2265 5321 2555 5385 subtiliter
2578 5323 2948 5395 di$cernena,
2974 5329 3041 5389 ut
3068 5325 3144 5384 de
3162 5325 3431 5398 plaustro
3481 5327 3572 5392 lea

1905 5413 2113 5472 vatum
2137 5410 2350 5474 Christi
2378 5417 2709 5484 martyrem
2757 5413 3120 5480 dimitterent
3163 5414 3379 5486 telluri.
3426 5432 3570 5481 eum

1903 5500 2363 5574 praemonuisset
2393 5502 2610 5573 socios,
2639 5519 2785 5568 mox
2811 5504 3064 5568 herbido
3083 5505 3146 5568 in
3175 5507 3384 5579 aprico
3430 5505 3570 5570 loco

1905 5588 2304 5650 tremebunda
2326 5590 2614 5664 religione
2642 5592 2858 5657 resolvi
2884 5593 3082 5667 coepit.
3124 5595 3191 5658 In
3237 5596 3397 5660 exitu
3420 5610 3566 5658 vero

1905 5681 2124 5734 sanctae
2152 5678 2371 5736 animae
2396 5679 2553 5736 illius
2575 5681 2650 5738 de
2683 5685 2938 5757 Egypto
2960 5683 3140 5756 hujus
3178 5683 3412 5753 mundi,
3477 5684 3566 5744 lus

1903 5783 2035 5824 cem
2073 5767 2248 5841 quasi
2301 5768 2602 5842 lampadis
2649 5770 2963 5842 immensa
3013 5789 3087 5841 ex
3110 5789 3214 5836 ore
3241 5771 3430 5836 sancti
