3968 6392
371 290 475 347 983

373 502 720 559 assistentes
749 500 1054 567 videbant,
1084 505 1370 573 tantaque
1398 501 1488 556 vis
1514 501 1746 572 jubaris
1778 506 1920 565 erat,
1971 504 2037 556 ut

369 591 729 647 intuentium
750 588 957 646 oculos
985 589 1163 662 quasi
1184 589 1565 647 fulminando
1606 591 2034 655 reverberaret,

369 695 681 754 pavorque
722 677 999 733 membra
1054 694 1266 735 eorum
1300 684 1553 735 tremore
1584 684 1941 745 concuteret,
1974 686 2040 736 ut

368 769 466 824 vix
494 767 656 823 beati
684 767 792 823 viri
819 784 1039 841 corpus
1065 768 1128 823 in
1158 767 1496 841 plaustrum
1524 770 1815 827 auderent
1864 786 2037 842 repo-

368 872 528 913 nere.
564 860 769 929 Itaque
792 856 933 913 inde
963 856 1150 926 digna
1166 862 1334 929 patre
1356 859 1688 915 reverentia
1717 860 1794 915 ad
1821 858 2034 932 praefa-

369 950 497 1003 tum
527 945 807 1002 Ascheim
837 946 1201 1019 perductum
1259 947 1320 1002 in
1374 948 1623 1004 ecclesia
1680 948 1836 1005 Beati
1890 947 2037 1003 Petri

370 1036 646 1109 apostoli,
675 1034 1133 1092 confaventibus
1170 1036 1299 1107 ejus
1352 1036 1466 1092 loci
1513 1038 1771 1111 populis,
1834 1037 2036 1094 debito

373 1125 739 1199 sepelierunt
769 1126 1018 1181 honore.
1053 1125 1168 1181 Sed
1220 1127 1514 1199 quoniam
1559 1129 1689 1199 ejus
1745 1144 2038 1184 resurrec-

369 1216 551 1272 tionis
583 1215 744 1272 diem
770 1215 1156 1271 beatissimus
1180 1216 1447 1290 pontifex
1483 1217 1815 1291 praestolari
1867 1218 2037 1273 mini-

369 1322 469 1362 me
499 1305 703 1376 voluit,
736 1304 1008 1375 exigente
1029 1305 1281 1377 justitia,
1311 1310 1375 1362 ut
1422 1323 1578 1380 quos
1616 1307 1759 1364 ﬁdei
1809 1307 2036 1379 gremio

370 1394 677 1463 nutrierat,
702 1394 786 1451 eis
815 1411 1061 1468 quoque
1089 1395 1243 1451 sacri
1268 1397 1537 1470 corporis
1565 1397 2037 1470 patrocinaretur

368 1482 841 1557 reliquiis,coepit
862 1483 1024 1539 orbis
1050 1488 1267 1552 natura
1296 1486 1545 1553 moveri,
1572 1491 1751 1559 atque
1774 1486 2033 1543 elemen-

371 1577 571 1628 torum
601 1571 883 1629 violentia
912 1573 1059 1629 tanti
1086 1574 1414 1631 sacerdotis
1442 1579 1660 1631 nutum
1680 1576 2033 1648 praedicare;

372 1678 519 1718 nam
548 1666 752 1718 coorta
783 1662 981 1719 subito
1008 1668 1327 1720 ventorum
1358 1665 1639 1737 procella,
1693 1665 1895 1722 lucida
1944 1683 2036 1722 re-

370 1750 468 1821 gio
491 1751 613 1825 poli
644 1750 912 1807 nubibus
938 1752 1281 1823 obducitur,
1304 1759 1361 1809 et
1398 1755 1862 1811 contenebratur
1904 1756 2037 1811 coeli

367 1839 571 1909 facies,
605 1840 842 1910 mugitu
874 1841 1135 1913 tonitrui,
1167 1842 1653 1917 fulguribusque,
1687 1844 2032 1901 mortalium

370 1929 555 1986 corda
582 1929 979 1998 terrentibus;
1014 1931 1311 1988 dissoluto
1338 1932 1576 1988 interim
1614 1933 1678 1989 in
1723 1933 1957 2006 pluvias
1982 1938 2040 1991 et

373 2016 704 2073 deﬂuentes
772 2033 983 2074 amnes
1054 2035 1191 2075 aere
1274 2019 1571 2076 continuis
1631 2021 2037 2094 quadraginta

373 2104 609 2161 diebus.

1008 2250 1233 2305 CAPUT
1268 2252 1307 2305 Χ
1319 2252 1399 2305 IV.

444 2373 601 2441 Ejus
631 2374 974 2430 translatio.
1000 2406 1069 2414 —
1098 2377 1259 2430 'l‘unc
1282 2376 1434 2433 sicut
1455 2376 1518 2432 in
1557 2378 1838 2449 angustia
1888 2397 2042 2437 sem-

371 2477 480 2534 per
507 2461 849 2518 humanum
877 2478 1067 2533 genus
1107 2463 1181 2520 de
1239 2465 1491 2522 insuetis
1541 2467 1813 2539 attendit,
1863 2473 1921 2526 et
1966 2470 2041 2527 de

370 2550 654 2624 periculis
680 2551 945 2624 requirit,
978 2553 1253 2609 consulta
1283 2560 1374 2610 est
1412 2554 1619 2612 divina
1667 2558 1935 2630 potentia
1985 2564 2043 2616 et

370 2640 564 2714 pietas
590 2644 858 2713 exorata,
886 2641 1079 2697 donec
1130 2644 1260 2699 visu
1303 2648 1610 2701 nocturnae
1660 2647 2041 2706 revelationis

373 2730 749 2787 declaratum
774 2736 880 2795 est,
936 2732 1141 2788 deberi
1193 2734 1391 2790 felices
1429 2735 1713 2811 reliquias
1762 2737 2040 2798 festinato

374 2820 454 2878 ad
475 2819 689 2876 urbem
718 2821 1113 2878 Batisbonam
1134 2822 1275 2879 inde
1332 2826 1659 2884 transferri.
1710 2830 1874 2885 Unde
1915 2830 2038 2903 pri-

368 2913 564 2965 mates
596 2908 707 2964 loci
736 2908 894 2964 illius
924 2909 1193 2978 adunati,
1219 2912 1526 2971 sublatum
1552 2931 1589 2971 a
1619 2917 1893 2989 sepulcro
1942 2936 2039 2976 ve-

371 2997 716 3053 nerandum
737 3014 958 3071 corpus
985 3000 1064 3056 ad
1093 3005 1322 3057 [suram
1356 3002 1612 3060 ﬂuvium
1658 3007 1800 3063 navi
1846 3008 2038 3082 impo-

1053 288 1478 345 MEGINFREDI
1518 288 1970 345 MAGDEBUBG.
2011 287 2339 343 MAGISTRI
2376 289 2539 343 VITA
2578 288 2640 343 B.
2684 288 3123 345 EMMERAMMI.

371 412 757 486 processisse,
789 411 1129 485 coelumque
1147 411 1353 484 ipsum
1408 417 1774 484 penetrasse,
1836 411 2034 466 cuncti
2068 413 2115 468 Α

3703 289 3816 342 984

2780 412 3017 469 CAPUT
3065 415 3170 468 XV.

2218 501 2585 571 Carniﬁcum
2603 517 2809 572 paena.
2842 534 2912 543 —
2943 502 3241 568 Quoniam
3271 501 3345 556 dc
3375 501 3653 557 exercitio
3682 516 3814 556 cer-

2142 588 2383 645 taminis
2414 590 2709 663 pontiﬁcis
2732 595 2911 664 atque
2935 589 3238 663 triumpho
3266 590 3507 661 cognita
3537 594 3596 645 et
3625 589 3817 646 credi-

2143 681 2204 732 ta
2223 680 2526 734 contexuit
2562 680 2771 743 oratio,
2802 695 3178 753 consequens
3212 695 3344 735 esse
3371 679 3624 740 videtur.
3671 679 3815 752 quis

2142 779 2343 820 rerum
2374 765 2511 821 finis
2541 771 2955 840 persecutores
2981 768 3111 839 ejus
3143 767 3591 840 praesentialiter
3639 782 3813 839 cepe-

2142 855 2234 922 rit,
2269 872 2551 912 enarrare
2588 875 2601 924 ;
2635 861 2934 930 quatenus
2961 861 3017 914 et
3044 858 3174 913 haec
3199 857 3460 927 cognitio
3490 861 3546 913 et
3601 856 3818 912 fraenet

2144 943 2477 1018 improbos,
2507 951 2563 1002 et
2606 950 2843 1002 tueatur
2880 947 3148 1020 probos;
3208 947 3355 1002 dum
3405 962 3527 1002 non
3583 945 3817 1001 audent

2142 1030 2257 1102 isti,
2287 1050 2423 1106 quae
2452 1034 2664 1091 volunt
2696 1054 2709 1103 ;
2742 1039 2799 1091 et
2822 1052 2943 1091 non
2984 1035 3290 1109 patiantur
3339 1034 3441 1105 illi,
3499 1051 3635 1108 qua:
3683 1049 3817 1089 non

2144 1120 2384 1177 debent.
2444 1122 2605 1179 Sicut
2661 1123 2938 1196 superius
2994 1122 3281 1193 diximus,
3354 1123 3624 1196 quinque
3668 1126 3821 1177 sunt

2143 1208 2328 1277 electi,
2362 1211 2465 1283 qui
2497 1227 2635 1266 eum
2666 1216 3034 1284 torquerent,
3063 1228 3136 1268 ex
3157 1211 3378 1284 quibus
3401 1211 3555 1267 duos
3573 1210 3817 1267 facinus

2144 1298 2367 1367 terruit,
2396 1303 2516 1354 tres
2550 1315 2693 1355 vero
2736 1304 2795 1356 et
2813 1300 2891 1356 ad
2920 1299 3270 1356 audendum
3301 1304 3358 1355 et
3385 1299 3462 1356 ad
3488 1303 3818 1373 perpetran

2143 1385 2292 1441 dum
2308 1386 2499 1443 scelus
2516 1387 3009 1461 foris,imperium
3024 1389 3274 1445 senioris
3289 1389 3700 1460 incitat,atque
3717 1387 3817 1442 in-

2145 1474 2258 1531 sita
2286 1476 2630 1532 medullitus
2660 1476 2944 1550 iniquitas
2971 1478 3225 1534 exacuit.
3266 1477 3436 1534 Unde
3467 1477 3659 1533 timidi
3688 1476 3822 1532 duo

2143 1563 2243 1633 illi,
2274 1581 2482 1637 preces
2510 1582 2622 1639 pro
2653 1566 2746 1622 his
2775 1566 3065 1623 fundente
3120 1572 3330 1623 sancto
3388 1571 3672 1639 martyre,
3707 1582 3819 1621 ve-

2144 1652 2246 1709 nia
2276 1653 2504 1723 donati,
2538 1654 2599 1709 in
2620 1671 2769 1728 pace
2800 1654 3179 1711 deduxerunt
3236 1661 3544 1730 tempora;
3597 1653 3822 1726 reliqui

2077 1767 2116 1820 Β
2142 1759 2286 1798 vero
2315 1742 2471 1798 intra
2501 1748 2730 1818 septem
2759 1744 2887 1801 dies
2941 1744 3172 1817 spiritui
3221 1745 3315 1801 cui
3369 1745 3702 1800 servierunt
3749 1743 3821 1799 in

2148 1832 2379 1887 mundo
2402 1833 2622 1901 traditi,
2674 1838 2853 1907 atque
2908 1833 3266 1890 horribiliter
3310 1833 3537 1906 diuque
3586 1831 3817 1897 vexati,

2148 1921 2392 1977 tandem
2414 1922 2686 1994 quodam
2710 1919 3082 1996 intempestae
3112 1923 3305 1979 noctis
3336 1922 3568 1979 silentio
3598 1922 3661 1978 in
3712 1921 3823 1978 de-

2149 2015 2373 2066 sertum
2403 2017 2586 2067 ruunt
2617 2030 2629 2066 :
2654 2012 2759 2068 ubi
2787 2028 2896 2085 per
2919 2012 3054 2069 loca
3074 2012 3436 2083 confragosa
3454 2011 3517 2068 in
3548 2012 3819 2069 inacces-

2149 2099 2343 2157 sibilia
2364 2100 2742 2174 lymphando
2791 2102 3138 2175 perierunt:
3194 2118 3394 2176 neque
3439 2106 3651 2175 postea
3703 2101 3818 2158 ali-

2148 2206 2272 2263 quo
2302 2189 2363 2245 in
2388 2190 2521 2247 loco
2548 2190 2637 2247 vel
2665 2191 2799 2259 vivi,
2840 2191 2936 2247 vel
2978 2191 3243 2248 defuncti
3299 2196 3817 2265 comparuerunt;

2149 2279 2374 2353 duplici
2403 2279 2776 2351 contritione,
2806 2280 2957 2337 sicut
2972 2281 3053 2337 ait
3072 2281 3371 2354 propheta
3387 2281 3620 2353 (Jerem.
3644 2285 3816 2353 xvn),

2151 2367 2404 2424 contriti.
2437 2369 2551 2425 Sed
2580 2373 2637 2425 et
2666 2368 3017 2426 Lambertus
3074 2384 3286 2425 eorum
3340 2369 3625 2425 dominus
3674 2385 3822 2425 con-

2151 2463 2431 2530 surgente
2460 2464 2670 2516 contra
2699 2476 2840 2516 eum
2862 2464 3007 2516 nata
3034 2475 3108 2516 ex
3132 2459 3457 2516 sceleribus
3483 2460 3606 2516 suis
3636 2475 3820 2517 occa-

2150 2548 2337 2616 sione,
2370 2554 2661 2621 perpetuo
2687 2550 3012 2606 damnatus
3065 2549 3261 2619 exilio,
3321 2549 3533 2623 procul
3590 2565 3626 2605 a
3682 2550 3813 2605 suis

2148 2639 2333 2712 digno
2362 2644 2653 2713 despectu
2683 2641 2965 2709 evanuit;
2999 2640 3111 2697 hac
3144 2641 3205 2696 in
3239 2645 3513 2713 posteros
3558 2640 3813 2696 haeredi-

2150 2733 2264 2786 tate
2287 2745 2607 2802 poenarum
2634 2730 2857 2799 relicta,
2892 2736 2956 2787 ut
2983 2730 3139 2787 infra
3167 2746 3395 2803 paucos
3444 2745 3638 2786 annos
3695 2728 3814 2785 im-

2147 2824 2381 2876 mature
2404 2821 2612 2876 mortis
2645 2820 2793 2877 falce
2817 2820 3070 2894 praecisi,
3103 2836 3257 2893 pene
3307 2819 3504 2876 omnis
3544 2820 3670 2876 vita
3728 2819 3815 2875 di-

2146 2909 2401 2966 fficulter
2430 2914 2680 2978 extorta,
2712 2926 2822 2983 pro
2874 2910 3137 2966 innocuo
3180 2909 3462 2982 martyris
3514 2910 3811 2979 sanguine

2147 3000 2642 3075 discerperentur.
2674 3001 2784 3066 Qui
2803 3017 2946 3057 vero
3002 3016 3312 3073 superesse
3362 3004 3657 3073 poterant,
3716 2998 3812 3055 vel

371 3089 642 3153 suerunt,
673 3087 963 3153 accensis,
990 3088 1165 3158 juxta
1185 3090 1487 3159 religionis
1513 3094 1789 3164 modum,
1813 3098 2034 3155 caareis.

2220 3090 2350 3146 [huc
2383 3096 2758 3163 suspersunt,
2792 3090 3003 3146 eadem
3039 3089 3394 3146 infelicitatis
3415 3089 3612 3146 forma
3638 3089 3811 3145 mise-

369 3174 456 3229 lbi
487 3190 628 3229 cum
681 3173 951 3231 deﬂuum
1004 3176 1134 3244 iter,
1189 3195 1367 3236 amne
1421 3181 1483 3236 in
1525 3184 1771 3255 propria
1806 3192 2037 3260 ruente,

374 3268 787 3337 sequerentur,
820 3280 929 3337 per
950 3266 1103 3322 ostia
1132 3267 1322 3340 ipsius
1352 3270 1429 3325 ad
1464 3272 1809 3329 Danubium
1856 3273 2040 3330 intra-

369 3355 605 3407 verunt.
640 3353 784 3409 Inde
831 3358 1039 3411 contra
1092 3361 1290 3412 ortum
1336 3357 1602 3414 ﬂuminis
1655 3360 2038 3432 enitentibus,

373 3440 542 3514 quod
565 3440 693 3498 sine
724 3458 950 3513 magno
981 3443 1188 3500 labore
1218 3449 1594 3504 consuetudo
1637 3454 1865 3508 naturae
1919 3468 2041 3509 non

370 3535 632 3605 praestat,
669 3536 834 3589 tanta
863 3534 1158 3591 celeritate
1186 3553 1282 3593 res
1323 3538 1651 3595 immobilis
1678 3547 1888 3598 contra
1916 3560 2042 3600 mo-

368 3619 555 3676 bilem
584 3621 810 3678 meritis
858 3624 1140 3695 martyris
1190 3626 1562 3699 propellitur,
1617 3646 1687 3686 ac
1737 3632 1785 3686 si
1842 3633 2039 3689 velum

368 3714 588 3804 ventus
608 3718 745 3785 post
764 3711 993 3770 ﬂumen
1018 3714 1369 3773 intenderet.
1404 3719 1580 3804 ΑΡΧΗ
1629 3720 1793 3778 hunc
1839 3726 2041 3796 stupo-

370 3815 502 3856 rem
524 3800 587 3856 in
619 3816 690 3855 co
722 3804 1012 3858 comitatu
1039 3819 1134 3859 res
1173 3800 1510 3863 admodum
1563 3809 1876 3882 mirabilis,
1933 3812 2042 3868 sed

370 3892 577 3944 tamen
599 3889 790 3945 sancti
816 3889 924 3946 viri
945 3893 1217 3948 moribus
1248 3897 1695 3968 comparabilis.
1759 3902 1913 3956 Nam
1972 3902 2044 3957 si-

371 3978 474 4032 cut
501 3974 598 4031 ille
628 3975 690 4031 in
709 3976 826 4033 hoc
852 3979 1085 4035 mundo
1120 3989 1510 4040 conversatus
1560 3986 1714 4043 inter
1760 4003 2042 4060 grassan-

372 4063 729 4121 tisstultitiaa
750 4067 1040 4137 turbines,
1088 4085 1197 4125 nec
1244 4071 1446 4143 ignem
1495 4078 1740 4148 superni
1796 4080 2041 4147 amoris,

373 4167 487 4209 nec
518 4153 781 4210 veritatis
809 4155 1016 4212 lumen
1043 4158 1266 4231 amisit,
1298 4160 1379 4217 ita
1426 4164 1690 4220 candelae
1731 4167 1905 4237 juxta
1957 4185 2047 4224 sa-

374 4259 548 4300 crum
576 4243 735 4299 illius
763 4260 985 4318 corpus
1017 4263 1287 4305 accensae
1321 4255 1743 4325 tempestatum
1793 4256 2045 4316 ﬂamina

374 4337 557 4407 atque
587 4332 877 4391 imbrium
910 4336 1163 4395 ﬂumina
1187 4340 1319 4412 jugi
1354 4357 1564 4400 sereno
1622 4344 2041 4419 despexeram,

374 4421 898 4480 consalutantibus
932 4430 1056 4482 tam
1084 4427 1312 4486 clarum
1346 4430 1607 4502 signum,
1665 4439 1722 4491 et
1775 4438 2045 4509 conjubi-

373 4511 642 4568 lantibus
666 4514 934 4588 utrisque
963 4515 1278 4576 littoribus.
1342 4523 1464 4578 Hac
1494 4522 1795 4582 alacritate
1832 4526 2045 4584 urbem

373 4600 732 4675 praedictam
786 4604 1064 4679 ingressi,
1125 4609 1369 4667 obviam
1418 4610 1761 4672 habuerunt
1840 4632 2045 4674 sacros

376 4690 520 4748 cleri
572 4692 836 4763 ordines,
892 4700 949 4751 et
1005 4698 1229 4769 praevia
1273 4699 1574 4771 religionis
1624 4705 1861 4777 vexilla,
1905 4724 2045 4764 cum

374 4778 611 4852 reliquo
640 4783 1042 4853 processionis
1064 4785 1199 4854 ritu,
1234 4788 1690 4864 principemque
1737 4795 2047 4852 Theodum

374 4866 702 4941 provinciae
732 4886 873 4925 cum
912 4872 1325 4944 optimatibus,
1372 4876 1564 4935 effusa
1606 4879 1669 4936 in
1718 4882 2047 4941 adventum

379 4956 474 5011 sui
506 4959 745 5030 patroni
769 4963 895 5017 tota
925 4962 1169 5032 rem'one
1196 4982 1208 5032 ;
1242 4981 1501 5037 quorum
1529 4968 1913 5041 hymnisonis
1946 4989 2049 5029 vo-

378 5044 550 5135 cibus
578 5047 749 5104 tellus
797 5048 1120 5108 videbatur
1167 5069 1299 5110 esse
1356 5073 1672 5115 concussa.
1734 5065 1936 5135 Itaque
1987 5063 2049 5120 in

376 5134 540 5225 beati
571 5138 835 5210 Gregorii
868 5141 1151 5214 [Georgii]
1208 5147 1490 5218 martyris
1537 5149 1806 5217 ecclesia,
1840 5134 2050 5225 quam

377 5220 510 5312 ipse
541 5226 858 5295 quondam
888 5229 1234 5289 orationum
1272 5232 1671 5293 familiaritate
1711 5220 2049 5312 frequenta-

380 5307 508 5399 bat,
554 5311 852 5399 solempni
906 5319 1250 5379 celebritate
1300 5326 1637 5399 composito
1694 5307 2051 5386 truculentia

380 5394 635 5493 furentis
662 5414 824 5493 aura;
854 5406 1080 5493 quievit
1106 5411 1380 5485 reditque
1432 5394 1554 5488 pax
1584 5416 1818 5474 aetheris
1847 5422 1904 5475 et
1959 5434 2052 5476 ar-

381 5481 632 5580 bitrium
661 5484 922 5580 luminis.
945 5497 1219 5556 Traditur
1243 5481 1453 5559 autem
1504 5505 1802 5580 ﬁrmaque
1855 5524 2050 5565 asser-

384 5570 548 5666 tione
577 5570 902 5666 probatur,
917 5584 1084 5649 quod
1105 5585 1167 5641 in
1196 5588 1298 5645 illa
1322 5591 1440 5659 via,
1465 5609 1590 5666 qua
1618 5570 1851 5652 levatus
1881 5614 1917 5653 a
1946 5613 2051 5655 na-

383 5655 446 5711 vi
476 5653 780 5752 ferebatur
817 5662 920 5752 .adA
941 5670 1273 5752 ecclesiam
1314 5653 1554 5751 triginta
1604 5685 1790 5752 signis
1842 5653 2049 5746 divina

386 5758 531 5800 eum
562 5742 753 5815 pietas
782 5744 1147 5815 clariﬁcaret.

2147 3195 2279 3235 ram
2305 3183 2599 3235 testantur
2622 3179 2992 3252 prosapiam,
3022 3184 3077 3235 et
3107 3178 3522 3235 calamitosam
3560 3177 3811 3235 brevita-

2148 3272 2267 3324 tem
2294 3266 2607 3323 imbecillis
2632 3267 2769 3323 vitaa
2791 3268 3065 3340 suspiriis
3108 3267 3331 3324 debent
3368 3268 3566 3341 potius
3618 3282 3806 3340 quam

2145 3355 2379 3412 usibus.
2417 3359 2484 3413 Et
2512 3356 2662 3429 quid
2710 3356 2984 3413 mirum?
3035 3357 3082 3412 si
3141 3356 3623 3428 consanguineos
3679 3357 3810 3427 ejus

2148 3449 2394 3519 sanguis
2423 3449 2713 3506 innocens
2746 3449 2951 3520 tetigit,
3003 3466 3140 3505 cum
3197 3455 3255 3505 et
3309 3449 3564 3505 aediﬁcia
3619 3450 3811 3523 ipsius

2148 3537 2480 3596 secundum
2513 3537 2662 3594 illud
2690 3538 3111 3612 propheticum
3140 3555 3153 3594 :
3181 3561 3209 3587 ‹‹
3228 3538 3352 3595 Fiat
3375 3537 3665 3595 habitatio
3682 3540 3811 3610 ejus

2147 3627 2403 3698 deserta,
2437 3633 2493 3685 et
2521 3628 2583 3684 in
2608 3627 2998 3685 tabernaculo
3029 3630 3157 3701 ejus
3187 3644 3310 3685 non
3342 3628 3417 3685 sit
3445 3628 3552 3702 qui
3578 3628 3812 3684 inhabi-

2148 3720 2229 3772 tet
2251 3718 2440 3787 (Psal.
2471 3718 2690 3790 vam),
2725 3740 2752 3768 ››
2779 3716 3007 3774 damna
3034 3717 3355 3790 impietatis
3387 3717 3516 3789 ejus
3532 3717 3808 3785 tulerint;

2146 3805 2227 3862 ita
2252 3810 2318 3861 ut
2340 3805 2612 3877 virgultis
2642 3810 2699 3863 et
2728 3807 2931 3863 urticis
2950 3807 3415 3863 ascendentibus
3442 3807 3690 3863 ruinosa
3710 3806 3812 3862 de-

2146 3894 2443 3952 formitate
2469 3896 2719 3970 delapsa
2743 3897 3014 3953 humana
3046 3897 3501 3953 conversatione
3554 3897 3672 3953 sint
3723 3896 3813 3952 in-

2149 4001 2441 4056 congrua,
2476 3986 3012 4060 damnabilemque
3046 4003 3115 4042 ac
3153 3987 3577 4043 detestandum
3621 3985 3816 4042 homi-

2148 4079 2375 4143 nem,et
2383 4074 2515 4147 jam
2530 4074 2971 4130 insensibilium
2988 4075 3257 4145 neglecta
3277 4075 3475 4146 ﬁgura
3495 4074 3813 4132 declamet.

2786 4165 3011 4220 CAPUT
3047 4167 3178 4221 XVI.

2222 4253 2547 4310 Miracula.
2582 4285 2650 4295 —
2681 4253 2949 4311 Diximus
2976 4254 3050 4310 de
3079 4254 3367 4311 insensati
3411 4254 3673 4311 hominis
3731 4271 3821 4310 se-

2151 4341 2332 4397 dibus
2358 4346 2416 4398 et
2443 4342 2558 4399 loci
2591 4343 2781 4417 ipsius
2835 4344 3086 4412 aedibus,
3139 4346 3283 4418 quia
3338 4344 3710 4401 desolatione
3738 4343 3821 4399 vi-

2154 4431 2309 4488 sibili
2340 4437 2627 4490 testentur
2682 4434 3045 4491 invisibilem
3086 4437 3215 4507 ejus
3265 4434 3612 4503 interitum;
3654 4433 3821 4490 dein-

2154 4537 2295 4595 ceps
2324 4522 2538 4579 dicturi
2560 4540 2771 4579 sumus
2803 4540 2877 4580 ex
2902 4525 3156 4581 adverso
3186 4530 3415 4598 quanta
3446 4524 3635 4594 gloria
3683 4523 3819 4596 pol-

2153 4612 2317 4668 leaut
2344 4629 2484 4669 area
2512 4614 2852 4670 certaminis
2881 4614 3041 4671 beati
3072 4614 3180 4670 viri
3238 4619 3295 4670 et
3345 4614 3512 4670 locus
3559 4613 3824 4670 vocatio—

2156 4701 2270 4770 nis,
2303 4707 2386 4772 ut,
2416 4702 2563 4759 dum
2607 4703 2881 4761 locorum
2925 4704 3165 4761 illorum
3216 4705 3549 4760 reverentia
3602 4702 3822 4777 praedi-

2158 4796 2345 4860 catur,
2385 4809 2509 4865 quo
2538 4792 2801 4850 incolatu
2824 4793 3104 4867 martyris
3126 4793 3332 4850 anima
3356 4793 3655 4867 tripudiet,
3676 4808 3821 4848 con-

2152 4882 2412 4954 jiciatur.
2446 4885 2599 4954 Ergo
2629 4883 2735 4939 ubi
2764 4882 2986 4939 incisus
3039 4888 3126 4940 est
3182 4883 3321 4939 felix
3376 4882 3678 4954 sacerdos,
3734 4881 3822 4937 lo-

2160 4987 2299 5028 cum
2329 4970 2495 5027 illum
2527 4973 2655 5028 haec
2681 4972 3028 5029 solemnitas
3053 4972 3192 5029 colit
3214 4989 3370 5047 aque
3418 4973 3542 5028 haec
3602 4973 3823 5028 immu-

2159 5061 2314 5117 nitas
2342 5061 2500 5133 tegit,
2533 5061 2753 5118 scilicet
2777 5066 2841 5118 ut
2863 5063 2921 5118 in
2992 5062 3366 5119 altitudinem
3417 5062 3601 5117 cubiti
3636 5060 3821 5117 unius

2159 5157 2431 5208 excretus
2457 5151 2780 5208 eminentia
2806 5169 2936 5217 sua,
2970 5152 3152 5207 ﬁdem
3180 5152 3263 5207 ibi
3295 5152 3608 5224 sperandae
3630 5151 3823 5206 venias

2160 5241 2497 5313 petentibus
2526 5241 2834 5314 promittat
2868 5259 2879 5296 :
2913 5247 3040 5298 tum
3096 5246 3386 5314 praeterea
3439 5242 3629 5297 nescit
3681 5242 3824 5311 jura

2160 5329 2453 5385 saevientis
2508 5345 2691 5398 aurae,
2746 5346 2943 5403 neque
2998 5332 3135 5387 nive
3189 5330 3511 5397 candescit,
3563 5346 3675 5386 nec
3719 5345 3828 5386 au-

2158 5421 2371 5475 tumno
2401 5418 2729 5488 ﬂaccessit;
2774 5436 2898 5476 non
2946 5422 3143 5477 hieme
3203 5420 3452 5490 gelatur,
3499 5436 3624 5476 non
3667 5424 3828 5476 testu

2159 5510 2414 5563 torretur
2446 5526 2458 5575 ;
2487 5507 2682 5564 solum
2713 5508 2956 5566 vernale
2981 5510 3186 5578 decus,
3220 5514 3277 5565 et
3303 5524 3541 5582 semper
3569 5509 3829 5565 virentia

2159 5596 2455 5669 gramina,
2480 5597 2765 5669 cespitem
2795 5598 2961 5655 illum
2984 5600 3326 5670 jucundum
3380 5598 3778 5672 praebuerunt
3808 5617 3822 5654 :

2157 5687 2319 5743 unde
2344 5686 2523 5742 etiam
2555 5686 2821 5745 ﬁdelium
2880 5690 3050 5763 plebs
3099 5690 3315 5758 vicina,
3376 5689 3689 5746 ecclesiam
3741 5689 3825 5745 ibi

2161 5775 2240 5856 ob
2266 5776 2605 5837 frequentes
2628 5777 2842 5836 votivae
2873 5776 3357 5849 congregationis
3398 5792 3706 5845 accessus,
3763 5779 3827 5841 in
