  <div class='ocr_page' id='page_1' title='image "/cluster/home/n/w/nwhite01/storage/ocr_20150623/140-141/uc1.31175018559917/1068.png"; bbox 0 0 3968 6400; ppageno 0'>
   <div class='ocr_carea' id='block_1_1' title="bbox 157 311 263 363">
    <p class='ocr_par' dir='ltr' id='par_1_1' title="bbox 157 311 263 363">
     <span class='ocr_line' id='line_1_1' title="bbox 157 311 263 363; baseline -0.009 0"><span class='ocrx_word' id='word_1_1' title='bbox 157 311 263 363; x_wconf 82' lang='lat'>985</span> 
     </span>
    </p>
   </div>
   <div class='ocr_carea' id='block_1_2' title="bbox 932 311 1973 377">
    <p class='ocr_par' dir='ltr' id='par_1_2' title="bbox 932 311 1973 369">
     <span class='ocr_line' id='line_1_2' title="bbox 932 311 1973 369; baseline 0.006 -7"><span class='ocrx_word' id='word_1_2' title='bbox 932 311 1308 368; x_wconf 80' lang='lat' dir='ltr'>ARNOLDUS</span> <span class='ocrx_word' id='word_1_3' title='bbox 1347 312 1933 369; x_wconf 79' lang='lat' dir='ltr'>EMMERAMMENSIS</span> <span class='ocrx_word' id='word_1_4' title='bbox 1972 364 1973 368; x_wconf 44' lang='grc' dir='ltr'><strong>η</strong></span> 
     </span>
    </p>
   </div>
   <div class='ocr_carea' id='block_1_3' title="bbox 1984 311 2804 377">
    <p class='ocr_par' dir='ltr' id='par_1_3' title="bbox 1984 316 2804 377">
     <span class='ocr_line' id='line_1_3' title="bbox 1984 316 2804 377; baseline 0.009 -7"><span class='ocrx_word' id='word_1_5' title='bbox 1984 316 2376 376; x_wconf 68' lang='lat' dir='ltr'>MONACHUS.</span> <span class='ocrx_word' id='word_1_6' title='bbox 2402 353 2469 359; x_wconf 92' lang='lat'><strong><em>—</em></strong></span> <span class='ocrx_word' id='word_1_7' title='bbox 2499 320 2804 377; x_wconf 83' lang='grc' dir='ltr'>ΝΟΤΙΤΙΑ.</span> 
     </span>
    </p>
   </div>
   <div class='ocr_carea' id='block_1_4' title="bbox 3488 329 3594 383">
    <p class='ocr_par' dir='ltr' id='par_1_4' title="bbox 3488 329 3594 383">
     <span class='ocr_line' id='line_1_4' title="bbox 3488 329 3594 383; baseline 0 0"><span class='ocrx_word' id='word_1_8' title='bbox 3488 329 3594 383; x_wconf 77' lang='lat'>986</span> 
     </span>
    </p>
   </div>
   <div class='ocr_carea' id='block_1_5' title="bbox 156 430 3592 522">
    <p class='ocr_par' dir='ltr' id='par_1_5' title="bbox 156 430 3592 522">
     <span class='ocr_line' id='line_1_5' title="bbox 156 430 3592 522; baseline 0.006 -37"><span class='ocrx_word' id='word_1_9' title='bbox 156 430 447 488; x_wconf 85' lang='lat' dir='ltr'>honorem</span> <span class='ocrx_word' id='word_1_10' title='bbox 477 433 700 488; x_wconf 86' lang='lat' dir='ltr'>ibidem</span> <span class='ocrx_word' id='word_1_11' title='bbox 721 433 1142 505; x_wconf 77' lang='lat' dir='ltr'>triumphantis</span> <span class='ocrx_word' id='word_1_12' title='bbox 1170 437 1448 509; x_wconf 80' lang='lat' dir='ltr'>martyris</span> <span class='ocrx_word' id='word_1_13' title='bbox 1479 441 1820 491; x_wconf 84' lang='lat' dir='ltr'>construxe—</span> <span class='ocrx_word' id='word_1_14' title='bbox 1855 441 1901 492; x_wconf 80' lang='grc' dir='ltr'><strong>Α</strong></span> <span class='ocrx_word' id='word_1_15' title='bbox 1932 438 2063 494; x_wconf 90' lang='lat' dir='ltr'>illac</span> <span class='ocrx_word' id='word_1_16' title='bbox 2097 441 2365 498; x_wconf 80' lang='lat' dir='ltr'>miraculi</span> <span class='ocrx_word' id='word_1_17' title='bbox 2419 444 2508 499; x_wconf 90' lang='lat' dir='ltr'>sui</span> <span class='ocrx_word' id='word_1_18' title='bbox 2563 449 2873 516; x_wconf 87' lang='lat' dir='ltr'>stuporem</span> <span class='ocrx_word' id='word_1_19' title='bbox 2901 447 3164 515; x_wconf 78' lang='lat' dir='ltr'>ingessit,</span> <span class='ocrx_word' id='word_1_20' title='bbox 3217 465 3463 505; x_wconf 89' lang='lat' dir='ltr'>causam</span> <span class='ocrx_word' id='word_1_21' title='bbox 3484 466 3592 522; x_wconf 90' lang='lat' dir='ltr'>pa-</span> 
     </span>
    </p>
   </div>
   <div class='ocr_carea' id='block_1_6' title="bbox 156 522 1823 597">
    <p class='ocr_par' dir='ltr' id='par_1_6' title="bbox 156 522 1823 597">
     <span class='ocr_line' id='line_1_6' title="bbox 156 522 1823 597; baseline 0.004 -24"><span class='ocrx_word' id='word_1_22' title='bbox 156 525 315 574; x_wconf 91' lang='lat' dir='ltr'>rnnt.</span> <span class='ocrx_word' id='word_1_23' title='bbox 353 522 602 576; x_wconf 86' lang='lat' dir='ltr'>Proinde</span> <span class='ocrx_word' id='word_1_24' title='bbox 629 522 795 577; x_wconf 89' lang='lat' dir='ltr'>locus</span> <span class='ocrx_word' id='word_1_25' title='bbox 817 523 920 578; x_wconf 89' lang='lat' dir='ltr'>ubi</span> <span class='ocrx_word' id='word_1_26' title='bbox 948 524 1188 595; x_wconf 86' lang='lat' dir='ltr'>spiritus</span> <span class='ocrx_word' id='word_1_27' title='bbox 1218 527 1346 596; x_wconf 91' lang='lat' dir='ltr'>ejus</span> <span class='ocrx_word' id='word_1_28' title='bbox 1380 526 1677 580; x_wconf 83' lang='lat' dir='ltr'>sideream</span> <span class='ocrx_word' id='word_1_29' title='bbox 1702 525 1823 597; x_wconf 86' lang='lat' dir='ltr'>pla-</span> 
     </span>
    </p>
   </div>
   <div class='ocr_carea' id='block_1_7' title="bbox 157 609 1823 684">
    <p class='ocr_par' dir='ltr' id='par_1_7' title="bbox 157 609 1823 684">
     <span class='ocr_line' id='line_1_7' title="bbox 157 609 1823 684; baseline 0.004 -22"><span class='ocrx_word' id='word_1_30' title='bbox 157 623 295 674; x_wconf 75' lang='lat' dir='ltr'>gam</span> <span class='ocrx_word' id='word_1_31' title='bbox 332 609 496 675; x_wconf 90' lang='lat' dir='ltr'>adiit,</span> <span class='ocrx_word' id='word_1_32' title='bbox 545 610 734 665; x_wconf 90' lang='lat' dir='ltr'>multo</span> <span class='ocrx_word' id='word_1_33' title='bbox 794 615 1060 684; x_wconf 90' lang='lat' dir='ltr'>tempore</span> <span class='ocrx_word' id='word_1_34' title='bbox 1117 613 1411 679; x_wconf 74' lang='lat' dir='ltr'>neglectui</span> <span class='ocrx_word' id='word_1_35' title='bbox 1440 614 1708 678; x_wconf 86' lang='lat' dir='ltr'>traditus,</span> <span class='ocrx_word' id='word_1_36' title='bbox 1765 619 1823 670; x_wconf 91' lang='lat' dir='ltr'>et</span> 
     </span>
    </p>
   </div>
   <div class='ocr_carea' id='block_1_8' title="bbox 153 697 1819 771">
    <p class='ocr_par' dir='ltr' id='par_1_8' title="bbox 153 697 1819 771">
     <span class='ocr_line' id='line_1_8' title="bbox 153 697 1819 771; baseline 0.005 -21"><span class='ocrx_word' id='word_1_37' title='bbox 153 711 306 768; x_wconf 91' lang='lat' dir='ltr'>pene</span> <span class='ocrx_word' id='word_1_38' title='bbox 343 697 638 753; x_wconf 85' lang='lat' dir='ltr'>oblivione</span> <span class='ocrx_word' id='word_1_39' title='bbox 694 699 1018 762; x_wconf 87' lang='lat' dir='ltr'>obsoletus,</span> <span class='ocrx_word' id='word_1_40' title='bbox 1076 702 1189 756; x_wconf 93' lang='lat' dir='ltr'>hoc</span> <span class='ocrx_word' id='word_1_41' title='bbox 1246 702 1429 757; x_wconf 90' lang='lat' dir='ltr'>modo</span> <span class='ocrx_word' id='word_1_42' title='bbox 1469 703 1819 771; x_wconf 76' lang='lat' dir='ltr'>dignitatem</span> 
     </span>
    </p>
   </div>
   <div class='ocr_carea' id='block_1_9' title="bbox 154 786 1821 862">
    <p class='ocr_par' dir='ltr' id='par_1_9' title="bbox 154 786 1821 862">
     <span class='ocr_line' id='line_1_9' title="bbox 154 786 1821 862; baseline 0.005 -24"><span class='ocrx_word' id='word_1_43' title='bbox 154 801 324 840; x_wconf 91' lang='lat' dir='ltr'>suam</span> <span class='ocrx_word' id='word_1_44' title='bbox 359 786 699 843; x_wconf 84' lang='lat' dir='ltr'>vindicavit.</span> <span class='ocrx_word' id='word_1_45' title='bbox 735 788 978 844; x_wconf 78' lang='lat' dir='ltr'>Hieinali</span> <span class='ocrx_word' id='word_1_46' title='bbox 1015 795 1377 862; x_wconf 77' lang='lat' dir='ltr'>tempestate,</span> <span class='ocrx_word' id='word_1_47' title='bbox 1429 792 1577 847; x_wconf 84' lang='lat' dir='ltr'>sicut</span> <span class='ocrx_word' id='word_1_48' title='bbox 1607 797 1821 848; x_wconf 89' lang='lat' dir='ltr'>natura</span> 
     </span>
    </p>
   </div>
   <div class='ocr_carea' id='block_1_10' title="bbox 155 875 1817 951">
    <p class='ocr_par' dir='ltr' id='par_1_10' title="bbox 155 875 1817 951">
     <span class='ocr_line' id='line_1_10' title="bbox 155 875 1817 951; baseline 0.005 -25"><span class='ocrx_word' id='word_1_49' title='bbox 155 878 246 927; x_wconf 86' lang='lat' dir='ltr'>est</span> <span class='ocrx_word' id='word_1_50' title='bbox 275 875 624 942; x_wconf 71' lang='lat' dir='ltr'>Germaniae,</span> <span class='ocrx_word' id='word_1_51' title='bbox 679 893 815 930; x_wconf 90' lang='lat' dir='ltr'>cum</span> <span class='ocrx_word' id='word_1_52' title='bbox 868 881 1052 932; x_wconf 87' lang='lat' dir='ltr'>totam</span> <span class='ocrx_word' id='word_1_53' title='bbox 1106 884 1271 933; x_wconf 61' lang='lat' dir='ltr'>terrai!</span> <span class='ocrx_word' id='word_1_54' title='bbox 1325 881 1700 951; x_wconf 82' lang='lat' dir='ltr'>superﬁciem</span> <span class='ocrx_word' id='word_1_55' title='bbox 1729 881 1817 936; x_wconf 89' lang='lat' dir='ltr'>ni-</span> 
     </span>
    </p>
   </div>
   <div class='ocr_carea' id='block_1_11' title="bbox 152 962 1819 1040">
    <p class='ocr_par' dir='ltr' id='par_1_11' title="bbox 152 962 1819 1040">
     <span class='ocr_line' id='line_1_11' title="bbox 152 962 1819 1040; baseline 0.006 -25"><span class='ocrx_word' id='word_1_56' title='bbox 152 962 319 1016; x_wconf 84' lang='lat' dir='ltr'>vium</span> <span class='ocrx_word' id='word_1_57' title='bbox 368 964 625 1034; x_wconf 91' lang='lat' dir='ltr'>operiret</span> <span class='ocrx_word' id='word_1_58' title='bbox 666 965 1060 1036; x_wconf 84' lang='lat' dir='ltr'>immensitas,</span> <span class='ocrx_word' id='word_1_59' title='bbox 1113 968 1240 1023; x_wconf 91' lang='lat' dir='ltr'>sola</span> <span class='ocrx_word' id='word_1_60' title='bbox 1297 970 1564 1040; x_wconf 90' lang='lat' dir='ltr'>corporis</span> <span class='ocrx_word' id='word_1_61' title='bbox 1619 970 1819 1026; x_wconf 91' lang='lat' dir='ltr'>areola</span> 
     </span>
    </p>
   </div>
   <div class='ocr_carea' id='block_1_12' title="bbox 155 1051 1824 1129">
    <p class='ocr_par' dir='ltr' id='par_1_12' title="bbox 155 1051 1824 1129">
     <span class='ocr_line' id='line_1_12' title="bbox 155 1051 1824 1129; baseline 0.005 -24"><span class='ocrx_word' id='word_1_62' title='bbox 155 1051 258 1106; x_wconf 86' lang='lat' dir='ltr'>tali</span> <span class='ocrx_word' id='word_1_63' title='bbox 315 1053 655 1108; x_wconf 89' lang='lat' dir='ltr'>conditione</span> <span class='ocrx_word' id='word_1_64' title='bbox 685 1054 891 1126; x_wconf 90' lang='lat' dir='ltr'>libera,</span> <span class='ocrx_word' id='word_1_65' title='bbox 946 1056 1089 1111; x_wconf 91' lang='lat' dir='ltr'>dum</span> <span class='ocrx_word' id='word_1_66' title='bbox 1117 1057 1592 1129; x_wconf 87' lang='lat' dir='ltr'>pretereuntibus</span> <span class='ocrx_word' id='word_1_67' title='bbox 1623 1059 1734 1114; x_wconf 92' lang='lat' dir='ltr'>hac</span> <span class='ocrx_word' id='word_1_68' title='bbox 1762 1065 1824 1115; x_wconf 88' lang='lat' dir='ltr'>et</span> 
     </span>
    </p>
   </div>
   <div class='ocr_carea' id='block_1_13' title="bbox 1931 527 3594 599">
    <p class='ocr_par' dir='ltr' id='par_1_13' title="bbox 1931 527 3594 599">
     <span class='ocr_line' id='line_1_13' title="bbox 1931 527 3594 599; baseline 0.007 -17"><span class='ocrx_word' id='word_1_69' title='bbox 1931 527 2070 583; x_wconf 89' lang='lat' dir='ltr'>riter</span> <span class='ocrx_word' id='word_1_70' title='bbox 2099 547 2220 585; x_wconf 67' lang='lat' dir='ltr'>suae</span> <span class='ocrx_word' id='word_1_71' title='bbox 2271 533 2598 599; x_wconf 86' lang='lat' dir='ltr'>viriditatis,</span> <span class='ocrx_word' id='word_1_72' title='bbox 2655 540 2711 589; x_wconf 89' lang='lat' dir='ltr'>et</span> <span class='ocrx_word' id='word_1_73' title='bbox 2765 537 3123 592; x_wconf 88' lang='lat' dir='ltr'>memoriam</span> <span class='ocrx_word' id='word_1_74' title='bbox 3183 537 3382 593; x_wconf 90' lang='lat' dir='ltr'>obitus</span> <span class='ocrx_word' id='word_1_75' title='bbox 3435 539 3594 595; x_wconf 87' lang='lat' dir='ltr'>beati</span> 
     </span>
    </p>
   </div>
   <div class='ocr_carea' id='block_1_14' title="bbox 1933 620 3593 700">
    <p class='ocr_par' dir='ltr' id='par_1_14' title="bbox 1933 620 3593 700">
     <span class='ocr_line' id='line_1_14' title="bbox 1933 620 3593 700; baseline 0.008 -30"><span class='ocrx_word' id='word_1_76' title='bbox 1933 620 2212 689; x_wconf 75' lang='lat' dir='ltr'>martyris</span> <span class='ocrx_word' id='word_1_77' title='bbox 2245 621 2499 677; x_wconf 84' lang='lat' dir='ltr'>edocuit.</span> <span class='ocrx_word' id='word_1_78' title='bbox 2537 624 2910 695; x_wconf 87' lang='lat' dir='ltr'>Quapropter</span> <span class='ocrx_word' id='word_1_79' title='bbox 2940 629 2996 678; x_wconf 91' lang='lat' dir='ltr'>et</span> <span class='ocrx_word' id='word_1_80' title='bbox 3017 624 3097 679; x_wconf 89' lang='lat' dir='ltr'>ibi</span> <span class='ocrx_word' id='word_1_81' title='bbox 3139 624 3452 682; x_wconf 87' lang='lat' dir='ltr'>basilicam</span> <span class='ocrx_word' id='word_1_82' title='bbox 3483 643 3593 700; x_wconf 91' lang='lat' dir='ltr'>po-</span> 
     </span>
    </p>
   </div>
   <div class='ocr_carea' id='block_1_15' title="bbox 1934 706 3590 787">
    <p class='ocr_par' dir='ltr' id='par_1_15' title="bbox 1934 706 3590 787">
     <span class='ocr_line' id='line_1_15' title="bbox 1934 706 3590 787; baseline 0.008 -30"><span class='ocrx_word' id='word_1_83' title='bbox 1934 706 2052 761; x_wconf 91' lang='lat' dir='ltr'>suit</span> <span class='ocrx_word' id='word_1_84' title='bbox 2084 708 2257 774; x_wconf 86' lang='lat' dir='ltr'>tidcs,</span> <span class='ocrx_word' id='word_1_85' title='bbox 2317 716 2612 782; x_wconf 87' lang='lat' dir='ltr'>quatenus</span> <span class='ocrx_word' id='word_1_86' title='bbox 2671 711 2970 766; x_wconf 76' lang='lat' dir='ltr'>efﬁcacius</span> <span class='ocrx_word' id='word_1_87' title='bbox 3024 713 3392 768; x_wconf 88' lang='lat' dir='ltr'>animaretur</span> <span class='ocrx_word' id='word_1_88' title='bbox 3433 732 3590 787; x_wconf 89' lang='lat' dir='ltr'>spes,</span> 
     </span>
    </p>
   </div>
   <div class='ocr_carea' id='block_1_16' title="bbox 1931 795 3590 874">
    <p class='ocr_par' dir='ltr' id='par_1_16' title="bbox 1931 795 3590 874">
     <span class='ocr_line' id='line_1_16' title="bbox 1931 795 3590 874; baseline 0.008 -27"><span class='ocrx_word' id='word_1_89' title='bbox 1931 811 2066 866; x_wconf 73' lang='lat' dir='ltr'>quae</span> <span class='ocrx_word' id='word_1_90' title='bbox 2097 795 2155 850; x_wconf 91' lang='lat' dir='ltr'>in</span> <span class='ocrx_word' id='word_1_91' title='bbox 2187 798 2456 871; x_wconf 86' lang='lat' dir='ltr'>utrisque</span> <span class='ocrx_word' id='word_1_92' title='bbox 2487 799 2628 854; x_wconf 92' lang='lat' dir='ltr'>locis</span> <span class='ocrx_word' id='word_1_93' title='bbox 2662 801 2741 855; x_wconf 89' lang='lat' dir='ltr'>ita</span> <span class='ocrx_word' id='word_1_94' title='bbox 2771 806 3046 856; x_wconf 84' lang='lat' dir='ltr'>votorum</span> <span class='ocrx_word' id='word_1_95' title='bbox 3065 802 3353 857; x_wconf 86' lang='lat' dir='ltr'>fructibus</span> <span class='ocrx_word' id='word_1_96' title='bbox 3383 804 3590 874; x_wconf 81' lang='lat' dir='ltr'>viguit,</span> 
     </span>
    </p>
   </div>
   <div class='ocr_carea' id='block_1_17' title="bbox 1931 885 3590 956">
    <p class='ocr_par' dir='ltr' id='par_1_17' title="bbox 1931 885 3590 956">
     <span class='ocr_line' id='line_1_17' title="bbox 1931 885 3590 956; baseline 0.007 -19"><span class='ocrx_word' id='word_1_97' title='bbox 1931 888 1994 938; x_wconf 92' lang='lat' dir='ltr'>ut</span> <span class='ocrx_word' id='word_1_98' title='bbox 2017 885 2062 938; x_wconf 92' lang='lat' dir='ltr'>si</span> <span class='ocrx_word' id='word_1_99' title='bbox 2095 887 2398 943; x_wconf 88' lang='lat' dir='ltr'>numerari</span> <span class='ocrx_word' id='word_1_100' title='bbox 2443 889 2747 956; x_wconf 85' lang='lat' dir='ltr'>deberent,</span> <span class='ocrx_word' id='word_1_101' title='bbox 2809 891 3178 945; x_wconf 89' lang='lat' dir='ltr'>numerantis</span> <span class='ocrx_word' id='word_1_102' title='bbox 3235 892 3590 950; x_wconf 87' lang='lat' dir='ltr'>industriam</span> 
     </span>
    </p>
   </div>
   <div class='ocr_carea' id='block_1_18' title="bbox 1928 981 2286 1045">
    <p class='ocr_par' dir='ltr' id='par_1_18' title="bbox 1928 981 2286 1045">
     <span class='ocr_line' id='line_1_18' title="bbox 1928 981 2286 1045; baseline 0.011 -18"><span class='ocrx_word' id='word_1_103' title='bbox 1928 981 2286 1045; x_wconf 89' lang='lat' dir='ltr'>premerent.</span> 
     </span>
    </p>
   </div>
   <div class='ocr_carea' id='block_1_19' title="bbox 155 1213 3571 1256">
    <p class='ocr_par' dir='ltr' id='par_1_19' title="bbox 155 1213 3571 1256">
     <span class='ocr_line' id='line_1_19' title="bbox 155 1213 3571 1256; baseline 0.006 -14"><span class='ocrx_word' id='word_1_104' title='bbox 155 1213 3571 1256; x_wconf 43' lang='lat' dir='ltr'>Hb</span> 
     </span>
    </p>
   </div>
   <div class='ocr_carea' id='block_1_20' title="bbox 158 1236 1754 1252">
    <p class='ocr_par' dir='ltr' id='par_1_20' title="bbox 158 1236 1754 1252">
     <span class='ocr_line' id='line_1_20' title="bbox 158 1236 1754 1252; baseline 0.002 -4"><span class='ocrx_word' id='word_1_105' title='bbox 158 1236 550 1247; x_wconf 46' lang='lat'>~——</span> <span class='ocrx_word' id='word_1_106' title='bbox 563 1236 1754 1252; x_wconf 46' lang='lat' dir='ltr'>WW—W</span> 
     </span>
    </p>
   </div>
   <div class='ocr_carea' id='block_1_21' title="bbox 1515 1347 2220 1392">
    <p class='ocr_par' dir='ltr' id='par_1_21' title="bbox 1515 1347 2220 1392">
     <span class='ocr_line' id='line_1_21' title="bbox 1515 1347 2220 1392; baseline 0.013 -9"><span class='ocrx_word' id='word_1_107' title='bbox 1515 1347 1653 1385; x_wconf 75' lang='lat' dir='ltr'>ANTE</span> <span class='ocrx_word' id='word_1_108' title='bbox 1694 1348 1899 1388; x_wconf 71' lang='lat' dir='ltr'>MEDIUM</span> <span class='ocrx_word' id='word_1_109' title='bbox 1939 1352 2220 1392; x_wconf 64' lang='lat' dir='ltr'>SECULUM.</span> 
     </span>
    </p>
   </div>
   <div class='ocr_carea' id='block_1_22' title="bbox 1277 1517 2488 1671">
    <p class='ocr_par' dir='ltr' id='par_1_22' title="bbox 1277 1517 2488 1671">
     <span class='ocr_line' id='line_1_22' title="bbox 1277 1517 2488 1671; baseline 0.006 -12"><span class='ocrx_word' id='word_1_110' title='bbox 1277 1517 2488 1671; x_wconf 82' lang='lat' dir='ltr'><strong>ABNOLDUS</strong></span> 
     </span>
    </p>
   </div>
   <div class='ocr_carea' id='block_1_23' title="bbox 630 1736 3098 1808">
    <p class='ocr_par' dir='ltr' id='par_1_23' title="bbox 630 1736 3098 1808">
     <span class='ocr_line' id='line_1_23' title="bbox 630 1736 3098 1808; baseline 0.007 -19"><span class='ocrx_word' id='word_1_111' title='bbox 630 1737 711 1789; x_wconf 77' lang='lat' dir='ltr'>EX</span> <span class='ocrx_word' id='word_1_112' title='bbox 751 1736 1006 1792; x_wconf 83' lang='lat' dir='ltr'>COMITE</span> <span class='ocrx_word' id='word_1_113' title='bbox 1046 1739 1540 1797; x_wconf 81' lang='lat' dir='ltr'>VOHBURGENSI</span> <span class='ocrx_word' id='word_1_114' title='bbox 1584 1744 2171 1802; x_wconf 73' lang='lat' dir='ltr'>EMMERAMMENSIS</span> <span class='ocrx_word' id='word_1_115' title='bbox 2209 1749 2590 1806; x_wconf 81' lang='lat' dir='ltr'>MONACHUS</span> <span class='ocrx_word' id='word_1_116' title='bbox 2633 1753 2715 1805; x_wconf 88' lang='lat' dir='ltr'>ET</span> <span class='ocrx_word' id='word_1_117' title='bbox 2757 1753 3098 1808; x_wconf 78' lang='lat' dir='ltr'>DECANUS.</span> 
     </span>
    </p>
   </div>
   <div class='ocr_carea' id='block_1_24' title="bbox 1677 1929 1790 1940">
    <p class='ocr_par' dir='ltr' id='par_1_24' title="bbox 1677 1929 1790 1940">
     <span class='ocr_line' id='line_1_24' title="bbox 1677 1929 1790 1940; baseline 0.018 -2"><span class='ocrx_word' id='word_1_118' title='bbox 1677 1929 1790 1940; x_wconf 58' lang='grc' dir='ltr'>θ’.</span> 
     </span>
    </p>
   </div>
   <div class='ocr_carea' id='block_1_25' title="bbox 1804 1929 2062 1944">
    <p class='ocr_par' dir='ltr' id='par_1_25' title="bbox 1804 1929 2062 1944">
     <span class='ocr_line' id='line_1_25' title="bbox 1804 1929 2062 1944; baseline 0.004 -4"><span class='ocrx_word' id='word_1_119' title='bbox 1804 1929 2062 1944; x_wconf 44' lang='grc' dir='ltr'><strong>ἡ</strong></span> 
     </span>
    </p>
   </div>
   <div class='ocr_carea' id='block_1_26' title="bbox 1166 2083 2544 2180">
    <p class='ocr_par' dir='ltr' id='par_1_26' title="bbox 1166 2083 2544 2180">
     <span class='ocr_line' id='line_1_26' title="bbox 1166 2083 2544 2180; baseline 0.009 -11"><span class='ocrx_word' id='word_1_120' title='bbox 1166 2083 1606 2172; x_wconf 88' lang='grc' dir='ltr'>ΝΟΤΙΤΙΑ</span> <span class='ocrx_word' id='word_1_121' title='bbox 1697 2087 1808 2172; x_wconf 63' lang='grc' dir='ltr'>1ῗὲ</span> <span class='ocrx_word' id='word_1_122' title='bbox 1895 2089 2544 2180; x_wconf 82' lang='lat' dir='ltr'>ARNOLDUM.</span> 
     </span>
    </p>
   </div>
   <div class='ocr_carea' id='block_1_27' title="bbox 803 2280 2930 2363">
    <p class='ocr_par' dir='ltr' id='par_1_27' title="bbox 803 2280 2930 2363">
     <span class='ocr_line' id='line_1_27' title="bbox 803 2280 2930 2363; baseline 0.006 -23"><span class='ocrx_word' id='word_1_123' title='bbox 803 2280 1071 2354; x_wconf 63' lang='lat' dir='ltr'>z‘ETAS,</span> <span class='ocrx_word' id='word_1_124' title='bbox 1121 2282 1455 2354; x_wconf 84' lang='lat' dir='ltr'>PATRIA,</span> <span class='ocrx_word' id='word_1_125' title='bbox 1505 2284 1917 2355; x_wconf 84' lang='lat' dir='ltr'>NATALES,</span> <span class='ocrx_word' id='word_1_126' title='bbox 1967 2286 2130 2348; x_wconf 86' lang='lat' dir='ltr'>RES</span> <span class='ocrx_word' id='word_1_127' title='bbox 2177 2289 2494 2363; x_wconf 70' lang='lat' dir='ltr'>GESTAE,</span> <span class='ocrx_word' id='word_1_128' title='bbox 2549 2291 2930 2354; x_wconf 85' lang='lat' dir='ltr'>SCRIPTA.</span> 
     </span>
    </p>
   </div>
   <div class='ocr_carea' id='block_1_28' title="bbox 1073 2414 2659 2495">
    <p class='ocr_par' dir='ltr' id='par_1_28' title="bbox 1073 2414 2659 2495">
     <span class='ocr_line' id='line_1_28' title="bbox 1073 2414 2659 2495; baseline 0.008 -28"><span class='ocrx_word' id='word_1_129' title='bbox 1073 2414 1268 2486; x_wconf 86' lang='lat' dir='ltr'>(Apud</span> <span class='ocrx_word' id='word_1_130' title='bbox 1299 2417 1497 2482; x_wconf 72' lang='lat' dir='ltr'>Pearz,</span> <span class='ocrx_word' id='word_1_131' title='bbox 1529 2416 1796 2472; x_wconf 82' lang='lat' dir='ltr'>Monum.</span> <span class='ocrx_word' id='word_1_132' title='bbox 1831 2417 2026 2472; x_wconf 82' lang='lat' dir='ltr'>Germ.</span> <span class='ocrx_word' id='word_1_133' title='bbox 2065 2420 2222 2487; x_wconf 58' lang='lat' dir='ltr'>hist,</span> <span class='ocrx_word' id='word_1_134' title='bbox 2261 2423 2356 2478; x_wconf 86' lang='lat' dir='ltr'>SS.</span> <span class='ocrx_word' id='word_1_135' title='bbox 2391 2425 2477 2492; x_wconf 87' lang='lat' dir='ltr'>IV,</span> <span class='ocrx_word' id='word_1_136' title='bbox 2512 2424 2659 2495; x_wconf 63' lang='grc'>543.)</span> 
     </span>
    </p>
   </div>
   <div class='ocr_carea' id='block_1_29' title="bbox 218 2666 3588 2744">
    <p class='ocr_par' dir='ltr' id='par_1_29' title="bbox 218 2666 3588 2744">
     <span class='ocr_line' id='line_1_29' title="bbox 218 2666 3588 2744; baseline 0.007 -24"><span class='ocrx_word' id='word_1_137' title='bbox 218 2666 534 2734; x_wconf 83' lang='lat' dir='ltr'>Arnoldus,</span> <span class='ocrx_word' id='word_1_138' title='bbox 583 2684 655 2722; x_wconf 81' lang='lat' dir='ltr'>ex</span> <span class='ocrx_word' id='word_1_139' title='bbox 693 2669 881 2724; x_wconf 88' lang='lat' dir='ltr'>nobili</span> <span class='ocrx_word' id='word_1_140' title='bbox 909 2685 1124 2737; x_wconf 80' lang='lat' dir='ltr'>genere</span> <span class='ocrx_word' id='word_1_141' title='bbox 1182 2675 1366 2741; x_wconf 89' lang='lat' dir='ltr'>ortus,</span> <span class='ocrx_word' id='word_1_142' title='bbox 1427 2671 1652 2743; x_wconf 83' lang='lat' dir='ltr'>quippe</span> <span class='ocrx_word' id='word_1_143' title='bbox 1700 2671 1804 2744; x_wconf 88' lang='lat' dir='ltr'>qui</span> <span class='ocrx_word' id='word_1_144' title='bbox 1843 2673 1888 2724; x_wconf 93' lang='lat' dir='ltr'><strong>B</strong></span> <span class='ocrx_word' id='word_1_145' title='bbox 1918 2689 1972 2728; x_wconf 90' lang='lat' dir='ltr'>a.</span> <span class='ocrx_word' id='word_1_146' title='bbox 2011 2677 2146 2733; x_wconf 92' lang='lat'>1030</span> <span class='ocrx_word' id='word_1_147' title='bbox 2176 2677 2424 2736; x_wconf 91' lang='lat' dir='ltr'>demum</span> <span class='ocrx_word' id='word_1_148' title='bbox 2482 2681 2830 2737; x_wconf 89' lang='lat' dir='ltr'>Burchardo</span> <span class='ocrx_word' id='word_1_149' title='bbox 2889 2683 3106 2738; x_wconf 83' lang='lat' dir='ltr'>abbate</span> <span class='ocrx_word' id='word_1_150' title='bbox 3138 2686 3458 2741; x_wconf 91' lang='lat' dir='ltr'>constituto</span> <span class='ocrx_word' id='word_1_151' title='bbox 3498 2703 3588 2744; x_wconf 87' lang='lat' dir='ltr'>re-</span> 
     </span>
    </p>
   </div>
   <div class='ocr_carea' id='block_1_30' title="bbox 148 2758 1817 2832">
    <p class='ocr_par' dir='ltr' id='par_1_30' title="bbox 148 2758 1817 2832">
     <span class='ocr_line' id='line_1_30' title="bbox 148 2758 1817 2832; baseline 0.004 -23"><span class='ocrx_word' id='word_1_152' title='bbox 148 2771 326 2810; x_wconf 89' lang='lat' dir='ltr'>avum</span> <span class='ocrx_word' id='word_1_153' title='bbox 357 2762 693 2812; x_wconf 87' lang='lat' dir='ltr'>maternum</span> <span class='ocrx_word' id='word_1_154' title='bbox 725 2758 1111 2814; x_wconf 92' lang='lat' dir='ltr'>Berhtoldum</span> <span class='ocrx_word' id='word_1_155' title='bbox 1158 2760 1591 2826; x_wconf 85' lang='lat' dir='ltr'>marchionem,</span> <span class='ocrx_word' id='word_1_156' title='bbox 1625 2767 1817 2832; x_wconf 87' lang='lat' dir='ltr'>pater-</span> 
     </span>
    </p>
   </div>
   <div class='ocr_carea' id='block_1_31' title="bbox 147 2846 1812 2920">
    <p class='ocr_par' dir='ltr' id='par_1_31' title="bbox 147 2846 1812 2920">
     <span class='ocr_line' id='line_1_31' title="bbox 147 2846 1812 2920; baseline 0.004 -21"><span class='ocrx_word' id='word_1_157' title='bbox 147 2861 295 2899; x_wconf 90' lang='lat' dir='ltr'>num</span> <span class='ocrx_word' id='word_1_158' title='bbox 324 2846 658 2902; x_wconf 83' lang='lat' dir='ltr'>Arnoldum</span> <span class='ocrx_word' id='word_1_159' title='bbox 689 2847 880 2902; x_wconf 88' lang='lat' dir='ltr'>virum</span> <span class='ocrx_word' id='word_1_160' title='bbox 936 2847 1198 2904; x_wconf 87' lang='lat' dir='ltr'>nobilem</span> <span class='ocrx_word' id='word_1_161' title='bbox 1241 2849 1365 2920; x_wconf 89' lang='lat' dir='ltr'>ipse</span> <span class='ocrx_word' id='word_1_162' title='bbox 1422 2849 1580 2904; x_wconf 87' lang='lat' dir='ltr'>dicat</span> <span class='ocrx_word' id='word_1_163' title='bbox 1624 2852 1722 2920; x_wconf 91' lang='lat'>(1),</span> <span class='ocrx_word' id='word_1_164' title='bbox 1753 2850 1812 2905; x_wconf 92' lang='lat' dir='ltr'>in</span> 
     </span>
    </p>
   </div>
   <div class='ocr_carea' id='block_1_32' title="bbox 151 2936 1816 2994">
    <p class='ocr_par' dir='ltr' id='par_1_32' title="bbox 151 2936 1816 2994">
     <span class='ocr_line' id='line_1_32' title="bbox 151 2936 1816 2994; baseline 0.002 -4"><span class='ocrx_word' id='word_1_165' title='bbox 151 2937 205 2990; x_wconf 92' lang='lat' dir='ltr'>S.</span> <span class='ocrx_word' id='word_1_166' title='bbox 237 2936 661 2991; x_wconf 87' lang='lat' dir='ltr'>Emmerammi</span> <span class='ocrx_word' id='word_1_167' title='bbox 691 2937 1060 2993; x_wconf 89' lang='lat' dir='ltr'>monasterio</span> <span class='ocrx_word' id='word_1_168' title='bbox 1089 2938 1500 2993; x_wconf 83' lang='lat' dir='ltr'>Ratisbonensi</span> <span class='ocrx_word' id='word_1_169' title='bbox 1527 2939 1816 2994; x_wconf 89' lang='lat' dir='ltr'>educatus</span> 
     </span>
    </p>
   </div>
   <div class='ocr_carea' id='block_1_33' title="bbox 147 3025 1814 3098">
    <p class='ocr_par' dir='ltr' id='par_1_33' title="bbox 147 3025 1814 3098">
     <span class='ocr_line' id='line_1_33' title="bbox 147 3025 1814 3098; baseline 0.004 -20"><span class='ocrx_word' id='word_1_170' title='bbox 147 3028 204 3078; x_wconf 90' lang='lat' dir='ltr'>et</span> <span class='ocrx_word' id='word_1_171' title='bbox 228 3025 598 3080; x_wconf 89' lang='lat' dir='ltr'>monachum</span> <span class='ocrx_word' id='word_1_172' title='bbox 656 3025 982 3098; x_wconf 83' lang='lat' dir='ltr'>professus,</span> <span class='ocrx_word' id='word_1_173' title='bbox 1041 3027 1302 3098; x_wconf 91' lang='lat' dir='ltr'>primum</span> <span class='ocrx_word' id='word_1_174' title='bbox 1340 3031 1623 3083; x_wconf 57' lang='lat' dir='ltr'>Romanae</span> <span class='ocrx_word' id='word_1_175' title='bbox 1663 3029 1814 3084; x_wconf 89' lang='lat' dir='ltr'>anti-</span> 
     </span>
    </p>
   </div>
   <div class='ocr_carea' id='block_1_34' title="bbox 145 3113 1812 3190">
    <p class='ocr_par' dir='ltr' id='par_1_34' title="bbox 145 3113 1812 3190">
     <span class='ocr_line' id='line_1_34' title="bbox 145 3113 1812 3190; baseline 0.004 -23"><span class='ocrx_word' id='word_1_176' title='bbox 145 3113 388 3184; x_wconf 88' lang='lat' dir='ltr'>quitatis</span> <span class='ocrx_word' id='word_1_177' title='bbox 444 3114 833 3186; x_wconf 86' lang='lat' dir='ltr'>scriptoribus</span> <span class='ocrx_word' id='word_1_178' title='bbox 891 3115 1158 3184; x_wconf 82' lang='lat' dir='ltr'>legendis</span> <span class='ocrx_word' id='word_1_179' title='bbox 1230 3134 1477 3190; x_wconf 88' lang='lat' dir='ltr'>operam</span> <span class='ocrx_word' id='word_1_180' title='bbox 1554 3119 1812 3185; x_wconf 90' lang='lat' dir='ltr'>navavit,</span> 
     </span>
    </p>
   </div>
   <div class='ocr_carea' id='block_1_35' title="bbox 145 3202 1814 3277">
    <p class='ocr_par' dir='ltr' id='par_1_35' title="bbox 145 3202 1814 3277">
     <span class='ocr_line' id='line_1_35' title="bbox 145 3202 1814 3277; baseline 0.003 -22"><span class='ocrx_word' id='word_1_181' title='bbox 145 3206 352 3274; x_wconf 88' lang='lat' dir='ltr'>postea</span> <span class='ocrx_word' id='word_1_182' title='bbox 381 3217 526 3257; x_wconf 86' lang='lat' dir='ltr'>vero</span> <span class='ocrx_word' id='word_1_183' title='bbox 556 3202 769 3258; x_wconf 90' lang='lat' dir='ltr'>eodem</span> <span class='ocrx_word' id='word_1_184' title='bbox 806 3203 985 3259; x_wconf 88' lang='lat' dir='ltr'>modo</span> <span class='ocrx_word' id='word_1_185' title='bbox 1023 3222 1146 3277; x_wconf 91' lang='lat' dir='ltr'>quo</span> <span class='ocrx_word' id='word_1_186' title='bbox 1201 3207 1490 3262; x_wconf 80' lang='lat' dir='ltr'>Otlilonus</span> <span class='ocrx_word' id='word_1_187' title='bbox 1545 3223 1579 3262; x_wconf 92' lang='lat' dir='ltr'>a</span> <span class='ocrx_word' id='word_1_188' title='bbox 1609 3207 1814 3262; x_wconf 89' lang='lat' dir='ltr'>litteris</span> 
     </span>
    </p>
   </div>
   <div class='ocr_carea' id='block_1_36' title="bbox 142 3290 1818 3361">
    <p class='ocr_par' dir='ltr' id='par_1_36' title="bbox 142 3290 1818 3361">
     <span class='ocr_line' id='line_1_36' title="bbox 142 3290 1818 3361; baseline 0.005 -17"><span class='ocrx_word' id='word_1_189' title='bbox 142 3290 532 3346; x_wconf 64' lang='lat' dir='ltr'>saecularibus</span> <span class='ocrx_word' id='word_1_190' title='bbox 559 3293 793 3348; x_wconf 87' lang='lat' dir='ltr'>transiit</span> <span class='ocrx_word' id='word_1_191' title='bbox 821 3293 898 3348; x_wconf 89' lang='lat' dir='ltr'>ad</span> <span class='ocrx_word' id='word_1_192' title='bbox 926 3293 1178 3350; x_wconf 86' lang='lat' dir='ltr'>divinas.</span> <span class='ocrx_word' id='word_1_193' title='bbox 1215 3297 1444 3361; x_wconf 84' lang='lat' dir='ltr'>Quibus</span> <span class='ocrx_word' id='word_1_194' title='bbox 1479 3297 1687 3352; x_wconf 88' lang='lat' dir='ltr'>studiis</span> <span class='ocrx_word' id='word_1_195' title='bbox 1712 3297 1818 3352; x_wconf 87' lang='lat' dir='ltr'>im-</span> 
     </span>
    </p>
   </div>
   <div class='ocr_carea' id='block_1_37' title="bbox 141 3381 1813 3455">
    <p class='ocr_par' dir='ltr' id='par_1_37' title="bbox 141 3381 1813 3455">
     <span class='ocr_line' id='line_1_37' title="bbox 141 3381 1813 3455; baseline 0.003 -19"><span class='ocrx_word' id='word_1_196' title='bbox 141 3381 324 3436; x_wconf 89' lang='lat' dir='ltr'>butus</span> <span class='ocrx_word' id='word_1_197' title='bbox 370 3385 426 3436; x_wconf 91' lang='lat' dir='ltr'>et</span> <span class='ocrx_word' id='word_1_198' title='bbox 457 3387 762 3437; x_wconf 85' lang='lat' dir='ltr'>«venusto</span> <span class='ocrx_word' id='word_1_199' title='bbox 823 3399 1101 3439; x_wconf 90' lang='lat' dir='ltr'>sermone</span> <span class='ocrx_word' id='word_1_200' title='bbox 1142 3385 1487 3455; x_wconf 88' lang='lat' dir='ltr'>delectatus,</span> <span class='ocrx_word' id='word_1_201' title='bbox 1526 3410 1550 3434; x_wconf 81' lang='lat' dir='ltr'><em>n</em></span> <span class='ocrx_word' id='word_1_202' title='bbox 1585 3389 1813 3441; x_wconf 85' lang='lat' dir='ltr'>Emme-</span> 
     </span>
    </p>
   </div>
   <div class='ocr_carea' id='block_1_38' title="bbox 140 3469 1816 3542">
    <p class='ocr_par' dir='ltr' id='par_1_38' title="bbox 140 3469 1816 3542">
     <span class='ocr_line' id='line_1_38' title="bbox 140 3469 1816 3542; baseline 0.002 -17"><span class='ocrx_word' id='word_1_203' title='bbox 140 3469 361 3525; x_wconf 91' lang='lat' dir='ltr'>rammi</span> <span class='ocrx_word' id='word_1_204' title='bbox 391 3471 629 3542; x_wconf 88' lang='lat' dir='ltr'>patroni</span> <span class='ocrx_word' id='word_1_205' title='bbox 662 3473 754 3526; x_wconf 88' lang='lat' dir='ltr'>sui</span> <span class='ocrx_word' id='word_1_206' title='bbox 809 3473 996 3528; x_wconf 88' lang='lat' dir='ltr'>Vitam</span> <span class='ocrx_word' id='word_1_207' title='bbox 1045 3473 1269 3528; x_wconf 90' lang='lat' dir='ltr'>inculta</span> <span class='ocrx_word' id='word_1_208' title='bbox 1322 3479 1378 3529; x_wconf 90' lang='lat' dir='ltr'>et</span> <span class='ocrx_word' id='word_1_209' title='bbox 1434 3475 1657 3529; x_wconf 88' lang='lat' dir='ltr'>rustica</span> <span class='ocrx_word' id='word_1_210' title='bbox 1688 3490 1816 3528; x_wconf 90' lang='lat' dir='ltr'>esse</span> 
     </span>
    </p>
   </div>
   <div class='ocr_carea' id='block_1_39' title="bbox 142 3554 1815 3628">
    <p class='ocr_par' dir='ltr' id='par_1_39' title="bbox 142 3554 1815 3628">
     <span class='ocr_line' id='line_1_39' title="bbox 142 3554 1815 3628; baseline 0.002 -20"><span class='ocrx_word' id='word_1_211' title='bbox 142 3554 429 3625; x_wconf 88' lang='lat' dir='ltr'>scriptam</span> <span class='ocrx_word' id='word_1_212' title='bbox 458 3555 726 3610; x_wconf 88' lang='lat' dir='ltr'>oratione</span> <span class='ocrx_word' id='word_1_213' title='bbox 749 3555 959 3622; x_wconf 81' lang='lat' dir='ltr'>doluit,</span> <span class='ocrx_word' id='word_1_214' title='bbox 976 3557 1224 3628; x_wconf 87' lang='lat' dir='ltr'>ejusque</span> <span class='ocrx_word' id='word_1_215' title='bbox 1247 3558 1643 3612; x_wconf 83' lang='lat' dir='ltr'>emendandae</span> <span class='ocrx_word' id='word_1_216' title='bbox 1673 3574 1815 3613; x_wconf 93' lang='lat' dir='ltr'>con-</span> 
     </span>
    </p>
   </div>
   <div class='ocr_carea' id='block_1_40' title="bbox 143 3643 1815 3716">
    <p class='ocr_par' dir='ltr' id='par_1_40' title="bbox 143 3643 1815 3716">
     <span class='ocr_line' id='line_1_40' title="bbox 143 3643 1815 3716; baseline 0.001 -18"><span class='ocrx_word' id='word_1_217' title='bbox 143 3643 342 3698; x_wconf 87' lang='lat' dir='ltr'>silium</span> <span class='ocrx_word' id='word_1_218' title='bbox 375 3643 550 3715; x_wconf 90' lang='lat' dir='ltr'>cepit.</span> <span class='ocrx_word' id='word_1_219' title='bbox 589 3645 703 3700; x_wconf 89' lang='lat' dir='ltr'>Sed</span> <span class='ocrx_word' id='word_1_220' title='bbox 737 3643 946 3698; x_wconf 86' lang='lat' dir='ltr'>fratres</span> <span class='ocrx_word' id='word_1_221' title='bbox 964 3645 1377 3699; x_wconf 86' lang='lat' dir='ltr'>venerandam</span> <span class='ocrx_word' id='word_1_222' title='bbox 1399 3645 1815 3716; x_wconf 87' lang='lat' dir='ltr'>antiquitatem</span> 
     </span>
    </p>
   </div>
   <div class='ocr_carea' id='block_1_41' title="bbox 143 3720 1818 3800">
    <p class='ocr_par' dir='ltr' id='par_1_41' title="bbox 143 3720 1818 3800">
     <span class='ocr_line' id='line_1_41' title="bbox 143 3720 1818 3800; baseline 0 -12"><span class='ocrx_word' id='word_1_223' title='bbox 143 3732 223 3788; x_wconf 89' lang='lat' dir='ltr'>ab</span> <span class='ocrx_word' id='word_1_224' title='bbox 255 3731 496 3787; x_wconf 87' lang='lat' dir='ltr'>homine</span> <span class='ocrx_word' id='word_1_225' title='bbox 528 3747 823 3788; x_wconf 89' lang='lat' dir='ltr'>novarum</span> <span class='ocrx_word' id='word_1_226' title='bbox 855 3720 1078 3795; x_wconf 83' lang='lat' dir='ltr'>rerum,</span> <span class='ocrx_word' id='word_1_227' title='bbox 1112 3738 1175 3787; x_wconf 92' lang='lat' dir='ltr'>ut</span> <span class='ocrx_word' id='word_1_228' title='bbox 1203 3733 1274 3787; x_wconf 88' lang='lat' dir='ltr'>iis</span> <span class='ocrx_word' id='word_1_229' title='bbox 1328 3734 1665 3800; x_wconf 84' lang='lat' dir='ltr'>videbatur,</span> <span class='ocrx_word' id='word_1_230' title='bbox 1699 3741 1818 3788; x_wconf 91' lang='lat' dir='ltr'>stu-</span> 
     </span>
    </p>
   </div>
   <div class='ocr_carea' id='block_1_42' title="bbox 143 3819 1818 3889">
    <p class='ocr_par' dir='ltr' id='par_1_42' title="bbox 143 3819 1818 3889">
     <span class='ocr_line' id='line_1_42' title="bbox 143 3819 1818 3889; baseline 0.001 -14"><span class='ocrx_word' id='word_1_231' title='bbox 143 3821 316 3876; x_wconf 89' lang='lat' dir='ltr'>dioso</span> <span class='ocrx_word' id='word_1_232' title='bbox 349 3820 511 3889; x_wconf 82' lang='lat' dir='ltr'>tangi</span> <span class='ocrx_word' id='word_1_233' title='bbox 544 3819 923 3888; x_wconf 76' lang='lat' dir='ltr'>sacrilegium</span> <span class='ocrx_word' id='word_1_234' title='bbox 980 3819 1114 3888; x_wconf 90' lang='lat' dir='ltr'>rati,</span> <span class='ocrx_word' id='word_1_235' title='bbox 1142 3826 1204 3875; x_wconf 90' lang='lat' dir='ltr'>ut</span> <span class='ocrx_word' id='word_1_236' title='bbox 1231 3823 1530 3877; x_wconf 80' lang='lat' dir='ltr'>Arnoldus</span> <span class='ocrx_word' id='word_1_237' title='bbox 1573 3822 1630 3876; x_wconf 91' lang='lat' dir='ltr'>in</span> <span class='ocrx_word' id='word_1_238' title='bbox 1664 3823 1818 3877; x_wconf 83' lang='lat' dir='ltr'>exsi-</span> 
     </span>
    </p>
   </div>
   <div class='ocr_carea' id='block_1_43' title="bbox 143 3903 1818 3978">
    <p class='ocr_par' dir='ltr' id='par_1_43' title="bbox 143 3903 1818 3978">
     <span class='ocr_line' id='line_1_43' title="bbox 143 3903 1818 3978; baseline 0.001 -19"><span class='ocrx_word' id='word_1_239' title='bbox 143 3905 291 3960; x_wconf 89' lang='lat' dir='ltr'>lium</span> <span class='ocrx_word' id='word_1_240' title='bbox 325 3904 673 3969; x_wconf 87' lang='lat' dir='ltr'>mitteretur,</span> <span class='ocrx_word' id='word_1_241' title='bbox 707 3903 873 3975; x_wconf 90' lang='lat' dir='ltr'>apud</span> <span class='ocrx_word' id='word_1_242' title='bbox 897 3903 1182 3958; x_wconf 88' lang='lat' dir='ltr'>abbatem</span> <span class='ocrx_word' id='word_1_243' title='bbox 1213 3912 1486 3973; x_wconf 76' lang='lat' dir='ltr'>egerunt.</span> <span class='ocrx_word' id='word_1_244' title='bbox 1522 3911 1726 3978; x_wconf 86' lang='lat' dir='ltr'>Itaque</span> <span class='ocrx_word' id='word_1_245' title='bbox 1758 3906 1818 3961; x_wconf 91' lang='lat' dir='ltr'>in</span> 
     </span>
    </p>
   </div>
   <div class='ocr_carea' id='block_1_44' title="bbox 1926 2760 3590 2837">
    <p class='ocr_par' dir='ltr' id='par_1_44' title="bbox 1926 2760 3590 2837">
     <span class='ocr_line' id='line_1_44' title="bbox 1926 2760 3590 2837; baseline 0.009 -25"><span class='ocrx_word' id='word_1_246' title='bbox 1926 2760 2081 2831; x_wconf 91' lang='lat' dir='ltr'>cepit</span> <span class='ocrx_word' id='word_1_247' title='bbox 2106 2761 2203 2832; x_wconf 76' lang='grc'>(4),</span> <span class='ocrx_word' id='word_1_248' title='bbox 2263 2781 2459 2837; x_wconf 92' lang='lat' dir='ltr'>neque</span> <span class='ocrx_word' id='word_1_249' title='bbox 2489 2769 2691 2820; x_wconf 89' lang='lat' dir='ltr'>tamen</span> <span class='ocrx_word' id='word_1_250' title='bbox 2750 2767 2950 2822; x_wconf 88' lang='lat' dir='ltr'>statim</span> <span class='ocrx_word' id='word_1_251' title='bbox 2981 2784 3117 2822; x_wconf 89' lang='lat' dir='ltr'>cum</span> <span class='ocrx_word' id='word_1_252' title='bbox 3147 2768 3276 2824; x_wconf 87' lang='lat' dir='ltr'>aliis</span> <span class='ocrx_word' id='word_1_253' title='bbox 3317 2787 3590 2827; x_wconf 85' lang='lat' dir='ltr'>commu-</span> 
     </span>
    </p>
   </div>
   <div class='ocr_carea' id='block_1_45' title="bbox 1923 2843 3586 2920">
    <p class='ocr_par' dir='ltr' id='par_1_45' title="bbox 1923 2843 3586 2920">
     <span class='ocr_line' id='line_1_45' title="bbox 1923 2843 3586 2920; baseline 0.008 -23"><span class='ocrx_word' id='word_1_254' title='bbox 1923 2843 2160 2900; x_wconf 88' lang='lat' dir='ltr'>nicasse</span> <span class='ocrx_word' id='word_1_255' title='bbox 2194 2847 2426 2904; x_wconf 91' lang='lat' dir='ltr'>videtur</span> <span class='ocrx_word' id='word_1_256' title='bbox 2453 2851 2550 2920; x_wconf 75' lang='grc' dir='ltr'>(ὅ).</span> <span class='ocrx_word' id='word_1_257' title='bbox 2587 2850 2784 2905; x_wconf 88' lang='lat' dir='ltr'>Sancti</span> <span class='ocrx_word' id='word_1_258' title='bbox 2815 2851 2975 2906; x_wconf 91' lang='lat' dir='ltr'>enim</span> <span class='ocrx_word' id='word_1_259' title='bbox 3002 2851 3293 2909; x_wconf 90' lang='lat' dir='ltr'>miracula</span> <span class='ocrx_word' id='word_1_260' title='bbox 3323 2870 3384 2909; x_wconf 90' lang='lat' dir='ltr'>se</span> <span class='ocrx_word' id='word_1_261' title='bbox 3441 2856 3586 2910; x_wconf 91' lang='lat' dir='ltr'>scri-</span> 
     </span>
    </p>
   </div>
   <div class='ocr_carea' id='block_1_46' title="bbox 1922 2938 3587 3015">
    <p class='ocr_par' dir='ltr' id='par_1_46' title="bbox 1922 2938 3587 3015">
     <span class='ocr_line' id='line_1_46' title="bbox 1922 2938 3587 3015; baseline 0.007 -27"><span class='ocrx_word' id='word_1_262' title='bbox 1922 2938 2166 3004; x_wconf 89' lang='lat' dir='ltr'>pturum</span> <span class='ocrx_word' id='word_1_263' title='bbox 2235 2953 2362 2992; x_wconf 91' lang='lat' dir='ltr'>esse</span> <span class='ocrx_word' id='word_1_264' title='bbox 2433 2939 2562 3008; x_wconf 88' lang='lat' dir='ltr'>jam</span> <span class='ocrx_word' id='word_1_265' title='bbox 2623 2939 2858 2994; x_wconf 90' lang='lat' dir='ltr'>dudum</span> <span class='ocrx_word' id='word_1_266' title='bbox 2930 2945 3174 2995; x_wconf 88' lang='lat' dir='ltr'>voverat</span> <span class='ocrx_word' id='word_1_267' title='bbox 3228 2943 3326 3013; x_wconf 89' lang='lat'>(6),</span> <span class='ocrx_word' id='word_1_268' title='bbox 3395 2959 3587 3015; x_wconf 88' lang='lat' dir='ltr'>eaque</span> 
     </span>
    </p>
   </div>
   <div class='ocr_carea' id='block_1_47' title="bbox 1924 3023 3591 3103">
    <p class='ocr_par' dir='ltr' id='par_1_47' title="bbox 1924 3023 3591 3103">
     <span class='ocr_line' id='line_1_47' title="bbox 1924 3023 3591 3103; baseline 0.006 -26"><span class='ocrx_word' id='word_1_269' title='bbox 1924 3023 2140 3095; x_wconf 88' lang='lat' dir='ltr'>partim</span> <span class='ocrx_word' id='word_1_270' title='bbox 2200 3026 2262 3080; x_wconf 90' lang='lat' dir='ltr'>in</span> <span class='ocrx_word' id='word_1_271' title='bbox 2317 3027 2566 3098; x_wconf 87' lang='lat' dir='ltr'>antiqua</span> <span class='ocrx_word' id='word_1_272' title='bbox 2622 3027 2749 3082; x_wconf 85' lang='lat' dir='ltr'>Vita</span> <span class='ocrx_word' id='word_1_273' title='bbox 2805 3033 3066 3094; x_wconf 89' lang='lat' dir='ltr'>narrata,</span> <span class='ocrx_word' id='word_1_274' title='bbox 3123 3030 3342 3100; x_wconf 89' lang='lat' dir='ltr'>partim</span> <span class='ocrx_word' id='word_1_275' title='bbox 3381 3036 3591 3103; x_wconf 91' lang='lat' dir='ltr'>postea</span> 
     </span>
    </p>
   </div>
   <div class='ocr_carea' id='block_1_48' title="bbox 1926 3111 3588 3191">
    <p class='ocr_par' dir='ltr' id='par_1_48' title="bbox 1926 3111 3588 3191">
     <span class='ocr_line' id='line_1_48' title="bbox 1926 3111 3588 3191; baseline 0.005 -26"><span class='ocrx_word' id='word_1_276' title='bbox 1926 3111 2263 3168; x_wconf 63' lang='lat' dir='ltr'>Ratisbona?</span> <span class='ocrx_word' id='word_1_277' title='bbox 2287 3119 2420 3170; x_wconf 90' lang='lat' dir='ltr'>acta</span> <span class='ocrx_word' id='word_1_278' title='bbox 2451 3114 2590 3168; x_wconf 67' lang='lat' dir='ltr'>Vitae</span> <span class='ocrx_word' id='word_1_279' title='bbox 2618 3114 2699 3170; x_wconf 90' lang='lat' dir='ltr'>illi</span> <span class='ocrx_word' id='word_1_280' title='bbox 2725 3115 3064 3186; x_wconf 90' lang='lat' dir='ltr'>adjicienda</span> <span class='ocrx_word' id='word_1_281' title='bbox 3114 3117 3285 3173; x_wconf 79' lang='lat' dir='ltr'>duxit</span> <span class='ocrx_word' id='word_1_282' title='bbox 3317 3136 3330 3185; x_wconf 92' lang='lat'><strong>;</strong></span> <span class='ocrx_word' id='word_1_283' title='bbox 3365 3119 3424 3174; x_wconf 92' lang='lat' dir='ltr'>in</span> <span class='ocrx_word' id='word_1_284' title='bbox 3454 3120 3588 3191; x_wconf 89' lang='lat' dir='ltr'>qui-</span> 
     </span>
    </p>
   </div>
   <div class='ocr_carea' id='block_1_49' title="bbox 1926 3201 3587 3277">
    <p class='ocr_par' dir='ltr' id='par_1_49' title="bbox 1926 3201 3587 3277">
     <span class='ocr_line' id='line_1_49' title="bbox 1926 3201 3587 3277; baseline 0.006 -22"><span class='ocrx_word' id='word_1_285' title='bbox 1926 3201 2042 3256; x_wconf 88' lang='lat' dir='ltr'>bus</span> <span class='ocrx_word' id='word_1_286' title='bbox 2075 3204 2528 3260; x_wconf 86' lang='lat' dir='ltr'>conscribendis</span> <span class='ocrx_word' id='word_1_287' title='bbox 2584 3220 2723 3259; x_wconf 88' lang='lat' dir='ltr'>cum</span> <span class='ocrx_word' id='word_1_288' title='bbox 2753 3222 2808 3261; x_wconf 91' lang='lat' dir='ltr'>a.</span> <span class='ocrx_word' id='word_1_289' title='bbox 2875 3211 3008 3262; x_wconf 66' lang='lat'>€035</span> <span class='ocrx_word' id='word_1_290' title='bbox 3041 3207 3136 3261; x_wconf 87' lang='lat' dir='ltr'>vel</span> <span class='ocrx_word' id='word_1_291' title='bbox 3197 3211 3353 3277; x_wconf 91' lang='lat'>1036,</span> <span class='ocrx_word' id='word_1_292' title='bbox 3409 3225 3587 3264; x_wconf 89' lang='lat' dir='ltr'>occu-</span> 
     </span>
    </p>
   </div>
   <div class='ocr_carea' id='block_1_50' title="bbox 1925 3293 3590 3368">
    <p class='ocr_par' dir='ltr' id='par_1_50' title="bbox 1925 3293 3590 3368">
     <span class='ocr_line' id='line_1_50' title="bbox 1925 3293 3590 3368; baseline 0.004 -22"><span class='ocrx_word' id='word_1_293' title='bbox 1925 3297 2137 3363; x_wconf 91' lang='lat' dir='ltr'>patum</span> <span class='ocrx_word' id='word_1_294' title='bbox 2164 3293 2439 3349; x_wconf 88' lang='lat' dir='ltr'>videmus</span> <span class='ocrx_word' id='word_1_295' title='bbox 2473 3295 2564 3365; x_wconf 85' lang='lat'>(7).</span> <span class='ocrx_word' id='word_1_296' title='bbox 2599 3296 2727 3358; x_wconf 88' lang='lat' dir='ltr'>Quo</span> <span class='ocrx_word' id='word_1_297' title='bbox 2757 3294 2944 3363; x_wconf 80' lang='lat' dir='ltr'>finito,</span> <span class='ocrx_word' id='word_1_298' title='bbox 2992 3299 3313 3368; x_wconf 90' lang='lat' dir='ltr'>utrumque</span> <span class='ocrx_word' id='word_1_299' title='bbox 3368 3296 3590 3353; x_wconf 90' lang='lat' dir='ltr'>librum</span> 
     </span>
    </p>
   </div>
   <div class='ocr_carea' id='block_1_51' title="bbox 1925 3381 3590 3453">
    <p class='ocr_par' dir='ltr' id='par_1_51' title="bbox 1925 3381 3590 3453">
     <span class='ocr_line' id='line_1_51' title="bbox 1925 3381 3590 3453; baseline 0.005 -20"><span class='ocrx_word' id='word_1_300' title='bbox 1925 3381 2272 3437; x_wconf 89' lang='lat' dir='ltr'>Burchardo</span> <span class='ocrx_word' id='word_1_301' title='bbox 2330 3381 2536 3437; x_wconf 87' lang='lat' dir='ltr'>abbati</span> <span class='ocrx_word' id='word_1_302' title='bbox 2590 3381 2907 3453; x_wconf 87' lang='lat' dir='ltr'>inscripsit.</span> <span class='ocrx_word' id='word_1_303' title='bbox 2975 3414 3042 3421; x_wconf 81' lang='lat'>—~</span> <span class='ocrx_word' id='word_1_304' title='bbox 3100 3383 3214 3439; x_wconf 93' lang='lat' dir='ltr'>Sed</span> <span class='ocrx_word' id='word_1_305' title='bbox 3268 3400 3410 3440; x_wconf 87' lang='lat' dir='ltr'>mox</span> <span class='ocrx_word' id='word_1_306' title='bbox 3484 3401 3590 3441; x_wconf 89' lang='lat' dir='ltr'>no-</span> 
     </span>
    </p>
   </div>
   <div class='ocr_carea' id='block_1_52' title="bbox 1924 3469 3590 3542">
    <p class='ocr_par' dir='ltr' id='par_1_52' title="bbox 1924 3469 3590 3542">
     <span class='ocr_line' id='line_1_52' title="bbox 1924 3469 3590 3542; baseline 0.004 -20"><span class='ocrx_word' id='word_1_307' title='bbox 1924 3485 2064 3523; x_wconf 89' lang='lat' dir='ltr'>vum</span> <span class='ocrx_word' id='word_1_308' title='bbox 2107 3470 2185 3539; x_wconf 91' lang='lat'>(8)</span> <span class='ocrx_word' id='word_1_309' title='bbox 2243 3469 2504 3540; x_wconf 88' lang='lat' dir='ltr'>suscepit</span> <span class='ocrx_word' id='word_1_310' title='bbox 2559 3469 2850 3534; x_wconf 86' lang='lat' dir='ltr'>laborem,</span> <span class='ocrx_word' id='word_1_311' title='bbox 2909 3474 2964 3524; x_wconf 89' lang='lat' dir='ltr'>et</span> <span class='ocrx_word' id='word_1_312' title='bbox 3016 3470 3396 3526; x_wconf 89' lang='lat' dir='ltr'>devotionem</span> <span class='ocrx_word' id='word_1_313' title='bbox 3448 3488 3590 3542; x_wconf 83' lang='lat' dir='ltr'>erga</span> 
     </span>
    </p>
   </div>
   <div class='ocr_carea' id='block_1_53' title="bbox 1927 3559 3590 3630">
    <p class='ocr_par' dir='ltr' id='par_1_53' title="bbox 1927 3559 3590 3630">
     <span class='ocr_line' id='line_1_53' title="bbox 1927 3559 3590 3630; baseline 0.003 -19"><span class='ocrx_word' id='word_1_314' title='bbox 1927 3563 2203 3612; x_wconf 88' lang='lat' dir='ltr'>sanctum</span> <span class='ocrx_word' id='word_1_315' title='bbox 2254 3564 2318 3613; x_wconf 91' lang='lat' dir='ltr'>ut</span> <span class='ocrx_word' id='word_1_316' title='bbox 2368 3559 2724 3621; x_wconf 90' lang='lat' dir='ltr'>ostenderet,</span> <span class='ocrx_word' id='word_1_317' title='bbox 2777 3559 3032 3614; x_wconf 89' lang='lat' dir='ltr'>cultores</span> <span class='ocrx_word' id='word_1_318' title='bbox 3093 3562 3222 3630; x_wconf 91' lang='lat' dir='ltr'>ejus</span> <span class='ocrx_word' id='word_1_319' title='bbox 3287 3561 3590 3616; x_wconf 86' lang='lat' dir='ltr'>celebrare</span> 
     </span>
    </p>
   </div>
   <div class='ocr_carea' id='block_1_54' title="bbox 1927 3644 3589 3719">
    <p class='ocr_par' dir='ltr' id='par_1_54' title="bbox 1927 3644 3589 3719">
     <span class='ocr_line' id='line_1_54' title="bbox 1927 3644 3589 3719; baseline 0.002 -21"><span class='ocrx_word' id='word_1_320' title='bbox 1927 3645 2037 3699; x_wconf 90' lang='lat' dir='ltr'>sibi</span> <span class='ocrx_word' id='word_1_321' title='bbox 2067 3646 2398 3716; x_wconf 91' lang='lat' dir='ltr'>proposuit.</span> <span class='ocrx_word' id='word_1_322' title='bbox 2436 3645 2693 3699; x_wconf 91' lang='lat' dir='ltr'>Primum</span> <span class='ocrx_word' id='word_1_323' title='bbox 2713 3644 2889 3712; x_wconf 77' lang='lat' dir='ltr'>igitur</span> <span class='ocrx_word' id='word_1_324' title='bbox 2919 3650 3054 3701; x_wconf 90' lang='lat' dir='ltr'>acta</span> <span class='ocrx_word' id='word_1_325' title='bbox 3073 3647 3407 3716; x_wconf 80' lang='lat' dir='ltr'>Wolfgangi</span> <span class='ocrx_word' id='word_1_326' title='bbox 3428 3648 3589 3719; x_wconf 92' lang='lat' dir='ltr'>epis-</span> 
     </span>
    </p>
   </div>
   <div class='ocr_carea' id='block_1_55' title="bbox 1926 3733 3591 3803">
    <p class='ocr_par' dir='ltr' id='par_1_55' title="bbox 1926 3733 3591 3803">
     <span class='ocr_line' id='line_1_55' title="bbox 1926 3733 3591 3803; baseline 0.002 -16"><span class='ocrx_word' id='word_1_327' title='bbox 1926 3734 2060 3803; x_wconf 91' lang='lat' dir='ltr'>copi</span> <span class='ocrx_word' id='word_1_328' title='bbox 2089 3738 2145 3787; x_wconf 90' lang='lat' dir='ltr'>et</span> <span class='ocrx_word' id='word_1_329' title='bbox 2170 3733 2486 3788; x_wconf 79' lang='lat' dir='ltr'>Ramuoldi</span> <span class='ocrx_word' id='word_1_330' title='bbox 2544 3733 2781 3788; x_wconf 87' lang='lat' dir='ltr'>abbatis</span> <span class='ocrx_word' id='word_1_331' title='bbox 2841 3735 3126 3794; x_wconf 87' lang='lat' dir='ltr'>narravit.</span> <span class='ocrx_word' id='word_1_332' title='bbox 3184 3739 3238 3790; x_wconf 91' lang='lat' dir='ltr'>et</span> <span class='ocrx_word' id='word_1_333' title='bbox 3282 3751 3376 3790; x_wconf 88' lang='lat' dir='ltr'>res</span> <span class='ocrx_word' id='word_1_334' title='bbox 3408 3736 3591 3792; x_wconf 81' lang='lat' dir='ltr'>Ratis-</span> 
     </span>
    </p>
   </div>
   <div class='ocr_carea' id='block_1_56' title="bbox 1924 3820 3591 3891">
    <p class='ocr_par' dir='ltr' id='par_1_56' title="bbox 1924 3820 3591 3891">
     <span class='ocr_line' id='line_1_56' title="bbox 1924 3820 3591 3891; baseline 0.004 -17"><span class='ocrx_word' id='word_1_335' title='bbox 1924 3820 2245 3883; x_wconf 91' lang='lat' dir='ltr'>bonenses,</span> <span class='ocrx_word' id='word_1_336' title='bbox 2277 3836 2431 3891; x_wconf 93' lang='lat' dir='ltr'>quas</span> <span class='ocrx_word' id='word_1_337' title='bbox 2461 3824 2798 3891; x_wconf 90' lang='lat' dir='ltr'>compertas</span> <span class='ocrx_word' id='word_1_338' title='bbox 2847 3820 3078 3888; x_wconf 89' lang='lat' dir='ltr'>habuit,</span> <span class='ocrx_word' id='word_1_339' title='bbox 3138 3824 3445 3878; x_wconf 75' lang='lat' dir='ltr'>memoriae</span> <span class='ocrx_word' id='word_1_340' title='bbox 3476 3828 3591 3880; x_wconf 86' lang='lat' dir='ltr'>tra-</span> 
     </span>
    </p>
   </div>
   <div class='ocr_carea' id='block_1_57' title="bbox 1927 3907 3592 3976">
    <p class='ocr_par' dir='ltr' id='par_1_57' title="bbox 1927 3907 3592 3976">
     <span class='ocr_line' id='line_1_57' title="bbox 1927 3907 3592 3976; baseline 0.004 -14"><span class='ocrx_word' id='word_1_341' title='bbox 1927 3908 2094 3963; x_wconf 88' lang='lat' dir='ltr'>didit.</span> <span class='ocrx_word' id='word_1_342' title='bbox 2125 3911 2336 3963; x_wconf 87' lang='lat' dir='ltr'>Postea</span> <span class='ocrx_word' id='word_1_343' title='bbox 2369 3925 2504 3963; x_wconf 90' lang='lat' dir='ltr'>cum</span> <span class='ocrx_word' id='word_1_344' title='bbox 2539 3907 2764 3976; x_wconf 84' lang='lat' dir='ltr'>dialogi</span> <span class='ocrx_word' id='word_1_345' title='bbox 2823 3909 3080 3965; x_wconf 89' lang='lat' dir='ltr'>formam</span> <span class='ocrx_word' id='word_1_346' title='bbox 3139 3911 3278 3966; x_wconf 89' lang='lat' dir='ltr'>huic</span> <span class='ocrx_word' id='word_1_347' title='bbox 3303 3911 3456 3967; x_wconf 88' lang='lat' dir='ltr'>libro</span> <span class='ocrx_word' id='word_1_348' title='bbox 3482 3916 3592 3968; x_wconf 87' lang='lat' dir='ltr'>im-</span> 
     </span>
    </p>
   </div>
   <div class='ocr_carea' id='block_1_58' title="bbox 147 3990 3591 4074">
    <p class='ocr_par' dir='ltr' id='par_1_58' title="bbox 147 3990 3591 4074">
     <span class='ocr_line' id='line_1_58' title="bbox 147 3990 3591 4074; baseline 0.002 -27"><span class='ocrx_word' id='word_1_349' title='bbox 147 3992 472 4048; x_wconf 81' lang='lat' dir='ltr'>Saxoniam</span> <span class='ocrx_word' id='word_1_350' title='bbox 545 3990 866 4062; x_wconf 88' lang='lat' dir='ltr'>profectus,</span> <span class='ocrx_word' id='word_1_351' title='bbox 937 3991 1320 4061; x_wconf 76' lang='lat' dir='ltr'>Magdeburgi</span> <span class='ocrx_word' id='word_1_352' title='bbox 1389 3992 1816 4062; x_wconf 79' lang='lat' dir='ltr'>Meginfredum</span> <span class='ocrx_word' id='word_1_353' title='bbox 1853 4021 1896 4074; x_wconf 77' lang='grc' dir='ltr'>ο</span> <span class='ocrx_word' id='word_1_354' title='bbox 1928 3997 2242 4069; x_wconf 90' lang='lat' dir='ltr'>posuisset,</span> <span class='ocrx_word' id='word_1_355' title='bbox 2275 3997 2451 4053; x_wconf 89' lang='lat' dir='ltr'>latius</span> <span class='ocrx_word' id='word_1_356' title='bbox 2495 4003 2744 4066; x_wconf 79' lang='lat' dir='ltr'>vagatus</span> <span class='ocrx_word' id='word_1_357' title='bbox 2801 4003 2908 4063; x_wconf 91' lang='lat' dir='ltr'>est,</span> <span class='ocrx_word' id='word_1_358' title='bbox 2965 4004 3021 4054; x_wconf 91' lang='lat' dir='ltr'>et</span> <span class='ocrx_word' id='word_1_359' title='bbox 3078 3999 3157 4055; x_wconf 90' lang='lat' dir='ltr'>ab</span> <span class='ocrx_word' id='word_1_360' title='bbox 3215 3998 3591 4056; x_wconf 82' lang='lat' dir='ltr'>Ammonicio</span> 
     </span>
    </p>
   </div>
   <div class='ocr_carea' id='block_1_59' title="bbox 146 4080 1812 4153">
    <p class='ocr_par' dir='ltr' id='par_1_59' title="bbox 146 4080 1812 4153">
     <span class='ocr_line' id='line_1_59' title="bbox 146 4080 1812 4153; baseline 0.001 -17"><span class='ocrx_word' id='word_1_361' title='bbox 146 4083 224 4153; x_wconf 84' lang='lat'>(2)</span> <span class='ocrx_word' id='word_1_362' title='bbox 280 4080 498 4136; x_wconf 46' lang='lat' dir='ltr'>schola).</span> <span class='ocrx_word' id='word_1_363' title='bbox 567 4081 925 4149; x_wconf 72' lang='lat' dir='ltr'>magistrum</span> <span class='ocrx_word' id='word_1_364' title='bbox 991 4081 1250 4136; x_wconf 88' lang='lat' dir='ltr'>amicitia</span> <span class='ocrx_word' id='word_1_365' title='bbox 1305 4082 1416 4137; x_wconf 92' lang='lat' dir='ltr'>sibi</span> <span class='ocrx_word' id='word_1_366' title='bbox 1482 4083 1812 4152; x_wconf 83' lang='lat' dir='ltr'>conjunxit,</span> 
     </span>
    </p>
   </div>
   <div class='ocr_carea' id='block_1_60' title="bbox 143 4170 1818 4244">
    <p class='ocr_par' dir='ltr' id='par_1_60' title="bbox 143 4170 1818 4244">
     <span class='ocr_line' id='line_1_60' title="bbox 143 4170 1818 4244; baseline 0.001 -19"><span class='ocrx_word' id='word_1_367' title='bbox 143 4187 328 4244; x_wconf 90' lang='lat' dir='ltr'>quem</span> <span class='ocrx_word' id='word_1_368' title='bbox 361 4175 425 4225; x_wconf 89' lang='lat' dir='ltr'>ut</span> <span class='ocrx_word' id='word_1_369' title='bbox 453 4171 640 4226; x_wconf 90' lang='lat' dir='ltr'>Vitam</span> <span class='ocrx_word' id='word_1_370' title='bbox 672 4170 837 4226; x_wconf 88' lang='lat' dir='ltr'>illam</span> <span class='ocrx_word' id='word_1_371' title='bbox 869 4170 944 4225; x_wconf 91' lang='lat' dir='ltr'>de</span> <span class='ocrx_word' id='word_1_372' title='bbox 1001 4187 1161 4226; x_wconf 89' lang='lat' dir='ltr'>novo</span> <span class='ocrx_word' id='word_1_373' title='bbox 1206 4172 1486 4228; x_wconf 90' lang='lat' dir='ltr'>scriberet</span> <span class='ocrx_word' id='word_1_374' title='bbox 1539 4173 1818 4244; x_wconf 90' lang='lat' dir='ltr'>precibus</span> 
     </span>
    </p>
   </div>
   <div class='ocr_carea' id='block_1_61' title="bbox 146 4259 1818 4332">
    <p class='ocr_par' dir='ltr' id='par_1_61' title="bbox 146 4259 1818 4332">
     <span class='ocr_line' id='line_1_61' title="bbox 146 4259 1818 4332; baseline 0.001 -17"><span class='ocrx_word' id='word_1_375' title='bbox 146 4260 270 4315; x_wconf 90' lang='lat' dir='ltr'>suis</span> <span class='ocrx_word' id='word_1_376' title='bbox 301 4260 596 4331; x_wconf 89' lang='lat' dir='ltr'>permovit</span> <span class='ocrx_word' id='word_1_377' title='bbox 632 4278 644 4326; x_wconf 90' lang='lat'><strong>;</strong></span> <span class='ocrx_word' id='word_1_378' title='bbox 705 4260 766 4315; x_wconf 90' lang='lat' dir='ltr'>id</span> <span class='ocrx_word' id='word_1_379' title='bbox 795 4260 960 4332; x_wconf 89' lang='lat' dir='ltr'>quod</span> <span class='ocrx_word' id='word_1_380' title='bbox 1004 4259 1228 4315; x_wconf 90' lang='lat' dir='ltr'>ultimis</span> <span class='ocrx_word' id='word_1_381' title='bbox 1290 4261 1536 4318; x_wconf 86' lang='lat' dir='ltr'>Heinrici</span> <span class='ocrx_word' id='word_1_382' title='bbox 1569 4267 1609 4317; x_wconf 93' lang='lat' dir='ltr'>ll</span> <span class='ocrx_word' id='word_1_383' title='bbox 1643 4263 1818 4318; x_wconf 90' lang='lat' dir='ltr'>annis</span> 
     </span>
    </p>
   </div>
   <div class='ocr_carea' id='block_1_62' title="bbox 145 4350 1817 4419">
    <p class='ocr_par' dir='ltr' id='par_1_62' title="bbox 145 4350 1817 4419">
     <span class='ocr_line' id='line_1_62' title="bbox 145 4350 1817 4419; baseline 0.001 -14"><span class='ocrx_word' id='word_1_384' title='bbox 145 4350 373 4405; x_wconf 89' lang='lat' dir='ltr'>factum</span> <span class='ocrx_word' id='word_1_385' title='bbox 405 4353 493 4404; x_wconf 91' lang='lat' dir='ltr'>est</span> <span class='ocrx_word' id='word_1_386' title='bbox 535 4351 635 4419; x_wconf 89' lang='lat'>(3).</span> <span class='ocrx_word' id='word_1_387' title='bbox 697 4353 836 4404; x_wconf 87' lang='lat' dir='ltr'>Post</span> <span class='ocrx_word' id='word_1_388' title='bbox 864 4354 980 4404; x_wconf 91' lang='lat' dir='ltr'>tres</span> <span class='ocrx_word' id='word_1_389' title='bbox 1015 4365 1208 4406; x_wconf 90' lang='lat' dir='ltr'>annos</span> <span class='ocrx_word' id='word_1_390' title='bbox 1260 4350 1337 4406; x_wconf 90' lang='lat' dir='ltr'>ad</span> <span class='ocrx_word' id='word_1_391' title='bbox 1382 4353 1817 4408; x_wconf 88' lang='lat' dir='ltr'>monasterium</span> 
     </span>
    </p>
   </div>
   <div class='ocr_carea' id='block_1_63' title="bbox 145 4437 1818 4511">
    <p class='ocr_par' dir='ltr' id='par_1_63' title="bbox 145 4437 1818 4511">
     <span class='ocr_line' id='line_1_63' title="bbox 145 4437 1818 4511; baseline 0 -17"><span class='ocrx_word' id='word_1_392' title='bbox 145 4453 426 4494; x_wconf 87' lang='lat' dir='ltr'>reversus</span> <span class='ocrx_word' id='word_1_393' title='bbox 491 4438 584 4507; x_wconf 89' lang='lat'>(3),</span> <span class='ocrx_word' id='word_1_394' title='bbox 647 4452 799 4509; x_wconf 91' lang='lat' dir='ltr'>opus</span> <span class='ocrx_word' id='word_1_395' title='bbox 855 4437 1270 4510; x_wconf 85' lang='lat' dir='ltr'>imperfectum</span> <span class='ocrx_word' id='word_1_396' title='bbox 1323 4439 1601 4511; x_wconf 77' lang='lat' dir='ltr'>reliquit;</span> <span class='ocrx_word' id='word_1_397' title='bbox 1651 4437 1818 4511; x_wconf 91' lang='lat' dir='ltr'>quod</span> 
     </span>
    </p>
   </div>
   <div class='ocr_carea' id='block_1_64' title="bbox 220 4582 1816 4652">
    <p class='ocr_par' dir='ltr' id='par_1_64' title="bbox 220 4582 1816 4652">
     <span class='ocr_line' id='line_1_64' title="bbox 220 4582 1816 4652; baseline 0.002 -16"><span class='ocrx_word' id='word_1_398' title='bbox 220 4583 296 4652; x_wconf 91' lang='lat'>(1)</span> <span class='ocrx_word' id='word_1_399' title='bbox 328 4586 366 4636; x_wconf 95' lang='lat' dir='ltr'>l.</span> <span class='ocrx_word' id='word_1_400' title='bbox 406 4585 487 4636; x_wconf 88' lang='lat'>13.</span> <span class='ocrx_word' id='word_1_401' title='bbox 523 4584 589 4635; x_wconf 83' lang='lat' dir='ltr'>A.</span> <span class='ocrx_word' id='word_1_402' title='bbox 626 4582 942 4638; x_wconf 84' lang='lat' dir='ltr'>Berhtoldo</span> <span class='ocrx_word' id='word_1_403' title='bbox 977 4597 1168 4651; x_wconf 83' lang='lat' dir='ltr'>genus</span> <span class='ocrx_word' id='word_1_404' title='bbox 1201 4585 1487 4639; x_wconf 90' lang='lat' dir='ltr'>comitum</span> <span class='ocrx_word' id='word_1_405' title='bbox 1524 4584 1596 4638; x_wconf 87' lang='lat' dir='ltr'>de</span> <span class='ocrx_word' id='word_1_406' title='bbox 1630 4585 1816 4640; x_wconf 88' lang='lat' dir='ltr'>Cham</span> 
     </span>
    </p>
   </div>
   <div class='ocr_carea' id='block_1_65' title="bbox 145 4652 1816 4726">
    <p class='ocr_par' dir='ltr' id='par_1_65' title="bbox 145 4652 1816 4726">
     <span class='ocr_line' id='line_1_65' title="bbox 145 4652 1816 4726; baseline 0.001 -18"><span class='ocrx_word' id='word_1_407' title='bbox 145 4653 542 4726; x_wconf 72' lang='lat' dir='ltr'>etVochburg</span> <span class='ocrx_word' id='word_1_408' title='bbox 567 4652 902 4726; x_wconf 80' lang='lat' dir='ltr'>deducitur,</span> <span class='ocrx_word' id='word_1_409' title='bbox 965 4671 1088 4726; x_wconf 90' lang='lat' dir='ltr'>quo</span> <span class='ocrx_word' id='word_1_410' title='bbox 1143 4657 1368 4710; x_wconf 88' lang='lat' dir='ltr'>factum</span> <span class='ocrx_word' id='word_1_411' title='bbox 1401 4661 1490 4709; x_wconf 88' lang='lat' dir='ltr'>est</span> <span class='ocrx_word' id='word_1_412' title='bbox 1542 4660 1608 4710; x_wconf 90' lang='lat' dir='ltr'>ut</span> <span class='ocrx_word' id='word_1_413' title='bbox 1636 4657 1816 4710; x_wconf 89' lang='lat' dir='ltr'>etiam</span> 
     </span>
    </p>
   </div>
   <div class='ocr_carea' id='block_1_66' title="bbox 149 4724 1817 4781">
    <p class='ocr_par' dir='ltr' id='par_1_66' title="bbox 149 4724 1817 4781">
     <span class='ocr_line' id='line_1_66' title="bbox 149 4724 1817 4781; baseline 0.001 -2"><span class='ocrx_word' id='word_1_414' title='bbox 149 4724 483 4779; x_wconf 82' lang='lat' dir='ltr'>Arnolduni</span> <span class='ocrx_word' id='word_1_415' title='bbox 538 4724 615 4779; x_wconf 90' lang='lat' dir='ltr'>ad</span> <span class='ocrx_word' id='word_1_416' title='bbox 672 4724 825 4778; x_wconf 88' lang='lat' dir='ltr'>hanc</span> <span class='ocrx_word' id='word_1_417' title='bbox 881 4724 1168 4780; x_wconf 78' lang='lat' dir='ltr'>familiam</span> <span class='ocrx_word' id='word_1_418' title='bbox 1202 4727 1367 4781; x_wconf 89' lang='lat' dir='ltr'>multi</span> <span class='ocrx_word' id='word_1_419' title='bbox 1414 4727 1714 4781; x_wconf 80' lang='lat' dir='ltr'>referrent.</span> <span class='ocrx_word' id='word_1_420' title='bbox 1751 4759 1817 4766; x_wconf 84' lang='lat'>——</span> 
     </span>
    </p>
   </div>
   <div class='ocr_carea' id='block_1_67' title="bbox 151 4795 1818 4868">
    <p class='ocr_par' dir='ltr' id='par_1_67' title="bbox 151 4795 1818 4868">
     <span class='ocr_line' id='line_1_67' title="bbox 151 4795 1818 4868; baseline 0.001 -17"><span class='ocrx_word' id='word_1_421' title='bbox 151 4802 280 4868; x_wconf 78' lang='lat' dir='ltr'>Ipse</span> <span class='ocrx_word' id='word_1_422' title='bbox 313 4796 352 4868; x_wconf 87' lang='lat' dir='ltr'>l,</span> <span class='ocrx_word' id='word_1_423' title='bbox 388 4800 471 4862; x_wconf 87' lang='lat'>13,</span> <span class='ocrx_word' id='word_1_424' title='bbox 505 4795 732 4867; x_wconf 88' lang='lat' dir='ltr'>neptim</span> <span class='ocrx_word' id='word_1_425' title='bbox 784 4796 1076 4862; x_wconf 89' lang='lat' dir='ltr'>nominat,</span> <span class='ocrx_word' id='word_1_426' title='bbox 1109 4814 1244 4868; x_wconf 69' lang='lat' dir='ltr'>quae</span> <span class='ocrx_word' id='word_1_427' title='bbox 1278 4798 1668 4852; x_wconf 81' lang='lat' dir='ltr'>Adalrammo</span> <span class='ocrx_word' id='word_1_428' title='bbox 1718 4815 1818 4852; x_wconf 93' lang='lat' dir='ltr'>no-</span> 
     </span>
    </p>
   </div>
   <div class='ocr_carea' id='block_1_68' title="bbox 147 4867 751 4935">
    <p class='ocr_par' dir='ltr' id='par_1_68' title="bbox 147 4867 751 4935">
     <span class='ocr_line' id='line_1_68' title="bbox 147 4867 751 4935; baseline -0.005 -14"><span class='ocrx_word' id='word_1_429' title='bbox 147 4867 252 4921; x_wconf 90' lang='lat' dir='ltr'>bili</span> <span class='ocrx_word' id='word_1_430' title='bbox 284 4867 412 4920; x_wconf 88' lang='lat' dir='ltr'>viro</span> <span class='ocrx_word' id='word_1_431' title='bbox 444 4871 751 4935; x_wconf 78' lang='lat' dir='ltr'>nupserat.</span> 
     </span>
    </p>
   </div>
   <div class='ocr_carea' id='block_1_69' title="bbox 223 4937 1819 5008">
    <p class='ocr_par' dir='ltr' id='par_1_69' title="bbox 223 4937 1819 5008">
     <span class='ocr_line' id='line_1_69' title="bbox 223 4937 1819 5008; baseline 0.002 -17"><span class='ocrx_word' id='word_1_432' title='bbox 223 4937 765 5006; x_wconf 74' lang='lat' dir='ltr'>(&#39;2)Eumdcmcsse</span> <span class='ocrx_word' id='word_1_433' title='bbox 813 4953 994 5007; x_wconf 80' lang='lat' dir='ltr'>quem</span> <span class='ocrx_word' id='word_1_434' title='bbox 1052 4939 1404 4993; x_wconf 82' lang='lat' dir='ltr'>Trithemius</span> <span class='ocrx_word' id='word_1_435' title='bbox 1462 4939 1819 5008; x_wconf 83' lang='lat' dir='ltr'>magistrum</span> 
     </span>
    </p>
   </div>
   <div class='ocr_carea' id='block_1_70' title="bbox 153 5008 1818 5081">
    <p class='ocr_par' dir='ltr' id='par_1_70' title="bbox 153 5008 1818 5081">
     <span class='ocr_line' id='line_1_70' title="bbox 153 5008 1818 5081; baseline 0.001 -18"><span class='ocrx_word' id='word_1_436' title='bbox 153 5009 510 5081; x_wconf 78' lang='lat' dir='ltr'>Fuldenscm</span> <span class='ocrx_word' id='word_1_437' title='bbox 542 5008 721 5081; x_wconf 84' lang='lat' dir='ltr'>fuisse</span> <span class='ocrx_word' id='word_1_438' title='bbox 748 5013 840 5081; x_wconf 25' lang='lat' dir='ltr'>Aet</span> <span class='ocrx_word' id='word_1_439' title='bbox 875 5008 1210 5081; x_wconf 74' lang='lat' dir='ltr'>Chronic-on</span> <span class='ocrx_word' id='word_1_440' title='bbox 1244 5010 1531 5064; x_wconf 77' lang='lat' dir='ltr'>Fuldense</span> <span class='ocrx_word' id='word_1_441' title='bbox 1582 5010 1818 5081; x_wconf 88' lang='lat' dir='ltr'>aliaque</span> 
     </span>
    </p>
   </div>
   <div class='ocr_carea' id='block_1_71' title="bbox 149 5077 1814 5160">
    <p class='ocr_par' dir='ltr' id='par_1_71' title="bbox 149 5077 1814 5160">
     <span class='ocr_line' id='line_1_71' title="bbox 149 5077 1814 5160; baseline 0 -25"><span class='ocrx_word' id='word_1_442' title='bbox 149 5079 673 5160; x_wconf 74' lang='lat' dir='ltr'>multascripsisse</span> <span class='ocrx_word' id='word_1_443' title='bbox 727 5077 1176 5160; x_wconf 38' lang='lat' dir='ltr'>dicitJCh‘ronz-</span> <span class='ocrx_word' id='word_1_444' title='bbox 1210 5082 1503 5160; x_wconf 60' lang='lat' dir='ltr'>Hirsauq.</span> <span class='ocrx_word' id='word_1_445' title='bbox 1539 5097 1599 5160; x_wconf 41' lang='lat' dir='ltr'>al</span> <span class='ocrx_word' id='word_1_446' title='bbox 1625 5077 1814 5160; x_wconf 46' lang='lat' dir='ltr'>9§6—._l.</span> 
     </span>
    </p>
   </div>
   <div class='ocr_carea' id='block_1_72' title="bbox 152 5293 1819 5364">
    <p class='ocr_par' dir='ltr' id='par_1_72' title="bbox 152 5293 1819 5364">
     <span class='ocr_line' id='line_1_72' title="bbox 152 5293 1819 5364; baseline -0.001 -16"><span class='ocrx_word' id='word_1_447' title='bbox 152 5296 309 5364; x_wconf 90' lang='lat' dir='ltr'>Sept.</span> <span class='ocrx_word' id='word_1_448' title='bbox 329 5295 425 5364; x_wconf 74' lang='lat' dir='ltr'>Vl.</span> <span class='ocrx_word' id='word_1_449' title='bbox 457 5307 516 5364; x_wconf 92' lang='lat' dir='ltr'>p.</span> <span class='ocrx_word' id='word_1_450' title='bbox 550 5295 673 5364; x_wconf 55' lang='grc'>456)</span> <span class='ocrx_word' id='word_1_451' title='bbox 707 5297 862 5364; x_wconf 83' lang='lat' dir='ltr'>recte</span> <span class='ocrx_word' id='word_1_452' title='bbox 899 5298 1121 5364; x_wconf 90' lang='lat' dir='ltr'>monet,</span> <span class='ocrx_word' id='word_1_453' title='bbox 1158 5294 1316 5347; x_wconf 90' lang='lat' dir='ltr'>hunc</span> <span class='ocrx_word' id='word_1_454' title='bbox 1347 5293 1676 5348; x_wconf 87' lang='lat' dir='ltr'>secundum</span> <span class='ocrx_word' id='word_1_455' title='bbox 1699 5293 1819 5347; x_wconf 84' lang='lat' dir='ltr'>Tri-</span> 
     </span>
    </p>
   </div>
   <div class='ocr_carea' id='block_1_73' title="bbox 152 5361 1906 5443">
    <p class='ocr_par' dir='ltr' id='par_1_73' title="bbox 152 5361 1906 5443">
     <span class='ocr_line' id='line_1_73' title="bbox 152 5361 1906 5443; baseline 0.001 -26"><span class='ocrx_word' id='word_1_456' title='bbox 152 5361 359 5443; x_wconf 41' lang='lat' dir='ltr'>themi‘i</span> <span class='ocrx_word' id='word_1_457' title='bbox 394 5361 664 5443; x_wconf 39' lang='lat' dir='ltr'>calculos.</span> <span class='ocrx_word' id='word_1_458' title='bbox 709 5365 795 5443; x_wconf 57' lang='lat' dir='ltr'>(p.</span> <span class='ocrx_word' id='word_1_459' title='bbox 829 5363 945 5418; x_wconf 83' lang='lat'>153)</span> <span class='ocrx_word' id='word_1_460' title='bbox 970 5363 1100 5443; x_wconf 75' lang='lat' dir='ltr'>jam</span> <span class='ocrx_word' id='word_1_461' title='bbox 1148 5379 1202 5419; x_wconf 92' lang='lat' dir='ltr'>a.</span> <span class='ocrx_word' id='word_1_462' title='bbox 1242 5368 1394 5443; x_wconf 14' lang='lat'>101,0:</span> <span class='ocrx_word' id='word_1_463' title='bbox 1439 5365 1823 5443; x_wconf 19' lang='lat' dir='ltr'>Aobiisse.__ln</span> <span class='ocrx_word' id='word_1_464' title='bbox 1863 5369 1906 5421; x_wconf 93' lang='lat' dir='ltr'>D</span> 
     </span>
    </p>
   </div>
   <div class='ocr_carea' id='block_1_74' title="bbox 149 5432 1820 5502">
    <p class='ocr_par' dir='ltr' id='par_1_74' title="bbox 149 5432 1820 5502">
     <span class='ocr_line' id='line_1_74' title="bbox 149 5432 1820 5502; baseline 0 -12"><span class='ocrx_word' id='word_1_465' title='bbox 149 5433 496 5502; x_wconf 77' lang='lat' dir='ltr'>Necrologio</span> <span class='ocrx_word' id='word_1_466' title='bbox 526 5432 799 5487; x_wconf 81' lang='lat' dir='ltr'>Fuldensi</span> <span class='ocrx_word' id='word_1_467' title='bbox 830 5448 970 5486; x_wconf 92' lang='lat' dir='ltr'>vero</span> <span class='ocrx_word' id='word_1_468' title='bbox 995 5432 1147 5489; x_wconf 86' lang='lat' dir='ltr'>inter</span> <span class='ocrx_word' id='word_1_469' title='bbox 1177 5451 1231 5490; x_wconf 90' lang='lat' dir='ltr'>a.</span> <span class='ocrx_word' id='word_1_470' title='bbox 1269 5439 1584 5497; x_wconf 78' lang='lat'>1000-1050,</span> <span class='ocrx_word' id='word_1_471' title='bbox 1619 5435 1820 5490; x_wconf 90' lang='lat' dir='ltr'>nullus</span> 
     </span>
    </p>
   </div>
   <div class='ocr_carea' id='block_1_75' title="bbox 152 5503 1823 5572">
    <p class='ocr_par' dir='ltr' id='par_1_75' title="bbox 152 5503 1823 5572">
     <span class='ocr_line' id='line_1_75' title="bbox 152 5503 1823 5572; baseline 0 -10"><span class='ocrx_word' id='word_1_472' title='bbox 152 5503 554 5572; x_wconf 63' lang='lat' dir='ltr'>Meginfre-lus</span> <span class='ocrx_word' id='word_1_473' title='bbox 585 5504 860 5558; x_wconf 88' lang='lat' dir='ltr'>occurrit.</span> <span class='ocrx_word' id='word_1_474' title='bbox 919 5505 1124 5560; x_wconf 87' lang='lat' dir='ltr'>Nescio</span> <span class='ocrx_word' id='word_1_475' title='bbox 1173 5522 1252 5561; x_wconf 85' lang='lat' dir='ltr'>an</span> <span class='ocrx_word' id='word_1_476' title='bbox 1309 5506 1663 5562; x_wconf 90' lang='lat' dir='ltr'>Trithemius</span> <span class='ocrx_word' id='word_1_477' title='bbox 1713 5522 1823 5562; x_wconf 89' lang='lat' dir='ltr'>sua</span> 
     </span>
    </p>
   </div>
   <div class='ocr_carea' id='block_1_76' title="bbox 150 5573 784 5640">
    <p class='ocr_par' dir='ltr' id='par_1_76' title="bbox 150 5573 784 5640">
     <span class='ocr_line' id='line_1_76' title="bbox 150 5573 784 5640; baseline -0.005 -10"><span class='ocrx_word' id='word_1_478' title='bbox 150 5592 223 5630; x_wconf 85' lang='lat' dir='ltr'>ex</span> <span class='ocrx_word' id='word_1_479' title='bbox 249 5573 494 5640; x_wconf 77' lang='lat' dir='ltr'>ingenio</span> <span class='ocrx_word' id='word_1_480' title='bbox 523 5573 784 5628; x_wconf 80' lang='lat' dir='ltr'>tinxerit.</span> 
     </span>
    </p>
   </div>
   <div class='ocr_carea' id='block_1_77' title="bbox 244 5643 1320 5712">
    <p class='ocr_par' dir='ltr' id='par_1_77' title="bbox 244 5643 1320 5712">
     <span class='ocr_line' id='line_1_77' title="bbox 244 5643 1320 5712; baseline 0.004 -13"><span class='ocrx_word' id='word_1_481' title='bbox 244 5646 293 5712; x_wconf 88' lang='lat'>3)</span> <span class='ocrx_word' id='word_1_482' title='bbox 325 5643 568 5698; x_wconf 75' lang='lat' dir='ltr'>Arnoldi</span> <span class='ocrx_word' id='word_1_483' title='bbox 599 5645 772 5712; x_wconf 89' lang='lat' dir='ltr'>epist.</span> <span class='ocrx_word' id='word_1_484' title='bbox 810 5644 885 5699; x_wconf 93' lang='lat' dir='ltr'>ad</span> <span class='ocrx_word' id='word_1_485' title='bbox 915 5647 1320 5704; x_wconf 88' lang='lat' dir='ltr'>Buchardum.</span> 
     </span>
    </p>
   </div>
   <div class='ocr_carea' id='block_1_78' title="bbox 207 5647 1820 5843">
    <p class='ocr_par' dir='ltr' id='par_1_78' title="bbox 207 5647 1820 5843">
     <span class='ocr_line' id='line_1_78' title="bbox 244 5647 1320 5768; baseline 0.004 -69"><span class='ocrx_word' id='word_1_486' title='bbox 244 5647 293 5712; x_wconf 89' lang='lat'>3)</span> <span class='ocrx_word' id='word_1_487' title='bbox 325 5647 568 5698; x_wconf 73' lang='lat' dir='ltr'>Arnoldi</span> <span class='ocrx_word' id='word_1_488' title='bbox 599 5647 772 5768; x_wconf 81' lang='lat' dir='ltr'>epist.</span> <span class='ocrx_word' id='word_1_489' title='bbox 810 5647 885 5699; x_wconf 92' lang='lat' dir='ltr'>ad</span> <span class='ocrx_word' id='word_1_490' title='bbox 915 5647 1320 5704; x_wconf 88' lang='lat' dir='ltr'>Buchardum.</span> 
     </span>
     <span class='ocr_line' id='line_1_79' title="bbox 207 5647 1820 5843; baseline 0.002 -74"><span class='ocrx_word' id='word_1_491' title='bbox 207 5647 298 5843; x_wconf 49' lang='grc' dir='ltr'>ἰὲ)</span> <span class='ocrx_word' id='word_1_492' title='bbox 333 5719 415 5770; x_wconf 90' lang='lat' dir='ltr'>Ita</span> <span class='ocrx_word' id='word_1_493' title='bbox 443 5715 632 5796; x_wconf 81' lang='lat' dir='ltr'>episto</span> <span class='ocrx_word' id='word_1_494' title='bbox 657 5731 705 5769; x_wconf 57' lang='grc' dir='ltr'>τε</span> <span class='ocrx_word' id='word_1_495' title='bbox 732 5716 917 5771; x_wconf 89' lang='lat' dir='ltr'>verba</span> <span class='ocrx_word' id='word_1_496' title='bbox 945 5716 1328 5786; x_wconf 77' lang='lat' dir='ltr'>intelligenda</span> <span class='ocrx_word' id='word_1_497' title='bbox 1359 5725 1656 5843; x_wconf 78' lang='lat' dir='ltr'>essedputo</span> <span class='ocrx_word' id='word_1_498' title='bbox 1673 5722 1820 5798; x_wconf 56' lang='lat' dir='ltr'>Nam</span> 
     </span>
     <span class='ocr_line' id='line_1_80' title="bbox 275 5788 1820 5843; baseline 0.001 -1"><span class='ocrx_word' id='word_1_499' title='bbox 275 5803 346 5842; x_wconf 91' lang='lat' dir='ltr'>us</span> <span class='ocrx_word' id='word_1_500' title='bbox 376 5801 552 5842; x_wconf 85' lang='lat' dir='ltr'>annis</span> <span class='ocrx_word' id='word_1_501' title='bbox 580 5802 734 5843; x_wconf 85' lang='lat' dir='ltr'>onus</span> <span class='ocrx_word' id='word_1_502' title='bbox 760 5788 1106 5843; x_wconf 88' lang='lat' dir='ltr'>absolutum</span> <span class='ocrx_word' id='word_1_503' title='bbox 1133 5791 1481 5843; x_wconf 88' lang='lat' dir='ltr'>esse.Arnol</span> <span class='ocrx_word' id='word_1_504' title='bbox 1530 5807 1600 5843; x_wconf 87' lang='lat' dir='ltr'>us</span> <span class='ocrx_word' id='word_1_505' title='bbox 1625 5791 1820 5843; x_wconf 82' lang='lat' dir='ltr'>dicere</span> 
     </span>
    </p>
   </div>
   <div class='ocr_carea' id='block_1_79' title="bbox 159 5787 1821 5858">
    <p class='ocr_par' dir='ltr' id='par_1_79' title="bbox 159 5787 1821 5858">
     <span class='ocr_line' id='line_1_81' title="bbox 159 5787 1821 5858; baseline 0.001 -16"><span class='ocrx_word' id='word_1_506' title='bbox 159 5787 346 5843; x_wconf 78' lang='lat' dir='ltr'>~ribus</span> <span class='ocrx_word' id='word_1_507' title='bbox 376 5787 552 5842; x_wconf 88' lang='lat' dir='ltr'>annis</span> <span class='ocrx_word' id='word_1_508' title='bbox 580 5802 734 5858; x_wconf 85' lang='lat' dir='ltr'>opus</span> <span class='ocrx_word' id='word_1_509' title='bbox 760 5788 1106 5845; x_wconf 89' lang='lat' dir='ltr'>absolutum</span> <span class='ocrx_word' id='word_1_510' title='bbox 1133 5787 1600 5856; x_wconf 86' lang='lat' dir='ltr'>esse,Arnoldus</span> <span class='ocrx_word' id='word_1_511' title='bbox 1625 5789 1821 5846; x_wconf 88' lang='lat' dir='ltr'>dicere</span> 
     </span>
    </p>
   </div>
   <div class='ocr_carea' id='block_1_80' title="bbox 1923 4087 3588 4158">
    <p class='ocr_par' dir='ltr' id='par_1_80' title="bbox 1923 4087 3588 4158">
     <span class='ocr_line' id='line_1_82' title="bbox 1923 4087 3588 4158; baseline 0.001 -17"><span class='ocrx_word' id='word_1_512' title='bbox 1923 4087 2045 4155; x_wconf 93' lang='lat' dir='ltr'>illo,</span> <span class='ocrx_word' id='word_1_513' title='bbox 2095 4103 2277 4158; x_wconf 88' lang='lat' dir='ltr'>quem</span> <span class='ocrx_word' id='word_1_514' title='bbox 2335 4103 2537 4142; x_wconf 87' lang='lat' dir='ltr'>secum</span> <span class='ocrx_word' id='word_1_515' title='bbox 2593 4087 2940 4158; x_wconf 90' lang='lat' dir='ltr'>loquentem</span> <span class='ocrx_word' id='word_1_516' title='bbox 2992 4087 3182 4158; x_wconf 82' lang='lat' dir='ltr'>ﬁnxit,</span> <span class='ocrx_word' id='word_1_517' title='bbox 3217 4089 3588 4156; x_wconf 91' lang='lat' dir='ltr'>admonitus,</span> 
     </span>
    </p>
   </div>
   <div class='ocr_carea' id='block_1_81' title="bbox 1922 4176 3594 4250">
    <p class='ocr_par' dir='ltr' id='par_1_81' title="bbox 1922 4176 3594 4250">
     <span class='ocr_line' id='line_1_83' title="bbox 1922 4176 3594 4250; baseline 0.001 -19"><span class='ocrx_word' id='word_1_518' title='bbox 1922 4193 2017 4231; x_wconf 89' lang='lat' dir='ltr'>res</span> <span class='ocrx_word' id='word_1_519' title='bbox 2057 4176 2350 4244; x_wconf 88' lang='lat' dir='ltr'>diversas,</span> <span class='ocrx_word' id='word_1_520' title='bbox 2408 4177 2685 4232; x_wconf 88' lang='lat' dir='ltr'>historias</span> <span class='ocrx_word' id='word_1_521' title='bbox 2741 4177 2937 4232; x_wconf 88' lang='lat' dir='ltr'>varias</span> <span class='ocrx_word' id='word_1_522' title='bbox 2991 4181 3048 4233; x_wconf 90' lang='lat' dir='ltr'>et</span> <span class='ocrx_word' id='word_1_523' title='bbox 3098 4177 3476 4250; x_wconf 91' lang='lat' dir='ltr'>multiplices,</span> <span class='ocrx_word' id='word_1_524' title='bbox 3528 4182 3594 4233; x_wconf 92' lang='lat' dir='ltr'>ut</span> 
     </span>
    </p>
   </div>
   <div class='ocr_carea' id='block_1_82' title="bbox 1927 4264 3589 4337">
    <p class='ocr_par' dir='ltr' id='par_1_82' title="bbox 1927 4264 3589 4337">
     <span class='ocr_line' id='line_1_84' title="bbox 1927 4264 3589 4337; baseline 0 -17"><span class='ocrx_word' id='word_1_525' title='bbox 1927 4264 2183 4320; x_wconf 90' lang='lat' dir='ltr'>Collectii</span> <span class='ocrx_word' id='word_1_526' title='bbox 2241 4264 2474 4320; x_wconf 90' lang='lat' dir='ltr'>nomini</span> <span class='ocrx_word' id='word_1_527' title='bbox 2531 4264 2644 4319; x_wconf 89' lang='lat' dir='ltr'>sibi</span> <span class='ocrx_word' id='word_1_528' title='bbox 2697 4264 2976 4337; x_wconf 89' lang='lat' dir='ltr'>imposito</span> <span class='ocrx_word' id='word_1_529' title='bbox 3033 4265 3426 4334; x_wconf 86' lang='lat' dir='ltr'>responderet</span> <span class='ocrx_word' id='word_1_530' title='bbox 3491 4266 3589 4334; x_wconf 90' lang='lat'>(9),</span> 
     </span>
    </p>
   </div>
   <div class='ocr_carea' id='block_1_83' title="bbox 1925 4352 3591 4424">
    <p class='ocr_par' dir='ltr' id='par_1_83' title="bbox 1925 4352 3591 4424">
     <span class='ocr_line' id='line_1_85' title="bbox 1925 4352 3591 4424; baseline 0 -18"><span class='ocrx_word' id='word_1_531' title='bbox 1925 4352 2331 4423; x_wconf 90' lang='lat' dir='ltr'>undecunque</span> <span class='ocrx_word' id='word_1_532' title='bbox 2363 4352 2598 4419; x_wconf 76' lang='lat' dir='ltr'>collegit</span> <span class='ocrx_word' id='word_1_533' title='bbox 2628 4354 2641 4416; x_wconf 64' lang='grc' dir='ltr'><strong>ξ</strong></span> <span class='ocrx_word' id='word_1_534' title='bbox 2698 4352 2984 4424; x_wconf 89' lang='lat' dir='ltr'>nulloque</span> <span class='ocrx_word' id='word_1_535' title='bbox 3017 4359 3175 4408; x_wconf 90' lang='lat' dir='ltr'>certo</span> <span class='ocrx_word' id='word_1_536' title='bbox 3205 4353 3412 4408; x_wconf 89' lang='lat' dir='ltr'>ordine</span> <span class='ocrx_word' id='word_1_537' title='bbox 3444 4352 3591 4406; x_wconf 86' lang='lat' dir='ltr'>duc-</span> 
     </span>
    </p>
   </div>
   <div class='ocr_carea' id='block_1_84' title="bbox 1924 4439 3588 4510">
    <p class='ocr_par' dir='ltr' id='par_1_84' title="bbox 1924 4439 3588 4510">
     <span class='ocr_line' id='line_1_86' title="bbox 1924 4439 3588 4510; baseline 0 -14"><span class='ocrx_word' id='word_1_538' title='bbox 1924 4445 2018 4496; x_wconf 90' lang='lat' dir='ltr'>tus</span> <span class='ocrx_word' id='word_1_539' title='bbox 2049 4442 2181 4510; x_wconf 92' lang='lat'>(10),</span> <span class='ocrx_word' id='word_1_540' title='bbox 2216 4440 2399 4495; x_wconf 91' lang='lat' dir='ltr'>modo</span> <span class='ocrx_word' id='word_1_541' title='bbox 2429 4442 2577 4503; x_wconf 83' lang='lat' dir='ltr'>haec,</span> <span class='ocrx_word' id='word_1_542' title='bbox 2623 4441 2807 4495; x_wconf 90' lang='lat' dir='ltr'>modo</span> <span class='ocrx_word' id='word_1_543' title='bbox 2860 4441 2958 4495; x_wconf 92' lang='lat' dir='ltr'>illa</span> <span class='ocrx_word' id='word_1_544' title='bbox 2989 4441 3048 4495; x_wconf 92' lang='lat' dir='ltr'>in</span> <span class='ocrx_word' id='word_1_545' title='bbox 3082 4441 3335 4496; x_wconf 91' lang='lat' dir='ltr'>schedas</span> <span class='ocrx_word' id='word_1_546' title='bbox 3373 4439 3588 4496; x_wconf 86' lang='lat' dir='ltr'>retulit.</span> 
     </span>
    </p>
   </div>
   <div class='ocr_carea' id='block_1_85' title="bbox 1925 4578 3590 4652">
    <p class='ocr_par' dir='ltr' id='par_1_85' title="bbox 1925 4578 3590 4652">
     <span class='ocr_line' id='line_1_87' title="bbox 1925 4578 3590 4652; baseline -0.001 -16"><span class='ocrx_word' id='word_1_547' title='bbox 1925 4581 2235 4652; x_wconf 89' lang='lat' dir='ltr'>nequibat,</span> <span class='ocrx_word' id='word_1_548' title='bbox 2270 4596 2407 4634; x_wconf 92' lang='lat' dir='ltr'>cum</span> <span class='ocrx_word' id='word_1_549' title='bbox 2440 4579 2498 4633; x_wconf 88' lang='lat' dir='ltr'>id</span> <span class='ocrx_word' id='word_1_550' title='bbox 2553 4578 2804 4652; x_wconf 79' lang='lat' dir='ltr'>Heinrici</span> <span class='ocrx_word' id='word_1_551' title='bbox 2837 4583 2879 4633; x_wconf 90' lang='lat' dir='ltr'>ll</span> <span class='ocrx_word' id='word_1_552' title='bbox 2935 4584 3222 4651; x_wconf 87' lang='lat' dir='ltr'>tempore,</span> <span class='ocrx_word' id='word_1_553' title='bbox 3275 4580 3310 4634; x_wconf 92' lang='lat' dir='ltr'>i.</span> <span class='ocrx_word' id='word_1_554' title='bbox 3353 4595 3403 4633; x_wconf 91' lang='lat' dir='ltr'>e.</span> <span class='ocrx_word' id='word_1_555' title='bbox 3454 4583 3590 4652; x_wconf 87' lang='lat' dir='ltr'>ante</span> 
     </span>
    </p>
   </div>
   <div class='ocr_carea' id='block_1_86' title="bbox 1926 4649 3515 4723">
    <p class='ocr_par' dir='ltr' id='par_1_86' title="bbox 1926 4649 3515 4723">
     <span class='ocr_line' id='line_1_88' title="bbox 1926 4649 3515 4723; baseline -0.003 -15"><span class='ocrx_word' id='word_1_556' title='bbox 1926 4670 1980 4708; x_wconf 90' lang='lat' dir='ltr'>a.</span> <span class='ocrx_word' id='word_1_557' title='bbox 2016 4649 2148 4707; x_wconf 39' lang='lat'>1—024</span> <span class='ocrx_word' id='word_1_558' title='bbox 2179 4655 2529 4723; x_wconf 86' lang='lat' dir='ltr'>susceptum</span> <span class='ocrx_word' id='word_1_559' title='bbox 2558 4666 2718 4704; x_wconf 92' lang='lat' dir='ltr'>anno</span> <span class='ocrx_word' id='word_1_560' title='bbox 2747 4649 2995 4723; x_wconf 88' lang='lat' dir='ltr'>demum</span> <span class='ocrx_word' id='word_1_561' title='bbox 3035 4649 3170 4723; x_wconf 80' lang='lat'>1030</span> <span class='ocrx_word' id='word_1_562' title='bbox 3186 4649 3515 4723; x_wconf 79' lang='lat' dir='ltr'>acceperit.</span> 
     </span>
    </p>
   </div>
   <div class='ocr_carea' id='block_1_87' title="bbox 1999 4721 3594 4792">
    <p class='ocr_par' dir='ltr' id='par_1_87' title="bbox 1999 4721 3594 4792">
     <span class='ocr_line' id='line_1_89' title="bbox 1999 4721 3594 4792; baseline -0.002 -15"><span class='ocrx_word' id='word_1_563' title='bbox 1999 4729 2072 4792; x_wconf 74' lang='lat'>(5)</span> <span class='ocrx_word' id='word_1_564' title='bbox 2103 4724 2174 4777; x_wconf 87' lang='lat' dir='ltr'>In</span> <span class='ocrx_word' id='word_1_565' title='bbox 2205 4721 2467 4778; x_wconf 64' lang='lat' dir='ltr'>adventu</span> <span class='ocrx_word' id='word_1_566' title='bbox 2500 4727 2690 4777; x_wconf 78' lang='lat' dir='ltr'>vestro</span> <span class='ocrx_word' id='word_1_567' title='bbox 2721 4752 2789 4760; x_wconf 86' lang='lat'><strong><em>—</em></strong></span> <span class='ocrx_word' id='word_1_568' title='bbox 2832 4721 2987 4776; x_wconf 79' lang='lat' dir='ltr'>venit</span> <span class='ocrx_word' id='word_1_569' title='bbox 3029 4721 3268 4777; x_wconf 82' lang='lat' dir='ltr'>libellus</span> <span class='ocrx_word' id='word_1_570' title='bbox 3302 4738 3314 4774; x_wconf 91' lang='lat'><strong>:</strong></span> <span class='ocrx_word' id='word_1_571' title='bbox 3348 4721 3425 4776; x_wconf 88' lang='lat' dir='ltr'>ad</span> <span class='ocrx_word' id='word_1_572' title='bbox 3450 4723 3594 4792; x_wconf 41' lang='lat' dir='ltr'>Bura</span> 
     </span>
    </p>
   </div>
   <div class='ocr_carea' id='block_1_88' title="bbox 1930 4791 3592 4859">
    <p class='ocr_par' dir='ltr' id='par_1_88' title="bbox 1930 4791 3592 4859">
     <span class='ocr_line' id='line_1_90' title="bbox 1930 4791 3592 4859; baseline -0.002 -10"><span class='ocrx_word' id='word_1_573' title='bbox 1930 4795 2225 4849; x_wconf 64' lang='lat' dir='ltr'>Chai-(lum</span> <span class='ocrx_word' id='word_1_574' title='bbox 2280 4793 2502 4848; x_wconf 89' lang='lat' dir='ltr'>scribit.</span> <span class='ocrx_word' id='word_1_575' title='bbox 2568 4793 2670 4847; x_wconf 88' lang='lat' dir='ltr'>Hic</span> <span class='ocrx_word' id='word_1_576' title='bbox 2703 4808 2841 4846; x_wconf 90' lang='lat' dir='ltr'>vero</span> <span class='ocrx_word' id='word_1_577' title='bbox 2897 4809 2950 4847; x_wconf 90' lang='lat' dir='ltr'>a.</span> <span class='ocrx_word' id='word_1_578' title='bbox 2990 4795 3145 4857; x_wconf 85' lang='lat'>1036,</span> <span class='ocrx_word' id='word_1_579' title='bbox 3178 4807 3251 4846; x_wconf 85' lang='lat' dir='ltr'>ex</span> <span class='ocrx_word' id='word_1_580' title='bbox 3309 4791 3592 4859; x_wconf 81' lang='lat' dir='ltr'>Augiensi</span> 
     </span>
    </p>
   </div>
   <div class='ocr_carea' id='block_1_89' title="bbox 1929 4862 3590 4928">
    <p class='ocr_par' dir='ltr' id='par_1_89' title="bbox 1929 4862 3590 4928">
     <span class='ocr_line' id='line_1_91' title="bbox 1929 4862 3590 4928; baseline -0.001 -8"><span class='ocrx_word' id='word_1_581' title='bbox 1929 4865 2294 4920; x_wconf 87' lang='lat' dir='ltr'>monasterio</span> <span class='ocrx_word' id='word_1_582' title='bbox 2354 4865 2430 4919; x_wconf 88' lang='lat' dir='ltr'>ad</span> <span class='ocrx_word' id='word_1_583' title='bbox 2497 4863 2994 4919; x_wconf 80' lang='lat' dir='ltr'>Batisbonensem</span> <span class='ocrx_word' id='word_1_584' title='bbox 3052 4862 3244 4918; x_wconf 88' lang='lat' dir='ltr'>abbas</span> <span class='ocrx_word' id='word_1_585' title='bbox 3303 4863 3590 4928; x_wconf 90' lang='lat' dir='ltr'>venit;v.</span> 
     </span>
    </p>
   </div>
   <div class='ocr_carea' id='block_1_90' title="bbox 1928 4933 3594 5005">
    <p class='ocr_par' dir='ltr' id='par_1_90' title="bbox 1928 4933 3594 5005">
     <span class='ocr_line' id='line_1_92' title="bbox 1928 4933 3594 5005; baseline -0.002 -13"><span class='ocrx_word' id='word_1_586' title='bbox 1928 4944 2078 4992; x_wconf 83' lang='lat' dir='ltr'>Ann.</span> <span class='ocrx_word' id='word_1_587' title='bbox 2112 4940 2166 4992; x_wconf 84' lang='lat' dir='ltr'>S.</span> <span class='ocrx_word' id='word_1_588' title='bbox 2199 4936 2623 4991; x_wconf 84' lang='lat' dir='ltr'>Emmerammi</span> <span class='ocrx_word' id='word_1_589' title='bbox 2657 4935 2800 4989; x_wconf 91' lang='lat' dir='ltr'>min.</span> <span class='ocrx_word' id='word_1_590' title='bbox 2836 4937 2985 4991; x_wconf 81' lang='lat' dir='ltr'>Mon.</span> <span class='ocrx_word' id='word_1_591' title='bbox 3024 4935 3119 4990; x_wconf 92' lang='lat' dir='ltr'>SS.</span> <span class='ocrx_word' id='word_1_592' title='bbox 3171 4937 3210 4994; x_wconf 91' lang='lat' dir='ltr'>l,</span> <span class='ocrx_word' id='word_1_593' title='bbox 3243 4949 3304 5005; x_wconf 95' lang='lat' dir='ltr'>p.</span> <span class='ocrx_word' id='word_1_594' title='bbox 3334 4937 3421 4999; x_wconf 77' lang='grc'>94,</span> <span class='ocrx_word' id='word_1_595' title='bbox 3458 4933 3594 4988; x_wconf 86' lang='lat' dir='ltr'>Her-</span> 
     </span>
    </p>
   </div>
   <div class='ocr_carea' id='block_1_91' title="bbox 1933 5010 2784 5074">
    <p class='ocr_par' dir='ltr' id='par_1_91' title="bbox 1933 5010 2784 5074">
     <span class='ocr_line' id='line_1_93' title="bbox 1933 5010 2784 5074; baseline -0.004 -11"><span class='ocrx_word' id='word_1_596' title='bbox 1933 5024 2139 5063; x_wconf 88' lang='lat' dir='ltr'>mann.</span> <span class='ocrx_word' id='word_1_597' title='bbox 2177 5013 2496 5074; x_wconf 74' lang='lat' dir='ltr'>Contract.,</span> <span class='ocrx_word' id='word_1_598' title='bbox 2540 5023 2594 5062; x_wconf 90' lang='lat' dir='ltr'>a.</span> <span class='ocrx_word' id='word_1_599' title='bbox 2631 5010 2784 5062; x_wconf 91' lang='grc'>1030.</span> 
     </span>
    </p>
   </div>
   <div class='ocr_carea' id='block_1_92' title="bbox 2004 5081 2301 5138">
    <p class='ocr_par' dir='ltr' id='par_1_92' title="bbox 2004 5081 2301 5138">
     <span class='ocr_line' id='line_1_94' title="bbox 2004 5081 2301 5138; baseline 0.007 -8"><span class='ocrx_word' id='word_1_600' title='bbox 2004 5081 2081 5138; x_wconf 73' lang='grc' dir='ltr'>(ίὶ)</span> <span class='ocrx_word' id='word_1_601' title='bbox 2118 5083 2179 5133; x_wconf 88' lang='grc' dir='ltr'>ΙΙ.</span> 
     </span>
    </p>
   </div>
   <div class='ocr_carea' id='block_1_93' title="bbox 2001 5089 3592 5219">
    <p class='ocr_par' dir='ltr' id='par_1_93' title="bbox 2001 5089 3592 5219">
     <span class='ocr_line' id='line_1_95' title="bbox 2046 5089 2280 5116; baseline -0.004 1"><span class='ocrx_word' id='word_1_602' title='bbox 2046 5089 2055 5099; x_wconf 94' lang='lat'><strong><em>-</em></strong></span> <span class='ocrx_word' id='word_1_603' title='bbox 2217 5089 2280 5116; x_wconf 64' lang='grc' dir='ltr'>νη</span> 
     </span>
     <span class='ocr_line' id='line_1_96' title="bbox 2001 5089 3592 5219; baseline -0.003 -15"><span class='ocrx_word' id='word_1_604' title='bbox 2204 5101 2452 5203; x_wconf 49' lang='lat' dir='ltr'>secundi</span> <span class='ocrx_word' id='word_1_605' title='bbox 2494 5149 2628 5203; x_wconf 88' lang='lat' dir='ltr'>libri</span> <span class='ocrx_word' id='word_1_606' title='bbox 2656 5163 2710 5202; x_wconf 90' lang='lat' dir='ltr'>a.</span> <span class='ocrx_word' id='word_1_607' title='bbox 2745 5150 2878 5202; x_wconf 88' lang='lat'>1036</span> <span class='ocrx_word' id='word_1_608' title='bbox 2912 5152 2968 5202; x_wconf 91' lang='lat' dir='ltr'>et</span> <span class='ocrx_word' id='word_1_609' title='bbox 3002 5149 3153 5202; x_wconf 83' lang='lat'>1037.</span> <span class='ocrx_word' id='word_1_610' title='bbox 3200 5145 3419 5219; x_wconf 85' lang='lat' dir='ltr'>scripti</span> <span class='ocrx_word' id='word_1_611' title='bbox 3445 5162 3592 5218; x_wconf 65' lang='lat' dir='ltr'>prte-</span> 
     </span>
    </p>
   </div>
   <div class='ocr_carea' id='block_1_94' title="bbox 1929 5218 3594 5289">
    <p class='ocr_par' dir='ltr' id='par_1_94' title="bbox 1929 5218 3594 5289">
     <span class='ocr_line' id='line_1_97' title="bbox 1929 5218 3594 5289; baseline -0.002 -13"><span class='ocrx_word' id='word_1_612' title='bbox 1929 5218 2148 5276; x_wconf 81' lang='lat' dir='ltr'>fatiOne</span> <span class='ocrx_word' id='word_1_613' title='bbox 2180 5220 2359 5274; x_wconf 80' lang='lat' dir='ltr'>dicit:</span> <span class='ocrx_word' id='word_1_614' title='bbox 2393 5235 2560 5289; x_wconf 85' lang='lat' dir='ltr'>quem</span> <span class='ocrx_word' id='word_1_615' title='bbox 2618 5220 2922 5288; x_wconf 67' lang='lat' dir='ltr'>praeterito</span> <span class='ocrx_word' id='word_1_616' title='bbox 2961 5233 3121 5274; x_wconf 86' lang='lat' dir='ltr'>anno</span> <span class='ocrx_word' id='word_1_617' title='bbox 3171 5218 3243 5273; x_wconf 90' lang='lat' dir='ltr'>de</span> <span class='ocrx_word' id='word_1_618' title='bbox 3280 5219 3594 5273; x_wconf 75' lang='lat' dir='ltr'>miraculis</span> 
     </span>
    </p>
   </div>
   <div class='ocr_carea' id='block_1_95' title="bbox 1933 5291 2722 5360">
    <p class='ocr_par' dir='ltr' id='par_1_95' title="bbox 1933 5291 2722 5360">
     <span class='ocr_line' id='line_1_98' title="bbox 1933 5291 2722 5360; baseline -0.006 -12"><span class='ocrx_word' id='word_1_619' title='bbox 1933 5293 2402 5360; x_wconf 72' lang='lat' dir='ltr'>conscripserant</span> <span class='ocrx_word' id='word_1_620' title='bbox 2436 5291 2722 5345; x_wconf 62' lang='lat' dir='ltr'>libellum.</span> 
     </span>
    </p>
   </div>
   <div class='ocr_carea' id='block_1_96' title="bbox 2013 5361 2867 5434">
    <p class='ocr_par' dir='ltr' id='par_1_96' title="bbox 2013 5361 2867 5434">
     <span class='ocr_line' id='line_1_99' title="bbox 2013 5361 2867 5434; baseline -0.005 -17"><span class='ocrx_word' id='word_1_621' title='bbox 2013 5366 2081 5432; x_wconf 93' lang='lat'>(8)</span> <span class='ocrx_word' id='word_1_622' title='bbox 2117 5363 2290 5434; x_wconf 81' lang='lat' dir='ltr'>Epist.</span> <span class='ocrx_word' id='word_1_623' title='bbox 2327 5361 2404 5416; x_wconf 89' lang='lat' dir='ltr'>ad</span> <span class='ocrx_word' id='word_1_624' title='bbox 2435 5361 2867 5415; x_wconf 87' lang='lat' dir='ltr'>Burchardum.</span> 
     </span>
    </p>
   </div>
   <div class='ocr_carea' id='block_1_97' title="bbox 2005 5432 3595 5503">
    <p class='ocr_par' dir='ltr' id='par_1_97' title="bbox 2005 5432 3595 5503">
     <span class='ocr_line' id='line_1_100' title="bbox 2005 5432 3595 5503; baseline -0.001 -15"><span class='ocrx_word' id='word_1_625' title='bbox 2005 5437 2078 5503; x_wconf 79' lang='lat'>(9)</span> <span class='ocrx_word' id='word_1_626' title='bbox 2106 5432 2256 5490; x_wconf 52' lang='lat'>(1:35</span> <span class='ocrx_word' id='word_1_627' title='bbox 2283 5450 2294 5486; x_wconf 93' lang='lat'><strong>:</strong></span> <span class='ocrx_word' id='word_1_628' title='bbox 2327 5448 2490 5487; x_wconf 82' lang='lat' dir='ltr'>nunc</span> <span class='ocrx_word' id='word_1_629' title='bbox 2521 5438 2704 5488; x_wconf 81' lang='lat' dir='ltr'>restat</span> <span class='ocrx_word' id='word_1_630' title='bbox 2733 5437 2796 5485; x_wconf 85' lang='lat' dir='ltr'>ut</span> <span class='ocrx_word' id='word_1_631' title='bbox 2826 5432 3150 5486; x_wconf 82' lang='lat' dir='ltr'>secundum</span> <span class='ocrx_word' id='word_1_632' title='bbox 3183 5447 3395 5487; x_wconf 86' lang='lat' dir='ltr'>nomen</span> <span class='ocrx_word' id='word_1_633' title='bbox 3428 5437 3595 5487; x_wconf 83' lang='lat' dir='ltr'>tuum</span> 
     </span>
    </p>
   </div>
   <div class='ocr_carea' id='block_1_98' title="bbox 1931 5503 3599 5574">
    <p class='ocr_par' dir='ltr' id='par_1_98' title="bbox 1931 5503 3599 5574">
     <span class='ocr_line' id='line_1_101' title="bbox 1931 5503 3599 5574; baseline -0.002 -12"><span class='ocrx_word' id='word_1_634' title='bbox 1931 5523 1962 5562; x_wconf 89' lang='grc' dir='ltr'>ο</span> <span class='ocrx_word' id='word_1_635' title='bbox 1997 5505 2313 5568; x_wconf 83' lang='lat' dir='ltr'>Collectitz&#39;,</span> <span class='ocrx_word' id='word_1_636' title='bbox 2347 5518 2479 5573; x_wconf 74' lang='lat' dir='ltr'>qua:</span> <span class='ocrx_word' id='word_1_637' title='bbox 2506 5503 2783 5574; x_wconf 83' lang='lat' dir='ltr'>posthinc</span> <span class='ocrx_word' id='word_1_638' title='bbox 2809 5503 3150 5572; x_wconf 79' lang='lat' dir='ltr'>colligenda</span> <span class='ocrx_word' id='word_1_639' title='bbox 3189 5505 3310 5558; x_wconf 77' lang='lat' dir='ltr'>sint</span> <span class='ocrx_word' id='word_1_640' title='bbox 3346 5503 3599 5574; x_wconf 80' lang='lat' dir='ltr'>diligen-</span> 
     </span>
    </p>
   </div>
   <div class='ocr_carea' id='block_1_99' title="bbox 1932 5573 2862 5632">
    <p class='ocr_par' dir='ltr' id='par_1_99' title="bbox 1932 5573 2862 5632">
     <span class='ocr_line' id='line_1_102' title="bbox 1932 5573 2862 5632; baseline -0.003 -2"><span class='ocrx_word' id='word_1_641' title='bbox 1932 5583 2022 5632; x_wconf 84' lang='lat' dir='ltr'>ter</span> <span class='ocrx_word' id='word_1_642' title='bbox 2041 5575 2500 5631; x_wconf 78' lang='lat' dir='ltr'>subscmbantur</span> <span class='ocrx_word' id='word_1_643' title='bbox 2528 5589 2551 5630; x_wconf 90' lang='grc'><em>,·</em></span> <span class='ocrx_word' id='word_1_644' title='bbox 2581 5573 2654 5628; x_wconf 86' lang='lat' dir='ltr'>cf.</span> <span class='ocrx_word' id='word_1_645' title='bbox 2693 5590 2742 5628; x_wconf 92' lang='lat' dir='ltr'>c.</span> <span class='ocrx_word' id='word_1_646' title='bbox 2775 5577 2862 5628; x_wconf 88' lang='lat'>69.</span> 
     </span>
    </p>
   </div>
   <div class='ocr_carea' id='block_1_100' title="bbox 1992 5644 3598 5718">
    <p class='ocr_par' dir='ltr' id='par_1_100' title="bbox 1992 5644 3598 5718">
     <span class='ocr_line' id='line_1_103' title="bbox 1992 5644 3598 5718; baseline -0.001 -17"><span class='ocrx_word' id='word_1_647' title='bbox 1992 5647 2112 5712; x_wconf 80' lang='grc'>’(10)</span> <span class='ocrx_word' id='word_1_648' title='bbox 2146 5647 2207 5700; x_wconf 88' lang='lat' dir='ltr'>C.</span> <span class='ocrx_word' id='word_1_649' title='bbox 2243 5650 2310 5700; x_wconf 82' lang='grc'>50</span> <span class='ocrx_word' id='word_1_650' title='bbox 2345 5662 2356 5698; x_wconf 89' lang='lat'><strong>:</strong></span> <span class='ocrx_word' id='word_1_651' title='bbox 2392 5645 2768 5713; x_wconf 78' lang='lat' dir='ltr'>opusculum.</span> <span class='ocrx_word' id='word_1_652' title='bbox 2816 5689 2827 5699; x_wconf 93' lang='lat'>.</span> <span class='ocrx_word' id='word_1_653' title='bbox 2871 5661 3242 5718; x_wconf 79' lang='lat' dir='ltr'>quorumque</span> <span class='ocrx_word' id='word_1_654' title='bbox 3270 5661 3379 5716; x_wconf 81' lang='lat' dir='ltr'>per</span> <span class='ocrx_word' id='word_1_655' title='bbox 3409 5644 3598 5701; x_wconf 80' lang='lat' dir='ltr'>varie-</span> 
     </span>
    </p>
   </div>
   <div class='ocr_carea' id='block_1_101' title="bbox 1932 5717 3129 5787">
    <p class='ocr_par' dir='ltr' id='par_1_101' title="bbox 1932 5717 3129 5787">
     <span class='ocr_line' id='line_1_104' title="bbox 1932 5717 3129 5787; baseline -0.002 -13"><span class='ocrx_word' id='word_1_656' title='bbox 1932 5725 2115 5775; x_wconf 77' lang='lat' dir='ltr'>tatem</span> <span class='ocrx_word' id='word_1_657' title='bbox 2147 5717 2578 5775; x_wconf 72' lang='lat' dir='ltr'>sententiarum</span> <span class='ocrx_word' id='word_1_658' title='bbox 2616 5724 2896 5787; x_wconf 66' lang='lat' dir='ltr'>vagatum</span> <span class='ocrx_word' id='word_1_659' title='bbox 2917 5717 3129 5784; x_wconf 77' lang='lat' dir='ltr'>fuerit.</span> 
     </span>
    </p>
   </div>
  </div>
