  <div class='ocr_page' id='page_1' title='image "/cluster/home/n/w/nwhite01/storage/ocr_20150623/140-141/uc1.31175018559917/107.png"; bbox 0 0 3980 6418; ppageno 0'>
   <div class='ocr_carea' id='block_1_1' title="bbox 361 329 461 381">
    <p class='ocr_par' dir='ltr' id='par_1_1' title="bbox 361 329 461 381">
     <span class='ocr_line' id='line_1_1' title="bbox 361 329 461 381; baseline 0.01 -1"><span class='ocrx_word' id='word_1_1' title='bbox 361 329 461 381; x_wconf 80' lang='grc'><strong>199</strong></span> 
     </span>
    </p>
   </div>
   <div class='ocr_carea' id='block_1_2' title="bbox 1352 315 2875 382">
    <p class='ocr_par' dir='ltr' id='par_1_2' title="bbox 1352 315 2875 382">
     <span class='ocr_line' id='line_1_2' title="bbox 1352 315 2875 382; baseline -0.003 -8"><span class='ocrx_word' id='word_1_2' title='bbox 1352 320 1513 376; x_wconf 75' lang='grc' dir='ltr'><strong>νιτΑ</strong></span> <span class='ocrx_word' id='word_1_3' title='bbox 1551 320 1608 375; x_wconf 83' lang='grc'><strong>8.</strong></span> <span class='ocrx_word' id='word_1_4' title='bbox 1647 315 2107 382; x_wconf 83' lang='lat' dir='ltr'><strong>CUNEGUNDIS,</strong></span> <span class='ocrx_word' id='word_1_5' title='bbox 2161 315 2274 372; x_wconf 85' lang='lat' dir='ltr'><strong>UB1</strong></span> <span class='ocrx_word' id='word_1_6' title='bbox 2315 317 2404 372; x_wconf 87' lang='lat' dir='ltr'><strong>DE</strong></span> <span class='ocrx_word' id='word_1_7' title='bbox 2443 317 2500 372; x_wconf 89' lang='lat' dir='ltr'><strong>S.</strong></span> <span class='ocrx_word' id='word_1_8' title='bbox 2543 316 2875 373; x_wconf 83' lang='lat' dir='ltr'><strong>HENBICO.</strong></span> 
     </span>
    </p>
   </div>
   <div class='ocr_carea' id='block_1_3' title="bbox 3769 317 3874 370">
    <p class='ocr_par' dir='ltr' id='par_1_3' title="bbox 3769 317 3874 370">
     <span class='ocr_line' id='line_1_3' title="bbox 3769 317 3874 370; baseline 0.019 -2"><span class='ocrx_word' id='word_1_9' title='bbox 3769 317 3874 370; x_wconf 82' lang='lat'><strong>200</strong></span> 
     </span>
    </p>
   </div>
   <div class='ocr_carea' id='block_1_4' title="bbox 356 436 3878 510">
    <p class='ocr_par' dir='ltr' id='par_1_4' title="bbox 356 436 3878 510">
     <span class='ocr_line' id='line_1_4' title="bbox 356 436 3878 510; baseline -0.005 -4"><span class='ocrx_word' id='word_1_10' title='bbox 356 454 655 507; x_wconf 83' lang='lat' dir='ltr'><strong>memorat.</strong></span> <span class='ocrx_word' id='word_1_11' title='bbox 705 448 1017 503; x_wconf 79' lang='lat' dir='ltr'><strong>Servantur</strong></span> <span class='ocrx_word' id='word_1_12' title='bbox 1072 444 1245 500; x_wconf 91' lang='lat' dir='ltr'><strong>etiam</strong></span> <span class='ocrx_word' id='word_1_13' title='bbox 1293 459 1449 498; x_wconf 92' lang='lat' dir='ltr'><strong>nunc</strong></span> <span class='ocrx_word' id='word_1_14' title='bbox 1517 442 1577 497; x_wconf 93' lang='lat' dir='ltr'><strong>iu</strong></span> <span class='ocrx_word' id='word_1_15' title='bbox 1643 441 1805 496; x_wconf 82' lang='lat' dir='ltr'><strong>istius</strong></span> <span class='ocrx_word' id='word_1_16' title='bbox 1853 456 2050 494; x_wconf 85' lang='lat' dir='ltr'><strong>mona-</strong></span> <span class='ocrx_word' id='word_1_17' title='bbox 2091 443 2136 495; x_wconf 85' lang='lat' dir='ltr'><strong>A</strong></span> <span class='ocrx_word' id='word_1_18' title='bbox 2169 439 2398 494; x_wconf 91' lang='lat' dir='ltr'><strong>collatas</strong></span> <span class='ocrx_word' id='word_1_19' title='bbox 2449 444 2746 505; x_wconf 75' lang='lat' dir='ltr'><strong>assereret,</strong></span> <span class='ocrx_word' id='word_1_20' title='bbox 2788 443 2844 493; x_wconf 92' lang='lat' dir='ltr'><strong>et</strong></span> <span class='ocrx_word' id='word_1_21' title='bbox 2875 437 3170 510; x_wconf 86' lang='lat' dir='ltr'><strong>ﬂagellum</strong></span> <span class='ocrx_word' id='word_1_22' title='bbox 3200 436 3583 508; x_wconf 78' lang='lat' dir='ltr'><strong>corruptionis</strong></span> <span class='ocrx_word' id='word_1_23' title='bbox 3619 436 3878 491; x_wconf 88' lang='lat' dir='ltr'><strong>certissi-</strong></span> 
     </span>
    </p>
   </div>
   <div class='ocr_carea' id='block_1_5' title="bbox 357 528 2058 604">
    <p class='ocr_par' dir='ltr' id='par_1_5' title="bbox 357 528 2058 604">
     <span class='ocr_line' id='line_1_5' title="bbox 357 528 2058 604; baseline -0.007 -12"><span class='ocrx_word' id='word_1_24' title='bbox 357 537 519 593; x_wconf 89' lang='lat' dir='ltr'><strong>sterii</strong></span> <span class='ocrx_word' id='word_1_25' title='bbox 561 537 832 590; x_wconf 81' lang='lat' dir='ltr'><strong>thesauro</strong></span> <span class='ocrx_word' id='word_1_26' title='bbox 875 534 1125 604; x_wconf 88' lang='lat' dir='ltr'><strong>pretiosa</strong></span> <span class='ocrx_word' id='word_1_27' title='bbox 1160 532 1406 596; x_wconf 90' lang='lat' dir='ltr'><strong>cimelia,</strong></span> <span class='ocrx_word' id='word_1_28' title='bbox 1465 546 1594 601; x_wconf 68' lang='lat' dir='ltr'><strong>quae</strong></span> <span class='ocrx_word' id='word_1_29' title='bbox 1652 529 1762 599; x_wconf 87' lang='lat' dir='ltr'><strong>ipsi</strong></span> <span class='ocrx_word' id='word_1_30' title='bbox 1811 545 1846 582; x_wconf 92' lang='lat' dir='ltr'><strong>a</strong></span> <span class='ocrx_word' id='word_1_31' title='bbox 1875 528 2058 581; x_wconf 88' lang='lat' dir='ltr'><strong>Cune-</strong></span> 
     </span>
    </p>
   </div>
   <div class='ocr_carea' id='block_1_6' title="bbox 355 615 2057 698">
    <p class='ocr_par' dir='ltr' id='par_1_6' title="bbox 355 615 2057 698">
     <span class='ocr_line' id='line_1_6' title="bbox 355 615 2057 698; baseline -0.008 -17"><span class='ocrx_word' id='word_1_32' title='bbox 355 627 552 698; x_wconf 85' lang='lat' dir='ltr'><strong>gunde</strong></span> <span class='ocrx_word' id='word_1_33' title='bbox 582 625 785 678; x_wconf 89' lang='lat' dir='ltr'><strong>collata</strong></span> <span class='ocrx_word' id='word_1_34' title='bbox 804 627 959 688; x_wconf 91' lang='lat' dir='ltr'><strong>sunt,</strong></span> <span class='ocrx_word' id='word_1_35' title='bbox 1011 621 1162 675; x_wconf 90' lang='lat' dir='ltr'><strong>inter</strong></span> <span class='ocrx_word' id='word_1_36' title='bbox 1192 635 1321 691; x_wconf 68' lang='lat' dir='ltr'><strong>quae</strong></span> <span class='ocrx_word' id='word_1_37' title='bbox 1357 635 1389 672; x_wconf 90' lang='lat' dir='ltr'><strong>a</strong></span> <span class='ocrx_word' id='word_1_38' title='bbox 1421 615 1806 672; x_wconf 88' lang='lat' dir='ltr'><strong>Bollandianis</strong></span> <span class='ocrx_word' id='word_1_39' title='bbox 1863 631 2057 668; x_wconf 90' lang='lat' dir='ltr'><strong>recen-</strong></span> 
     </span>
    </p>
   </div>
   <div class='ocr_carea' id='block_1_7' title="bbox 355 705 2058 781">
    <p class='ocr_par' dir='ltr' id='par_1_7' title="bbox 355 705 2058 781">
     <span class='ocr_line' id='line_1_7' title="bbox 355 705 2058 781; baseline -0.006 -13"><span class='ocrx_word' id='word_1_40' title='bbox 355 719 554 768; x_wconf 90' lang='lat' dir='ltr'><strong>sentur</strong></span> <span class='ocrx_word' id='word_1_41' title='bbox 615 713 673 766; x_wconf 91' lang='lat' dir='ltr'><strong>in</strong></span> <span class='ocrx_word' id='word_1_42' title='bbox 703 710 1130 781; x_wconf 90' lang='lat' dir='ltr'><strong>prolegomenis</strong></span> <span class='ocrx_word' id='word_1_43' title='bbox 1161 709 1228 762; x_wconf 91' lang='lat' dir='ltr'><strong>ad</strong></span> <span class='ocrx_word' id='word_1_44' title='bbox 1277 707 1456 777; x_wconf 86' lang='lat' dir='ltr'><strong>ipsius</strong></span> <span class='ocrx_word' id='word_1_45' title='bbox 1510 706 1716 773; x_wconf 79' lang='lat' dir='ltr'><strong>Vitam,</strong></span> <span class='ocrx_word' id='word_1_46' title='bbox 1747 719 1908 758; x_wconf 89' lang='lat' dir='ltr'><strong>num.</strong></span> <span class='ocrx_word' id='word_1_47' title='bbox 1942 705 2009 757; x_wconf 77' lang='lat'><strong>25</strong></span> <span class='ocrx_word' id='word_1_48' title='bbox 2044 720 2058 757; x_wconf 92' lang='lat'>:</span> 
     </span>
    </p>
   </div>
   <div class='ocr_carea' id='block_1_8' title="bbox 358 792 2052 868">
    <p class='ocr_par' dir='ltr' id='par_1_8' title="bbox 358 792 2052 868">
     <span class='ocr_line' id='line_1_8' title="bbox 358 792 2052 868; baseline -0.007 -12"><span class='ocrx_word' id='word_1_49' title='bbox 358 803 504 857; x_wconf 84' lang='lat' dir='ltr'><strong>Crux</strong></span> <span class='ocrx_word' id='word_1_50' title='bbox 553 816 728 854; x_wconf 86' lang='lat' dir='ltr'><strong>aurea</strong></span> <span class='ocrx_word' id='word_1_51' title='bbox 777 799 969 868; x_wconf 90' lang='lat' dir='ltr'><strong>operis</strong></span> <span class='ocrx_word' id='word_1_52' title='bbox 1002 797 1178 851; x_wconf 68' lang='lat' dir='ltr'><strong>Grieci</strong></span> <span class='ocrx_word' id='word_1_53' title='bbox 1250 792 1656 864; x_wconf 87' lang='lat' dir='ltr'><strong>antiquissimi,</strong></span> <span class='ocrx_word' id='word_1_54' title='bbox 1712 792 1798 846; x_wconf 87' lang='lat' dir='ltr'><strong>uti</strong></span> <span class='ocrx_word' id='word_1_55' title='bbox 1857 808 1924 846; x_wconf 87' lang='lat' dir='ltr'><strong>ex</strong></span> <span class='ocrx_word' id='word_1_56' title='bbox 1977 793 2052 845; x_wconf 87' lang='lat' dir='ltr'><strong>in-</strong></span> 
     </span>
    </p>
   </div>
   <div class='ocr_carea' id='block_1_9' title="bbox 356 877 2060 960">
    <p class='ocr_par' dir='ltr' id='par_1_9' title="bbox 356 877 2060 960">
     <span class='ocr_line' id='line_1_9' title="bbox 356 877 2060 960; baseline -0.006 -16"><span class='ocrx_word' id='word_1_57' title='bbox 356 888 762 960; x_wconf 86' lang='lat' dir='ltr'><strong>scriptionibus</strong></span> <span class='ocrx_word' id='word_1_58' title='bbox 820 877 876 940; x_wconf 84' lang='lat' dir='ltr'><strong>et</strong></span> <span class='ocrx_word' id='word_1_59' title='bbox 929 885 1131 955; x_wconf 90' lang='lat' dir='ltr'><strong>ﬁguris</strong></span> <span class='ocrx_word' id='word_1_60' title='bbox 1184 884 1452 953; x_wconf 80' lang='lat' dir='ltr'><strong>colligere</strong></span> <span class='ocrx_word' id='word_1_61' title='bbox 1511 882 1641 935; x_wconf 93' lang='lat' dir='ltr'><strong>licet</strong></span> <span class='ocrx_word' id='word_1_62' title='bbox 1691 897 1706 947; x_wconf 92' lang='lat'><strong>;</strong></span> <span class='ocrx_word' id='word_1_63' title='bbox 1764 880 2060 951; x_wconf 81' lang='lat' dir='ltr'><strong>cingulum</strong></span> 
     </span>
    </p>
   </div>
   <div class='ocr_carea' id='block_1_10' title="bbox 356 967 2063 1048">
    <p class='ocr_par' dir='ltr' id='par_1_10' title="bbox 356 967 2063 1048">
     <span class='ocr_line' id='line_1_10' title="bbox 356 967 2063 1048; baseline -0.006 -17"><span class='ocrx_word' id='word_1_64' title='bbox 356 977 538 1048; x_wconf 88' lang='lat' dir='ltr'><strong>ipsius</strong></span> <span class='ocrx_word' id='word_1_65' title='bbox 602 975 784 1030; x_wconf 71' lang='lat' dir='ltr'><strong>beata:</strong></span> <span class='ocrx_word' id='word_1_66' title='bbox 861 972 1254 1042; x_wconf 90' lang='lat' dir='ltr'><strong>Cunegundis,</strong></span> <span class='ocrx_word' id='word_1_67' title='bbox 1320 985 1449 1023; x_wconf 89' lang='lat' dir='ltr'><strong>cum</strong></span> <span class='ocrx_word' id='word_1_68' title='bbox 1517 969 1774 1039; x_wconf 87' lang='lat' dir='ltr'><strong>ejusdem</strong></span> <span class='ocrx_word' id='word_1_69' title='bbox 1835 967 2063 1022; x_wconf 89' lang='lat' dir='ltr'><strong>coronis</strong></span> 
     </span>
    </p>
   </div>
   <div class='ocr_carea' id='block_1_11' title="bbox 357 1056 2060 1132">
    <p class='ocr_par' dir='ltr' id='par_1_11' title="bbox 357 1056 2060 1132">
     <span class='ocr_line' id='line_1_11' title="bbox 357 1056 2060 1132; baseline -0.005 -16"><span class='ocrx_word' id='word_1_70' title='bbox 357 1063 579 1118; x_wconf 86' lang='lat' dir='ltr'><strong>duabus</strong></span> <span class='ocrx_word' id='word_1_71' title='bbox 617 1079 682 1116; x_wconf 90' lang='lat' dir='ltr'><strong>ex</strong></span> <span class='ocrx_word' id='word_1_72' title='bbox 716 1060 976 1132; x_wconf 89' lang='lat' dir='ltr'><strong>gemmis.</strong></span> <span class='ocrx_word' id='word_1_73' title='bbox 1011 1058 1290 1113; x_wconf 75' lang='lat' dir='ltr'><strong>Floruisse</strong></span> <span class='ocrx_word' id='word_1_74' title='bbox 1322 1057 1494 1110; x_wconf 88' lang='lat' dir='ltr'><strong>etiam</strong></span> <span class='ocrx_word' id='word_1_75' title='bbox 1524 1073 1593 1109; x_wconf 87' lang='lat' dir='ltr'><strong>eo</strong></span> <span class='ocrx_word' id='word_1_76' title='bbox 1638 1056 1869 1110; x_wconf 58' lang='lat' dir='ltr'><strong>intloco</strong></span> <span class='ocrx_word' id='word_1_77' title='bbox 1903 1072 2060 1109; x_wconf 87' lang='lat' dir='ltr'><strong>com-</strong></span> 
     </span>
    </p>
   </div>
   <div class='ocr_carea' id='block_1_12' title="bbox 356 1143 2061 1220">
    <p class='ocr_par' dir='ltr' id='par_1_12' title="bbox 356 1143 2061 1220">
     <span class='ocr_line' id='line_1_12' title="bbox 356 1143 2061 1220; baseline -0.005 -16"><span class='ocrx_word' id='word_1_78' title='bbox 356 1151 553 1220; x_wconf 89' lang='lat' dir='ltr'><strong>plures</strong></span> <span class='ocrx_word' id='word_1_79' title='bbox 613 1148 873 1203; x_wconf 86' lang='lat' dir='ltr'><strong>doctrina</strong></span> <span class='ocrx_word' id='word_1_80' title='bbox 930 1151 987 1200; x_wconf 90' lang='lat' dir='ltr'><strong>et</strong></span> <span class='ocrx_word' id='word_1_81' title='bbox 1041 1145 1338 1198; x_wconf 83' lang='lat' dir='ltr'><strong>sanctitate</strong></span> <span class='ocrx_word' id='word_1_82' title='bbox 1392 1143 1542 1196; x_wconf 89' lang='lat' dir='ltr'><strong>viros</strong></span> <span class='ocrx_word' id='word_1_83' title='bbox 1596 1143 1846 1197; x_wconf 88' lang='lat' dir='ltr'><strong>illustres</strong></span> <span class='ocrx_word' id='word_1_84' title='bbox 1908 1143 2061 1197; x_wconf 91' lang='lat' dir='ltr'><strong>idem</strong></span> 
     </span>
    </p>
   </div>
   <div class='ocr_carea' id='block_1_13' title="bbox 359 1231 2058 1303">
    <p class='ocr_par' dir='ltr' id='par_1_13' title="bbox 359 1231 2058 1303">
     <span class='ocr_line' id='line_1_13' title="bbox 359 1231 2058 1303; baseline -0.004 -12"><span class='ocrx_word' id='word_1_85' title='bbox 359 1242 556 1291; x_wconf 86' lang='lat' dir='ltr'><strong>auctor</strong></span> <span class='ocrx_word' id='word_1_86' title='bbox 584 1235 864 1289; x_wconf 84' lang='lat' dir='ltr'><strong>observat.</strong></span> <span class='ocrx_word' id='word_1_87' title='bbox 909 1252 936 1284; x_wconf 81' lang='grc' dir='ltr'><strong><em>α</em></strong></span> <span class='ocrx_word' id='word_1_88' title='bbox 996 1233 1178 1299; x_wconf 82' lang='lat' dir='ltr'><strong>Multi,</strong></span> <span class='ocrx_word' id='word_1_89' title='bbox 1216 1231 1426 1303; x_wconf 89' lang='lat' dir='ltr'><strong>inquit,</strong></span> <span class='ocrx_word' id='word_1_90' title='bbox 1479 1232 1549 1286; x_wconf 91' lang='lat' dir='ltr'><strong>ad</strong></span> <span class='ocrx_word' id='word_1_91' title='bbox 1614 1247 1832 1286; x_wconf 91' lang='lat' dir='ltr'><strong>annum</strong></span> <span class='ocrx_word' id='word_1_92' title='bbox 1903 1233 2058 1294; x_wconf 73' lang='grc'><strong>1007,</strong></span> 
     </span>
    </p>
   </div>
   <div class='ocr_carea' id='block_1_14' title="bbox 358 1320 2063 1392">
    <p class='ocr_par' dir='ltr' id='par_1_14' title="bbox 358 1320 2063 1392">
     <span class='ocr_line' id='line_1_14' title="bbox 358 1320 2063 1392; baseline -0.004 -14"><span class='ocrx_word' id='word_1_93' title='bbox 358 1339 616 1378; x_wconf 88' lang='lat' dir='ltr'><strong>successu</strong></span> <span class='ocrx_word' id='word_1_94' title='bbox 693 1322 969 1392; x_wconf 87' lang='lat' dir='ltr'><strong>temporis</strong></span> <span class='ocrx_word' id='word_1_95' title='bbox 1020 1320 1320 1392; x_wconf 86' lang='lat' dir='ltr'><strong>clarissimi</strong></span> <span class='ocrx_word' id='word_1_96' title='bbox 1379 1320 1508 1384; x_wconf 88' lang='lat' dir='ltr'><strong>viri,</strong></span> <span class='ocrx_word' id='word_1_97' title='bbox 1569 1320 1675 1374; x_wconf 88' lang='lat' dir='ltr'><strong>sub</strong></span> <span class='ocrx_word' id='word_1_98' title='bbox 1747 1320 2063 1374; x_wconf 89' lang='lat' dir='ltr'><strong>monastico</strong></span> 
     </span>
    </p>
   </div>
   <div class='ocr_carea' id='block_1_15' title="bbox 358 1391 2062 1473">
    <p class='ocr_par' dir='ltr' id='par_1_15' title="bbox 358 1391 2062 1473">
     <span class='ocr_line' id='line_1_15' title="bbox 358 1391 2062 1473; baseline -0.003 -7"><span class='ocrx_word' id='word_1_99' title='bbox 358 1412 644 1466; x_wconf 87' lang='lat' dir='ltr'><strong>schemate</strong></span> <span class='ocrx_word' id='word_1_100' title='bbox 677 1409 735 1463; x_wconf 89' lang='lat' dir='ltr'><strong>in</strong></span> <span class='ocrx_word' id='word_1_101' title='bbox 770 1410 967 1464; x_wconf 91' lang='lat' dir='ltr'><strong>eodem</strong></span> <span class='ocrx_word' id='word_1_102' title='bbox 1027 1391 1284 1462; x_wconf 76' lang='lat' dir='ltr'><strong>cmnobio</strong></span> <span class='ocrx_word' id='word_1_103' title='bbox 1341 1407 1682 1473; x_wconf 84' lang='lat' dir='ltr'><strong>ﬂoruerunt,</strong></span> <span class='ocrx_word' id='word_1_104' title='bbox 1741 1408 2062 1462; x_wconf 89' lang='lat' dir='ltr'><strong>eruditione</strong></span> 
     </span>
    </p>
   </div>
   <div class='ocr_carea' id='block_1_16' title="bbox 359 1497 2061 1554">
    <p class='ocr_par' dir='ltr' id='par_1_16' title="bbox 359 1497 2061 1554">
     <span class='ocr_line' id='line_1_16' title="bbox 359 1497 2061 1554; baseline -0.004 0"><span class='ocrx_word' id='word_1_105' title='bbox 359 1505 416 1554; x_wconf 89' lang='lat' dir='ltr'><strong>et</strong></span> <span class='ocrx_word' id='word_1_106' title='bbox 465 1500 595 1553; x_wconf 66' lang='lat' dir='ltr'><strong>vite</strong></span> <span class='ocrx_word' id='word_1_107' title='bbox 656 1498 863 1552; x_wconf 92' lang='lat' dir='ltr'><strong>merito</strong></span> <span class='ocrx_word' id='word_1_108' title='bbox 917 1503 1170 1551; x_wconf 90' lang='lat' dir='ltr'><strong>sanctam</strong></span> <span class='ocrx_word' id='word_1_109' title='bbox 1224 1497 1575 1551; x_wconf 84' lang='lat' dir='ltr'><strong>illustrantes</strong></span> <span class='ocrx_word' id='word_1_110' title='bbox 1654 1497 1982 1551; x_wconf 88' lang='lat' dir='ltr'><strong>Ecclesiam.</strong></span> <span class='ocrx_word' id='word_1_111' title='bbox 2033 1516 2061 1548; x_wconf 76' lang='grc' dir='ltr'><strong>ι)</strong></span> 
     </span>
    </p>
   </div>
   <div class='ocr_carea' id='block_1_17' title="bbox 358 1584 2062 1657">
    <p class='ocr_par' dir='ltr' id='par_1_17' title="bbox 358 1584 2062 1657">
     <span class='ocr_line' id='line_1_17' title="bbox 358 1584 2062 1657; baseline -0.002 -15"><span class='ocrx_word' id='word_1_112' title='bbox 358 1588 574 1642; x_wconf 68' lang='lat' dir='ltr'><strong>Saeculo</strong></span> <span class='ocrx_word' id='word_1_113' title='bbox 596 1585 858 1657; x_wconf 88' lang='lat' dir='ltr'><strong>sequenti</strong></span> <span class='ocrx_word' id='word_1_114' title='bbox 893 1601 1023 1640; x_wconf 92' lang='lat' dir='ltr'><strong>cum</strong></span> <span class='ocrx_word' id='word_1_115' title='bbox 1057 1601 1124 1639; x_wconf 91' lang='lat' dir='ltr'><strong>eo</strong></span> <span class='ocrx_word' id='word_1_116' title='bbox 1155 1584 1214 1639; x_wconf 90' lang='lat' dir='ltr'><strong>in</strong></span> <span class='ocrx_word' id='word_1_117' title='bbox 1261 1585 1383 1638; x_wconf 87' lang='lat' dir='ltr'><strong>loco</strong></span> <span class='ocrx_word' id='word_1_118' title='bbox 1415 1584 1694 1654; x_wconf 83' lang='lat' dir='ltr'><strong>regularis</strong></span> <span class='ocrx_word' id='word_1_119' title='bbox 1741 1584 2062 1639; x_wconf 81' lang='lat' dir='ltr'><strong>observatio</strong></span> 
     </span>
    </p>
   </div>
   <div class='ocr_carea' id='block_1_18' title="bbox 357 1671 2062 1745">
    <p class='ocr_par' dir='ltr' id='par_1_18' title="bbox 357 1671 2062 1745">
     <span class='ocr_line' id='line_1_18' title="bbox 357 1671 2062 1745; baseline -0.002 -16"><span class='ocrx_word' id='word_1_120' title='bbox 357 1675 659 1745; x_wconf 87' lang='lat' dir='ltr'><strong>paululum</strong></span> <span class='ocrx_word' id='word_1_121' title='bbox 711 1673 1008 1744; x_wconf 87' lang='lat' dir='ltr'><strong>tepuisset,</strong></span> <span class='ocrx_word' id='word_1_122' title='bbox 1081 1688 1228 1739; x_wconf 89' lang='lat' dir='ltr'><strong>eam,</strong></span> <span class='ocrx_word' id='word_1_123' title='bbox 1297 1672 1631 1726; x_wconf 89' lang='lat' dir='ltr'><strong>restauratis</strong></span> <span class='ocrx_word' id='word_1_124' title='bbox 1690 1671 1750 1725; x_wconf 92' lang='lat' dir='ltr'><strong>in</strong></span> <span class='ocrx_word' id='word_1_125' title='bbox 1808 1672 2062 1742; x_wconf 91' lang='lat' dir='ltr'><strong>primum</strong></span> 
     </span>
    </p>
   </div>
   <div class='ocr_carea' id='block_1_19' title="bbox 359 1760 2062 1833">
    <p class='ocr_par' dir='ltr' id='par_1_19' title="bbox 359 1760 2062 1833">
     <span class='ocr_line' id='line_1_19' title="bbox 359 1760 2062 1833; baseline -0.002 -17"><span class='ocrx_word' id='word_1_126' title='bbox 359 1762 722 1833; x_wconf 84' lang='lat' dir='ltr'><strong>splendorem</strong></span> <span class='ocrx_word' id='word_1_127' title='bbox 745 1760 1024 1823; x_wconf 67' lang='lat' dir='ltr'><strong>aediﬁciis,</strong></span> <span class='ocrx_word' id='word_1_128' title='bbox 1056 1760 1415 1831; x_wconf 90' lang='lat' dir='ltr'><strong>postliminio</strong></span> <span class='ocrx_word' id='word_1_129' title='bbox 1481 1760 1770 1814; x_wconf 86' lang='lat' dir='ltr'><strong>revocavit</strong></span> <span class='ocrx_word' id='word_1_130' title='bbox 1833 1765 2062 1814; x_wconf 90' lang='lat' dir='ltr'><strong>sanctus</strong></span> 
     </span>
    </p>
   </div>
   <div class='ocr_carea' id='block_1_20' title="bbox 359 1847 2060 1920">
    <p class='ocr_par' dir='ltr' id='par_1_20' title="bbox 359 1847 2060 1920">
     <span class='ocr_line' id='line_1_20' title="bbox 359 1847 2060 1920; baseline -0.001 -16"><span class='ocrx_word' id='word_1_131' title='bbox 359 1851 489 1904; x_wconf 86' lang='lat' dir='ltr'><strong>Otto</strong></span> <span class='ocrx_word' id='word_1_132' title='bbox 513 1849 1061 1920; x_wconf 86' lang='lat' dir='ltr'><strong>Bambenbergensis</strong></span> <span class='ocrx_word' id='word_1_133' title='bbox 1108 1848 1366 1916; x_wconf 89' lang='lat' dir='ltr'><strong>antistes,</strong></span> <span class='ocrx_word' id='word_1_134' title='bbox 1417 1864 1554 1902; x_wconf 89' lang='lat' dir='ltr'><strong>usus</strong></span> <span class='ocrx_word' id='word_1_135' title='bbox 1607 1849 1715 1902; x_wconf 90' lang='lat' dir='ltr'><strong>hoc</strong></span> <span class='ocrx_word' id='word_1_136' title='bbox 1738 1848 1799 1902; x_wconf 90' lang='lat' dir='ltr'><strong>in</strong></span> <span class='ocrx_word' id='word_1_137' title='bbox 1824 1847 2060 1918; x_wconf 90' lang='lat' dir='ltr'><strong>negotio</strong></span> 
     </span>
    </p>
   </div>
   <div class='ocr_carea' id='block_1_21' title="bbox 360 1935 2065 2008">
    <p class='ocr_par' dir='ltr' id='par_1_21' title="bbox 360 1935 2065 2008">
     <span class='ocr_line' id='line_1_21' title="bbox 360 1935 2065 2008; baseline -0.002 -15"><span class='ocrx_word' id='word_1_138' title='bbox 360 1937 851 2008; x_wconf 84' lang='lat' dir='ltr'><strong>Hirsaugiensium</strong></span> <span class='ocrx_word' id='word_1_139' title='bbox 890 1936 1309 1990; x_wconf 87' lang='lat' dir='ltr'><strong>monachorum</strong></span> <span class='ocrx_word' id='word_1_140' title='bbox 1366 1953 1562 2007; x_wconf 85' lang='lat' dir='ltr'><strong>opera,</strong></span> <span class='ocrx_word' id='word_1_141' title='bbox 1609 1935 1709 2008; x_wconf 89' lang='lat' dir='ltr'><strong>qui</strong></span> <span class='ocrx_word' id='word_1_142' title='bbox 1757 1940 1892 1990; x_wconf 82' lang='lat' dir='ltr'><strong>tunc</strong></span> <span class='ocrx_word' id='word_1_143' title='bbox 1924 1941 2065 1990; x_wconf 90' lang='lat' dir='ltr'><strong>tem-</strong></span> 
     </span>
    </p>
   </div>
   <div class='ocr_carea' id='block_1_22' title="bbox 359 2024 2066 2097">
    <p class='ocr_par' dir='ltr' id='par_1_22' title="bbox 359 2024 2066 2097">
     <span class='ocr_line' id='line_1_22' title="bbox 359 2024 2066 2097; baseline -0.002 -17"><span class='ocrx_word' id='word_1_144' title='bbox 359 2027 516 2097; x_wconf 88' lang='lat' dir='ltr'><strong>poris</strong></span> <span class='ocrx_word' id='word_1_145' title='bbox 582 2025 1013 2080; x_wconf 86' lang='lat' dir='ltr'><strong>Benedictinum</strong></span> <span class='ocrx_word' id='word_1_146' title='bbox 1061 2024 1322 2078; x_wconf 89' lang='lat' dir='ltr'><strong>ordinem</strong></span> <span class='ocrx_word' id='word_1_147' title='bbox 1401 2039 1508 2095; x_wconf 91' lang='lat' dir='ltr'><strong>per</strong></span> <span class='ocrx_word' id='word_1_148' title='bbox 1573 2024 1894 2078; x_wconf 88' lang='lat' dir='ltr'><strong>universam</strong></span> <span class='ocrx_word' id='word_1_149' title='bbox 1935 2025 2066 2078; x_wconf 89' lang='lat' dir='ltr'><strong>Ger-</strong></span> 
     </span>
    </p>
   </div>
   <div class='ocr_carea' id='block_1_23' title="bbox 359 2111 2064 2181">
    <p class='ocr_par' dir='ltr' id='par_1_23' title="bbox 359 2111 2064 2181">
     <span class='ocr_line' id='line_1_23' title="bbox 359 2111 2064 2181; baseline -0.002 -14"><span class='ocrx_word' id='word_1_150' title='bbox 359 2112 610 2167; x_wconf 89' lang='lat' dir='ltr'><strong>maniam</strong></span> <span class='ocrx_word' id='word_1_151' title='bbox 665 2116 722 2166; x_wconf 91' lang='lat' dir='ltr'><strong>et</strong></span> <span class='ocrx_word' id='word_1_152' title='bbox 756 2111 1055 2166; x_wconf 82' lang='lat' dir='ltr'><strong>sanctitate</strong></span> <span class='ocrx_word' id='word_1_153' title='bbox 1123 2126 1353 2164; x_wconf 91' lang='lat' dir='ltr'><strong>morum</strong></span> <span class='ocrx_word' id='word_1_154' title='bbox 1404 2115 1462 2164; x_wconf 92' lang='lat' dir='ltr'><strong>et</strong></span> <span class='ocrx_word' id='word_1_155' title='bbox 1530 2114 1793 2164; x_wconf 90' lang='lat' dir='ltr'><strong>accurata</strong></span> <span class='ocrx_word' id='word_1_156' title='bbox 1847 2112 2064 2181; x_wconf 69' lang='lat' dir='ltr'><strong>regulae</strong></span> 
     </span>
    </p>
   </div>
   <div class='ocr_carea' id='block_1_24' title="bbox 360 2198 2066 2272">
    <p class='ocr_par' dir='ltr' id='par_1_24' title="bbox 360 2198 2066 2272">
     <span class='ocr_line' id='line_1_24' title="bbox 360 2198 2066 2272; baseline 0 -19"><span class='ocrx_word' id='word_1_157' title='bbox 360 2199 520 2272; x_wconf 88' lang='lat' dir='ltr'><strong>praxi</strong></span> <span class='ocrx_word' id='word_1_158' title='bbox 571 2199 953 2253; x_wconf 88' lang='lat' dir='ltr'><strong>illustrabant.</strong></span> <span class='ocrx_word' id='word_1_159' title='bbox 1015 2199 1292 2253; x_wconf 66' lang='lat' dir='ltr'><strong>Caeterum</strong></span> <span class='ocrx_word' id='word_1_160' title='bbox 1341 2198 1568 2270; x_wconf 85' lang='lat' dir='ltr'><strong>insigne</strong></span> <span class='ocrx_word' id='word_1_161' title='bbox 1633 2198 1838 2253; x_wconf 78' lang='lat' dir='ltr'><strong>Montis</strong></span> <span class='ocrx_word' id='word_1_162' title='bbox 1886 2199 2066 2253; x_wconf 88' lang='lat' dir='ltr'><strong>sancti</strong></span> 
     </span>
    </p>
   </div>
   <div class='ocr_carea' id='block_1_25' title="bbox 361 2287 2068 2357">
    <p class='ocr_par' dir='ltr' id='par_1_25' title="bbox 361 2287 2068 2357">
     <span class='ocr_line' id='line_1_25' title="bbox 361 2287 2068 2357; baseline 0 -15"><span class='ocrx_word' id='word_1_163' title='bbox 361 2287 648 2342; x_wconf 78' lang='lat' dir='ltr'><strong>Michaelis</strong></span> <span class='ocrx_word' id='word_1_164' title='bbox 699 2287 1026 2342; x_wconf 72' lang='lat' dir='ltr'><strong>coenobium</strong></span> <span class='ocrx_word' id='word_1_165' title='bbox 1093 2287 1204 2341; x_wconf 88' lang='lat' dir='ltr'><strong>huc</strong></span> <span class='ocrx_word' id='word_1_166' title='bbox 1270 2302 1451 2357; x_wconf 92' lang='lat' dir='ltr'><strong>usque</strong></span> <span class='ocrx_word' id='word_1_167' title='bbox 1501 2292 1846 2357; x_wconf 85' lang='lat' dir='ltr'><strong>perseverat,</strong></span> <span class='ocrx_word' id='word_1_168' title='bbox 1905 2288 2068 2357; x_wconf 86' lang='lat' dir='ltr'><strong>cujus</strong></span> 
     </span>
    </p>
   </div>
   <div class='ocr_carea' id='block_1_26' title="bbox 361 2375 2068 2446">
    <p class='ocr_par' dir='ltr' id='par_1_26' title="bbox 361 2375 2068 2446">
     <span class='ocr_line' id='line_1_26' title="bbox 361 2375 2068 2446; baseline 0.002 -18"><span class='ocrx_word' id='word_1_169' title='bbox 361 2377 634 2430; x_wconf 87' lang='lat' dir='ltr'><strong>abbatum</strong></span> <span class='ocrx_word' id='word_1_170' title='bbox 704 2376 1029 2446; x_wconf 88' lang='lat' dir='ltr'><strong>catalogum</strong></span> <span class='ocrx_word' id='word_1_171' title='bbox 1104 2375 1335 2430; x_wconf 85' lang='lat' dir='ltr'><strong>exhibet</strong></span> <span class='ocrx_word' id='word_1_172' title='bbox 1401 2380 1600 2430; x_wconf 89' lang='lat' dir='ltr'><strong>noster</strong></span> <span class='ocrx_word' id='word_1_173' title='bbox 1665 2376 1966 2432; x_wconf 89' lang='lat' dir='ltr'><strong>Bucelinus</strong></span> <span class='ocrx_word' id='word_1_174' title='bbox 2008 2377 2068 2431; x_wconf 94' lang='lat' dir='ltr'><strong>in</strong></span> 
     </span>
    </p>
   </div>
   <div class='ocr_carea' id='block_1_27' title="bbox 363 2463 879 2518">
    <p class='ocr_par' dir='ltr' id='par_1_27' title="bbox 363 2463 879 2518">
     <span class='ocr_line' id='line_1_27' title="bbox 363 2463 879 2518; baseline 0.002 -2"><span class='ocrx_word' id='word_1_175' title='bbox 363 2463 670 2516; x_wconf 88' lang='lat' dir='ltr'><strong>Germania</strong></span> <span class='ocrx_word' id='word_1_176' title='bbox 695 2477 879 2518; x_wconf 90' lang='lat' dir='ltr'><strong>sacra.</strong></span> 
     </span>
    </p>
   </div>
   <div class='ocr_carea' id='block_1_28' title="bbox 436 2548 2073 2620">
    <p class='ocr_par' dir='ltr' id='par_1_28' title="bbox 436 2548 2073 2620">
     <span class='ocr_line' id='line_1_28' title="bbox 436 2548 2073 2620; baseline 0.002 -17"><span class='ocrx_word' id='word_1_177' title='bbox 436 2554 488 2603; x_wconf 87' lang='lat'><strong>5.</strong></span> <span class='ocrx_word' id='word_1_178' title='bbox 514 2549 789 2604; x_wconf 83' lang='lat' dir='ltr'><strong>Henricus</strong></span> <span class='ocrx_word' id='word_1_179' title='bbox 837 2549 897 2604; x_wconf 91' lang='lat' dir='ltr'><strong>in</strong></span> <span class='ocrx_word' id='word_1_180' title='bbox 954 2549 1176 2603; x_wconf 86' lang='lat' dir='ltr'><strong>Italiam</strong></span> <span class='ocrx_word' id='word_1_181' title='bbox 1231 2548 1520 2620; x_wconf 80' lang='lat' dir='ltr'><strong>profectus</strong></span> <span class='ocrx_word' id='word_1_182' title='bbox 1572 2549 1929 2605; x_wconf 68' lang='lat' dir='ltr'><strong>vindicanda:</strong></span> <span class='ocrx_word' id='word_1_183' title='bbox 1979 2552 2073 2607; x_wconf 82' lang='lat' dir='ltr'><strong>ad-</strong></span> 
     </span>
    </p>
   </div>
   <div class='ocr_carea' id='block_1_29' title="bbox 361 2637 2074 2703">
    <p class='ocr_par' dir='ltr' id='par_1_29' title="bbox 361 2637 2074 2703">
     <span class='ocr_line' id='line_1_29' title="bbox 361 2637 2074 2703; baseline 0.002 -13"><span class='ocrx_word' id='word_1_184' title='bbox 361 2653 559 2692; x_wconf 89' lang='lat' dir='ltr'><strong>versus</strong></span> <span class='ocrx_word' id='word_1_185' title='bbox 589 2638 810 2692; x_wconf 65' lang='lat' dir='ltr'><strong>Graecos</strong></span> <span class='ocrx_word' id='word_1_186' title='bbox 863 2637 1122 2692; x_wconf 71' lang='lat' dir='ltr'><strong>Ecclesia:</strong></span> <span class='ocrx_word' id='word_1_187' title='bbox 1165 2653 1356 2703; x_wconf 87' lang='lat' dir='ltr'><strong>causa,</strong></span> <span class='ocrx_word' id='word_1_188' title='bbox 1385 2659 1406 2686; x_wconf 78' lang='grc' dir='ltr'>ι</span> <span class='ocrx_word' id='word_1_189' title='bbox 1459 2639 1924 2694; x_wconf 87' lang='lat' dir='ltr'><strong>Beneventanum</strong></span> <span class='ocrx_word' id='word_1_190' title='bbox 1958 2655 2074 2694; x_wconf 87' lang='lat' dir='ltr'><strong>mo-</strong></span> 
     </span>
    </p>
   </div>
   <div class='ocr_carea' id='block_1_30' title="bbox 363 2725 2074 2797">
    <p class='ocr_par' dir='ltr' id='par_1_30' title="bbox 363 2725 2074 2797">
     <span class='ocr_line' id='line_1_30' title="bbox 363 2725 2074 2797; baseline 0.001 -17"><span class='ocrx_word' id='word_1_191' title='bbox 363 2725 678 2780; x_wconf 77' lang='lat' dir='ltr'><strong>nasterium</strong></span> <span class='ocrx_word' id='word_1_192' title='bbox 728 2725 1004 2794; x_wconf 87' lang='lat' dir='ltr'><strong>condidit,</strong></span> <span class='ocrx_word' id='word_1_193' title='bbox 1051 2747 1079 2775; x_wconf 86' lang='lat'>»</span> <span class='ocrx_word' id='word_1_194' title='bbox 1136 2726 1311 2797; x_wconf 89' lang='lat' dir='ltr'><strong>quod,</strong></span> <span class='ocrx_word' id='word_1_195' title='bbox 1367 2731 1431 2780; x_wconf 93' lang='lat' dir='ltr'><strong>ut</strong></span> <span class='ocrx_word' id='word_1_196' title='bbox 1469 2726 1644 2780; x_wconf 85' lang='lat' dir='ltr'><strong>refert</strong></span> <span class='ocrx_word' id='word_1_197' title='bbox 1687 2726 1866 2797; x_wconf 89' lang='lat' dir='ltr'><strong>ipsius</strong></span> <span class='ocrx_word' id='word_1_198' title='bbox 1932 2729 2074 2782; x_wconf 80' lang='lat' dir='ltr'><strong>Vitae</strong></span> 
     </span>
    </p>
   </div>
   <div class='ocr_carea' id='block_1_31' title="bbox 364 2813 2071 2886">
    <p class='ocr_par' dir='ltr' id='par_1_31' title="bbox 364 2813 2071 2886">
     <span class='ocr_line' id='line_1_31' title="bbox 364 2813 2071 2886; baseline 0 -18"><span class='ocrx_word' id='word_1_199' title='bbox 364 2819 581 2880; x_wconf 89' lang='lat' dir='ltr'><strong>auctor,</strong></span> <span class='ocrx_word' id='word_1_200' title='bbox 606 2829 730 2884; x_wconf 89' lang='lat' dir='ltr'><strong>cap.</strong></span> <span class='ocrx_word' id='word_1_201' title='bbox 762 2815 850 2881; x_wconf 77' lang='lat'><strong>2‘2,</strong></span> <span class='ocrx_word' id='word_1_202' title='bbox 891 2835 919 2862; x_wconf 88' lang='grc'><em>‹‹</em></span> <span class='ocrx_word' id='word_1_203' title='bbox 945 2813 1105 2868; x_wconf 91' lang='lat' dir='ltr'><strong>omni</strong></span> <span class='ocrx_word' id='word_1_204' title='bbox 1127 2819 1361 2868; x_wconf 90' lang='lat' dir='ltr'><strong>ornatus</strong></span> <span class='ocrx_word' id='word_1_205' title='bbox 1391 2814 1592 2869; x_wconf 90' lang='lat' dir='ltr'><strong>decore</strong></span> <span class='ocrx_word' id='word_1_206' title='bbox 1624 2815 2010 2886; x_wconf 88' lang='lat' dir='ltr'><strong>locupletavit.</strong></span> <span class='ocrx_word' id='word_1_207' title='bbox 2043 2836 2071 2868; x_wconf 71' lang='lat' dir='ltr'><strong>io</strong></span> 
     </span>
    </p>
   </div>
   <div class='ocr_carea' id='block_1_32' title="bbox 364 2902 2072 2959">
    <p class='ocr_par' dir='ltr' id='par_1_32' title="bbox 364 2902 2072 2959">
     <span class='ocr_line' id='line_1_32' title="bbox 364 2902 2072 2959; baseline 0 -1"><span class='ocrx_word' id='word_1_208' title='bbox 364 2902 740 2958; x_wconf 87' lang='lat' dir='ltr'><strong>ExChronico</strong></span> <span class='ocrx_word' id='word_1_209' title='bbox 762 2902 1043 2957; x_wconf 89' lang='lat' dir='ltr'><strong>Dithmari</strong></span> <span class='ocrx_word' id='word_1_210' title='bbox 1091 2903 1238 2956; x_wconf 89' lang='lat' dir='ltr'><strong>libro</strong></span> <span class='ocrx_word' id='word_1_211' title='bbox 1297 2919 1384 2957; x_wconf 82' lang='lat' dir='ltr'><strong>vn</strong></span> <span class='ocrx_word' id='word_1_212' title='bbox 1435 2903 1705 2956; x_wconf 89' lang='lat' dir='ltr'><strong>discimus</strong></span> <span class='ocrx_word' id='word_1_213' title='bbox 1755 2905 1826 2957; x_wconf 91' lang='lat' dir='ltr'><strong>ab</strong></span> <span class='ocrx_word' id='word_1_214' title='bbox 1873 2905 2072 2959; x_wconf 88' lang='lat' dir='ltr'><strong>eodem</strong></span> 
     </span>
    </p>
   </div>
   <div class='ocr_carea' id='block_1_33' title="bbox 2167 525 3880 598">
    <p class='ocr_par' dir='ltr' id='par_1_33' title="bbox 2167 525 3880 598">
     <span class='ocr_line' id='line_1_33' title="bbox 2167 525 3880 598; baseline -0.001 -18"><span class='ocrx_word' id='word_1_215' title='bbox 2167 543 2328 581; x_wconf 91' lang='lat' dir='ltr'><strong>mum</strong></span> <span class='ocrx_word' id='word_1_216' title='bbox 2355 527 2586 598; x_wconf 90' lang='lat' dir='ltr'><strong>signum</strong></span> <span class='ocrx_word' id='word_1_217' title='bbox 2650 526 2974 582; x_wconf 88' lang='lat' dir='ltr'><strong>dilectionis</strong></span> <span class='ocrx_word' id='word_1_218' title='bbox 3031 541 3154 580; x_wconf 89' lang='lat' dir='ltr'><strong>esse</strong></span> <span class='ocrx_word' id='word_1_219' title='bbox 3207 525 3540 580; x_wconf 84' lang='lat' dir='ltr'><strong>afﬁrmaret.</strong></span> <span class='ocrx_word' id='word_1_220' title='bbox 3603 526 3880 580; x_wconf 84' lang='lat' dir='ltr'><strong>Fomenta</strong></span> 
     </span>
    </p>
   </div>
   <div class='ocr_carea' id='block_1_34' title="bbox 2166 614 3881 681">
    <p class='ocr_par' dir='ltr' id='par_1_34' title="bbox 2166 614 3881 681">
     <span class='ocr_line' id='line_1_34' title="bbox 2166 614 3881 681; baseline -0.001 -12"><span class='ocrx_word' id='word_1_221' title='bbox 2166 619 2359 670; x_wconf 88' lang='lat' dir='ltr'><strong>tamen</strong></span> <span class='ocrx_word' id='word_1_222' title='bbox 2388 616 2748 670; x_wconf 89' lang='lat' dir='ltr'><strong>curationum</strong></span> <span class='ocrx_word' id='word_1_223' title='bbox 2780 615 2888 669; x_wconf 87' lang='lat' dir='ltr'><strong>sibi</strong></span> <span class='ocrx_word' id='word_1_224' title='bbox 2922 615 3056 669; x_wconf 84' lang='lat' dir='ltr'><strong>fecit</strong></span> <span class='ocrx_word' id='word_1_225' title='bbox 3109 614 3394 681; x_wconf 86' lang='lat' dir='ltr'><strong>adhiberi,</strong></span> <span class='ocrx_word' id='word_1_226' title='bbox 3424 614 3523 668; x_wconf 89' lang='lat' dir='ltr'><strong>sed</strong></span> <span class='ocrx_word' id='word_1_227' title='bbox 3569 614 3729 668; x_wconf 89' lang='lat' dir='ltr'><strong>nulla</strong></span> <span class='ocrx_word' id='word_1_228' title='bbox 3758 628 3881 667; x_wconf 89' lang='lat' dir='ltr'><strong>me-</strong></span> 
     </span>
    </p>
   </div>
   <div class='ocr_carea' id='block_1_35' title="bbox 2167 700 3883 772">
    <p class='ocr_par' dir='ltr' id='par_1_35' title="bbox 2167 700 3883 772">
     <span class='ocr_line' id='line_1_35' title="bbox 2167 700 3883 772; baseline -0.001 -16"><span class='ocrx_word' id='word_1_229' title='bbox 2167 702 2426 756; x_wconf 88' lang='lat' dir='ltr'><strong>dicorum</strong></span> <span class='ocrx_word' id='word_1_230' title='bbox 2459 702 2770 756; x_wconf 81' lang='lat' dir='ltr'><strong>subtilitate</strong></span> <span class='ocrx_word' id='word_1_231' title='bbox 2799 702 2871 756; x_wconf 87' lang='lat' dir='ltr'><strong>ad</strong></span> <span class='ocrx_word' id='word_1_232' title='bbox 2921 701 3212 771; x_wconf 82' lang='lat' dir='ltr'><strong>integrum</strong></span> <span class='ocrx_word' id='word_1_233' title='bbox 3271 700 3458 772; x_wconf 90' lang='lat' dir='ltr'><strong>potuit</strong></span> <span class='ocrx_word' id='word_1_234' title='bbox 3495 700 3752 755; x_wconf 89' lang='lat' dir='ltr'><strong>liberari.</strong></span> <span class='ocrx_word' id='word_1_235' title='bbox 3786 701 3883 754; x_wconf 88' lang='lat' dir='ltr'><strong>ln-</strong></span> 
     </span>
    </p>
   </div>
   <div class='ocr_carea' id='block_1_36' title="bbox 2169 789 3977 860">
    <p class='ocr_par' dir='ltr' id='par_1_36' title="bbox 2169 789 3977 860">
     <span class='ocr_line' id='line_1_36' title="bbox 2169 789 3977 860; baseline -0.002 -17"><span class='ocrx_word' id='word_1_236' title='bbox 2169 796 2532 860; x_wconf 86' lang='lat' dir='ltr'><strong>gravescente</strong></span> <span class='ocrx_word' id='word_1_237' title='bbox 2587 795 2780 844; x_wconf 90' lang='lat' dir='ltr'><strong>autem</strong></span> <span class='ocrx_word' id='word_1_238' title='bbox 2855 790 3072 856; x_wconf 90' lang='lat' dir='ltr'><strong>dolore,</strong></span> <span class='ocrx_word' id='word_1_239' title='bbox 3153 789 3411 844; x_wconf 88' lang='lat' dir='ltr'><strong>ascendit</strong></span> <span class='ocrx_word' id='word_1_240' title='bbox 3468 793 3725 843; x_wconf 88' lang='lat' dir='ltr'><strong>montem</strong></span> <span class='ocrx_word' id='word_1_241' title='bbox 3783 789 3888 843; x_wconf 86' lang='lat' dir='ltr'><strong>Ca-</strong></span> <span class='ocrx_word' id='word_1_242' title='bbox 3975 823 3977 840; x_wconf 63' lang='grc' dir='ltr'><strong>ε</strong></span> 
     </span>
    </p>
   </div>
   <div class='ocr_carea' id='block_1_37' title="bbox 2167 876 3885 948">
    <p class='ocr_par' dir='ltr' id='par_1_37' title="bbox 2167 876 3885 948">
     <span class='ocr_line' id='line_1_37' title="bbox 2167 876 3885 948; baseline -0.001 -17"><span class='ocrx_word' id='word_1_243' title='bbox 2167 880 2359 932; x_wconf 92' lang='lat' dir='ltr'><strong>sinum</strong></span> <span class='ocrx_word' id='word_1_244' title='bbox 2401 921 2413 932; x_wconf 95' lang='lat'><strong>.</strong></span> <span class='ocrx_word' id='word_1_245' title='bbox 2460 919 2472 932; x_wconf 95' lang='lat'><strong>.</strong></span> <span class='ocrx_word' id='word_1_246' title='bbox 2519 918 2532 932; x_wconf 94' lang='lat'><strong>.</strong></span> <span class='ocrx_word' id='word_1_247' title='bbox 2578 920 2590 933; x_wconf 93' lang='lat'><strong>.</strong></span> <span class='ocrx_word' id='word_1_248' title='bbox 2633 877 2828 948; x_wconf 88' lang='lat' dir='ltr'><strong>ibique</strong></span> <span class='ocrx_word' id='word_1_249' title='bbox 2870 893 2973 947; x_wconf 91' lang='lat' dir='ltr'><strong>per</strong></span> <span class='ocrx_word' id='word_1_250' title='bbox 3013 876 3480 930; x_wconf 87' lang='lat' dir='ltr'><strong>intercessionem</strong></span> <span class='ocrx_word' id='word_1_251' title='bbox 3556 876 3712 931; x_wconf 86' lang='lat' dir='ltr'><strong>beati</strong></span> <span class='ocrx_word' id='word_1_252' title='bbox 3783 877 3885 930; x_wconf 83' lang='lat' dir='ltr'><strong>Be-</strong></span> 
     </span>
    </p>
   </div>
   <div class='ocr_carea' id='block_1_38' title="bbox 2171 963 3887 1035">
    <p class='ocr_par' dir='ltr' id='par_1_38' title="bbox 2171 963 3887 1035">
     <span class='ocr_line' id='line_1_38' title="bbox 2171 963 3887 1035; baseline -0.001 -17"><span class='ocrx_word' id='word_1_253' title='bbox 2171 966 2382 1020; x_wconf 90' lang='lat' dir='ltr'><strong>nedicti</strong></span> <span class='ocrx_word' id='word_1_254' title='bbox 2409 971 2466 1020; x_wconf 89' lang='lat' dir='ltr'><strong>et</strong></span> <span class='ocrx_word' id='word_1_255' title='bbox 2489 970 2700 1019; x_wconf 73' lang='lat' dir='ltr'><strong>sanctas</strong></span> <span class='ocrx_word' id='word_1_256' title='bbox 2752 965 3108 1019; x_wconf 56' lang='lat' dir='ltr'><strong>Scholasticis:</strong></span> <span class='ocrx_word' id='word_1_257' title='bbox 3169 964 3432 1035; x_wconf 90' lang='lat' dir='ltr'><strong>precibus</strong></span> <span class='ocrx_word' id='word_1_258' title='bbox 3493 968 3550 1018; x_wconf 90' lang='lat' dir='ltr'><strong>et</strong></span> <span class='ocrx_word' id='word_1_259' title='bbox 3607 963 3887 1034; x_wconf 85' lang='lat' dir='ltr'><strong>lacrymis</strong></span> 
     </span>
    </p>
   </div>
   <div class='ocr_carea' id='block_1_39' title="bbox 2169 1052 3888 1126">
    <p class='ocr_par' dir='ltr' id='par_1_39' title="bbox 2169 1052 3888 1126">
     <span class='ocr_line' id='line_1_39' title="bbox 2169 1052 3888 1126; baseline -0.001 -18"><span class='ocrx_word' id='word_1_260' title='bbox 2169 1053 2480 1126; x_wconf 87' lang='lat' dir='ltr'><strong>postulavit</strong></span> <span class='ocrx_word' id='word_1_261' title='bbox 2524 1070 2558 1108; x_wconf 87' lang='lat' dir='ltr'><strong>a</strong></span> <span class='ocrx_word' id='word_1_262' title='bbox 2614 1055 2730 1108; x_wconf 91' lang='lat' dir='ltr'><strong>Deo</strong></span> <span class='ocrx_word' id='word_1_263' title='bbox 2787 1053 3030 1108; x_wconf 89' lang='lat' dir='ltr'><strong>salutem</strong></span> <span class='ocrx_word' id='word_1_264' title='bbox 3088 1053 3343 1122; x_wconf 90' lang='lat' dir='ltr'><strong>corporis</strong></span> <span class='ocrx_word' id='word_1_265' title='bbox 3397 1056 3454 1106; x_wconf 90' lang='lat' dir='ltr'><strong>et</strong></span> <span class='ocrx_word' id='word_1_266' title='bbox 3511 1052 3721 1106; x_wconf 64' lang='lat' dir='ltr'><strong>animm</strong></span> <span class='ocrx_word' id='word_1_267' title='bbox 3771 1052 3888 1106; x_wconf 82' lang='lat' dir='ltr'><strong>sibi</strong></span> 
     </span>
    </p>
   </div>
   <div class='ocr_carea' id='block_1_40' title="bbox 2169 1141 3890 1216">
    <p class='ocr_par' dir='ltr' id='par_1_40' title="bbox 2169 1141 3890 1216">
     <span class='ocr_line' id='line_1_40' title="bbox 2169 1141 3890 1216; baseline -0.002 -20"><span class='ocrx_word' id='word_1_268' title='bbox 2169 1143 2448 1216; x_wconf 64' lang='lat' dir='ltr'><strong>praestari.</strong></span> <span class='ocrx_word' id='word_1_269' title='bbox 2483 1143 2908 1212; x_wconf 89' lang='lat' dir='ltr'><strong>Impletumque</strong></span> <span class='ocrx_word' id='word_1_270' title='bbox 2937 1147 3022 1195; x_wconf 92' lang='lat' dir='ltr'><strong>est</strong></span> <span class='ocrx_word' id='word_1_271' title='bbox 3064 1141 3220 1211; x_wconf 85' lang='lat' dir='ltr'><strong>quod</strong></span> <span class='ocrx_word' id='word_1_272' title='bbox 3282 1157 3382 1211; x_wconf 87' lang='lat' dir='ltr'><strong>per</strong></span> <span class='ocrx_word' id='word_1_273' title='bbox 3414 1143 3757 1212; x_wconf 83' lang='lat' dir='ltr'><strong>Prophetam</strong></span> <span class='ocrx_word' id='word_1_274' title='bbox 3792 1141 3890 1193; x_wconf 90' lang='lat' dir='ltr'><strong>di-</strong></span> 
     </span>
    </p>
   </div>
   <div class='ocr_carea' id='block_1_41' title="bbox 2169 1229 3890 1301">
    <p class='ocr_par' dir='ltr' id='par_1_41' title="bbox 2169 1229 3890 1301">
     <span class='ocr_line' id='line_1_41' title="bbox 2169 1229 3890 1301; baseline -0.002 -16"><span class='ocrx_word' id='word_1_275' title='bbox 2169 1232 2356 1286; x_wconf 90' lang='lat' dir='ltr'><strong>citur:</strong></span> <span class='ocrx_word' id='word_1_276' title='bbox 2408 1230 2694 1301; x_wconf 85' lang='lat' dir='ltr'><strong>Exquisivi</strong></span> <span class='ocrx_word' id='word_1_277' title='bbox 2741 1231 3050 1284; x_wconf 90' lang='lat' dir='ltr'><strong>Dominum</strong></span> <span class='ocrx_word' id='word_1_278' title='bbox 3081 1235 3139 1284; x_wconf 94' lang='lat' dir='ltr'><strong>et</strong></span> <span class='ocrx_word' id='word_1_279' title='bbox 3193 1229 3486 1284; x_wconf 84' lang='lat' dir='ltr'><strong>exaudivit</strong></span> <span class='ocrx_word' id='word_1_280' title='bbox 3535 1245 3649 1296; x_wconf 89' lang='lat' dir='ltr'><strong>me,</strong></span> <span class='ocrx_word' id='word_1_281' title='bbox 3703 1235 3764 1283; x_wconf 88' lang='lat' dir='ltr'><strong>et</strong></span> <span class='ocrx_word' id='word_1_282' title='bbox 3822 1246 3890 1282; x_wconf 82' lang='lat' dir='ltr'><strong>ex</strong></span> 
     </span>
    </p>
   </div>
   <div class='ocr_carea' id='block_1_42' title="bbox 2171 1317 3892 1388">
    <p class='ocr_par' dir='ltr' id='par_1_42' title="bbox 2171 1317 3892 1388">
     <span class='ocr_line' id='line_1_42' title="bbox 2171 1317 3892 1388; baseline -0.002 -15"><span class='ocrx_word' id='word_1_283' title='bbox 2171 1319 2442 1374; x_wconf 87' lang='lat' dir='ltr'><strong>omnibus</strong></span> <span class='ocrx_word' id='word_1_284' title='bbox 2497 1317 2965 1372; x_wconf 87' lang='lat' dir='ltr'><strong>tribulationibus</strong></span> <span class='ocrx_word' id='word_1_285' title='bbox 3049 1318 3192 1372; x_wconf 86' lang='lat' dir='ltr'><strong>meis</strong></span> <span class='ocrx_word' id='word_1_286' title='bbox 3262 1318 3476 1388; x_wconf 87' lang='lat' dir='ltr'><strong>eripuit</strong></span> <span class='ocrx_word' id='word_1_287' title='bbox 3546 1333 3636 1371; x_wconf 89' lang='lat' dir='ltr'><strong>me</strong></span> <span class='ocrx_word' id='word_1_288' title='bbox 3712 1317 3892 1388; x_wconf 87' lang='lat' dir='ltr'><strong>(Psal.</strong></span> 
     </span>
    </p>
   </div>
   <div class='ocr_carea' id='block_1_43' title="bbox 2170 1404 3889 1477">
    <p class='ocr_par' dir='ltr' id='par_1_43' title="bbox 2170 1404 3889 1477">
     <span class='ocr_line' id='line_1_43' title="bbox 2170 1404 3889 1477; baseline -0.002 -15"><span class='ocrx_word' id='word_1_289' title='bbox 2170 1410 2386 1474; x_wconf 87' lang='lat' dir='ltr'><strong>xxxm).</strong></span> <span class='ocrx_word' id='word_1_290' title='bbox 2451 1408 2591 1460; x_wconf 82' lang='lat' dir='ltr'><strong>Nam</strong></span> <span class='ocrx_word' id='word_1_291' title='bbox 2645 1407 2812 1477; x_wconf 88' lang='lat' dir='ltr'><strong>petiit</strong></span> <span class='ocrx_word' id='word_1_292' title='bbox 2864 1411 2922 1460; x_wconf 90' lang='lat' dir='ltr'><strong>et</strong></span> <span class='ocrx_word' id='word_1_293' title='bbox 2979 1406 3281 1461; x_wconf 81' lang='lat' dir='ltr'><strong>exauditus</strong></span> <span class='ocrx_word' id='word_1_294' title='bbox 3330 1413 3460 1472; x_wconf 89' lang='lat' dir='ltr'><strong>est;</strong></span> <span class='ocrx_word' id='word_1_295' title='bbox 3520 1405 3770 1476; x_wconf 86' lang='lat' dir='ltr'><strong>pulsavit</strong></span> <span class='ocrx_word' id='word_1_296' title='bbox 3817 1404 3889 1458; x_wconf 90' lang='lat' dir='ltr'><strong>ad</strong></span> 
     </span>
    </p>
   </div>
   <div class='ocr_carea' id='block_1_44' title="bbox 2171 1485 3965 1564">
    <p class='ocr_par' dir='ltr' id='par_1_44' title="bbox 2171 1485 3965 1564">
     <span class='ocr_line' id='line_1_44' title="bbox 2171 1485 3965 1564; baseline -0.002 -15"><span class='ocrx_word' id='word_1_297' title='bbox 2171 1494 2383 1549; x_wconf 90' lang='lat' dir='ltr'><strong>ostium</strong></span> <span class='ocrx_word' id='word_1_298' title='bbox 2410 1499 2843 1564; x_wconf 84' lang='lat' dir='ltr'><strong>perseveranter</strong></span> <span class='ocrx_word' id='word_1_299' title='bbox 2898 1493 3223 1548; x_wconf 90' lang='lat' dir='ltr'><strong>miserantis</strong></span> <span class='ocrx_word' id='word_1_300' title='bbox 3270 1492 3561 1564; x_wconf 64' lang='lat' dir='ltr'><strong>potentiae,</strong></span> <span class='ocrx_word' id='word_1_301' title='bbox 3614 1499 3673 1546; x_wconf 89' lang='lat' dir='ltr'><strong>et</strong></span> <span class='ocrx_word' id='word_1_302' title='bbox 3700 1493 3891 1547; x_wconf 88' lang='lat' dir='ltr'><strong>iutro-</strong></span> <span class='ocrx_word' id='word_1_303' title='bbox 3962 1485 3965 1492; x_wconf 76' lang='grc'><em>’</em></span> 
     </span>
    </p>
   </div>
   <div class='ocr_carea' id='block_1_45' title="bbox 2172 1580 3897 1652">
    <p class='ocr_par' dir='ltr' id='par_1_45' title="bbox 2172 1580 3897 1652">
     <span class='ocr_line' id='line_1_45' title="bbox 2172 1580 3897 1652; baseline -0.002 -16"><span class='ocrx_word' id='word_1_304' title='bbox 2172 1582 2380 1636; x_wconf 88' lang='lat' dir='ltr'><strong>missus</strong></span> <span class='ocrx_word' id='word_1_305' title='bbox 2407 1586 2515 1636; x_wconf 91' lang='lat' dir='ltr'><strong>est.</strong></span> <span class='ocrx_word' id='word_1_306' title='bbox 2556 1583 2780 1636; x_wconf 91' lang='lat' dir='ltr'><strong>Interea</strong></span> <span class='ocrx_word' id='word_1_307' title='bbox 2809 1597 2903 1635; x_wconf 84' lang='lat' dir='ltr'><strong>rex</strong></span> <span class='ocrx_word' id='word_1_308' title='bbox 2933 1582 3103 1652; x_wconf 74' lang='lat' dir='ltr'><strong>caspit</strong></span> <span class='ocrx_word' id='word_1_309' title='bbox 3134 1581 3385 1652; x_wconf 91' lang='lat' dir='ltr'><strong>cogitare</strong></span> <span class='ocrx_word' id='word_1_310' title='bbox 3415 1597 3545 1652; x_wconf 63' lang='lat' dir='ltr'><strong>quae</strong></span> <span class='ocrx_word' id='word_1_311' title='bbox 3595 1580 3668 1635; x_wconf 88' lang='lat' dir='ltr'><strong>de</strong></span> <span class='ocrx_word' id='word_1_312' title='bbox 3702 1585 3897 1634; x_wconf 88' lang='lat' dir='ltr'><strong>trans-</strong></span> 
     </span>
    </p>
   </div>
   <div class='ocr_carea' id='block_1_46' title="bbox 2175 1668 3895 1740">
    <p class='ocr_par' dir='ltr' id='par_1_46' title="bbox 2175 1668 3895 1740">
     <span class='ocr_line' id='line_1_46' title="bbox 2175 1668 3895 1740; baseline -0.001 -16"><span class='ocrx_word' id='word_1_313' title='bbox 2175 1670 2386 1724; x_wconf 90' lang='lat' dir='ltr'><strong>latione</strong></span> <span class='ocrx_word' id='word_1_314' title='bbox 2444 1669 2621 1723; x_wconf 89' lang='lat' dir='ltr'><strong>sancti</strong></span> <span class='ocrx_word' id='word_1_315' title='bbox 2666 1669 2956 1724; x_wconf 88' lang='lat' dir='ltr'><strong>Benedicti</strong></span> <span class='ocrx_word' id='word_1_316' title='bbox 3000 1669 3275 1737; x_wconf 89' lang='lat' dir='ltr'><strong>audierat,</strong></span> <span class='ocrx_word' id='word_1_317' title='bbox 3336 1674 3392 1724; x_wconf 91' lang='lat' dir='ltr'><strong>et</strong></span> <span class='ocrx_word' id='word_1_318' title='bbox 3439 1669 3576 1740; x_wconf 90' lang='lat' dir='ltr'><strong>quia</strong></span> <span class='ocrx_word' id='word_1_319' title='bbox 3621 1668 3895 1739; x_wconf 68' lang='lat' dir='ltr'><strong>reliquias</strong></span> 
     </span>
    </p>
   </div>
   <div class='ocr_carea' id='block_1_47' title="bbox 2174 1755 3896 1827">
    <p class='ocr_par' dir='ltr' id='par_1_47' title="bbox 2174 1755 3896 1827">
     <span class='ocr_line' id='line_1_47' title="bbox 2174 1755 3896 1827; baseline -0.001 -16"><span class='ocrx_word' id='word_1_320' title='bbox 2174 1758 2299 1827; x_wconf 87' lang='lat' dir='ltr'><strong>ejus</strong></span> <span class='ocrx_word' id='word_1_321' title='bbox 2333 1756 2671 1810; x_wconf 89' lang='lat' dir='ltr'><strong>dicebautur</strong></span> <span class='ocrx_word' id='word_1_322' title='bbox 2721 1755 2920 1810; x_wconf 85' lang='lat' dir='ltr'><strong>furtim</strong></span> <span class='ocrx_word' id='word_1_323' title='bbox 2971 1757 3211 1810; x_wconf 66' lang='lat' dir='ltr'><strong>sublatas</strong></span> <span class='ocrx_word' id='word_1_324' title='bbox 3268 1761 3321 1811; x_wconf 88' lang='lat' dir='ltr'><strong>et</strong></span> <span class='ocrx_word' id='word_1_325' title='bbox 3364 1756 3426 1810; x_wconf 91' lang='lat' dir='ltr'><strong>in</strong></span> <span class='ocrx_word' id='word_1_326' title='bbox 3481 1756 3660 1810; x_wconf 88' lang='lat' dir='ltr'><strong>alium</strong></span> <span class='ocrx_word' id='word_1_327' title='bbox 3690 1756 3896 1810; x_wconf 90' lang='lat' dir='ltr'><strong>locum</strong></span> 
     </span>
    </p>
   </div>
   <div class='ocr_carea' id='block_1_48' title="bbox 2171 1843 3973 1918">
    <p class='ocr_par' dir='ltr' id='par_1_48' title="bbox 2171 1843 3973 1918">
     <span class='ocr_line' id='line_1_48' title="bbox 2171 1843 3973 1918; baseline -0.001 -19"><span class='ocrx_word' id='word_1_328' title='bbox 2171 1845 2486 1909; x_wconf 69' lang='lat' dir='ltr'><strong>translatae,</strong></span> <span class='ocrx_word' id='word_1_329' title='bbox 2515 1843 2646 1898; x_wconf 90' lang='lat' dir='ltr'><strong>ideo</strong></span> <span class='ocrx_word' id='word_1_330' title='bbox 2685 1843 2774 1898; x_wconf 89' lang='lat' dir='ltr'><strong>vir</strong></span> <span class='ocrx_word' id='word_1_331' title='bbox 2831 1849 3060 1898; x_wconf 90' lang='lat' dir='ltr'><strong>sanctus</strong></span> <span class='ocrx_word' id='word_1_332' title='bbox 3105 1845 3176 1899; x_wconf 93' lang='lat' dir='ltr'><strong>de</strong></span> <span class='ocrx_word' id='word_1_333' title='bbox 3225 1844 3513 1914; x_wconf 87' lang='lat' dir='ltr'><strong>corporali</strong></span> <span class='ocrx_word' id='word_1_334' title='bbox 3563 1845 3688 1914; x_wconf 89' lang='lat' dir='ltr'><strong>ejus</strong></span> <span class='ocrx_word' id='word_1_335' title='bbox 3736 1857 3896 1914; x_wconf 73' lang='lat' dir='ltr'><strong>pras-</strong></span> <span class='ocrx_word' id='word_1_336' title='bbox 3969 1913 3973 1918; x_wconf 27' lang='lat'><strong><em>.</em></strong></span> 
     </span>
    </p>
   </div>
   <div class='ocr_carea' id='block_1_49' title="bbox 2172 1931 3898 2004">
    <p class='ocr_par' dir='ltr' id='par_1_49' title="bbox 2172 1931 3898 2004">
     <span class='ocr_line' id='line_1_49' title="bbox 2172 1931 3898 2004; baseline -0.001 -16"><span class='ocrx_word' id='word_1_337' title='bbox 2172 1932 2357 1988; x_wconf 89' lang='lat' dir='ltr'><strong>sentia</strong></span> <span class='ocrx_word' id='word_1_338' title='bbox 2405 1931 2723 1987; x_wconf 89' lang='lat' dir='ltr'><strong>dubitabat.</strong></span> <span class='ocrx_word' id='word_1_339' title='bbox 2786 1932 3081 2003; x_wconf 90' lang='lat' dir='ltr'><strong>Completa</strong></span> <span class='ocrx_word' id='word_1_340' title='bbox 3137 1934 3332 2004; x_wconf 89' lang='lat' dir='ltr'><strong>itaque</strong></span> <span class='ocrx_word' id='word_1_341' title='bbox 3393 1933 3653 1988; x_wconf 88' lang='lat' dir='ltr'><strong>oratione</strong></span> <span class='ocrx_word' id='word_1_342' title='bbox 3713 1933 3898 1987; x_wconf 91' lang='lat' dir='ltr'><strong>homo</strong></span> 
     </span>
    </p>
   </div>
   <div class='ocr_carea' id='block_1_50' title="bbox 2175 2020 3973 2090">
    <p class='ocr_par' dir='ltr' id='par_1_50' title="bbox 2175 2020 3973 2090">
     <span class='ocr_line' id='line_1_50' title="bbox 2175 2020 3973 2090; baseline -0.001 -14"><span class='ocrx_word' id='word_1_343' title='bbox 2175 2021 2271 2076; x_wconf 85' lang='lat' dir='ltr'><strong>Dei</strong></span> <span class='ocrx_word' id='word_1_344' title='bbox 2296 2021 2365 2075; x_wconf 91' lang='lat' dir='ltr'><strong>ad</strong></span> <span class='ocrx_word' id='word_1_345' title='bbox 2399 2021 2714 2090; x_wconf 87' lang='lat' dir='ltr'><strong>hospitium</strong></span> <span class='ocrx_word' id='word_1_346' title='bbox 2748 2037 2805 2074; x_wconf 92' lang='lat' dir='ltr'><strong>se</strong></span> <span class='ocrx_word' id='word_1_347' title='bbox 2855 2022 3118 2090; x_wconf 91' lang='lat' dir='ltr'><strong>contulit,</strong></span> <span class='ocrx_word' id='word_1_348' title='bbox 3175 2027 3232 2076; x_wconf 90' lang='lat' dir='ltr'><strong>et</strong></span> <span class='ocrx_word' id='word_1_349' title='bbox 3282 2023 3520 2077; x_wconf 86' lang='lat' dir='ltr'><strong>lassatus</strong></span> <span class='ocrx_word' id='word_1_350' title='bbox 3562 2037 3627 2075; x_wconf 92' lang='lat' dir='ltr'><strong>ac</strong></span> <span class='ocrx_word' id='word_1_351' title='bbox 3673 2020 3891 2075; x_wconf 84' lang='lat' dir='ltr'><strong>debili-</strong></span> <span class='ocrx_word' id='word_1_352' title='bbox 3967 2077 3973 2086; x_wconf 64' lang='grc'><strong>,</strong></span> 
     </span>
    </p>
   </div>
   <div class='ocr_carea' id='block_1_51' title="bbox 2173 2109 3896 2181">
    <p class='ocr_par' dir='ltr' id='par_1_51' title="bbox 2173 2109 3896 2181">
     <span class='ocr_line' id='line_1_51' title="bbox 2173 2109 3896 2181; baseline -0.001 -17"><span class='ocrx_word' id='word_1_353' title='bbox 2173 2114 2327 2164; x_wconf 89' lang='lat' dir='ltr'><strong>tatus</strong></span> <span class='ocrx_word' id='word_1_354' title='bbox 2356 2109 2415 2162; x_wconf 92' lang='lat' dir='ltr'><strong>in</strong></span> <span class='ocrx_word' id='word_1_355' title='bbox 2445 2109 2655 2163; x_wconf 91' lang='lat' dir='ltr'><strong>lectulo</strong></span> <span class='ocrx_word' id='word_1_356' title='bbox 2705 2125 2764 2162; x_wconf 93' lang='lat' dir='ltr'><strong>se</strong></span> <span class='ocrx_word' id='word_1_357' title='bbox 2822 2109 3142 2164; x_wconf 89' lang='lat' dir='ltr'><strong>collocavit.</strong></span> <span class='ocrx_word' id='word_1_358' title='bbox 3200 2111 3262 2163; x_wconf 93' lang='lat' dir='ltr'><strong>In</strong></span> <span class='ocrx_word' id='word_1_359' title='bbox 3321 2127 3435 2181; x_wconf 92' lang='lat' dir='ltr'><strong>quo</strong></span> <span class='ocrx_word' id='word_1_360' title='bbox 3491 2110 3896 2175; x_wconf 89' lang='lat' dir='ltr'><strong>obdormiens,</strong></span> 
     </span>
    </p>
   </div>
   <div class='ocr_carea' id='block_1_52' title="bbox 2174 2197 3898 2260">
    <p class='ocr_par' dir='ltr' id='par_1_52' title="bbox 2174 2197 3898 2260">
     <span class='ocr_line' id='line_1_52' title="bbox 2174 2197 3898 2260; baseline 0.002 -11"><span class='ocrx_word' id='word_1_361' title='bbox 2174 2197 2318 2252; x_wconf 92' lang='lat' dir='ltr'><strong>vidit</strong></span> <span class='ocrx_word' id='word_1_362' title='bbox 2350 2201 2610 2251; x_wconf 90' lang='lat' dir='ltr'><strong>sanctum</strong></span> <span class='ocrx_word' id='word_1_363' title='bbox 2662 2197 3032 2252; x_wconf 90' lang='lat' dir='ltr'><strong>Benedictum</strong></span> <span class='ocrx_word' id='word_1_364' title='bbox 3085 2197 3195 2251; x_wconf 89' lang='lat' dir='ltr'><strong>sibi</strong></span> <span class='ocrx_word' id='word_1_365' title='bbox 3225 2199 3508 2260; x_wconf 89' lang='lat' dir='ltr'><strong>assistere,</strong></span> <span class='ocrx_word' id='word_1_366' title='bbox 3563 2203 3620 2252; x_wconf 90' lang='lat' dir='ltr'><strong>et</strong></span> <span class='ocrx_word' id='word_1_367' title='bbox 3668 2198 3898 2252; x_wconf 81' lang='lat' dir='ltr'><strong>ferrum</strong></span> 
     </span>
    </p>
   </div>
   <div class='ocr_carea' id='block_1_53' title="bbox 2175 2284 3904 2356">
    <p class='ocr_par' dir='ltr' id='par_1_53' title="bbox 2175 2284 3904 2356">
     <span class='ocr_line' id='line_1_53' title="bbox 2175 2284 3904 2356; baseline 0 -17"><span class='ocrx_word' id='word_1_368' title='bbox 2175 2285 2483 2340; x_wconf 91' lang='lat' dir='ltr'><strong>sectorium</strong></span> <span class='ocrx_word' id='word_1_369' title='bbox 2542 2285 2610 2339; x_wconf 90' lang='lat' dir='ltr'><strong>ad</strong></span> <span class='ocrx_word' id='word_1_370' title='bbox 2669 2284 3039 2339; x_wconf 91' lang='lat' dir='ltr'><strong>medicinales</strong></span> <span class='ocrx_word' id='word_1_371' title='bbox 3091 2287 3370 2340; x_wconf 90' lang='lat' dir='ltr'><strong>sectiones</strong></span> <span class='ocrx_word' id='word_1_372' title='bbox 3427 2291 3626 2356; x_wconf 88' lang='lat' dir='ltr'><strong>aptum</strong></span> <span class='ocrx_word' id='word_1_373' title='bbox 3712 2302 3904 2340; x_wconf 89' lang='lat' dir='ltr'><strong>manu</strong></span> 
     </span>
    </p>
   </div>
   <div class='ocr_carea' id='block_1_54' title="bbox 2175 2373 3906 2444">
    <p class='ocr_par' dir='ltr' id='par_1_54' title="bbox 2175 2373 3906 2444">
     <span class='ocr_line' id='line_1_54' title="bbox 2175 2373 3906 2444; baseline 0.001 -18"><span class='ocrx_word' id='word_1_374' title='bbox 2175 2378 2392 2439; x_wconf 90' lang='lat' dir='ltr'><strong>tenere,</strong></span> <span class='ocrx_word' id='word_1_375' title='bbox 2415 2373 2516 2444; x_wconf 91' lang='lat' dir='ltr'><strong>qui</strong></span> <span class='ocrx_word' id='word_1_376' title='bbox 2534 2373 2677 2427; x_wconf 83' lang='lat' dir='ltr'><strong>dixit</strong></span> <span class='ocrx_word' id='word_1_377' title='bbox 2705 2374 2757 2427; x_wconf 91' lang='lat' dir='ltr'><strong>ei</strong></span> <span class='ocrx_word' id='word_1_378' title='bbox 2785 2390 2798 2427; x_wconf 88' lang='lat'><strong>:</strong></span> <span class='ocrx_word' id='word_1_379' title='bbox 2830 2373 2974 2439; x_wconf 82' lang='lat' dir='ltr'><strong>Quia</strong></span> <span class='ocrx_word' id='word_1_380' title='bbox 3023 2376 3262 2441; x_wconf 81' lang='lat' dir='ltr'><strong>sperasti</strong></span> <span class='ocrx_word' id='word_1_381' title='bbox 3282 2377 3340 2427; x_wconf 90' lang='lat' dir='ltr'><strong>in</strong></span> <span class='ocrx_word' id='word_1_382' title='bbox 3371 2377 3479 2429; x_wconf 87' lang='lat' dir='ltr'><strong>Deo</strong></span> <span class='ocrx_word' id='word_1_383' title='bbox 3503 2379 3555 2428; x_wconf 86' lang='lat' dir='ltr'><strong>et</strong></span> <span class='ocrx_word' id='word_1_384' title='bbox 3600 2377 3660 2427; x_wconf 89' lang='lat' dir='ltr'><strong>in</strong></span> <span class='ocrx_word' id='word_1_385' title='bbox 3689 2377 3906 2429; x_wconf 78' lang='lat' dir='ltr'><strong>sanctis</strong></span> 
     </span>
    </p>
   </div>
   <div class='ocr_carea' id='block_1_55' title="bbox 2176 2462 3911 2530">
    <p class='ocr_par' dir='ltr' id='par_1_55' title="bbox 2176 2462 3911 2530">
     <span class='ocr_line' id='line_1_55' title="bbox 2176 2462 3911 2530; baseline 0.002 -16"><span class='ocrx_word' id='word_1_386' title='bbox 2176 2462 2315 2530; x_wconf 89' lang='lat' dir='ltr'><strong>ejus,</strong></span> <span class='ocrx_word' id='word_1_387' title='bbox 2346 2477 2459 2516; x_wconf 89' lang='lat' dir='ltr'><strong>ecce</strong></span> <span class='ocrx_word' id='word_1_388' title='bbox 2486 2463 2683 2516; x_wconf 88' lang='lat' dir='ltr'><strong>missus</strong></span> <span class='ocrx_word' id='word_1_389' title='bbox 2712 2477 2834 2516; x_wconf 91' lang='lat' dir='ltr'><strong>sum</strong></span> <span class='ocrx_word' id='word_1_390' title='bbox 2857 2477 2892 2514; x_wconf 93' lang='lat' dir='ltr'><strong>a</strong></span> <span class='ocrx_word' id='word_1_391' title='bbox 2940 2463 3062 2526; x_wconf 90' lang='lat' dir='ltr'><strong>Deo,</strong></span> <span class='ocrx_word' id='word_1_392' title='bbox 3112 2468 3173 2515; x_wconf 89' lang='lat' dir='ltr'><strong>ut</strong></span> <span class='ocrx_word' id='word_1_393' title='bbox 3215 2477 3316 2530; x_wconf 88' lang='lat' dir='ltr'><strong>per</strong></span> <span class='ocrx_word' id='word_1_394' title='bbox 3368 2477 3542 2516; x_wconf 82' lang='lat' dir='ltr'><strong>meam</strong></span> <span class='ocrx_word' id='word_1_395' title='bbox 3569 2462 3911 2517; x_wconf 71' lang='lat' dir='ltr'><strong>medicinam</strong></span> 
     </span>
    </p>
   </div>
   <div class='ocr_carea' id='block_1_56' title="bbox 2178 2548 3910 2618">
    <p class='ocr_par' dir='ltr' id='par_1_56' title="bbox 2178 2548 3910 2618">
     <span class='ocr_line' id='line_1_56' title="bbox 2178 2548 3910 2618; baseline 0.001 -16"><span class='ocrx_word' id='word_1_396' title='bbox 2178 2549 2247 2602; x_wconf 91' lang='lat' dir='ltr'><strong>ab</strong></span> <span class='ocrx_word' id='word_1_397' title='bbox 2275 2548 2595 2618; x_wconf 87' lang='lat' dir='ltr'><strong>inﬁrmitate</strong></span> <span class='ocrx_word' id='word_1_398' title='bbox 2612 2554 2706 2602; x_wconf 90' lang='lat' dir='ltr'><strong>tua</strong></span> <span class='ocrx_word' id='word_1_399' title='bbox 2737 2548 3009 2603; x_wconf 87' lang='lat' dir='ltr'><strong>libereris.</strong></span> <span class='ocrx_word' id='word_1_400' title='bbox 3043 2549 3184 2603; x_wconf 86' lang='lat' dir='ltr'><strong>Ecce</strong></span> <span class='ocrx_word' id='word_1_401' title='bbox 3212 2565 3327 2617; x_wconf 81' lang='lat' dir='ltr'><strong>ego,</strong></span> <span class='ocrx_word' id='word_1_402' title='bbox 3359 2551 3516 2618; x_wconf 86' lang='lat' dir='ltr'><strong>cujus</strong></span> <span class='ocrx_word' id='word_1_403' title='bbox 3544 2565 3668 2604; x_wconf 89' lang='lat' dir='ltr'><strong>ossa</strong></span> <span class='ocrx_word' id='word_1_404' title='bbox 3694 2553 3910 2618; x_wconf 85' lang='lat' dir='ltr'><strong>furtim</strong></span> 
     </span>
    </p>
   </div>
   <div class='ocr_carea' id='block_1_57' title="bbox 2180 2637 3911 2706">
    <p class='ocr_par' dir='ltr' id='par_1_57' title="bbox 2180 2637 3911 2706">
     <span class='ocr_line' id='line_1_57' title="bbox 2180 2637 3911 2706; baseline 0.002 -16"><span class='ocrx_word' id='word_1_405' title='bbox 2180 2637 2399 2690; x_wconf 91' lang='lat' dir='ltr'><strong>sublata</strong></span> <span class='ocrx_word' id='word_1_406' title='bbox 2427 2651 2539 2690; x_wconf 86' lang='lat' dir='ltr'><strong>esse</strong></span> <span class='ocrx_word' id='word_1_407' title='bbox 2596 2637 2853 2706; x_wconf 79' lang='lat' dir='ltr'><strong>putabas,</strong></span> <span class='ocrx_word' id='word_1_408' title='bbox 2894 2639 3241 2706; x_wconf 73' lang='lat' dir='ltr'><strong>praesentiam</strong></span> <span class='ocrx_word' id='word_1_409' title='bbox 3283 2653 3460 2691; x_wconf 88' lang='lat' dir='ltr'><strong>meam</strong></span> <span class='ocrx_word' id='word_1_410' title='bbox 3492 2638 3594 2692; x_wconf 90' lang='lat' dir='ltr'><strong>tibi</strong></span> <span class='ocrx_word' id='word_1_411' title='bbox 3639 2638 3911 2705; x_wconf 70' lang='lat' dir='ltr'><strong>exhibeo,</strong></span> 
     </span>
    </p>
   </div>
   <div class='ocr_carea' id='block_1_58' title="bbox 2181 2726 3907 2793">
    <p class='ocr_par' dir='ltr' id='par_1_58' title="bbox 2181 2726 3907 2793">
     <span class='ocr_line' id='line_1_58' title="bbox 2181 2726 3907 2793; baseline 0.001 -15"><span class='ocrx_word' id='word_1_412' title='bbox 2181 2729 2231 2779; x_wconf 88' lang='lat' dir='ltr'><strong>et</strong></span> <span class='ocrx_word' id='word_1_413' title='bbox 2257 2726 2314 2778; x_wconf 90' lang='lat' dir='ltr'><strong>in</strong></span> <span class='ocrx_word' id='word_1_414' title='bbox 2340 2728 2720 2792; x_wconf 76' lang='lat' dir='ltr'><strong>argumentum</strong></span> <span class='ocrx_word' id='word_1_415' title='bbox 2744 2726 2994 2778; x_wconf 77' lang='lat' dir='ltr'><strong>veritatis</strong></span> <span class='ocrx_word' id='word_1_416' title='bbox 3024 2727 3301 2793; x_wconf 82' lang='lat' dir='ltr'><strong>passiones</strong></span> <span class='ocrx_word' id='word_1_417' title='bbox 3333 2730 3455 2779; x_wconf 90' lang='lat' dir='ltr'><strong>tuas</strong></span> <span class='ocrx_word' id='word_1_418' title='bbox 3503 2727 3724 2780; x_wconf 87' lang='lat' dir='ltr'><strong>curabo.</strong></span> <span class='ocrx_word' id='word_1_419' title='bbox 3763 2727 3907 2781; x_wconf 83' lang='lat' dir='ltr'><strong>Haec</strong></span> 
     </span>
    </p>
   </div>
   <div class='ocr_carea' id='block_1_59' title="bbox 2183 2812 3915 2886">
    <p class='ocr_par' dir='ltr' id='par_1_59' title="bbox 2183 2812 3915 2886">
     <span class='ocr_line' id='line_1_59' title="bbox 2183 2812 3915 2886; baseline 0.003 -19"><span class='ocrx_word' id='word_1_420' title='bbox 2183 2812 2374 2867; x_wconf 90' lang='lat' dir='ltr'><strong>dicens</strong></span> <span class='ocrx_word' id='word_1_421' title='bbox 2401 2817 2626 2882; x_wconf 90' lang='lat' dir='ltr'><strong>partem</strong></span> <span class='ocrx_word' id='word_1_422' title='bbox 2681 2812 2841 2866; x_wconf 91' lang='lat' dir='ltr'><strong>illam</strong></span> <span class='ocrx_word' id='word_1_423' title='bbox 2887 2812 3140 2882; x_wconf 89' lang='lat' dir='ltr'><strong>corporis</strong></span> <span class='ocrx_word' id='word_1_424' title='bbox 3198 2812 3298 2867; x_wconf 92' lang='lat' dir='ltr'><strong>ubi</strong></span> <span class='ocrx_word' id='word_1_425' title='bbox 3343 2814 3592 2868; x_wconf 91' lang='lat' dir='ltr'><strong>calculus</strong></span> <span class='ocrx_word' id='word_1_426' title='bbox 3643 2815 3915 2886; x_wconf 87' lang='lat' dir='ltr'><strong>jacebat.</strong></span> 
     </span>
    </p>
   </div>
   <div class='ocr_carea' id='block_1_60' title="bbox 2186 2900 3919 2973">
    <p class='ocr_par' dir='ltr' id='par_1_60' title="bbox 2186 2900 3919 2973">
     <span class='ocr_line' id='line_1_60' title="bbox 2186 2900 3919 2973; baseline 0.002 -20"><span class='ocrx_word' id='word_1_427' title='bbox 2186 2900 2514 2954; x_wconf 90' lang='lat' dir='ltr'><strong>medicinali</strong></span> <span class='ocrx_word' id='word_1_428' title='bbox 2544 2901 2716 2966; x_wconf 83' lang='lat' dir='ltr'><strong>ferro,</strong></span> <span class='ocrx_word' id='word_1_429' title='bbox 2761 2900 2914 2971; x_wconf 89' lang='lat' dir='ltr'><strong>quod</strong></span> <span class='ocrx_word' id='word_1_430' title='bbox 2965 2916 3142 2954; x_wconf 88' lang='lat' dir='ltr'><strong>manu</strong></span> <span class='ocrx_word' id='word_1_431' title='bbox 3201 2901 3453 2967; x_wconf 90' lang='lat' dir='ltr'><strong>tenebat,</strong></span> <span class='ocrx_word' id='word_1_432' title='bbox 3511 2903 3794 2973; x_wconf 89' lang='lat' dir='ltr'><strong>aperuit;</strong></span> <span class='ocrx_word' id='word_1_433' title='bbox 3858 2909 3919 2957; x_wconf 90' lang='lat' dir='ltr'><strong>et</strong></span> 
     </span>
    </p>
   </div>
   <div class='ocr_carea' id='block_1_61' title="bbox 364 2987 3923 3060">
    <p class='ocr_par' dir='ltr' id='par_1_61' title="bbox 364 2987 3923 3060">
     <span class='ocr_line' id='line_1_61' title="bbox 364 2987 3923 3060; baseline 0.001 -19"><span class='ocrx_word' id='word_1_434' title='bbox 364 2989 624 3060; x_wconf 88' lang='lat' dir='ltr'><strong>principe</strong></span> <span class='ocrx_word' id='word_1_435' title='bbox 656 2989 1051 3060; x_wconf 89' lang='lat' dir='ltr'><strong>episcopatum</strong></span> <span class='ocrx_word' id='word_1_436' title='bbox 1107 2989 1283 3043; x_wconf 82' lang='lat' dir='ltr'><strong>fuisse</strong></span> <span class='ocrx_word' id='word_1_437' title='bbox 1323 2989 1736 3044; x_wconf 88' lang='lat' dir='ltr'><strong>institutumin</strong></span> <span class='ocrx_word' id='word_1_438' title='bbox 1796 2992 1968 3045; x_wconf 82' lang='lat' dir='ltr'><strong>Bubia</strong></span> <span class='ocrx_word' id='word_1_439' title='bbox 1993 2993 2071 3047; x_wconf 79' lang='lat' dir='ltr'><strong>ci-</strong></span> <span class='ocrx_word' id='word_1_440' title='bbox 2113 2992 2152 3047; x_wconf 91' lang='lat' dir='ltr'><strong>C</strong></span> <span class='ocrx_word' id='word_1_441' title='bbox 2186 2988 2381 3042; x_wconf 90' lang='lat' dir='ltr'><strong>evulso</strong></span> <span class='ocrx_word' id='word_1_442' title='bbox 2413 2987 2666 3042; x_wconf 91' lang='lat' dir='ltr'><strong>molliter</strong></span> <span class='ocrx_word' id='word_1_443' title='bbox 2686 2988 2922 3055; x_wconf 89' lang='lat' dir='ltr'><strong>calculo,</strong></span> <span class='ocrx_word' id='word_1_444' title='bbox 2962 2987 3184 3042; x_wconf 90' lang='lat' dir='ltr'><strong>hiatum</strong></span> <span class='ocrx_word' id='word_1_445' title='bbox 3229 2989 3485 3044; x_wconf 88' lang='lat' dir='ltr'><strong>vulneris</strong></span> <span class='ocrx_word' id='word_1_446' title='bbox 3527 2991 3721 3045; x_wconf 89' lang='lat' dir='ltr'><strong>subita</strong></span> <span class='ocrx_word' id='word_1_447' title='bbox 3744 2992 3923 3045; x_wconf 85' lang='lat' dir='ltr'><strong>sani-</strong></span> 
     </span>
    </p>
   </div>
   <div class='ocr_carea' id='block_1_62' title="bbox 363 3076 2074 3146">
    <p class='ocr_par' dir='ltr' id='par_1_62' title="bbox 363 3076 2074 3146">
     <span class='ocr_line' id='line_1_62' title="bbox 363 3076 2074 3146; baseline -0.002 -14"><span class='ocrx_word' id='word_1_448' title='bbox 363 3079 556 3144; x_wconf 89' lang='lat' dir='ltr'><strong>vitate,</strong></span> <span class='ocrx_word' id='word_1_449' title='bbox 607 3079 705 3132; x_wconf 89' lang='lat' dir='ltr'><strong>ubi</strong></span> <span class='ocrx_word' id='word_1_450' title='bbox 732 3078 1083 3133; x_wconf 67' lang='lat' dir='ltr'><strong>Christicolm</strong></span> <span class='ocrx_word' id='word_1_451' title='bbox 1127 3082 1184 3131; x_wconf 91' lang='lat' dir='ltr'><strong>et</strong></span> <span class='ocrx_word' id='word_1_452' title='bbox 1226 3077 1408 3130; x_wconf 89' lang='lat' dir='ltr'><strong>sancti</strong></span> <span class='ocrx_word' id='word_1_453' title='bbox 1451 3077 1802 3131; x_wconf 81' lang='lat' dir='ltr'><strong>confessores</strong></span> <span class='ocrx_word' id='word_1_454' title='bbox 1852 3076 2074 3146; x_wconf 88' lang='lat' dir='ltr'><strong>inclyti,</strong></span> 
     </span>
    </p>
   </div>
   <div class='ocr_carea' id='block_1_63' title="bbox 365 3163 2073 3235">
    <p class='ocr_par' dir='ltr' id='par_1_63' title="bbox 365 3163 2073 3235">
     <span class='ocr_line' id='line_1_63' title="bbox 365 3163 2073 3235; baseline -0.002 -15"><span class='ocrx_word' id='word_1_455' title='bbox 365 3167 752 3221; x_wconf 88' lang='lat' dir='ltr'><strong>Columbanus</strong></span> <span class='ocrx_word' id='word_1_456' title='bbox 818 3172 876 3220; x_wconf 89' lang='lat' dir='ltr'><strong>et</strong></span> <span class='ocrx_word' id='word_1_457' title='bbox 939 3165 1126 3220; x_wconf 77' lang='lat' dir='ltr'><strong>Attala</strong></span> <span class='ocrx_word' id='word_1_458' title='bbox 1217 3165 1594 3235; x_wconf 88' lang='lat' dir='ltr'><strong>corporaliter</strong></span> <span class='ocrx_word' id='word_1_459' title='bbox 1683 3163 2073 3235; x_wconf 88' lang='lat' dir='ltr'><strong>requiescunt,</strong></span> 
     </span>
    </p>
   </div>
   <div class='ocr_carea' id='block_1_64' title="bbox 364 3252 2073 3326">
    <p class='ocr_par' dir='ltr' id='par_1_64' title="bbox 364 3252 2073 3326">
     <span class='ocr_line' id='line_1_64' title="bbox 364 3252 2073 3326; baseline -0.001 -18"><span class='ocrx_word' id='word_1_460' title='bbox 364 3255 540 3326; x_wconf 89' lang='lat' dir='ltr'><strong>idque</strong></span> <span class='ocrx_word' id='word_1_461' title='bbox 569 3253 866 3308; x_wconf 89' lang='lat' dir='ltr'><strong>communi</strong></span> <span class='ocrx_word' id='word_1_462' title='bbox 894 3253 1133 3306; x_wconf 89' lang='lat' dir='ltr'><strong>consilio</strong></span> <span class='ocrx_word' id='word_1_463' title='bbox 1165 3257 1222 3306; x_wconf 90' lang='lat' dir='ltr'><strong>et</strong></span> <span class='ocrx_word' id='word_1_464' title='bbox 1251 3252 1486 3306; x_wconf 89' lang='lat' dir='ltr'><strong>licentia</strong></span> <span class='ocrx_word' id='word_1_465' title='bbox 1506 3252 2073 3324; x_wconf 86' lang='lat' dir='ltr'><strong>comprovincialium</strong></span> 
     </span>
    </p>
   </div>
   <div class='ocr_carea' id='block_1_65' title="bbox 365 3341 2073 3413">
    <p class='ocr_par' dir='ltr' id='par_1_65' title="bbox 365 3341 2073 3413">
     <span class='ocr_line' id='line_1_65' title="bbox 365 3341 2073 3413; baseline -0.001 -17"><span class='ocrx_word' id='word_1_466' title='bbox 365 3344 795 3413; x_wconf 88' lang='lat' dir='ltr'><strong>episcoporum.</strong></span> <span class='ocrx_word' id='word_1_467' title='bbox 841 3363 860 3388; x_wconf 74' lang='grc' dir='ltr'><strong><em>ι</em></strong></span> <span class='ocrx_word' id='word_1_468' title='bbox 919 3341 1091 3394; x_wconf 83' lang='lat' dir='ltr'><strong>Addit</strong></span> <span class='ocrx_word' id='word_1_469' title='bbox 1132 3341 1479 3395; x_wconf 86' lang='lat' dir='ltr'><strong>Trithemius</strong></span> <span class='ocrx_word' id='word_1_470' title='bbox 1509 3341 1566 3394; x_wconf 91' lang='lat' dir='ltr'><strong>in</strong></span> <span class='ocrx_word' id='word_1_471' title='bbox 1613 3341 1897 3395; x_wconf 89' lang='lat' dir='ltr'><strong>Chronico</strong></span> <span class='ocrx_word' id='word_1_472' title='bbox 1942 3341 2073 3394; x_wconf 80' lang='lat' dir='ltr'><strong>Bir-</strong></span> 
     </span>
    </p>
   </div>
   <div class='ocr_carea' id='block_1_66' title="bbox 367 3428 2075 3501">
    <p class='ocr_par' dir='ltr' id='par_1_66' title="bbox 367 3428 2075 3501">
     <span class='ocr_line' id='line_1_66' title="bbox 367 3428 2075 3501; baseline -0.001 -17"><span class='ocrx_word' id='word_1_473' title='bbox 367 3429 655 3501; x_wconf 89' lang='lat' dir='ltr'><strong>saugiensi</strong></span> <span class='ocrx_word' id='word_1_474' title='bbox 701 3430 770 3484; x_wconf 91' lang='lat' dir='ltr'><strong>ad</strong></span> <span class='ocrx_word' id='word_1_475' title='bbox 829 3445 1044 3482; x_wconf 91' lang='lat' dir='ltr'><strong>annum</strong></span> <span class='ocrx_word' id='word_1_476' title='bbox 1107 3431 1235 3482; x_wconf 82' lang='grc'><strong>1007</strong></span> <span class='ocrx_word' id='word_1_477' title='bbox 1299 3445 1506 3482; x_wconf 87' lang='lat' dir='ltr'><strong>novam</strong></span> <span class='ocrx_word' id='word_1_478' title='bbox 1559 3429 1708 3483; x_wconf 89' lang='lat' dir='ltr'><strong>hanc</strong></span> <span class='ocrx_word' id='word_1_479' title='bbox 1755 3429 1948 3482; x_wconf 90' lang='lat' dir='ltr'><strong>sedem</strong></span> <span class='ocrx_word' id='word_1_480' title='bbox 2006 3428 2075 3482; x_wconf 90' lang='lat' dir='ltr'><strong>ab</strong></span> 
     </span>
    </p>
   </div>
   <div class='ocr_carea' id='block_1_67' title="bbox 368 3514 2077 3587">
    <p class='ocr_par' dir='ltr' id='par_1_67' title="bbox 368 3514 2077 3587">
     <span class='ocr_line' id='line_1_67' title="bbox 368 3514 2077 3587; baseline -0.002 -15"><span class='ocrx_word' id='word_1_481' title='bbox 368 3517 570 3572; x_wconf 90' lang='lat' dir='ltr'><strong>codem</strong></span> <span class='ocrx_word' id='word_1_482' title='bbox 594 3517 936 3587; x_wconf 88' lang='lat' dir='ltr'><strong>imperatore</strong></span> <span class='ocrx_word' id='word_1_483' title='bbox 977 3514 1234 3568; x_wconf 89' lang='lat' dir='ltr'><strong>dotatam</strong></span> <span class='ocrx_word' id='word_1_484' title='bbox 1269 3514 1442 3568; x_wconf 84' lang='lat' dir='ltr'><strong>fuisse</strong></span> <span class='ocrx_word' id='word_1_485' title='bbox 1476 3532 1489 3568; x_wconf 90' lang='lat'><strong>:</strong></span> <span class='ocrx_word' id='word_1_486' title='bbox 1533 3516 1810 3584; x_wconf 90' lang='lat' dir='ltr'><strong>locumque</strong></span> <span class='ocrx_word' id='word_1_487' title='bbox 1847 3516 2077 3569; x_wconf 72' lang='lat' dir='ltr'><strong>ecclesiae</strong></span> 
     </span>
    </p>
   </div>
   <div class='ocr_carea' id='block_1_68' title="bbox 367 3601 2075 3674">
    <p class='ocr_par' dir='ltr' id='par_1_68' title="bbox 367 3601 2075 3674">
     <span class='ocr_line' id='line_1_68' title="bbox 367 3601 2075 3674; baseline -0.001 -16"><span class='ocrx_word' id='word_1_488' title='bbox 367 3603 699 3658; x_wconf 82' lang='lat' dir='ltr'><strong>cathedralis</strong></span> <span class='ocrx_word' id='word_1_489' title='bbox 729 3603 905 3657; x_wconf 91' lang='lat' dir='ltr'><strong>alium</strong></span> <span class='ocrx_word' id='word_1_490' title='bbox 936 3617 1053 3655; x_wconf 88' lang='lat' dir='ltr'><strong>non</strong></span> <span class='ocrx_word' id='word_1_491' title='bbox 1093 3601 1267 3656; x_wconf 82' lang='lat' dir='ltr'><strong>fuisse</strong></span> <span class='ocrx_word' id='word_1_492' title='bbox 1310 3619 1339 3655; x_wconf 91' lang='lat' dir='ltr'><strong>a</strong></span> <span class='ocrx_word' id='word_1_493' title='bbox 1371 3603 1629 3657; x_wconf 76' lang='lat' dir='ltr'><strong>coenobio</strong></span> <span class='ocrx_word' id='word_1_494' title='bbox 1674 3603 1828 3674; x_wconf 90' lang='lat' dir='ltr'><strong>quod</strong></span> <span class='ocrx_word' id='word_1_495' title='bbox 1875 3603 2075 3657; x_wconf 76' lang='lat' dir='ltr'><strong>beatus</strong></span> 
     </span>
    </p>
   </div>
   <div class='ocr_carea' id='block_1_69' title="bbox 363 3691 2074 3755">
    <p class='ocr_par' dir='ltr' id='par_1_69' title="bbox 363 3691 2074 3755">
     <span class='ocr_line' id='line_1_69' title="bbox 363 3691 2074 3755; baseline 0.001 -10"><span class='ocrx_word' id='word_1_496' title='bbox 363 3691 754 3747; x_wconf 90' lang='lat' dir='ltr'><strong>Columbanus</strong></span> <span class='ocrx_word' id='word_1_497' title='bbox 822 3695 1238 3755; x_wconf 85' lang='lat' dir='ltr'><strong>construxerat,</strong></span> <span class='ocrx_word' id='word_1_498' title='bbox 1290 3708 1324 3744; x_wconf 94' lang='lat' dir='ltr'><strong>a</strong></span> <span class='ocrx_word' id='word_1_499' title='bbox 1379 3693 1729 3746; x_wconf 81' lang='lat' dir='ltr'><strong>multitudine</strong></span> <span class='ocrx_word' id='word_1_500' title='bbox 1787 3693 2074 3746; x_wconf 83' lang='lat' dir='ltr'><strong>monacho-</strong></span> 
     </span>
    </p>
   </div>
   <div class='ocr_carea' id='block_1_70' title="bbox 364 3778 2076 3851">
    <p class='ocr_par' dir='ltr' id='par_1_70' title="bbox 364 3778 2076 3851">
     <span class='ocr_line' id='line_1_70' title="bbox 364 3778 2076 3851; baseline 0.001 -17"><span class='ocrx_word' id='word_1_501' title='bbox 364 3795 488 3835; x_wconf 88' lang='lat' dir='ltr'><strong>rum</strong></span> <span class='ocrx_word' id='word_1_502' title='bbox 538 3783 641 3835; x_wconf 88' lang='lat' dir='ltr'><strong>Deo</strong></span> <span class='ocrx_word' id='word_1_503' title='bbox 669 3782 1018 3836; x_wconf 81' lang='lat' dir='ltr'><strong>servientium</strong></span> <span class='ocrx_word' id='word_1_504' title='bbox 1065 3778 1407 3845; x_wconf 87' lang='lat' dir='ltr'><strong>inhabitato,</strong></span> <span class='ocrx_word' id='word_1_505' title='bbox 1453 3796 1597 3851; x_wconf 88' lang='lat' dir='ltr'><strong>quos</strong></span> <span class='ocrx_word' id='word_1_506' title='bbox 1626 3780 1752 3834; x_wconf 90' lang='lat' dir='ltr'><strong>ideo</strong></span> <span class='ocrx_word' id='word_1_507' title='bbox 1783 3779 2076 3835; x_wconf 80' lang='lat' dir='ltr'><strong>monachos</strong></span> 
     </span>
    </p>
   </div>
   <div class='ocr_carea' id='block_1_71' title="bbox 365 3868 2074 3937">
    <p class='ocr_par' dir='ltr' id='par_1_71' title="bbox 365 3868 2074 3937">
     <span class='ocr_line' id='line_1_71' title="bbox 365 3868 2074 3937; baseline 0.001 -16"><span class='ocrx_word' id='word_1_508' title='bbox 365 3869 612 3922; x_wconf 88' lang='lat' dir='ltr'><strong>electores</strong></span> <span class='ocrx_word' id='word_1_509' title='bbox 642 3871 918 3923; x_wconf 81' lang='lat' dir='ltr'><strong>constituit</strong></span> <span class='ocrx_word' id='word_1_510' title='bbox 943 3883 1054 3923; x_wconf 90' lang='lat' dir='ltr'><strong>esse</strong></span> <span class='ocrx_word' id='word_1_511' title='bbox 1100 3870 1380 3937; x_wconf 85' lang='lat' dir='ltr'><strong>pontiﬁcis</strong></span> <span class='ocrx_word' id='word_1_512' title='bbox 1433 3869 1562 3922; x_wconf 67' lang='lat' dir='ltr'><strong>Haec</strong></span> <span class='ocrx_word' id='word_1_513' title='bbox 1589 3868 1708 3922; x_wconf 91' lang='lat' dir='ltr'><strong>ille.</strong></span> <span class='ocrx_word' id='word_1_514' title='bbox 1735 3869 1912 3922; x_wconf 89' lang='lat' dir='ltr'><strong>Porro</strong></span> <span class='ocrx_word' id='word_1_515' title='bbox 1946 3884 2074 3922; x_wconf 90' lang='lat' dir='ltr'><strong>mu-</strong></span> 
     </span>
    </p>
   </div>
   <div class='ocr_carea' id='block_1_72' title="bbox 367 3955 2074 4025">
    <p class='ocr_par' dir='ltr' id='par_1_72' title="bbox 367 3955 2074 4025">
     <span class='ocr_line' id='line_1_72' title="bbox 367 3955 2074 4025; baseline 0.001 -16"><span class='ocrx_word' id='word_1_516' title='bbox 367 3961 483 4010; x_wconf 88' lang='lat' dir='ltr'><strong>tata</strong></span> <span class='ocrx_word' id='word_1_517' title='bbox 520 3956 890 4025; x_wconf 88' lang='lat' dir='ltr'><strong>postmodum</strong></span> <span class='ocrx_word' id='word_1_518' title='bbox 948 3955 1058 4009; x_wconf 88' lang='lat' dir='ltr'><strong>fuit</strong></span> <span class='ocrx_word' id='word_1_519' title='bbox 1104 3955 1226 4008; x_wconf 74' lang='lat' dir='ltr'><strong>haec</strong></span> <span class='ocrx_word' id='word_1_520' title='bbox 1274 3971 1308 4008; x_wconf 90' lang='lat' dir='ltr'><strong>a</strong></span> <span class='ocrx_word' id='word_1_521' title='bbox 1351 3955 1518 4009; x_wconf 90' lang='lat' dir='ltr'><strong>beato</strong></span> <span class='ocrx_word' id='word_1_522' title='bbox 1580 3955 1705 4009; x_wconf 87' lang='lat' dir='ltr'><strong>viro</strong></span> <span class='ocrx_word' id='word_1_523' title='bbox 1766 3956 2074 4010; x_wconf 89' lang='lat' dir='ltr'><strong>constituta</strong></span> 
     </span>
    </p>
   </div>
   <div class='ocr_carea' id='block_1_73' title="bbox 365 4041 2073 4113">
    <p class='ocr_par' dir='ltr' id='par_1_73' title="bbox 365 4041 2073 4113">
     <span class='ocr_line' id='line_1_73' title="bbox 365 4041 2073 4113; baseline 0.001 -17"><span class='ocrx_word' id='word_1_524' title='bbox 365 4059 560 4098; x_wconf 88' lang='lat' dir='ltr'><strong>rerum</strong></span> <span class='ocrx_word' id='word_1_525' title='bbox 603 4042 927 4113; x_wconf 90' lang='lat' dir='ltr'><strong>dispositio,</strong></span> <span class='ocrx_word' id='word_1_526' title='bbox 973 4059 1107 4096; x_wconf 90' lang='lat' dir='ltr'><strong>cum</strong></span> <span class='ocrx_word' id='word_1_527' title='bbox 1152 4041 1388 4096; x_wconf 90' lang='lat' dir='ltr'><strong>ecclesia</strong></span> <span class='ocrx_word' id='word_1_528' title='bbox 1417 4043 1760 4098; x_wconf 88' lang='lat' dir='ltr'><strong>cathedralis</strong></span> <span class='ocrx_word' id='word_1_529' title='bbox 1793 4061 1822 4098; x_wconf 90' lang='lat' dir='ltr'><strong>a</strong></span> <span class='ocrx_word' id='word_1_530' title='bbox 1870 4059 2073 4098; x_wconf 89' lang='lat' dir='ltr'><strong>mona-</strong></span> 
     </span>
    </p>
   </div>
   <div class='ocr_carea' id='block_1_74' title="bbox 367 4129 2074 4201">
    <p class='ocr_par' dir='ltr' id='par_1_74' title="bbox 367 4129 2074 4201">
     <span class='ocr_line' id='line_1_74' title="bbox 367 4129 2074 4201; baseline 0.002 -18"><span class='ocrx_word' id='word_1_531' title='bbox 367 4131 539 4186; x_wconf 89' lang='lat' dir='ltr'><strong>sterio</strong></span> <span class='ocrx_word' id='word_1_532' title='bbox 596 4131 706 4184; x_wconf 85' lang='lat' dir='ltr'><strong>fuit</strong></span> <span class='ocrx_word' id='word_1_533' title='bbox 752 4131 1030 4200; x_wconf 90' lang='lat' dir='ltr'><strong>sejuncta,</strong></span> <span class='ocrx_word' id='word_1_534' title='bbox 1086 4135 1259 4201; x_wconf 87' lang='lat' dir='ltr'><strong>atque</strong></span> <span class='ocrx_word' id='word_1_535' title='bbox 1305 4129 1536 4200; x_wconf 91' lang='lat' dir='ltr'><strong>utrique</strong></span> <span class='ocrx_word' id='word_1_536' title='bbox 1582 4131 1707 4186; x_wconf 92' lang='lat' dir='ltr'><strong>loco</strong></span> <span class='ocrx_word' id='word_1_537' title='bbox 1737 4149 1875 4186; x_wconf 91' lang='lat' dir='ltr'><strong>suus</strong></span> <span class='ocrx_word' id='word_1_538' title='bbox 1908 4133 2074 4187; x_wconf 90' lang='lat' dir='ltr'><strong>datus</strong></span> 
     </span>
    </p>
   </div>
   <div class='ocr_carea' id='block_1_75' title="bbox 368 4218 2072 4292">
    <p class='ocr_par' dir='ltr' id='par_1_75' title="bbox 368 4218 2072 4292">
     <span class='ocr_line' id='line_1_75' title="bbox 368 4218 2072 4292; baseline 0.002 -20"><span class='ocrx_word' id='word_1_539' title='bbox 368 4225 454 4273; x_wconf 91' lang='lat' dir='ltr'><strong>est</strong></span> <span class='ocrx_word' id='word_1_540' title='bbox 470 4219 795 4290; x_wconf 69' lang='lat' dir='ltr'><strong>praefectus.</strong></span> <span class='ocrx_word' id='word_1_541' title='bbox 838 4218 971 4282; x_wconf 68' lang='lat' dir='ltr'><strong>Quae</strong></span> <span class='ocrx_word' id='word_1_542' title='bbox 1006 4234 1097 4273; x_wconf 90' lang='lat' dir='ltr'><strong>res</strong></span> <span class='ocrx_word' id='word_1_543' title='bbox 1153 4233 1393 4288; x_wconf 87' lang='lat' dir='ltr'><strong>magnas</strong></span> <span class='ocrx_word' id='word_1_544' title='bbox 1427 4219 1555 4272; x_wconf 91' lang='lat' dir='ltr'><strong>lites</strong></span> <span class='ocrx_word' id='word_1_545' title='bbox 1599 4218 1747 4274; x_wconf 90' lang='lat' dir='ltr'><strong>inter</strong></span> <span class='ocrx_word' id='word_1_546' title='bbox 1773 4221 2072 4292; x_wconf 91' lang='lat' dir='ltr'><strong>episcopos</strong></span> 
     </span>
    </p>
   </div>
   <div class='ocr_carea' id='block_1_76' title="bbox 366 4305 2072 4370">
    <p class='ocr_par' dir='ltr' id='par_1_76' title="bbox 366 4305 2072 4370">
     <span class='ocr_line' id='line_1_76' title="bbox 366 4305 2072 4370; baseline 0.003 -11"><span class='ocrx_word' id='word_1_547' title='bbox 366 4311 425 4360; x_wconf 88' lang='lat' dir='ltr'><strong>et</strong></span> <span class='ocrx_word' id='word_1_548' title='bbox 470 4306 701 4361; x_wconf 88' lang='lat' dir='ltr'><strong>abbates</strong></span> <span class='ocrx_word' id='word_1_549' title='bbox 763 4305 1066 4361; x_wconf 90' lang='lat' dir='ltr'><strong>Bobienses</strong></span> <span class='ocrx_word' id='word_1_550' title='bbox 1143 4312 1595 4370; x_wconf 85' lang='lat' dir='ltr'><strong>commoverunt,</strong></span> <span class='ocrx_word' id='word_1_551' title='bbox 1676 4308 1768 4362; x_wconf 88' lang='lat' dir='ltr'><strong>vix</strong></span> <span class='ocrx_word' id='word_1_552' title='bbox 1840 4308 2072 4364; x_wconf 90' lang='lat' dir='ltr'><strong>tandem</strong></span> 
     </span>
    </p>
   </div>
   <div class='ocr_carea' id='block_1_77' title="bbox 366 4395 1860 4465">
    <p class='ocr_par' dir='ltr' id='par_1_77' title="bbox 366 4395 1860 4465">
     <span class='ocr_line' id='line_1_77' title="bbox 366 4395 1860 4465; baseline 0.003 -18"><span class='ocrx_word' id='word_1_553' title='bbox 366 4410 727 4450; x_wconf 84' lang='lat' dir='ltr'><strong>summorum</strong></span> <span class='ocrx_word' id='word_1_554' title='bbox 757 4395 1097 4464; x_wconf 88' lang='lat' dir='ltr'><strong>pontiﬁcum</strong></span> <span class='ocrx_word' id='word_1_555' title='bbox 1129 4395 1466 4449; x_wconf 90' lang='lat' dir='ltr'><strong>auctoritate</strong></span> <span class='ocrx_word' id='word_1_556' title='bbox 1487 4412 1860 4465; x_wconf 89' lang='lat' dir='ltr'><strong>compressas.</strong></span> 
     </span>
    </p>
   </div>
   <div class='ocr_carea' id='block_1_78' title="bbox 436 4483 2076 4554">
    <p class='ocr_par' dir='ltr' id='par_1_78' title="bbox 436 4483 2076 4554">
     <span class='ocr_line' id='line_1_78' title="bbox 436 4483 2076 4554; baseline 0.001 -17"><span class='ocrx_word' id='word_1_557' title='bbox 436 4486 494 4537; x_wconf 90' lang='lat'><strong>6.</strong></span> <span class='ocrx_word' id='word_1_558' title='bbox 538 4483 636 4536; x_wconf 87' lang='lat' dir='ltr'><strong>Hic</strong></span> <span class='ocrx_word' id='word_1_559' title='bbox 674 4497 808 4537; x_wconf 88' lang='lat' dir='ltr'><strong>vero</strong></span> <span class='ocrx_word' id='word_1_560' title='bbox 830 4483 1094 4537; x_wconf 90' lang='lat' dir='ltr'><strong>omittere</strong></span> <span class='ocrx_word' id='word_1_561' title='bbox 1142 4499 1260 4536; x_wconf 92' lang='lat' dir='ltr'><strong>non</strong></span> <span class='ocrx_word' id='word_1_562' title='bbox 1305 4484 1437 4537; x_wconf 92' lang='lat' dir='ltr'><strong>licet</strong></span> <span class='ocrx_word' id='word_1_563' title='bbox 1479 4483 1706 4554; x_wconf 84' lang='lat' dir='ltr'><strong>insigne</strong></span> <span class='ocrx_word' id='word_1_564' title='bbox 1734 4484 2076 4540; x_wconf 90' lang='lat' dir='ltr'><strong>miraculum</strong></span> 
     </span>
    </p>
   </div>
   <div class='ocr_carea' id='block_1_79' title="bbox 369 4559 2078 4642">
    <p class='ocr_par' dir='ltr' id='par_1_79' title="bbox 369 4559 2078 4642">
     <span class='ocr_line' id='line_1_79' title="bbox 369 4559 2078 4642; baseline 0.002 -18"><span class='ocrx_word' id='word_1_565' title='bbox 369 4559 610 4642; x_wconf 82' lang='lat' dir='ltr'><strong>quodin</strong></span> <span class='ocrx_word' id='word_1_566' title='bbox 656 4570 762 4625; x_wconf 89' lang='lat' dir='ltr'><strong>hac</strong></span> <span class='ocrx_word' id='word_1_567' title='bbox 813 4572 1009 4626; x_wconf 89' lang='lat' dir='ltr'><strong>Italica</strong></span> <span class='ocrx_word' id='word_1_568' title='bbox 1048 4571 1412 4642; x_wconf 84' lang='lat' dir='ltr'><strong>expeditione</strong></span> <span class='ocrx_word' id='word_1_569' title='bbox 1474 4572 1687 4626; x_wconf 85' lang='lat' dir='ltr'><strong>factum</strong></span> <span class='ocrx_word' id='word_1_570' title='bbox 1737 4578 1821 4626; x_wconf 92' lang='lat' dir='ltr'><strong>est</strong></span> <span class='ocrx_word' id='word_1_571' title='bbox 1859 4573 2078 4627; x_wconf 88' lang='lat' dir='ltr'><strong>meritis</strong></span> 
     </span>
    </p>
   </div>
   <div class='ocr_carea' id='block_1_80' title="bbox 367 4658 2076 4730">
    <p class='ocr_par' dir='ltr' id='par_1_80' title="bbox 367 4658 2076 4730">
     <span class='ocr_line' id='line_1_80' title="bbox 367 4658 2076 4730; baseline 0.001 -17"><span class='ocrx_word' id='word_1_572' title='bbox 367 4658 521 4713; x_wconf 89' lang='lat' dir='ltr'><strong>beati</strong></span> <span class='ocrx_word' id='word_1_573' title='bbox 549 4658 735 4712; x_wconf 86' lang='lat' dir='ltr'><strong>Patris</strong></span> <span class='ocrx_word' id='word_1_574' title='bbox 758 4659 1067 4725; x_wconf 89' lang='lat' dir='ltr'><strong>Benedicti,</strong></span> <span class='ocrx_word' id='word_1_575' title='bbox 1119 4659 1220 4730; x_wconf 93' lang='lat' dir='ltr'><strong>qui</strong></span> <span class='ocrx_word' id='word_1_576' title='bbox 1267 4659 1676 4730; x_wconf 91' lang='lat' dir='ltr'><strong>imperatorem</strong></span> <span class='ocrx_word' id='word_1_577' title='bbox 1734 4661 1923 4715; x_wconf 90' lang='lat' dir='ltr'><strong>ordini</strong></span> <span class='ocrx_word' id='word_1_578' title='bbox 1973 4677 2076 4716; x_wconf 92' lang='lat' dir='ltr'><strong>suo</strong></span> 
     </span>
    </p>
   </div>
   <div class='ocr_carea' id='block_1_81' title="bbox 370 4745 2078 4817">
    <p class='ocr_par' dir='ltr' id='par_1_81' title="bbox 370 4745 2078 4817">
     <span class='ocr_line' id='line_1_81' title="bbox 370 4745 2078 4817; baseline 0.004 -20"><span class='ocrx_word' id='word_1_579' title='bbox 370 4745 818 4800; x_wconf 87' lang='lat' dir='ltr'><strong>addictissimum</strong></span> <span class='ocrx_word' id='word_1_580' title='bbox 870 4747 1073 4801; x_wconf 88' lang='lat' dir='ltr'><strong>calculi</strong></span> <span class='ocrx_word' id='word_1_581' title='bbox 1121 4746 1322 4800; x_wconf 89' lang='lat' dir='ltr'><strong>morbo</strong></span> <span class='ocrx_word' id='word_1_582' title='bbox 1356 4747 1640 4802; x_wconf 77' lang='lat' dir='ltr'><strong>dirissima</strong></span> <span class='ocrx_word' id='word_1_583' title='bbox 1680 4753 1968 4817; x_wconf 82' lang='lat' dir='ltr'><strong>vexatum,</strong></span> <span class='ocrx_word' id='word_1_584' title='bbox 2017 4749 2078 4804; x_wconf 91' lang='lat' dir='ltr'><strong>in</strong></span> 
     </span>
    </p>
   </div>
   <div class='ocr_carea' id='block_1_82' title="bbox 369 4831 2078 4909">
    <p class='ocr_par' dir='ltr' id='par_1_82' title="bbox 369 4831 2078 4909">
     <span class='ocr_line' id='line_1_82' title="bbox 369 4831 2078 4909; baseline 0.004 -25"><span class='ocrx_word' id='word_1_585' title='bbox 369 4832 496 4901; x_wconf 92' lang='lat' dir='ltr'><strong>ipso</strong></span> <span class='ocrx_word' id='word_1_586' title='bbox 522 4831 813 4886; x_wconf 86' lang='lat' dir='ltr'><strong>Casinensi</strong></span> <span class='ocrx_word' id='word_1_587' title='bbox 864 4835 1234 4903; x_wconf 90' lang='lat' dir='ltr'><strong>monasterio,</strong></span> <span class='ocrx_word' id='word_1_588' title='bbox 1292 4850 1406 4905; x_wconf 91' lang='lat' dir='ltr'><strong>quo</strong></span> <span class='ocrx_word' id='word_1_589' title='bbox 1463 4851 1586 4889; x_wconf 84' lang='lat' dir='ltr'><strong>sese</strong></span> <span class='ocrx_word' id='word_1_590' title='bbox 1631 4836 1761 4906; x_wconf 89' lang='lat' dir='ltr'><strong>pius</strong></span> <span class='ocrx_word' id='word_1_591' title='bbox 1813 4836 2078 4909; x_wconf 88' lang='lat' dir='ltr'><strong>princeps</strong></span> 
     </span>
    </p>
   </div>
   <div class='ocr_carea' id='block_1_83' title="bbox 372 4918 2079 4988">
    <p class='ocr_par' dir='ltr' id='par_1_83' title="bbox 372 4918 2079 4988">
     <span class='ocr_line' id='line_1_83' title="bbox 372 4918 2079 4988; baseline 0.002 -16"><span class='ocrx_word' id='word_1_592' title='bbox 372 4918 663 4988; x_wconf 89' lang='lat' dir='ltr'><strong>deportari</strong></span> <span class='ocrx_word' id='word_1_593' title='bbox 688 4920 952 4988; x_wconf 91' lang='lat' dir='ltr'><strong>jusserat,</strong></span> <span class='ocrx_word' id='word_1_594' title='bbox 985 4921 1216 4975; x_wconf 90' lang='lat' dir='ltr'><strong>sanitati</strong></span> <span class='ocrx_word' id='word_1_595' title='bbox 1257 4922 1530 4976; x_wconf 90' lang='lat' dir='ltr'><strong>restituit.</strong></span> <span class='ocrx_word' id='word_1_596' title='bbox 1562 4923 1678 4976; x_wconf 84' lang='lat' dir='ltr'><strong>Rex</strong></span> <span class='ocrx_word' id='word_1_597' title='bbox 1706 4928 1790 4977; x_wconf 90' lang='lat' dir='ltr'><strong>est</strong></span> <span class='ocrx_word' id='word_1_598' title='bbox 1829 4924 2079 4976; x_wconf 86' lang='lat' dir='ltr'><strong>auctoris</strong></span> 
     </span>
    </p>
   </div>
   <div class='ocr_carea' id='block_1_84' title="bbox 370 5006 2080 5081">
    <p class='ocr_par' dir='ltr' id='par_1_84' title="bbox 370 5006 2080 5081">
     <span class='ocr_line' id='line_1_84' title="bbox 370 5006 2080 5081; baseline 0.002 -20"><span class='ocrx_word' id='word_1_599' title='bbox 370 5006 549 5077; x_wconf 92' lang='lat' dir='ltr'><strong>ipsius</strong></span> <span class='ocrx_word' id='word_1_600' title='bbox 604 5007 743 5060; x_wconf 66' lang='lat' dir='ltr'><strong>Vitae</strong></span> <span class='ocrx_word' id='word_1_601' title='bbox 781 5007 969 5062; x_wconf 91' lang='lat' dir='ltr'><strong>verbis</strong></span> <span class='ocrx_word' id='word_1_602' title='bbox 1022 5009 1344 5075; x_wconf 87' lang='lat' dir='ltr'><strong>referenda,</strong></span> <span class='ocrx_word' id='word_1_603' title='bbox 1389 5009 1488 5080; x_wconf 89' lang='lat' dir='ltr'><strong>qui</strong></span> <span class='ocrx_word' id='word_1_604' title='bbox 1534 5027 1658 5081; x_wconf 86' lang='lat' dir='ltr'><strong>cap.</strong></span> <span class='ocrx_word' id='word_1_605' title='bbox 1707 5013 1776 5064; x_wconf 78' lang='lat'><strong>22</strong></span> <span class='ocrx_word' id='word_1_606' title='bbox 1841 5027 1967 5065; x_wconf 90' lang='lat' dir='ltr'><strong>eam</strong></span> <span class='ocrx_word' id='word_1_607' title='bbox 2000 5009 2080 5064; x_wconf 91' lang='lat' dir='ltr'><strong>sic</strong></span> 
     </span>
    </p>
   </div>
   <div class='ocr_carea' id='block_1_85' title="bbox 371 5095 2077 5170">
    <p class='ocr_par' dir='ltr' id='par_1_85' title="bbox 371 5095 2077 5170">
     <span class='ocr_line' id='line_1_85' title="bbox 371 5095 2077 5170; baseline 0.002 -22"><span class='ocrx_word' id='word_1_608' title='bbox 371 5095 626 5149; x_wconf 88' lang='lat' dir='ltr'><strong>evenisse</strong></span> <span class='ocrx_word' id='word_1_609' title='bbox 679 5100 910 5150; x_wconf 89' lang='lat' dir='ltr'><strong>narrat:</strong></span> <span class='ocrx_word' id='word_1_610' title='bbox 953 5116 980 5148; x_wconf 76' lang='grc' dir='ltr'><strong>(ι</strong></span> <span class='ocrx_word' id='word_1_611' title='bbox 1027 5099 1166 5152; x_wconf 91' lang='lat' dir='ltr'><strong>Cum</strong></span> <span class='ocrx_word' id='word_1_612' title='bbox 1226 5098 1497 5151; x_wconf 82' lang='lat' dir='ltr'><strong>Henricus</strong></span> <span class='ocrx_word' id='word_1_613' title='bbox 1542 5099 1796 5153; x_wconf 90' lang='lat' dir='ltr'><strong>civitates</strong></span> <span class='ocrx_word' id='word_1_614' title='bbox 1855 5098 2077 5170; x_wconf 67' lang='lat' dir='ltr'><strong>Apuliae</strong></span> 
     </span>
    </p>
   </div>
   <div class='ocr_carea' id='block_1_86' title="bbox 371 5182 2079 5257">
    <p class='ocr_par' dir='ltr' id='par_1_86' title="bbox 371 5182 2079 5257">
     <span class='ocr_line' id='line_1_86' title="bbox 371 5182 2079 5257; baseline 0.003 -23"><span class='ocrx_word' id='word_1_615' title='bbox 371 5182 769 5253; x_wconf 88' lang='lat' dir='ltr'><strong>pertransiret,</strong></span> <span class='ocrx_word' id='word_1_616' title='bbox 806 5189 864 5238; x_wconf 91' lang='lat' dir='ltr'><strong>et</strong></span> <span class='ocrx_word' id='word_1_617' title='bbox 888 5200 1016 5254; x_wconf 59' lang='lat' dir='ltr'><strong>quae</strong></span> <span class='ocrx_word' id='word_1_618' title='bbox 1066 5185 1134 5240; x_wconf 90' lang='lat' dir='ltr'><strong>ad</strong></span> <span class='ocrx_word' id='word_1_619' title='bbox 1166 5185 1476 5240; x_wconf 90' lang='lat' dir='ltr'><strong>utilitatem</strong></span> <span class='ocrx_word' id='word_1_620' title='bbox 1507 5191 1564 5241; x_wconf 89' lang='lat' dir='ltr'><strong>et</strong></span> <span class='ocrx_word' id='word_1_621' title='bbox 1609 5187 1888 5241; x_wconf 89' lang='lat' dir='ltr'><strong>honorem</strong></span> <span class='ocrx_word' id='word_1_622' title='bbox 1914 5185 2079 5257; x_wconf 82' lang='lat' dir='ltr'><strong>regni</strong></span> 
     </span>
    </p>
   </div>
   <div class='ocr_carea' id='block_1_87' title="bbox 369 5270 2080 5346">
    <p class='ocr_par' dir='ltr' id='par_1_87' title="bbox 369 5270 2080 5346">
     <span class='ocr_line' id='line_1_87' title="bbox 369 5270 2080 5346; baseline 0.003 -23"><span class='ocrx_word' id='word_1_623' title='bbox 369 5270 754 5339; x_wconf 90' lang='lat' dir='ltr'><strong>pertinebant,</strong></span> <span class='ocrx_word' id='word_1_624' title='bbox 787 5271 850 5324; x_wconf 89' lang='lat' dir='ltr'><strong>in</strong></span> <span class='ocrx_word' id='word_1_625' title='bbox 888 5272 969 5325; x_wconf 91' lang='lat' dir='ltr'><strong>eis</strong></span> <span class='ocrx_word' id='word_1_626' title='bbox 999 5273 1448 5342; x_wconf 88' lang='lat' dir='ltr'><strong>prudentissime</strong></span> <span class='ocrx_word' id='word_1_627' title='bbox 1478 5275 1876 5345; x_wconf 89' lang='lat' dir='ltr'><strong>disposuisset,</strong></span> <span class='ocrx_word' id='word_1_628' title='bbox 1908 5275 2080 5346; x_wconf 69' lang='lat' dir='ltr'><strong>coepit</strong></span> 
     </span>
    </p>
   </div>
   <div class='ocr_carea' id='block_1_88' title="bbox 371 5358 2077 5433">
    <p class='ocr_par' dir='ltr' id='par_1_88' title="bbox 371 5358 2077 5433">
     <span class='ocr_line' id='line_1_88' title="bbox 371 5358 2077 5433; baseline 0.003 -21"><span class='ocrx_word' id='word_1_629' title='bbox 371 5359 434 5411; x_wconf 92' lang='lat' dir='ltr'><strong>in</strong></span> <span class='ocrx_word' id='word_1_630' title='bbox 457 5358 792 5414; x_wconf 88' lang='lat' dir='ltr'><strong>inﬁrmitate</strong></span> <span class='ocrx_word' id='word_1_631' title='bbox 841 5361 1059 5415; x_wconf 77' lang='lat' dir='ltr'><strong>ca’lculi&#39;</strong></span> <span class='ocrx_word' id='word_1_632' title='bbox 1100 5361 1380 5416; x_wconf 90' lang='lat' dir='ltr'><strong>laborare.</strong></span> <span class='ocrx_word' id='word_1_633' title='bbox 1437 5361 1614 5433; x_wconf 84' lang='lat' dir='ltr'><strong>Cujus</strong></span> <span class='ocrx_word' id='word_1_634' title='bbox 1649 5363 1835 5418; x_wconf 90' lang='lat' dir='ltr'><strong>morbi</strong></span> <span class='ocrx_word' id='word_1_635' title='bbox 1866 5364 2077 5418; x_wconf 87' lang='lat' dir='ltr'><strong>moles-</strong></span> 
     </span>
    </p>
   </div>
   <div class='ocr_carea' id='block_1_89' title="bbox 368 5445 2079 5523">
    <p class='ocr_par' dir='ltr' id='par_1_89' title="bbox 368 5445 2079 5523">
     <span class='ocr_line' id='line_1_89' title="bbox 368 5445 2079 5523; baseline 0.004 -23"><span class='ocrx_word' id='word_1_636' title='bbox 368 5445 510 5500; x_wconf 87' lang='lat' dir='ltr'><strong>tiam</strong></span> <span class='ocrx_word' id='word_1_637' title='bbox 539 5448 627 5501; x_wconf 85' lang='lat' dir='ltr'><strong>vir</strong></span> <span class='ocrx_word' id='word_1_638' title='bbox 667 5453 894 5502; x_wconf 90' lang='lat' dir='ltr'><strong>sanctus</strong></span> <span class='ocrx_word' id='word_1_639' title='bbox 949 5452 1110 5503; x_wconf 87' lang='lat' dir='ltr'><strong>tanta</strong></span> <span class='ocrx_word' id='word_1_640' title='bbox 1165 5449 1442 5521; x_wconf 88' lang='lat' dir='ltr'><strong>patientia</strong></span> <span class='ocrx_word' id='word_1_641' title='bbox 1490 5450 1783 5521; x_wconf 89' lang='lat' dir='ltr'><strong>sustinuit,</strong></span> <span class='ocrx_word' id='word_1_642' title='bbox 1839 5456 1900 5506; x_wconf 90' lang='lat' dir='ltr'><strong>ut</strong></span> <span class='ocrx_word' id='word_1_643' title='bbox 1945 5467 2079 5523; x_wconf 88' lang='lat' dir='ltr'><strong>pas-</strong></span> 
     </span>
    </p>
   </div>
   <div class='ocr_carea' id='block_1_90' title="bbox 371 5533 2073 5594">
    <p class='ocr_par' dir='ltr' id='par_1_90' title="bbox 371 5533 2073 5594">
     <span class='ocr_line' id='line_1_90' title="bbox 371 5533 2073 5594; baseline 0.004 -9"><span class='ocrx_word' id='word_1_644' title='bbox 371 5533 560 5587; x_wconf 89' lang='lat' dir='ltr'><strong>siones</strong></span> <span class='ocrx_word' id='word_1_645' title='bbox 619 5536 806 5590; x_wconf 90' lang='lat' dir='ltr'><strong>carnis</strong></span> <span class='ocrx_word' id='word_1_646' title='bbox 866 5537 935 5590; x_wconf 89' lang='lat' dir='ltr'><strong>ad</strong></span> <span class='ocrx_word' id='word_1_647' title='bbox 988 5537 1302 5591; x_wconf 87' lang='lat' dir='ltr'><strong>custodiam</strong></span> <span class='ocrx_word' id='word_1_648' title='bbox 1362 5537 1702 5593; x_wconf 88' lang='lat' dir='ltr'><strong>humilitatis</strong></span> <span class='ocrx_word' id='word_1_649' title='bbox 1753 5556 1783 5593; x_wconf 91' lang='lat' dir='ltr'><strong>a</strong></span> <span class='ocrx_word' id='word_1_650' title='bbox 1817 5535 1929 5594; x_wconf 85' lang='lat' dir='ltr'><strong>Deo</strong></span> <span class='ocrx_word' id='word_1_651' title='bbox 1966 5539 2073 5593; x_wconf 89' lang='lat' dir='ltr'><strong>sibi</strong></span> 
     </span>
    </p>
   </div>
   <div class='ocr_carea' id='block_1_91' title="bbox 2186 3075 3919 3148">
    <p class='ocr_par' dir='ltr' id='par_1_91' title="bbox 2186 3075 3919 3148">
     <span class='ocr_line' id='line_1_91' title="bbox 2186 3075 3919 3148; baseline 0.003 -19"><span class='ocrx_word' id='word_1_652' title='bbox 2186 3081 2301 3130; x_wconf 88' lang='lat' dir='ltr'><strong>tate</strong></span> <span class='ocrx_word' id='word_1_653' title='bbox 2361 3075 2796 3146; x_wconf 88' lang='lat' dir='ltr'><strong>redintegravit,</strong></span> <span class='ocrx_word' id='word_1_654' title='bbox 2848 3077 3249 3147; x_wconf 90' lang='lat' dir='ltr'><strong>calculumque</strong></span> <span class='ocrx_word' id='word_1_655' title='bbox 3321 3093 3494 3148; x_wconf 91' lang='lat' dir='ltr'><strong>quem</strong></span> <span class='ocrx_word' id='word_1_656' title='bbox 3569 3079 3791 3133; x_wconf 90' lang='lat' dir='ltr'><strong>tulerat</strong></span> <span class='ocrx_word' id='word_1_657' title='bbox 3852 3080 3919 3134; x_wconf 91' lang='lat' dir='ltr'><strong>in</strong></span> 
     </span>
    </p>
   </div>
   <div class='ocr_carea' id='block_1_92' title="bbox 2188 3163 3929 3234">
    <p class='ocr_par' dir='ltr' id='par_1_92' title="bbox 2188 3163 3929 3234">
     <span class='ocr_line' id='line_1_92' title="bbox 2188 3163 3929 3234; baseline 0.003 -17"><span class='ocrx_word' id='word_1_658' title='bbox 2188 3181 2359 3218; x_wconf 91' lang='lat' dir='ltr'><strong>manu</strong></span> <span class='ocrx_word' id='word_1_659' title='bbox 2392 3165 2544 3234; x_wconf 88' lang='lat' dir='ltr'><strong>regis</strong></span> <span class='ocrx_word' id='word_1_660' title='bbox 2576 3163 2914 3218; x_wconf 90' lang='lat' dir='ltr'><strong>dormientis</strong></span> <span class='ocrx_word' id='word_1_661' title='bbox 2942 3165 3215 3234; x_wconf 88' lang='lat' dir='ltr'><strong>reposuit.</strong></span> <span class='ocrx_word' id='word_1_662' title='bbox 3249 3165 3373 3229; x_wconf 87' lang='lat' dir='ltr'><strong>Quo</strong></span> <span class='ocrx_word' id='word_1_663' title='bbox 3429 3166 3576 3220; x_wconf 90' lang='lat' dir='ltr'><strong>facto</strong></span> <span class='ocrx_word' id='word_1_664' title='bbox 3632 3166 3929 3222; x_wconf 85' lang='lat' dir='ltr'><strong>Christia-</strong></span> 
     </span>
    </p>
   </div>
   <div class='ocr_carea' id='block_1_93' title="bbox 2183 3251 3926 3324">
    <p class='ocr_par' dir='ltr' id='par_1_93' title="bbox 2183 3251 3926 3324">
     <span class='ocr_line' id='line_1_93' title="bbox 2183 3251 3926 3324; baseline 0.002 -18"><span class='ocrx_word' id='word_1_665' title='bbox 2183 3252 2460 3307; x_wconf 90' lang='lat' dir='ltr'><strong>nissimus</strong></span> <span class='ocrx_word' id='word_1_666' title='bbox 2487 3252 2802 3323; x_wconf 90' lang='lat' dir='ltr'><strong>imperator</strong></span> <span class='ocrx_word' id='word_1_667' title='bbox 2831 3251 3139 3322; x_wconf 90' lang='lat' dir='ltr'><strong>evigilavit,</strong></span> <span class='ocrx_word' id='word_1_668' title='bbox 3202 3256 3259 3307; x_wconf 87' lang='lat' dir='ltr'><strong>et</strong></span> <span class='ocrx_word' id='word_1_669' title='bbox 3316 3259 3668 3324; x_wconf 88' lang='lat' dir='ltr'><strong>pertractans</strong></span> <span class='ocrx_word' id='word_1_670' title='bbox 3703 3271 3926 3310; x_wconf 88' lang='lat' dir='ltr'><strong>secum</strong></span> 
     </span>
    </p>
   </div>
   <div class='ocr_carea' id='block_1_94' title="bbox 2186 3341 3928 3413">
    <p class='ocr_par' dir='ltr' id='par_1_94' title="bbox 2186 3341 3928 3413">
     <span class='ocr_line' id='line_1_94' title="bbox 2186 3341 3928 3413; baseline 0.003 -18"><span class='ocrx_word' id='word_1_671' title='bbox 2186 3357 2316 3411; x_wconf 67' lang='lat' dir='ltr'><strong>quas</strong></span> <span class='ocrx_word' id='word_1_672' title='bbox 2343 3342 2489 3395; x_wconf 87' lang='lat' dir='ltr'><strong>circa</strong></span> <span class='ocrx_word' id='word_1_673' title='bbox 2521 3341 2713 3412; x_wconf 89' lang='lat' dir='ltr'><strong>ipsum</strong></span> <span class='ocrx_word' id='word_1_674' title='bbox 2757 3357 2862 3412; x_wconf 91' lang='lat' dir='ltr'><strong>per</strong></span> <span class='ocrx_word' id='word_1_675' title='bbox 2921 3342 3302 3396; x_wconf 84' lang='lat' dir='ltr'><strong>confessorem</strong></span> <span class='ocrx_word' id='word_1_676' title='bbox 3330 3342 3540 3398; x_wconf 89' lang='lat' dir='ltr'><strong>Christi</strong></span> <span class='ocrx_word' id='word_1_677' title='bbox 3589 3347 3754 3413; x_wconf 90' lang='lat' dir='ltr'><strong>gesta</strong></span> <span class='ocrx_word' id='word_1_678' title='bbox 3786 3345 3928 3400; x_wconf 86' lang='lat' dir='ltr'><strong>fue-</strong></span> 
     </span>
    </p>
   </div>
   <div class='ocr_carea' id='block_1_95' title="bbox 2185 3429 3928 3500">
    <p class='ocr_par' dir='ltr' id='par_1_95' title="bbox 2185 3429 3928 3500">
     <span class='ocr_line' id='line_1_95' title="bbox 2185 3429 3928 3500; baseline 0.003 -18"><span class='ocrx_word' id='word_1_679' title='bbox 2185 3433 2333 3492; x_wconf 88' lang='lat' dir='ltr'><strong>rant,</strong></span> <span class='ocrx_word' id='word_1_680' title='bbox 2366 3429 2680 3500; x_wconf 89' lang='lat' dir='ltr'><strong>vidensque</strong></span> <span class='ocrx_word' id='word_1_681' title='bbox 2729 3429 3010 3483; x_wconf 90' lang='lat' dir='ltr'><strong>calculum</strong></span> <span class='ocrx_word' id='word_1_682' title='bbox 3069 3445 3240 3500; x_wconf 91' lang='lat' dir='ltr'><strong>quem</strong></span> <span class='ocrx_word' id='word_1_683' title='bbox 3291 3447 3462 3484; x_wconf 90' lang='lat' dir='ltr'><strong>manu</strong></span> <span class='ocrx_word' id='word_1_684' title='bbox 3521 3430 3776 3498; x_wconf 88' lang='lat' dir='ltr'><strong>tenebat,</strong></span> <span class='ocrx_word' id='word_1_685' title='bbox 3819 3449 3928 3488; x_wconf 85' lang='lat' dir='ltr'><strong>vo-</strong></span> 
     </span>
    </p>
   </div>
   <div class='ocr_carea' id='block_1_96' title="bbox 2183 3516 3930 3589">
    <p class='ocr_par' dir='ltr' id='par_1_96' title="bbox 2183 3516 3930 3589">
     <span class='ocr_line' id='line_1_96' title="bbox 2183 3516 3930 3589; baseline 0.002 -19"><span class='ocrx_word' id='word_1_686' title='bbox 2183 3516 2330 3570; x_wconf 87' lang='lat' dir='ltr'><strong>cavit</strong></span> <span class='ocrx_word' id='word_1_687' title='bbox 2358 3517 2651 3584; x_wconf 90' lang='lat' dir='ltr'><strong>satellites,</strong></span> <span class='ocrx_word' id='word_1_688' title='bbox 2693 3516 2795 3588; x_wconf 92' lang='lat' dir='ltr'><strong>qui</strong></span> <span class='ocrx_word' id='word_1_689' title='bbox 2843 3517 3001 3588; x_wconf 91' lang='lat' dir='ltr'><strong>regio</strong></span> <span class='ocrx_word' id='word_1_690' title='bbox 3057 3533 3216 3571; x_wconf 89' lang='lat' dir='ltr'><strong>more</strong></span> <span class='ocrx_word' id='word_1_691' title='bbox 3255 3518 3362 3571; x_wconf 90' lang='lat' dir='ltr'><strong>sibi</strong></span> <span class='ocrx_word' id='word_1_692' title='bbox 3395 3534 3623 3589; x_wconf 85' lang='lat' dir='ltr'><strong>semper</strong></span> <span class='ocrx_word' id='word_1_693' title='bbox 3661 3519 3930 3577; x_wconf 89' lang='lat' dir='ltr'><strong>assiste-</strong></span> 
     </span>
    </p>
   </div>
   <div class='ocr_carea' id='block_1_97' title="bbox 2183 3604 3923 3677">
    <p class='ocr_par' dir='ltr' id='par_1_97' title="bbox 2183 3604 3923 3677">
     <span class='ocr_line' id='line_1_97' title="bbox 2183 3604 3923 3677; baseline 0.003 -19"><span class='ocrx_word' id='word_1_694' title='bbox 2183 3605 2340 3671; x_wconf 89' lang='lat' dir='ltr'><strong>bant,</strong></span> <span class='ocrx_word' id='word_1_695' title='bbox 2370 3604 2626 3676; x_wconf 89' lang='lat' dir='ltr'><strong>dixitque</strong></span> <span class='ocrx_word' id='word_1_696' title='bbox 2658 3605 2726 3659; x_wconf 91' lang='lat' dir='ltr'><strong>ad</strong></span> <span class='ocrx_word' id='word_1_697' title='bbox 2757 3619 2856 3660; x_wconf 91' lang='lat' dir='ltr'><strong>eos</strong></span> <span class='ocrx_word' id='word_1_698' title='bbox 2889 3621 2903 3659; x_wconf 91' lang='lat'>:</span> <span class='ocrx_word' id='word_1_699' title='bbox 2931 3606 3216 3675; x_wconf 87' lang='lat' dir='ltr'><strong>Pontiﬁces</strong></span> <span class='ocrx_word' id='word_1_700' title='bbox 3237 3609 3494 3674; x_wconf 86' lang='lat' dir='ltr'><strong>regnique</strong></span> <span class='ocrx_word' id='word_1_701' title='bbox 3524 3607 3706 3662; x_wconf 83' lang='lat' dir='ltr'><strong>nostri</strong></span> <span class='ocrx_word' id='word_1_702' title='bbox 3727 3613 3923 3677; x_wconf 76' lang='lat' dir='ltr'><strong>prin-</strong></span> 
     </span>
    </p>
   </div>
   <div class='ocr_carea' id='block_1_98' title="bbox 2182 3693 3928 3763">
    <p class='ocr_par' dir='ltr' id='par_1_98' title="bbox 2182 3693 3928 3763">
     <span class='ocr_line' id='line_1_98' title="bbox 2182 3693 3928 3763; baseline 0.003 -15"><span class='ocrx_word' id='word_1_703' title='bbox 2182 3695 2324 3763; x_wconf 83' lang='lat' dir='ltr'><strong>cipes</strong></span> <span class='ocrx_word' id='word_1_704' title='bbox 2351 3698 2533 3748; x_wconf 92' lang='lat' dir='ltr'><strong>vocate</strong></span> <span class='ocrx_word' id='word_1_705' title='bbox 2563 3693 2639 3746; x_wconf 86' lang='lat' dir='ltr'><strong>ad</strong></span> <span class='ocrx_word' id='word_1_706' title='bbox 2657 3708 2758 3759; x_wconf 88' lang='lat' dir='ltr'><strong>me,</strong></span> <span class='ocrx_word' id='word_1_707' title='bbox 2795 3699 2852 3748; x_wconf 89' lang='lat' dir='ltr'><strong>ut</strong></span> <span class='ocrx_word' id='word_1_708' title='bbox 2895 3705 3216 3760; x_wconf 83' lang='lat' dir='ltr'><strong>cognoscant</strong></span> <span class='ocrx_word' id='word_1_709' title='bbox 3245 3699 3296 3748; x_wconf 79' lang='lat' dir='ltr'><strong>et</strong></span> <span class='ocrx_word' id='word_1_710' title='bbox 3346 3695 3570 3748; x_wconf 87' lang='lat' dir='ltr'><strong>videant</strong></span> <span class='ocrx_word' id='word_1_711' title='bbox 3614 3697 3928 3753; x_wconf 83' lang='lat' dir='ltr'><strong>mirabilia</strong></span> 
     </span>
    </p>
   </div>
   <div class='ocr_carea' id='block_1_99' title="bbox 2187 3781 3926 3856">
    <p class='ocr_par' dir='ltr' id='par_1_99' title="bbox 2187 3781 3926 3856">
     <span class='ocr_line' id='line_1_99' title="bbox 2187 3781 3926 3856; baseline 0.004 -22"><span class='ocrx_word' id='word_1_712' title='bbox 2187 3781 2308 3846; x_wconf 88' lang='lat' dir='ltr'><strong>Dei,</strong></span> <span class='ocrx_word' id='word_1_713' title='bbox 2343 3796 2462 3850; x_wconf 61' lang='lat' dir='ltr'><strong>qua</strong></span> <span class='ocrx_word' id='word_1_714' title='bbox 2493 3781 2790 3849; x_wconf 73' lang='lat' dir='ltr'><strong>ine/rabilis</strong></span> <span class='ocrx_word' id='word_1_715' title='bbox 2843 3781 3229 3836; x_wconf 84' lang='lat' dir='ltr'><strong>misericordia</strong></span> <span class='ocrx_word' id='word_1_716' title='bbox 3283 3786 3335 3837; x_wconf 89' lang='lat' dir='ltr'><strong>et</strong></span> <span class='ocrx_word' id='word_1_717' title='bbox 3380 3783 3778 3838; x_wconf 82' lang='lat' dir='ltr'><strong>inenarrabilis</strong></span> <span class='ocrx_word' id='word_1_718' title='bbox 3811 3802 3926 3856; x_wconf 86' lang='lat' dir='ltr'><strong>po-</strong></span> 
     </span>
    </p>
   </div>
   <div class='ocr_carea' id='block_1_100' title="bbox 2185 3869 3925 3942">
    <p class='ocr_par' dir='ltr' id='par_1_100' title="bbox 2185 3869 3925 3942">
     <span class='ocr_line' id='line_1_100' title="bbox 2185 3869 3925 3942; baseline 0.004 -21"><span class='ocrx_word' id='word_1_719' title='bbox 2185 3871 2354 3922; x_wconf 88' lang='lat' dir='ltr'><strong>tentia</strong></span> <span class='ocrx_word' id='word_1_720' title='bbox 2382 3869 2500 3937; x_wconf 86' lang='lat' dir='ltr'><strong>ejus</strong></span> <span class='ocrx_word' id='word_1_721' title='bbox 2527 3871 2774 3934; x_wconf 64' lang='lat' dir='ltr'><strong>fecerunt</strong></span> <span class='ocrx_word' id='word_1_722' title='bbox 2798 3870 2858 3922; x_wconf 92' lang='lat' dir='ltr'><strong>in</strong></span> <span class='ocrx_word' id='word_1_723' title='bbox 2885 3885 2986 3923; x_wconf 90' lang='lat' dir='ltr'><strong>me.</strong></span> <span class='ocrx_word' id='word_1_724' title='bbox 3047 3872 3119 3924; x_wconf 82' lang='lat' dir='ltr'><strong>At</strong></span> <span class='ocrx_word' id='word_1_725' title='bbox 3146 3869 3229 3923; x_wconf 92' lang='lat' dir='ltr'><strong>illi</strong></span> <span class='ocrx_word' id='word_1_726' title='bbox 3287 3871 3561 3925; x_wconf 90' lang='lat' dir='ltr'><strong>mandata</strong></span> <span class='ocrx_word' id='word_1_727' title='bbox 3613 3872 3778 3942; x_wconf 87' lang='lat' dir='ltr'><strong>regis</strong></span> <span class='ocrx_word' id='word_1_728' title='bbox 3820 3890 3925 3928; x_wconf 90' lang='lat' dir='ltr'><strong>ce-</strong></span> 
     </span>
    </p>
   </div>
   <div class='ocr_carea' id='block_1_101' title="bbox 2181 3957 3933 4030">
    <p class='ocr_par' dir='ltr' id='par_1_101' title="bbox 2181 3957 3933 4030">
     <span class='ocr_line' id='line_1_101' title="bbox 2181 3957 3933 4030; baseline 0.004 -18"><span class='ocrx_word' id='word_1_729' title='bbox 2181 3957 2287 4012; x_wconf 90' lang='lat' dir='ltr'><strong>leri</strong></span> <span class='ocrx_word' id='word_1_730' title='bbox 2325 3972 2497 4010; x_wconf 90' lang='lat' dir='ltr'><strong>cursu</strong></span> <span class='ocrx_word' id='word_1_731' title='bbox 2520 3957 2871 4028; x_wconf 82' lang='lat' dir='ltr'><strong>perferentes</strong></span> <span class='ocrx_word' id='word_1_732' title='bbox 2898 3957 2969 4012; x_wconf 89' lang='lat' dir='ltr'><strong>ad</strong></span> <span class='ocrx_word' id='word_1_733' title='bbox 3026 3958 3338 4030; x_wconf 87' lang='lat' dir='ltr'><strong>principes,</strong></span> <span class='ocrx_word' id='word_1_734' title='bbox 3374 3959 3778 4030; x_wconf 88' lang='lat' dir='ltr'><strong>perduxerunt</strong></span> <span class='ocrx_word' id='word_1_735' title='bbox 3817 3980 3933 4018; x_wconf 89' lang='lat' dir='ltr'><strong>eos</strong></span> 
     </span>
    </p>
   </div>
   <div class='ocr_carea' id='block_1_102' title="bbox 2185 4045 3929 4119">
    <p class='ocr_par' dir='ltr' id='par_1_102' title="bbox 2185 4045 3929 4119">
     <span class='ocr_line' id='line_1_102' title="bbox 2185 4045 3929 4119; baseline 0.004 -19"><span class='ocrx_word' id='word_1_736' title='bbox 2185 4045 2254 4101; x_wconf 89' lang='lat' dir='ltr'><strong>ad</strong></span> <span class='ocrx_word' id='word_1_737' title='bbox 2283 4061 2499 4116; x_wconf 88' lang='lat' dir='ltr'><strong>regem.</strong></span> <span class='ocrx_word' id='word_1_738' title='bbox 2524 4046 2679 4111; x_wconf 87' lang='lat' dir='ltr'><strong>Quos</strong></span> <span class='ocrx_word' id='word_1_739' title='bbox 2707 4062 2806 4100; x_wconf 91' lang='lat' dir='ltr'><strong>rex</strong></span> <span class='ocrx_word' id='word_1_740' title='bbox 2836 4047 3108 4115; x_wconf 90' lang='lat' dir='ltr'><strong>salutans,</strong></span> <span class='ocrx_word' id='word_1_741' title='bbox 3169 4049 3628 4119; x_wconf 88' lang='lat' dir='ltr'><strong>resalutatusque</strong></span> <span class='ocrx_word' id='word_1_742' title='bbox 3687 4049 3764 4104; x_wconf 90' lang='lat' dir='ltr'><strong>ab</strong></span> <span class='ocrx_word' id='word_1_743' title='bbox 3809 4053 3929 4119; x_wconf 88' lang='lat' dir='ltr'><strong>eis,</strong></span> 
     </span>
    </p>
   </div>
   <div class='ocr_carea' id='block_1_103' title="bbox 2185 4133 3932 4207">
    <p class='ocr_par' dir='ltr' id='par_1_103' title="bbox 2185 4133 3932 4207">
     <span class='ocr_line' id='line_1_103' title="bbox 2185 4133 3932 4207; baseline 0.004 -20"><span class='ocrx_word' id='word_1_744' title='bbox 2185 4133 2264 4188; x_wconf 89' lang='lat' dir='ltr'><strong>sic</strong></span> <span class='ocrx_word' id='word_1_745' title='bbox 2291 4134 2572 4188; x_wconf 90' lang='lat' dir='ltr'><strong>allocutus</strong></span> <span class='ocrx_word' id='word_1_746' title='bbox 2625 4150 2724 4189; x_wconf 93' lang='lat' dir='ltr'><strong>eos</strong></span> <span class='ocrx_word' id='word_1_747' title='bbox 2771 4139 2859 4189; x_wconf 89' lang='lat' dir='ltr'><strong>est</strong></span> <span class='ocrx_word' id='word_1_748' title='bbox 2906 4152 2921 4189; x_wconf 89' lang='lat'><strong>:</strong></span> <span class='ocrx_word' id='word_1_749' title='bbox 2981 4136 3206 4191; x_wconf 86' lang='lat' dir='ltr'><strong>Fratres</strong></span> <span class='ocrx_word' id='word_1_750' title='bbox 3245 4141 3296 4190; x_wconf 88' lang='lat' dir='ltr'><strong>et</strong></span> <span class='ocrx_word' id='word_1_751' title='bbox 3333 4139 3722 4192; x_wconf 86' lang='lat' dir='ltr'><strong>commilitones</strong></span> <span class='ocrx_word' id='word_1_752' title='bbox 3777 4145 3932 4207; x_wconf 86' lang='lat' dir='ltr'><strong>mei,</strong></span> 
     </span>
    </p>
   </div>
   <div class='ocr_carea' id='block_1_104' title="bbox 2103 4221 3933 4318">
    <p class='ocr_par' dir='ltr' id='par_1_104' title="bbox 2103 4221 3933 4318">
     <span class='ocr_line' id='line_1_104' title="bbox 2103 4221 3933 4318; baseline 0.003 -42"><span class='ocrx_word' id='word_1_753' title='bbox 2103 4265 2145 4318; x_wconf 67' lang='grc' dir='ltr'><strong>ι)</strong></span> <span class='ocrx_word' id='word_1_754' title='bbox 2184 4221 2532 4292; x_wconf 86' lang='lat' dir='ltr'><strong>magniﬁcate</strong></span> <span class='ocrx_word' id='word_1_755' title='bbox 2559 4223 2855 4277; x_wconf 89' lang='lat' dir='ltr'><strong>Dominum</strong></span> <span class='ocrx_word' id='word_1_756' title='bbox 2891 4238 3095 4278; x_wconf 88' lang='lat' dir='ltr'><strong>mecum</strong></span> <span class='ocrx_word' id='word_1_757' title='bbox 3141 4229 3191 4278; x_wconf 90' lang='lat' dir='ltr'><strong>et</strong></span> <span class='ocrx_word' id='word_1_758' title='bbox 3219 4226 3516 4279; x_wconf 69' lang='lat' dir='ltr'><strong>exaltemus</strong></span> <span class='ocrx_word' id='word_1_759' title='bbox 3559 4240 3755 4280; x_wconf 86' lang='lat' dir='ltr'><strong>nomen</strong></span> <span class='ocrx_word' id='word_1_760' title='bbox 3797 4231 3933 4298; x_wconf 80' lang='lat' dir='ltr'><strong>ejus</strong></span> 
     </span>
    </p>
   </div>
   <div class='ocr_carea' id='block_1_105' title="bbox 2187 4309 3935 4379">
    <p class='ocr_par' dir='ltr' id='par_1_105' title="bbox 2187 4309 3935 4379">
     <span class='ocr_line' id='line_1_105' title="bbox 2187 4309 3935 4379; baseline 0.006 -17"><span class='ocrx_word' id='word_1_761' title='bbox 2187 4311 2246 4362; x_wconf 88' lang='lat' dir='ltr'><strong>in</strong></span> <span class='ocrx_word' id='word_1_762' title='bbox 2274 4309 2532 4379; x_wconf 83' lang='lat' dir='ltr'><strong>idipsum,</strong></span> <span class='ocrx_word' id='word_1_763' title='bbox 2566 4311 2697 4378; x_wconf 87' lang='lat' dir='ltr'><strong>quia</strong></span> <span class='ocrx_word' id='word_1_764' title='bbox 2717 4312 2834 4379; x_wconf 88' lang='lat' dir='ltr'><strong>ipse</strong></span> <span class='ocrx_word' id='word_1_765' title='bbox 2861 4315 2941 4365; x_wconf 89' lang='lat' dir='ltr'><strong>est</strong></span> <span class='ocrx_word' id='word_1_766' title='bbox 2966 4326 3194 4378; x_wconf 89' lang='lat' dir='ltr'><strong>magnus</strong></span> <span class='ocrx_word' id='word_1_767' title='bbox 3226 4312 3493 4367; x_wconf 85' lang='lat' dir='ltr'><strong>Dominus</strong></span> <span class='ocrx_word' id='word_1_768' title='bbox 3523 4316 3574 4366; x_wconf 89' lang='lat' dir='ltr'><strong>et</strong></span> <span class='ocrx_word' id='word_1_769' title='bbox 3599 4313 3935 4372; x_wconf 81' lang='lat' dir='ltr'><strong>laudabilis</strong></span> 
     </span>
    </p>
   </div>
   <div class='ocr_carea' id='block_1_106' title="bbox 2183 4399 3936 4470">
    <p class='ocr_par' dir='ltr' id='par_1_106' title="bbox 2183 4399 3936 4470">
     <span class='ocr_line' id='line_1_106' title="bbox 2183 4399 3936 4470; baseline 0.006 -20"><span class='ocrx_word' id='word_1_770' title='bbox 2183 4399 2370 4465; x_wconf 87' lang='lat' dir='ltr'><strong>nimis,</strong></span> <span class='ocrx_word' id='word_1_771' title='bbox 2412 4403 2462 4453; x_wconf 90' lang='lat' dir='ltr'><strong>et</strong></span> <span class='ocrx_word' id='word_1_772' title='bbox 2498 4399 2901 4465; x_wconf 83' lang='lat' dir='ltr'><strong>magnitudinis</strong></span> <span class='ocrx_word' id='word_1_773' title='bbox 2931 4399 3048 4468; x_wconf 88' lang='lat' dir='ltr'><strong>ejus</strong></span> <span class='ocrx_word' id='word_1_774' title='bbox 3077 4415 3184 4454; x_wconf 88' lang='lat' dir='ltr'><strong>non</strong></span> <span class='ocrx_word' id='word_1_775' title='bbox 3221 4405 3301 4455; x_wconf 87' lang='lat' dir='ltr'><strong>est</strong></span> <span class='ocrx_word' id='word_1_776' title='bbox 3326 4403 3472 4470; x_wconf 88' lang='lat' dir='ltr'><strong>ﬁnis.</strong></span> <span class='ocrx_word' id='word_1_777' title='bbox 3517 4401 3635 4470; x_wconf 89' lang='lat' dir='ltr'><strong>Ipse</strong></span> <span class='ocrx_word' id='word_1_778' title='bbox 3659 4409 3936 4470; x_wconf 85' lang='lat' dir='ltr'><strong>percutit</strong></span> 
     </span>
    </p>
   </div>
   <div class='ocr_carea' id='block_1_107' title="bbox 2185 4486 3936 4558">
    <p class='ocr_par' dir='ltr' id='par_1_107' title="bbox 2185 4486 3936 4558">
     <span class='ocr_line' id='line_1_107' title="bbox 2185 4486 3936 4558; baseline 0.006 -20"><span class='ocrx_word' id='word_1_779' title='bbox 2185 4491 2234 4539; x_wconf 89' lang='lat' dir='ltr'><strong>et</strong></span> <span class='ocrx_word' id='word_1_780' title='bbox 2264 4487 2507 4539; x_wconf 88' lang='lat' dir='ltr'><strong>medetur</strong></span> <span class='ocrx_word' id='word_1_781' title='bbox 2537 4501 2553 4555; x_wconf 88' lang='lat'><strong>;</strong></span> <span class='ocrx_word' id='word_1_782' title='bbox 2603 4486 2846 4554; x_wconf 86' lang='lat' dir='ltr'><strong>ﬂagellat</strong></span> <span class='ocrx_word' id='word_1_783' title='bbox 2878 4493 3191 4556; x_wconf 85' lang='lat' dir='ltr'><strong>peccatores</strong></span> <span class='ocrx_word' id='word_1_784' title='bbox 3218 4494 3269 4543; x_wconf 89' lang='lat' dir='ltr'><strong>et</strong></span> <span class='ocrx_word' id='word_1_785' title='bbox 3309 4489 3702 4558; x_wconf 63' lang='lat' dir='ltr'><strong>paenitentibus</strong></span> <span class='ocrx_word' id='word_1_786' title='bbox 3743 4496 3936 4549; x_wconf 83' lang='lat' dir='ltr'><strong>mise-</strong></span> 
     </span>
    </p>
   </div>
   <div class='ocr_carea' id='block_1_108' title="bbox 2185 4567 3942 4645">
    <p class='ocr_par' dir='ltr' id='par_1_108' title="bbox 2185 4567 3942 4645">
     <span class='ocr_line' id='line_1_108' title="bbox 2185 4567 3942 4645; baseline 0.006 -19"><span class='ocrx_word' id='word_1_787' title='bbox 2185 4578 2356 4627; x_wconf 88' lang='lat' dir='ltr'><strong>retur.</strong></span> <span class='ocrx_word' id='word_1_788' title='bbox 2382 4575 2535 4628; x_wconf 80' lang='lat' dir='ltr'><strong>IIunc</strong></span> <span class='ocrx_word' id='word_1_789' title='bbox 2593 4567 2851 4628; x_wconf 77' lang='lat' dir='ltr'><strong>hutniliat</strong></span> <span class='ocrx_word' id='word_1_790' title='bbox 2900 4579 2952 4628; x_wconf 83' lang='lat' dir='ltr'><strong>et</strong></span> <span class='ocrx_word' id='word_1_791' title='bbox 2998 4575 3141 4630; x_wconf 85' lang='lat' dir='ltr'><strong>hunc</strong></span> <span class='ocrx_word' id='word_1_792' title='bbox 3196 4578 3426 4643; x_wconf 65' lang='lat' dir='ltr'><strong>exultat,</strong></span> <span class='ocrx_word' id='word_1_793' title='bbox 3471 4579 3603 4645; x_wconf 89' lang='lat' dir='ltr'><strong>quia</strong></span> <span class='ocrx_word' id='word_1_794' title='bbox 3649 4579 3823 4634; x_wconf 80' lang='lat' dir='ltr'><strong>calia:</strong></span> <span class='ocrx_word' id='word_1_795' title='bbox 3872 4586 3942 4637; x_wconf 87' lang='lat' dir='ltr'><strong>in</strong></span> 
     </span>
    </p>
   </div>
   <div class='ocr_carea' id='block_1_109' title="bbox 2187 4651 3977 4735">
    <p class='ocr_par' dir='ltr' id='par_1_109' title="bbox 2187 4651 3977 4735">
     <span class='ocr_line' id='line_1_109' title="bbox 2187 4651 3977 4735; baseline 0.006 -21"><span class='ocrx_word' id='word_1_796' title='bbox 2187 4677 2353 4715; x_wconf 87' lang='lat' dir='ltr'><strong>manu</strong></span> <span class='ocrx_word' id='word_1_797' title='bbox 2383 4663 2597 4735; x_wconf 86' lang='lat' dir='ltr'><strong>Domini</strong></span> <span class='ocrx_word' id='word_1_798' title='bbox 2622 4664 2741 4715; x_wconf 82' lang='lat' dir='ltr'><strong>vini</strong></span> <span class='ocrx_word' id='word_1_799' title='bbox 2761 4664 2900 4716; x_wconf 89' lang='lat' dir='ltr'><strong>meri</strong></span> <span class='ocrx_word' id='word_1_800' title='bbox 2938 4663 3130 4731; x_wconf 85' lang='lat' dir='ltr'><strong>plenus</strong></span> <span class='ocrx_word' id='word_1_801' title='bbox 3168 4667 3346 4718; x_wconf 87' lang='lat' dir='ltr'><strong>misto.</strong></span> <span class='ocrx_word' id='word_1_802' title='bbox 3397 4667 3481 4718; x_wconf 88' lang='lat' dir='ltr'><strong>En</strong></span> <span class='ocrx_word' id='word_1_803' title='bbox 3511 4679 3626 4730; x_wconf 89' lang='lat' dir='ltr'><strong>ego,</strong></span> <span class='ocrx_word' id='word_1_804' title='bbox 3660 4669 3769 4733; x_wconf 89' lang='lat' dir='ltr'><strong>qui</strong></span> <span class='ocrx_word' id='word_1_805' title='bbox 3798 4670 3942 4725; x_wconf 81' lang='lat' dir='ltr'><strong>heri</strong></span> <span class='ocrx_word' id='word_1_806' title='bbox 3971 4651 3977 4670; x_wconf 43' lang='grc'>¹</span> 
     </span>
    </p>
   </div>
   <div class='ocr_carea' id='block_1_110' title="bbox 2187 4751 3939 4819">
    <p class='ocr_par' dir='ltr' id='par_1_110' title="bbox 2187 4751 3939 4819">
     <span class='ocr_line' id='line_1_110' title="bbox 2187 4751 3939 4819; baseline 0.006 -17"><span class='ocrx_word' id='word_1_807' title='bbox 2187 4751 2349 4802; x_wconf 84' lang='lat' dir='ltr'><strong>morti</strong></span> <span class='ocrx_word' id='word_1_808' title='bbox 2376 4751 2666 4817; x_wconf 72' lang='lat' dir='ltr'><strong>proximus</strong></span> <span class='ocrx_word' id='word_1_809' title='bbox 2737 4751 2849 4819; x_wconf 81' lang='lat' dir='ltr'><strong>fui,</strong></span> <span class='ocrx_word' id='word_1_810' title='bbox 2926 4765 3026 4818; x_wconf 82' lang='lat' dir='ltr'><strong>per</strong></span> <span class='ocrx_word' id='word_1_811' title='bbox 3087 4753 3518 4806; x_wconf 67' lang='lat' dir='ltr'><strong>misericordiam</strong></span> <span class='ocrx_word' id='word_1_812' title='bbox 3582 4755 3686 4807; x_wconf 89' lang='lat' dir='ltr'><strong>Dei</strong></span> <span class='ocrx_word' id='word_1_813' title='bbox 3749 4755 3939 4812; x_wconf 79' lang='lat' dir='ltr'><strong>hodie</strong></span> 
     </span>
    </p>
   </div>
   <div class='ocr_carea' id='block_1_111' title="bbox 2187 4838 3941 4908">
    <p class='ocr_par' dir='ltr' id='par_1_111' title="bbox 2187 4838 3941 4908">
     <span class='ocr_line' id='line_1_111' title="bbox 2187 4838 3941 4908; baseline 0.006 -18"><span class='ocrx_word' id='word_1_814' title='bbox 2187 4838 2335 4891; x_wconf 87' lang='lat' dir='ltr'><strong>vobis</strong></span> <span class='ocrx_word' id='word_1_815' title='bbox 2393 4853 2631 4906; x_wconf 72' lang='lat' dir='ltr'><strong>appareo</strong></span> <span class='ocrx_word' id='word_1_816' title='bbox 2696 4853 2882 4904; x_wconf 89' lang='lat' dir='ltr'><strong>sanus,</strong></span> <span class='ocrx_word' id='word_1_817' title='bbox 2931 4843 2983 4892; x_wconf 87' lang='lat' dir='ltr'><strong>et</strong></span> <span class='ocrx_word' id='word_1_818' title='bbox 3038 4842 3283 4894; x_wconf 88' lang='lat' dir='ltr'><strong>aculeum</strong></span> <span class='ocrx_word' id='word_1_819' title='bbox 3329 4843 3542 4908; x_wconf 88' lang='lat' dir='ltr'><strong>mortis,</strong></span> <span class='ocrx_word' id='word_1_820' title='bbox 3598 4857 3765 4908; x_wconf 89' lang='lat' dir='ltr'><strong>quem</strong></span> <span class='ocrx_word' id='word_1_821' title='bbox 3799 4845 3941 4900; x_wconf 81' lang='lat' dir='ltr'><strong>heri</strong></span> 
     </span>
    </p>
   </div>
   <div class='ocr_carea' id='block_1_112' title="bbox 2187 4926 3941 4994">
    <p class='ocr_par' dir='ltr' id='par_1_112' title="bbox 2187 4926 3941 4994">
     <span class='ocr_line' id='line_1_112' title="bbox 2187 4926 3941 4994; baseline 0.005 -15"><span class='ocrx_word' id='word_1_822' title='bbox 2187 4927 2398 4992; x_wconf 85' lang='lat' dir='ltr'><strong>gestavi</strong></span> <span class='ocrx_word' id='word_1_823' title='bbox 2420 4926 2687 4980; x_wconf 88' lang='lat' dir='ltr'><strong>inclusum</strong></span> <span class='ocrx_word' id='word_1_824' title='bbox 2709 4927 2924 4994; x_wconf 87' lang='lat' dir='ltr'><strong>corpori</strong></span> <span class='ocrx_word' id='word_1_825' title='bbox 2959 4940 3094 4992; x_wconf 87' lang='lat' dir='ltr'><strong>meo,</strong></span> <span class='ocrx_word' id='word_1_826' title='bbox 3127 4927 3286 4980; x_wconf 77' lang='lat' dir='ltr'><strong>hodie</strong></span> <span class='ocrx_word' id='word_1_827' title='bbox 3333 4929 3499 4981; x_wconf 87' lang='lat' dir='ltr'><strong>oculis</strong></span> <span class='ocrx_word' id='word_1_828' title='bbox 3537 4931 3740 4982; x_wconf 81' lang='lat' dir='ltr'><strong>vestris</strong></span> <span class='ocrx_word' id='word_1_829' title='bbox 3779 4936 3941 4988; x_wconf 73' lang='lat' dir='ltr'><strong>visi-</strong></span> 
     </span>
    </p>
   </div>
   <div class='ocr_carea' id='block_1_113' title="bbox 2190 5011 3942 5090">
    <p class='ocr_par' dir='ltr' id='par_1_113' title="bbox 2190 5011 3942 5090">
     <span class='ocr_line' id='line_1_113' title="bbox 2190 5011 3942 5090; baseline 0.006 -24"><span class='ocrx_word' id='word_1_830' title='bbox 2190 5013 2372 5067; x_wconf 87' lang='lat' dir='ltr'><strong>biliter</strong></span> <span class='ocrx_word' id='word_1_831' title='bbox 2399 5012 2636 5067; x_wconf 87' lang='lat' dir='ltr'><strong>ostendo.</strong></span> <span class='ocrx_word' id='word_1_832' title='bbox 2672 5013 2803 5066; x_wconf 64' lang='lat' dir='ltr'><strong>Haec</strong></span> <span class='ocrx_word' id='word_1_833' title='bbox 2857 5011 3052 5067; x_wconf 90' lang='lat' dir='ltr'><strong>dicens</strong></span> <span class='ocrx_word' id='word_1_834' title='bbox 3107 5013 3351 5068; x_wconf 87' lang='lat' dir='ltr'><strong>ostendit</strong></span> <span class='ocrx_word' id='word_1_835' title='bbox 3389 5014 3674 5069; x_wconf 85' lang='lat' dir='ltr'><strong>calculum</strong></span> <span class='ocrx_word' id='word_1_836' title='bbox 3731 5034 3942 5090; x_wconf 84' lang='lat' dir='ltr'><strong>quem</strong></span> 
     </span>
    </p>
   </div>
   <div class='ocr_carea' id='block_1_114' title="bbox 2187 5099 3945 5178">
    <p class='ocr_par' dir='ltr' id='par_1_114' title="bbox 2187 5099 3945 5178">
     <span class='ocr_line' id='line_1_114' title="bbox 2187 5099 3945 5178; baseline 0.006 -24"><span class='ocrx_word' id='word_1_837' title='bbox 2187 5116 2362 5154; x_wconf 92' lang='lat' dir='ltr'><strong>manu</strong></span> <span class='ocrx_word' id='word_1_838' title='bbox 2409 5099 2658 5162; x_wconf 84' lang='lat' dir='ltr'><strong>tenebat.</strong></span> <span class='ocrx_word' id='word_1_839' title='bbox 2735 5102 2792 5152; x_wconf 91' lang='lat' dir='ltr'><strong>et</strong></span> <span class='ocrx_word' id='word_1_840' title='bbox 2847 5099 3156 5154; x_wconf 88' lang='lat' dir='ltr'><strong>ostendens</strong></span> <span class='ocrx_word' id='word_1_841' title='bbox 3229 5101 3549 5156; x_wconf 89' lang='lat' dir='ltr'><strong>cicatricem</strong></span> <span class='ocrx_word' id='word_1_842' title='bbox 3623 5105 3945 5178; x_wconf 87' lang='lat' dir='ltr'><strong>vulneris,</strong></span> 
     </span>
    </p>
   </div>
   <div class='ocr_carea' id='block_1_115' title="bbox 2187 5188 3949 5263">
    <p class='ocr_par' dir='ltr' id='par_1_115' title="bbox 2187 5188 3949 5263">
     <span class='ocr_line' id='line_1_115' title="bbox 2187 5188 3949 5263; baseline 0.005 -21"><span class='ocrx_word' id='word_1_843' title='bbox 2187 5188 2384 5242; x_wconf 89' lang='lat' dir='ltr'><strong>omnia</strong></span> <span class='ocrx_word' id='word_1_844' title='bbox 2415 5203 2543 5257; x_wconf 50' lang='lat' dir='ltr'><strong>quas.</strong></span> <span class='ocrx_word' id='word_1_845' title='bbox 2593 5201 2697 5257; x_wconf 89' lang='lat' dir='ltr'><strong>per</strong></span> <span class='ocrx_word' id='word_1_846' title='bbox 2754 5191 3015 5240; x_wconf 89' lang='lat' dir='ltr'><strong>sanctum</strong></span> <span class='ocrx_word' id='word_1_847' title='bbox 3080 5189 3453 5244; x_wconf 91' lang='lat' dir='ltr'><strong>Benedictum</strong></span> <span class='ocrx_word' id='word_1_848' title='bbox 3507 5189 3660 5244; x_wconf 89' lang='lat' dir='ltr'><strong>circa</strong></span> <span class='ocrx_word' id='word_1_849' title='bbox 3715 5193 3949 5263; x_wconf 85' lang='lat' dir='ltr'><strong>ipsum</strong></span> 
     </span>
    </p>
   </div>
   <div class='ocr_carea' id='block_1_116' title="bbox 2187 5273 3945 5345">
    <p class='ocr_par' dir='ltr' id='par_1_116' title="bbox 2187 5273 3945 5345">
     <span class='ocr_line' id='line_1_116' title="bbox 2187 5273 3945 5345; baseline 0.009 -16"><span class='ocrx_word' id='word_1_850' title='bbox 2187 5280 2350 5345; x_wconf 89' lang='lat' dir='ltr'><strong>gesta</strong></span> <span class='ocrx_word' id='word_1_851' title='bbox 2378 5279 2562 5342; x_wconf 90' lang='lat' dir='ltr'><strong>erant,</strong></span> <span class='ocrx_word' id='word_1_852' title='bbox 2595 5273 2815 5327; x_wconf 89' lang='lat' dir='ltr'><strong>cunctis</strong></span> <span class='ocrx_word' id='word_1_853' title='bbox 2844 5274 3210 5329; x_wconf 89' lang='lat' dir='ltr'><strong>audientibus</strong></span> <span class='ocrx_word' id='word_1_854' title='bbox 3239 5293 3307 5330; x_wconf 85' lang='lat' dir='ltr'><strong>ex</strong></span> <span class='ocrx_word' id='word_1_855' title='bbox 3361 5278 3561 5332; x_wconf 92' lang='lat' dir='ltr'><strong>ordine</strong></span> <span class='ocrx_word' id='word_1_856' title='bbox 3595 5279 3945 5343; x_wconf 84' lang='lat' dir='ltr'><strong>referebat.</strong></span> 
     </span>
    </p>
   </div>
   <div class='ocr_carea' id='block_1_117' title="bbox 2259 5361 3947 5443">
    <p class='ocr_par' dir='ltr' id='par_1_117' title="bbox 2259 5361 3947 5443">
     <span class='ocr_line' id='line_1_117' title="bbox 2259 5361 3947 5443; baseline 0.009 -26"><span class='ocrx_word' id='word_1_857' title='bbox 2259 5368 2311 5417; x_wconf 90' lang='lat'><strong>7.</strong></span> <span class='ocrx_word' id='word_1_858' title='bbox 2350 5384 2371 5411; x_wconf 74' lang='grc' dir='ltr'><strong>α</strong></span> <span class='ocrx_word' id='word_1_859' title='bbox 2407 5366 2479 5416; x_wconf 79' lang='lat' dir='ltr'><strong>At</strong></span> <span class='ocrx_word' id='word_1_860' title='bbox 2517 5361 2603 5416; x_wconf 92' lang='lat' dir='ltr'><strong>illi</strong></span> <span class='ocrx_word' id='word_1_861' title='bbox 2631 5361 2889 5416; x_wconf 90' lang='lat' dir='ltr'><strong>videntes</strong></span> <span class='ocrx_word' id='word_1_862' title='bbox 2918 5366 2976 5416; x_wconf 91' lang='lat' dir='ltr'><strong>et</strong></span> <span class='ocrx_word' id='word_1_863' title='bbox 3031 5364 3327 5420; x_wconf 89' lang='lat' dir='ltr'><strong>audientes</strong></span> <span class='ocrx_word' id='word_1_864' title='bbox 3376 5365 3669 5421; x_wconf 87' lang='lat' dir='ltr'><strong>mirabilia</strong></span> <span class='ocrx_word' id='word_1_865' title='bbox 3706 5370 3853 5443; x_wconf 83' lang='lat' dir='ltr'><strong>Dei,</strong></span> <span class='ocrx_word' id='word_1_866' title='bbox 3883 5383 3947 5432; x_wconf 89' lang='lat' dir='ltr'><strong>et</strong></span> 
     </span>
    </p>
   </div>
   <div class='ocr_carea' id='block_1_118' title="bbox 2186 5449 3946 5521">
    <p class='ocr_par' dir='ltr' id='par_1_118' title="bbox 2186 5449 3946 5521">
     <span class='ocr_line' id='line_1_118' title="bbox 2186 5449 3946 5521; baseline 0.008 -17"><span class='ocrx_word' id='word_1_867' title='bbox 2186 5450 2496 5521; x_wconf 87' lang='lat' dir='ltr'><strong>plusquam</strong></span> <span class='ocrx_word' id='word_1_868' title='bbox 2526 5449 2682 5504; x_wconf 92' lang='lat' dir='ltr'><strong>credi</strong></span> <span class='ocrx_word' id='word_1_869' title='bbox 2713 5452 2901 5520; x_wconf 90' lang='lat' dir='ltr'><strong>potest</strong></span> <span class='ocrx_word' id='word_1_870' title='bbox 2929 5449 3197 5506; x_wconf 88' lang='lat' dir='ltr'><strong>admirati</strong></span> <span class='ocrx_word' id='word_1_871' title='bbox 3227 5457 3381 5520; x_wconf 87' lang='lat' dir='ltr'><strong>sunt,</strong></span> <span class='ocrx_word' id='word_1_872' title='bbox 3406 5459 3464 5508; x_wconf 92' lang='lat' dir='ltr'><strong>et</strong></span> <span class='ocrx_word' id='word_1_873' title='bbox 3491 5454 3946 5520; x_wconf 87' lang='lat' dir='ltr'><strong>benedicentes</strong></span> 
     </span>
    </p>
   </div>
   <div class='ocr_carea' id='block_1_119' title="bbox 2193 5537 3948 5625">
    <p class='ocr_par' dir='ltr' id='par_1_119' title="bbox 2193 5537 3948 5625">
     <span class='ocr_line' id='line_1_119' title="bbox 2193 5537 3948 5625; baseline 0.008 -33"><span class='ocrx_word' id='word_1_874' title='bbox 2193 5541 2324 5604; x_wconf 86' lang='lat' dir='ltr'><strong>Deo,</strong></span> <span class='ocrx_word' id='word_1_875' title='bbox 2355 5538 2569 5609; x_wconf 88' lang='lat' dir='ltr'><strong>diuque</strong></span> <span class='ocrx_word' id='word_1_876' title='bbox 2599 5537 2659 5592; x_wconf 91' lang='lat' dir='ltr'><strong>in</strong></span> <span class='ocrx_word' id='word_1_877' title='bbox 2713 5537 2940 5593; x_wconf 89' lang='lat' dir='ltr'><strong>laudem</strong></span> <span class='ocrx_word' id='word_1_878' title='bbox 2999 5540 3124 5610; x_wconf 87' lang='lat' dir='ltr'><strong>ejus</strong></span> <span class='ocrx_word' id='word_1_879' title='bbox 3179 5540 3574 5610; x_wconf 86' lang='lat' dir='ltr'><strong>acclamantes,</strong></span> <span class='ocrx_word' id='word_1_880' title='bbox 3636 5548 3700 5599; x_wconf 86' lang='lat' dir='ltr'><strong>et</strong></span> <span class='ocrx_word' id='word_1_881' title='bbox 3753 5548 3948 5625; x_wconf 85' lang='lat' dir='ltr'><strong>inco_</strong></span> 
     </span>
    </p>
   </div>
  </div>
