3910 6390
443 302 540 356 991
1486 291 1633 347 ARN
1637 286 1798 346 OLDI
1838 281 2422 340 EMMERAMMENSIS
2459 283 2793 341 MONACHI.
3712 289 3780 341 992

559 418 681 487 AD
731 415 1313 485 PROVISOREM
1362 412 1680 483 SANCTI
1729 405 2283 477 EMMERAMMI
2332 407 2546 487 QUID
2596 405 2950 474 DEBEAT
2998 406 3085 473 EI
3134 406 3314 475 VEL
3368 407 3710 476 RATIONI

518 563 751 616 Domno
780 559 1115 613 Buacamno
1145 556 1223 612 ad
1248 555 1470 627 optima
1494 568 1748 626 qumque
1782 547 1946 604 haud
1972 551 2084 603 tar-
2121 550 2169 602 Α
2197 562 2318 618 quo
2342 547 2659 615 innitebar,
2684 547 2936 604 baculus
2961 547 3331 603 arundineus
3361 564 3569 603 versus
3586 554 3666 604 est
3684 536 3778 605 mihi

448 648 549 718 do,
576 662 684 719 pro
707 649 955 718 paterna
1005 643 1252 709 quidem
1293 643 1577 713 dignitate
1622 636 1968 701 reverendo,
2018 650 2087 689 ac
2196 634 2256 689 in
2287 635 2620 703 colubrum,
2650 637 2730 692 ita
2762 641 2824 692 ut
2848 636 3138 706 fugerem.
3168 636 3310 692 Inde
3341 636 3668 693 absterritus
3691 638 3780 693 sub-

447 734 758 809 plurigena
786 732 1079 805 probitate
1105 731 1428 800 diligendo,
1460 736 1774 793 Ansowus,
1820 724 2088 796 adprime
2198 723 2341 778 duxi
2369 740 2485 790 me,
2516 725 2736 797 quibus
2766 730 3012 781 eatenus
3033 725 3112 781 ob
3137 725 3453 797 gloriolam
3481 726 3647 782 seculi
3659 726 3778 781 adhe

450 822 563 878 sibi
589 824 791 893 utpote
815 820 1020 876 abbati
1049 820 1184 875 exin
1211 820 1413 875 ceteris
1461 818 1668 874 merito
1725 812 2088 886 suppositus,
2201 812 2268 878 si,
2300 812 2464 867 libris
2498 814 2768 886 paganis,
2796 818 2854 869 et
2903 813 3138 870 saniore
3195 814 3445 870 consilio
3499 814 3779 888 implicabar

447 912 838 965 veruntamen
862 907 1040 962 rebus
1062 907 1400 962 monasterii
1431 898 2091 978 prepositus,quicquid
2200 902 2433 960 divinis.
2468 906 2626 958 Tunc
2674 904 2939 975 primum
2983 902 3138 977 coepi
3184 903 3539 974 discernere,
3585 920 3698 975 quae
3731 902 3780 957 di-

447 998 640 1055 ﬁdelis
667 998 913 1053 domino
944 1014 1168 1062 servus,
1192 1013 1296 1052 seu
1322 996 1607 1065 magistro
1637 990 1983 1064 discipulus.
2202 992 2417 1047 stantia
2442 996 2593 1047 esset
2621 991 2770 1047 inter
2794 991 2991 1047 lucem
3021 998 3077 1048 et
3120 992 3419 1061 tenebras,
3458 992 3599 1047 inter
3643 990 3780 1045 Domi-

525 1087 823 1160 Imprimis
859 1103 996 1141 cum
1021 1085 1346 1141 beatissimi
1376 1085 1629 1141 martiris
1675 1077 2096 1138 Emmerammi
2202 1096 2348 1135 num
2375 1085 2431 1135 et
2460 1080 2650 1135 Belial.
2684 1082 2831 1135 Tum
2875 1097 3118 1154 quoque
3172 1080 3252 1137 ad
3292 1097 3390 1137 me
3420 1079 3781 1152 aliquantulum

454 1175 796 1249 patrociniis
820 1190 941 1230 non
968 1191 1079 1245 ego
1110 1175 1291 1243 solus,
1327 1174 1431 1228 sed
1457 1174 1632 1229 etiam
1681 1185 1918 1226 mecum
1964 1168 2094 1237 ejus
2204 1184 2494 1236 reversus,
2525 1185 2597 1223 ex
2632 1173 2797 1241 parte
2843 1169 3074 1240 collegi,
3124 1170 3230 1243 qui
3274 1170 3492 1225 fuerint
3543 1169 3781 1242 scriptores

455 1263 746 1334 generalis
802 1264 1234 1318 monachorum
1287 1268 1467 1318 cretus
1525 1260 1889 1331 gratrticatur
1956 1259 2092 1322 Deo,
2206 1258 2673 1314 ecclesiastici.ln
2698 1275 2961 1330 quorum
2995 1259 3277 1315 varietate
3305 1259 3781 1331 pulcherrimaeno-

457 1352 707 1409 antehac
728 1351 1192 1407 misericordiam
1220 1367 1391 1407 suam
1413 1348 1808 1423 multipliciter
1825 1344 2098 1420 parvitati
2206 1346 2325 1402 tavi
2368 1346 2777 1401 beatissimum
2828 1346 3041 1402 Christi
3098 1346 3504 1403 confessorem
3549 1345 3778 1409 Hilarium,

455 1442 674 1494 nostrae
728 1437 1044 1509 impertito,
1093 1453 1253 1492 nunc
1328 1453 1469 1493 vero
1547 1436 1718 1493 solita
1788 1432 2099 1488 clementia
2209 1434 2309 1489 alti
2339 1433 2532 1489 cordis
2564 1434 2776 1501 virum,
2808 1451 2995 1507 quam
3021 1435 3199 1505 longe
3231 1435 3371 1492 sita
3417 1435 3646 1491 lectione
3690 1433 3779 1486 sim-

456 1527 611 1582 circa
628 1541 739 1581 nos
768 1525 1135 1581 manifestius
1165 1543 1279 1581 usu
1307 1558 1373 1566 ——
1399 1526 1460 1581 in
1489 1526 1602 1580 hoc
1632 1522 1840 1596 procul
1887 1520 2096 1589 dubio,
2210 1523 2523 1595 pliciorum
2550 1523 2800 1579 fratrum
2828 1543 2840 1591 ;
2874 1524 3286 1595 Ambrosium,
3318 1541 3502 1597 quam
3529 1522 3781 1580 disertuset

456 1615 620 1687 quod
646 1630 752 1669 vos
776 1614 871 1669 tali
901 1614 974 1669 de
1004 1614 1136 1670 loco
1165 1615 1477 1671 destinavit
1502 1614 1581 1669 ad
1610 1629 1740 1678 nos,
1766 1613 1827 1666 in
1846 1627 1968 1683 quo
1998 1610 2099 1664 ha-
2211 1611 2579 1667 orthodoxus
2627 1631 2639 1678 ;
2727 1616 3018 1669 Joannem
3101 1613 3778 1686 Constantinopolitanum.

458 1708 660 1758 etenus
687 1702 821 1774 ipso
851 1701 1112 1757 donante
1143 1707 1198 1758 et
1228 1702 1599 1757 sanctissima
1646 1700 1873 1770 Virgine
1925 1697 2103 1755 Maria
2212 1718 2395 1773 quam
2448 1702 2750 1772 jocundus
2801 1707 2859 1759 et
2910 1720 3168 1770 aureus;
3222 1703 3563 1773 Gregorium
3606 1703 3779 1756 Nazaze-

458 1791 779 1862 adjuvante
803 1790 1116 1846 abundant
1144 1796 1341 1863 patres
1368 1808 1435 1846 ac
1473 1790 1700 1856 fratres,
1755 1788 1875 1842 sive
1940 1785 2104 1857 apud
2215 1806 2382 1857 num,
2436 1790 2641 1846 doctor
2669 1794 2902 1864 quam”
2951 1792 3241 1847 mirificus
3300 1800 3357 1847 et
3408 1788 3776 1848 anastasificus;

459 1879 778 1936 Dominum
830 1879 951 1935 sive
1004 1879 1167 1952 apud
1226 1880 1490 1935 seculum
1547 1878 1721 1933 valde
1773 1875 2003 1931 nobiles
2047 1878 2103 1929 et
2132 1886 2176 1939 Β
2220 1879 2649 1949 Hieronimum,
2679 1897 2865 1952 quam
2894 1880 3089 1935 brevis
3118 1885 3176 1935 et
3203 1878 3776 1949 rectus;Augustinum.

460 1968 815 2038 laudabiles,
850 1968 951 2040 qui
989 1985 1126 2023 cum
1157 1969 1380 2024 ratione
1414 1985 1522 2023 sua
1553 1969 1845 2022 noverunt
1875 1969 1931 2019 et
1977 1964 2112 2019 alie-
2219 1984 2404 2039 quam
2435 1967 2727 2023 facundus
2758 1974 2815 2024 et
2843 1968 3179 2041 profundus
3206 1987 3219 2036 ;
3277 1968 3609 2038 Gregorium
3629 1977 3776 2038 papam

462 2074 544 2113 na
574 2061 822 2113 tractare
855 2088 923 2096 —
950 2057 1106 2112 unde
1136 2061 1191 2112 et
1219 2074 1330 2127 ego
1368 2057 1610 2113 ultimus
1662 2070 1816 2109 verae
1871 2052 2113 2108 rationis
2220 2059 2576 2123 Romanum,
2611 2074 2797 2129 quam
2827 2057 3018 2112 dulcis
3048 2061 3106 2112 et
3145 2056 3386 2125 clarus;
3435 2056 3703 2113 Ysidorum
3728 2049 3778 2106 fli-

468 2146 770 2213 alumnus,
799 2161 909 2217 pro
938 2145 1063 2201 haec
1088 2152 1280 2202 vestro
1308 2146 1420 2201 sub
1447 2144 1732 2216 regimine
1776 2142 2109 2214 probanda,
2221 2162 2498 2217 spanum,
2531 2162 2717 2217 quam
2750 2146 3085 2201 succinctus
3107 2150 3165 2201 et
3188 2146 3527 2202 distinctus.
3574 2143 3632 2197 Hi
3669 2138 3778 2210 siqui-

467 2235 844 2292 occasionem
875 2236 1104 2306 sumpsi
1127 2252 1196 2291 ac
1235 2236 1539 2304 fiduciam,
1592 2238 1929 2305 presentem
1980 2231 2112 2287 scri-
2220 2233 2359 2287 dem
2385 2238 2440 2288 et
2468 2233 2684 2289 horum
2711 2249 3084 2305 precessores
3109 2232 3206 2289 vel
3236 2247 3597 2290 successores
3621 2230 3639 2263 ³
3674 2224 3777 2281 valde

468 2324 610 2380 bere
639 2322 947 2394 epistolam
973 2341 985 2391 ;
1014 2341 1148 2396 qua:
1180 2325 1454 2397 quamvis
1483 2322 1730 2378 inscitiae
1761 2338 1910 2376 meae
1939 2322 2114 2375 histo-
2220 2321 2582 2377 venerabiles
2612 2326 2667 2377 et
2698 2322 2865 2376 utiles
2892 2325 3237 2393 operatores
3262 2323 3286 2356 ⁸
3308 2322 3436 2393 jam
3460 2316 3778 2376 habundanter

468 2411 621 2466 riam
646 2411 861 2482 partim
892 2411 1160 2467 videatur
1184 2412 1505 2480 continere,
1538 2415 1737 2466 tamen
1769 2410 1828 2464 in
1858 2409 1956 2464 vili
1987 2426 2112 2464 sce-
2220 2409 2575 2465 hauriebant
2603 2426 2633 2464 e
2662 2409 2925 2465 fontibus
2957 2408 3305 2481 Salvatoris,
3344 2425 3478 2482 qua:
3527 2401 3777 2461 dulcissima

470 2503 628 2555 mate
648 2500 1043 2571 prenominati
1072 2516 1306 2556 necnon
1338 2516 1474 2573 sepe
1502 2498 1851 2555 nominandi
1882 2499 2113 2570 patroni
2222 2498 2461 2552 caritate
2488 2497 2877 2570 propinarent
2906 2497 3100 2553 nobis.
3136 2499 3412 2562 Quorum
3437 2512 3565 2553 cum
3588 2491 3775 2561 legissem

469 2587 654 2642 nostri
678 2586 1040 2643 dulcissimae
1062 2592 1182 2644 tota
1228 2588 1548 2643 famulatur
1579 2588 1902 2642 memoriae.
1936 2588 2116 2656 Igitur
2222 2601 2423 2657 opera,
2454 2602 2589 2657 quae
2619 2586 2987 2657 peritissimis
3018 2585 3387 2658 probabilia,
3426 2582 3561 2640 mihi
3585 2588 3774 2646 veropro

469 2675 632 2731 libris
661 2677 722 2731 in
747 2676 966 2732 divinis
994 2676 1260 2746 legendis
1292 2683 1347 2733 et
1395 2678 1808 2747 intelligendis,
1859 2678 2114 2749 peccatis
2225 2681 2402 2747 captu
2432 2692 2566 2730 meo
2597 2675 2956 2731 videbantur
2989 2677 3169 2731 etiam
3202 2677 3223 2709 ‘
3266 2674 3573 2739 mirabilia,
3611 2664 3774 2726 auctori-

471 2764 618 2820 meis
646 2764 1019 2833 facientibus,
1053 2767 1382 2822 admodum
1432 2767 1514 2821 fui
1571 2767 1786 2835 segnis,
1845 2772 1899 2822 et
1930 2770 1992 2821 ut
2020 2782 2116 2820 ve-
2224 2767 2337 2818 tate
2369 2763 2543 2817 simul
2575 2768 2629 2819 et
2658 2764 2890 2819 venusti
2924 2764 3220 2819 sermonis
3247 2764 3492 2819 dulcore
3512 2754 3769 2816 delectabar.

472 2869 606 2908 rum
637 2854 740 2920 fer,
775 2854 973 2909 adhuc
1004 2871 1125 2910 non
1156 2872 1291 2910 sum
1328 2856 1646 2910 indemnis.
1699 2856 1875 2925 Cujus
1914 2871 2115 2910 emen-
2228 2854 2338 2909 Sed
2369 2854 2662 2909 contrario
2692 2853 3024 2909 admodum
3056 2853 3440 2910 amaricabar
3466 2852 3522 2908 in
3561 2845 3697 2920 gestis
3730 2838 3773 2893 vi-

472 2940 777 2996 dationem
808 2942 945 2996 vicii
976 2947 1039 2997 ut
1067 2948 1398 2998 ceterorum
1428 2960 1565 2997 cum
1613 2944 1832 2999 habere
1871 2960 2117 3015 possein
2225 2942 2434 2997 delicet
2462 2942 2825 3007 domesticis,
2858 2941 3171 2998 clarissimi
3218 2944 3461 3015 patroni
3512 2934 3664 2995 nostri
3697 2932 3770 2984 Em-

475 3028 763 3098 exemplis
818 3030 1138 3099 majorum,
1199 3030 1622 3102 impedimento
1677 3038 1802 3088 erat
1845 3032 2022 3101 nolle,
2066 3037 2121 3087 et
2227 3030 2582 3085 merammi‘
2615 3032 2910 3102 martyris,
2943 3030 3178 3087 dudum
3227 3047 3266 3087 a
3325 3031 3598 3105 quodam,
3641 3020 3769 3095 qui?

476 3116 796 3171 abusivum
833 3117 981 3172 illud
1024 3119 1188 3189 quod
1238 3119 1440 3175 dicunt
1486 3122 1814 3192 neglegere.
1845 3121 2118 3187 Quadam
2228 3120 2508 3187 Cirinum,
2544 3119 2604 3174 id
2631 3121 2650 3154 ‘
2679 3124 2766 3175 est
2797 3122 2815 3153 ⁸
2842 3120 3125 3176 heredem
3153 3121 3197 3191 ‘,
3225 3121 3518 3181 nominat,
3553 3113 3769 3176 Frisingen‘

479 3208 681 3259 autem
737 3203 831 3259 die
885 3205 1188 3276 quendam
1247 3224 1275 3262 e
1300 3206 1305 3213 ’
1328 3208 1620 3275 fratribus,
1681 3215 2023 3266 concretum
2066 3215 2121 3265 et
2158 3229 2199 3284 ο
2231 3210 2310 3264 sis
2340 3208 2598 3264 ecclesiae
2628 3209 2931 3282 episcopo,
2963 3214 3028 3265 ut
3052 3214 3198 3282 puto
3247 3215 3410 3266 recte
3449 3203 3665 3279 scriptis,
3698 3195 3769 3250 ante

478 3290 940 3347 conscolaticum
999 3310 1199 3348 meum
1223 3337 1235 3361 ,
1297 3304 1567 3367 presente
1617 3315 1712 3354 me
1742 3340 1760 3369 ,
1847 3298 2120 3354 aculeum
2227 3313 2337 3352 nos
2367 3302 2565 3352 autem
2592 3298 2891 3367 majorum
2922 3297 3306 3367 neglegentia
3335 3291 3658 3370 depravatis.
3694 3286 3771 3375 illi?

478 3380 687 3436 mortis
715 3381 957 3452 contigit
983 3382 1166 3439 obire.
1196 3389 1246 3439 Is
1275 3403 1414 3456 ergo
1444 3387 1504 3442 in
1543 3388 1673 3459 ipso
1723 3388 1928 3443 mortis
1985 3388 2119 3444 arti-
2229 3402 2387 3451 cum,
2417 3385 2631 3441 abbate
2661 3386 2721 3441 id
2752 3386 2947 3457 penite
3001 3385 3129 3441 fieri
3183 3387 3574 3458 permittente,
3616 3370 3773 3460 εἱωΡΠεξ

479 3467 614 3523 culo
642 3468 787 3540 quid
826 3469 1056 3536 viderit,
1093 3472 1271 3527 etiam
1316 3490 1437 3529 non
1488 3474 1740 3546 loquens
1794 3476 2122 3531 astantibus
2230 3475 2431 3530 animo
2462 3474 2780 3530 emendare
2807 3474 3041 3543 vellem,
3093 3478 3150 3529 et
3195 3474 3259 3529 in
3311 3472 3680 3531 confusionem
3714 3459 3774 3513 ἰοῦ1

476 3556 766 3630 patefecit.
816 3563 963 3614 Nam
1009 3576 1147 3615 cum
1188 3561 1451 3617 levatum
1500 3579 1531 3618 e
1574 3563 1722 3620 lecto
1749 3565 1915 3620 humi
1941 3565 2123 3637 depo-
2231 3564 2415 3619 nostri
2444 3563 2664 3619 diutius
2691 3564 3018 3619 incorrecta
3046 3568 3206 3618 stare
3226 3563 3478 3633 nollem,
3499 3546 3775 3618 consul‘ttum

478 3646 822 3713 suissemus,
854 3647 1119 3720 primum
1143 3649 1400 3706 brachiis
1429 3654 1601 3724 quasi
1630 3658 1836 3710 contra
1862 3654 2123 3727 aliquem
2232 3653 2546 3708 adversum
2572 3668 2668 3708 me
2716 3653 3100 3725 quorundam
3149 3652 3344 3708 animi
3396 3652 3624 3707 fratrum
3661 3639 3779 3728 dicer:

475 3715 1069 3802 reluctatus,d'emum
1086 3739 1161 3793 ad
1189 3715 1484 3797 sinistram
1514 3744 1856 3799 acutissime
1882 3715 2124 3800 flectens
2233 3742 2401 3808 tium,
2430 3740 2593 3796 haud
2623 3715 2869 3813 equiim,
2902 3758 2938 3797 a
2966 3757 3063 3797 me
3108 3741 3285 3796 dictis
3337 3732 3667 3812 antiquitatis
3696 3715 3780 3816 (Ιυίξί

481 3823 746 3889 obtutus,
779 3825 929 3879 adeo
951 3824 1310 3885 abhorrebat
1339 3846 1373 3885 a
1402 3830 1549 3888 facie
1575 3832 1821 3902 inimici,
1870 3838 1935 3887 ut
1982 3849 2123 3888 ocu-
2234 3829 2376 3884 addi
2399 3828 2488 3884 vel
2516 3828 2727 3896 minui,
2754 3829 3015 3887 maxime
3044 3845 3183 3885 cum
3227 3830 3363 3885 haec
3397 3826 3667 3901 peritiores
3695 3825 3781 3869 σιω·

503 3927 678 3967 orum
706 3912 975 3968 versione
1005 3916 1329 3991 capitisque
1360 3922 1667 3977 aversione
1712 3937 1782 3976 ac
1839 3921 2123 3993 impulsu,
2235 3918 2433 3974 serint.
2466 3918 2689 3982 Quibus
2714 3918 2948 3975 videtur
2978 3918 3244 3991 probum
3278 3923 3515 3992 meapte
3558 3914 3627 3969 sic
3650 3912 3783 3971 ιεωρθ

484 4003 551 4055 ut
604 4004 838 4068 gestum
889 4004 1239 4078 exprimam,
1293 4009 1548 4082 capitali,
1608 4024 1760 4080 pene
1817 4009 1949 4064 loco
2014 4010 2127 4065 sibi
2234 4023 2364 4063 rare
2414 4024 2790 4080 responsum.
2840 4010 3034 4073 Quare
3086 4007 3167 4063 illi
3219 4008 3342 4065 hoc
3392 4006 3630 4067 fecerint,
3676 3998 3786 4079 immfJ

486 4093 747 4144 astantes
773 4091 1156 4164 propelleret;
1188 4101 1245 4152 et
1286 4103 1349 4153 ut
1385 4101 1715 4169 patesceret
1748 4099 1789 4167 ί,
1833 4103 2127 4168 quantum
2235 4095 2397 4167 quod
2430 4095 2565 4150 utile
2596 4093 2703 4150 fuit
2725 4095 2839 4150 hac
2870 4096 2890 4129 θ
2920 4095 2981 4150 in
3004 4096 3025 4128 ⁶
3048 4098 3215 4167 parte
3251 4096 3274 4130 ⁶
3300 4112 3429 4152 non
3457 4089 3683 4150 fecerint,
3705 4088 3787 4133 Μ’

485 4177 634 4234 ﬁdes
663 4179 869 4236 Christi
900 4181 1052 4238 valet
1076 4184 1180 4240 ubi
1204 4187 1481 4241 meritum
1511 4184 1713 4249 habet,
1761 4190 2129 4256 quantumve
2233 4182 2391 4238 litate
2421 4184 2539 4238 mei
2569 4184 2949 4240 temerarium
2976 4188 3067 4240 est
3092 4184 3445 4241 discussum
3481 4182 3564 4238 iri.
3608 4177 3699 4231 Hoc
3720 4173 3790 4221 tan‘

485 4267 650 4323 deest
686 4268 789 4324 ubi
814 4276 1049 4328 mortua
1086 4278 1194 4341 est,
1251 4273 1390 4328 nisu
1442 4289 1564 4345 quo
1617 4273 1809 4344 potuit
1860 4274 2128 4332 dextram
2238 4276 2361 4327 tum
2391 4271 2638 4327 dixerim
2674 4288 2820 4344 pace
2877 4288 3087 4328 eorum
3129 4276 3188 4327 et
3243 4274 3522 4329 omnium
3567 4266 3789 4360 bonorum;

485 4371 735 4412 manum
772 4360 1049 4429 extendit,
1104 4362 1345 4431 signum
1400 4361 1604 4415 salutis
1650 4361 1844 4418 facere
1882 4363 2126 4433 volens;
2236 4360 2379 4434 quia
2430 4376 2553 4416 non
2604 4361 2799 4416 solum
2842 4361 3015 4417 novis
3068 4366 3274 4418 vetera
3324 4362 3461 4419 licet
3507 4356 3791 4415 mutam“;

487 4444 592 4499 sed
619 4446 946 4518 exprimere
975 4450 1222 4505 minime
1242 4448 1459 4513 valens,
1485 4448 1680 4505 subita
1708 4454 2129 4513 concusssione
2237 4450 2434 4516 etiam,
2468 4450 2516 4504 si
2545 4450 2657 4505 sint
2687 4450 2980 4516 ordinata,
3014 4450 3257 4523 penitus
3288 4451 3564 4522 abjicere,
3609 4442 3683 4497 sin
3714 4441 3789 4486 Ven"

487 4536 857 4607 contremuit,
888 4554 957 4593 ac
985 4538 1213 4611 pallore
1262 4536 1556 4593 obductus
1600 4539 1865 4609 irriguit;
1926 4543 2129 4617 sicque
2167 4569 2211 4624 ι)
2242 4539 2541 4594 ordinaria
2568 4538 2674 4593 sed
2703 4538 2902 4594 minus
2935 4538 3119 4609 utilia,
3144 4555 3290 4595 cum
3315 4535 3673 4609 veneratione
3696 4532 3792 4624 SE13?

487 4622 751 4681 exalavit.
784 4629 899 4682 Nos
926 4644 1068 4683 vero
1107 4625 1466 4696 singultibus
1515 4628 1918 4699 psalmodiam
1960 4612 2134 4690 inter-
2167 4612 2209 4624 ν
2240 4629 2376 4695 lire;
2408 4633 2465 4683 et
2493 4628 2635 4700 quia
2660 4627 3107 4701 dispensatione
3136 4628 3349 4686 divina
3378 4645 3416 4685 a
3444 4612 3793 4701 precedentth

486 4711 856 4784 cipientibus,
889 4731 1099 4770 omnes
1128 4714 1347 4786 pariter
1374 4714 1434 4770 in
1459 4714 1685 4771 luctum
1715 4721 1985 4776 conversi
2031 4741 2129 4778 su-
2238 4717 2427 4773 multa
2463 4716 2877 4789 relinquuntur
2923 4716 3339 4789 sequentibus,
3392 4718 3454 4773 in
3500 4710 3691 4787 quibus
3724 4710 3796 4791 μέθ’

487 4815 643 4854 mus.
673 4803 812 4867 Quis
835 4803 994 4858 enim
1020 4802 1103 4857 ibi
1134 4818 1255 4857 non
1286 4802 1471 4871 fleret,
1525 4804 1625 4861 ubi
1671 4806 1928 4879 quisque
1974 4810 2133 4868 inﬁr-
2239 4806 2355 4861 Sint
2384 4805 2592 4861 mereri
2625 4804 2876 4876 alicujus
2907 4810 3013 4860 ant
3042 4805 3489 4861 δάῑηίδείοηθω
3538 4804 3631 4858 δαί
3674 4798 3796 4883 ΡΨ

487 4890 705 4945 mltatis
746 4891 1002 4964 propriae
1051 4891 1206 4946 intra
1254 4892 1676 4950 conscientiam
1707 4901 2130 4969 commonitus,
2240 4897 2466 4951 sionem
2493 4894 2927 4967 peccati.Ql10d
2949 4894 3291 4951 Cavendum
3318 4882 3798 4973 Ῑιυὶιιδοθωθῶῗω

488 4977 590 5032 vix
632 4980 795 5035 effari
852 4984 1054 5052 posset
1104 4996 1210 5052 pre
1261 4980 1515 5048 ﬂetibus,
1572 4999 1708 5038 cum
1760 4990 1816 5040 et
1856 5002 1965 5056 ego
1998 4995 2136 5061 post
2240 4984 2514 5057 plicitate,
2549 5000 2675 5050 seu,
2700 5000 2822 5056 quo
2856 4983 3049 5039 verius
3078 4984 3305 5051 dicam,
3339 4982 3660 5042 stoliditate,
3699 4974 3797 5024 eum

491 5080 682 5122 annos
732 5067 979 5139 aliquot,
1039 5071 1179 5122 teste
1236 5068 1482 5137 Christo,
1528 5070 1692 5127 haud
1745 5073 1975 5147 absque
2041 5093 2135 5148 ge-
2240 5074 2439 5130 rustici
2468 5089 2580 5129 nos
2611 5077 2875 5139 monent,
2909 5072 3015 5145 qui
3045 5088 3301 5145 peccare
3354 5072 3490 5129 illos
3536 5064 3797 5148 putanlgtl“

490 5153 639 5209 mitu
688 5159 746 5209 et
798 5154 941 5209 ﬂetu
987 5155 1095 5209 hec
1126 5154 1460 5227 scripserim
1525 5161 1946 5235 memoriaeque
2022 5147 2135 5223 tra-
2241 5163 2484 5218 arbores
2514 5161 2843 5225 succidant,
2867 5162 2929 5216 in
2958 5162 3181 5233 quibus
3214 5162 3451 5232 pagani
3481 5147 3800 5227 auguriziri5'~l

493 5238 743 5295 diderim
766 5245 795 5296 ?
821 5243 1060 5297 Iuvenis
1117 5259 1378 5316 namque
1425 5245 1691 5320 ﬂoribus,
1743 5250 1921 5309 frater
1956 5255 2135 5310 etiam
2241 5251 2461 5307 lebant.
2486 5251 2635 5316 Quid
2658 5251 2839 5325 plura
2864 5250 2891 5304 ?
2924 5251 3150 5307 Cedens
3181 5250 3405 5305 emulis
3438 5248 3516 5305 ad
3541 5253 3738 5315 tempus
3754 5238 3801 5321 Ρέτ

494 5332 851 5395 coaetaneus,
878 5328 939 5383 in
962 5329 1175 5401 puerili
1196 5330 1443 5389 lascivia
1470 5342 1923 5409 consentaneus,
1958 5358 2137 5415 super
2244 5339 2479 5397 abbatis
2527 5338 2845 5413 imperium
2893 5338 3132 5412 abripui
3184 5355 3285 5394 me
3346 5339 3412 5394 in
3465 5332 3709 5394 Saxonite
3745 5334 3802 5376 εν

1850 5509 2079 5563 νΑΒιιΕ
2102 5506 2521 5565 ἰΕΟΤΙΟΝΕδ.

506 5714 527 5747 ι
574 5647 591 5680 ¹
623 5648 979 5719 Ραῐθῖἃοθνθῑ
1006 5670 1157 5710 corr.
1167 5662 1509 5773 Ipatesceret
1538 5666 1587 5716 l.
1665 5665 1687 5697 ²
1713 5679 2008 5734 superscr.
2044 5670 2093 5721 l.
2171 5666 2194 5700 ³
2224 5682 2511 5739 sequaces
2540 5682 2835 5738 superscr.
2867 5678 3249 5742 precessores
3295 5663 3397 5720 vel
3451 5648 3803 5721 successoresl'

554 5717 699 5773 Haec
721 5721 901 5773 verba
927 5730 1059 5773 mst
1087 5727 1167 5773 ad
1214 5769 1224 5773 -
1262 5734 1305 5773 4,
1385 5732 1407 5765 ι
1434 5734 1475 5773 li‘.
1532 5732 1549 5773 1
1617 5735 1825 5773 mm.”
1921 5736 1944 5770 ο
1971 5742 2102 5773 me!
2130 5736 2252 5773 mm
2301 5742 2320 5773 ι

616 5721 699 5776 'aec
721 5721 901 5779 verba
922 5730 1059 5793 post
1087 5721 1224 5783 add.
1262 5734 1307 5785 1.
1385 5732 1407 5765 ⁸
1434 5734 1494 5788 Ε.
1532 5732 1578 5787 l.
1613 5721 1845 5802 sapitis.
1921 5721 1944 5770 ά
1971 5721 2102 5806 post
2129 5736 2270 5794 add.
2301 5721 2351 5792 Ῐ.
