  <div class='ocr_page' id='page_1' title='image "/cluster/home/n/w/nwhite01/storage/ocr_20150623/140-141/uc1.31175018559917/1072.png"; bbox 0 0 3910 6394; ppageno 0'>
   <div class='ocr_carea' id='block_1_1' title="bbox 97 280 191 330">
    <p class='ocr_par' dir='ltr' id='par_1_1' title="bbox 97 280 191 330">
     <span class='ocr_line' id='line_1_1' title="bbox 97 280 191 330; baseline 0 -1"><span class='ocrx_word' id='word_1_1' title='bbox 97 280 191 330; x_wconf 86' lang='grc'>993</span> 
     </span>
    </p>
   </div>
   <div class='ocr_carea' id='block_1_2' title="bbox 1044 257 2536 333">
    <p class='ocr_par' dir='ltr' id='par_1_2' title="bbox 1044 257 2536 333">
     <span class='ocr_line' id='line_1_2' title="bbox 1044 257 2536 333; baseline -0.003 -1"><span class='ocrx_word' id='word_1_2' title='bbox 1044 279 1134 332; x_wconf 74' lang='lat' dir='ltr'>ne</span> <span class='ocrx_word' id='word_1_3' title='bbox 1173 277 1541 333; x_wconf 65' lang='lat' dir='ltr'>mmouus</span> <span class='ocrx_word' id='word_1_4' title='bbox 1581 276 1636 330; x_wconf 87' lang='lat' dir='ltr'>s.</span> <span class='ocrx_word' id='word_1_5' title='bbox 1681 257 2100 328; x_wconf 79' lang='lat' dir='ltr'>EMMERAMMI</span> <span class='ocrx_word' id='word_1_6' title='bbox 2153 272 2331 327; x_wconf 84' lang='lat' dir='ltr'>LIBRI</span> <span class='ocrx_word' id='word_1_7' title='bbox 2369 273 2536 327; x_wconf 85' lang='lat' dir='ltr'>nuo.</span> 
     </span>
    </p>
   </div>
   <div class='ocr_carea' id='block_1_3' title="bbox 3394 280 3500 333">
    <p class='ocr_par' dir='ltr' id='par_1_3' title="bbox 3394 280 3500 333">
     <span class='ocr_line' id='line_1_3' title="bbox 3394 280 3500 333; baseline 0 -1"><span class='ocrx_word' id='word_1_8' title='bbox 3394 280 3500 333; x_wconf 63' lang='lat'>994</span> 
     </span>
    </p>
   </div>
   <div class='ocr_carea' id='block_1_4' title="bbox 93 391 3505 471">
    <p class='ocr_par' dir='ltr' id='par_1_4' title="bbox 93 391 3505 471">
     <span class='ocr_line' id='line_1_4' title="bbox 93 391 3505 471; baseline 0.001 -19"><span class='ocrx_word' id='word_1_9' title='bbox 93 398 252 469; x_wconf 90' lang='lat' dir='ltr'>lium,</span> <span class='ocrx_word' id='word_1_10' title='bbox 284 404 530 471; x_wconf 80' lang='lat' dir='ltr'>portans</span> <span class='ocrx_word' id='word_1_11' title='bbox 560 415 796 455; x_wconf 90' lang='lat' dir='ltr'>mecum</span> <span class='ocrx_word' id='word_1_12' title='bbox 829 401 887 455; x_wconf 91' lang='lat' dir='ltr'>in</span> <span class='ocrx_word' id='word_1_13' title='bbox 917 400 1116 456; x_wconf 87' lang='lat' dir='ltr'>libello</span> <span class='ocrx_word' id='word_1_14' title='bbox 1147 419 1256 456; x_wconf 89' lang='lat' dir='ltr'>suo</span> <span class='ocrx_word' id='word_1_15' title='bbox 1287 407 1561 457; x_wconf 88' lang='lat' dir='ltr'>sanctum</span> <span class='ocrx_word' id='word_1_16' title='bbox 1607 401 1734 454; x_wconf 86' lang='lat' dir='ltr'>Em-</span> <span class='ocrx_word' id='word_1_17' title='bbox 1772 403 1818 454; x_wconf 87' lang='lat' dir='ltr'>A</span> <span class='ocrx_word' id='word_1_18' title='bbox 1847 391 2102 449; x_wconf 81' lang='lat' dir='ltr'>mefacta</span> <span class='ocrx_word' id='word_1_19' title='bbox 2127 398 2182 449; x_wconf 82' lang='lat' dir='ltr'>et</span> <span class='ocrx_word' id='word_1_20' title='bbox 2207 394 2477 450; x_wconf 84' lang='lat' dir='ltr'>interitus</span> <span class='ocrx_word' id='word_1_21' title='bbox 2509 399 2690 466; x_wconf 80' lang='lat' dir='ltr'>puteo</span> <span class='ocrx_word' id='word_1_22' title='bbox 2721 396 2930 465; x_wconf 83' lang='lat' dir='ltr'>ejecta,</span> <span class='ocrx_word' id='word_1_23' title='bbox 2954 397 3285 463; x_wconf 82' lang='lat' dir='ltr'>renatabat,</span> <span class='ocrx_word' id='word_1_24' title='bbox 3316 399 3505 454; x_wconf 88' lang='lat' dir='ltr'>nemi-</span> 
     </span>
    </p>
   </div>
   <div class='ocr_carea' id='block_1_5' title="bbox 94 489 1734 562">
    <p class='ocr_par' dir='ltr' id='par_1_5' title="bbox 94 489 1734 562">
     <span class='ocr_line' id='line_1_5' title="bbox 94 489 1734 562; baseline -0.001 -20"><span class='ocrx_word' id='word_1_25' title='bbox 94 505 508 555; x_wconf 88' lang='lat' dir='ltr'>merammum,</span> <span class='ocrx_word' id='word_1_26' title='bbox 542 489 644 562; x_wconf 91' lang='lat' dir='ltr'>qui</span> <span class='ocrx_word' id='word_1_27' title='bbox 697 507 874 545; x_wconf 89' lang='lat' dir='ltr'>suum</span> <span class='ocrx_word' id='word_1_28' title='bbox 930 507 1023 545; x_wconf 91' lang='lat' dir='ltr'>me</span> <span class='ocrx_word' id='word_1_29' title='bbox 1065 490 1250 546; x_wconf 89' lang='lat' dir='ltr'>voluit</span> <span class='ocrx_word' id='word_1_30' title='bbox 1296 508 1425 547; x_wconf 91' lang='lat' dir='ltr'>esse</span> <span class='ocrx_word' id='word_1_31' title='bbox 1475 504 1734 544; x_wconf 90' lang='lat' dir='ltr'>servum.</span> 
     </span>
    </p>
   </div>
   <div class='ocr_carea' id='block_1_6' title="bbox 96 576 1736 650">
    <p class='ocr_par' dir='ltr' id='par_1_6' title="bbox 96 576 1736 650">
     <span class='ocr_line' id='line_1_6' title="bbox 96 576 1736 650; baseline 0 -20"><span class='ocrx_word' id='word_1_32' title='bbox 96 576 172 631; x_wconf 91' lang='lat' dir='ltr'>lbi</span> <span class='ocrx_word' id='word_1_33' title='bbox 221 577 560 632; x_wconf 90' lang='lat' dir='ltr'>simulando</span> <span class='ocrx_word' id='word_1_34' title='bbox 614 594 709 632; x_wconf 90' lang='lat' dir='ltr'>me</span> <span class='ocrx_word' id='word_1_35' title='bbox 762 578 907 633; x_wconf 87' lang='lat' dir='ltr'>scire</span> <span class='ocrx_word' id='word_1_36' title='bbox 959 579 1126 650; x_wconf 92' lang='lat' dir='ltr'>quod</span> <span class='ocrx_word' id='word_1_37' title='bbox 1178 580 1402 650; x_wconf 89' lang='lat' dir='ltr'>nescio,</span> <span class='ocrx_word' id='word_1_38' title='bbox 1434 577 1736 646; x_wconf 78' lang='lat' dir='ltr'>Meginfre-</span> 
     </span>
    </p>
   </div>
   <div class='ocr_carea' id='block_1_7' title="bbox 93 665 1739 741">
    <p class='ocr_par' dir='ltr' id='par_1_7' title="bbox 93 665 1739 741">
     <span class='ocr_line' id='line_1_7' title="bbox 93 665 1739 741; baseline -0.001 -21"><span class='ocrx_word' id='word_1_39' title='bbox 93 665 252 731; x_wconf 90' lang='lat' dir='ltr'>dum,</span> <span class='ocrx_word' id='word_1_40' title='bbox 289 667 916 740; x_wconf 88' lang='lat' dir='ltr'>Parthenopolitanum</span> <span class='ocrx_word' id='word_1_41' title='bbox 940 669 1318 738; x_wconf 80' lang='lat' dir='ltr'>magistrum,</span> <span class='ocrx_word' id='word_1_42' title='bbox 1346 667 1616 741; x_wconf 86' lang='lat' dir='ltr'>pauculis</span> <span class='ocrx_word' id='word_1_43' title='bbox 1642 666 1739 721; x_wconf 89' lang='lat' dir='ltr'>be-</span> 
     </span>
    </p>
   </div>
   <div class='ocr_carea' id='block_1_8' title="bbox 92 754 1737 826">
    <p class='ocr_par' dir='ltr' id='par_1_8' title="bbox 92 754 1737 826">
     <span class='ocr_line' id='line_1_8' title="bbox 92 754 1737 826; baseline 0.001 -18"><span class='ocrx_word' id='word_1_44' title='bbox 92 754 309 808; x_wconf 88' lang='lat' dir='ltr'>neficiis</span> <span class='ocrx_word' id='word_1_45' title='bbox 341 755 548 826; x_wconf 87' lang='lat' dir='ltr'>paravi</span> <span class='ocrx_word' id='word_1_46' title='bbox 599 756 742 810; x_wconf 88' lang='lat' dir='ltr'>mihi</span> <span class='ocrx_word' id='word_1_47' title='bbox 773 757 1056 812; x_wconf 90' lang='lat' dir='ltr'>amicum.</span> <span class='ocrx_word' id='word_1_48' title='bbox 1093 759 1260 812; x_wconf 82' lang='lat' dir='ltr'>Hunc</span> <span class='ocrx_word' id='word_1_49' title='bbox 1291 757 1436 812; x_wconf 89' lang='lat' dir='ltr'>dum</span> <span class='ocrx_word' id='word_1_50' title='bbox 1469 757 1737 812; x_wconf 82' lang='lat' dir='ltr'>audirem</span> 
     </span>
    </p>
   </div>
   <div class='ocr_carea' id='block_1_9' title="bbox 93 843 1738 918">
    <p class='ocr_par' dir='ltr' id='par_1_9' title="bbox 93 843 1738 918">
     <span class='ocr_line' id='line_1_9' title="bbox 93 843 1738 918; baseline 0.002 -22"><span class='ocrx_word' id='word_1_51' title='bbox 93 843 422 914; x_wconf 88' lang='lat' dir='ltr'>frequenter</span> <span class='ocrx_word' id='word_1_52' title='bbox 450 844 755 916; x_wconf 81' lang='lat' dir='ltr'>disputare</span> <span class='ocrx_word' id='word_1_53' title='bbox 785 846 1098 918; x_wconf 89' lang='lat' dir='ltr'>sapienter,</span> <span class='ocrx_word' id='word_1_54' title='bbox 1125 847 1394 902; x_wconf 88' lang='lat' dir='ltr'>mirabar</span> <span class='ocrx_word' id='word_1_55' title='bbox 1422 847 1552 916; x_wconf 85' lang='lat' dir='ltr'>ejus</span> <span class='ocrx_word' id='word_1_56' title='bbox 1581 846 1738 913; x_wconf 83' lang='lat' dir='ltr'>inge-</span> 
     </span>
    </p>
   </div>
   <div class='ocr_carea' id='block_1_10' title="bbox 93 932 1736 1006">
    <p class='ocr_par' dir='ltr' id='par_1_10' title="bbox 93 932 1736 1006">
     <span class='ocr_line' id='line_1_10' title="bbox 93 932 1736 1006; baseline 0.002 -21"><span class='ocrx_word' id='word_1_57' title='bbox 93 932 285 998; x_wconf 86' lang='lat' dir='ltr'>nium;</span> <span class='ocrx_word' id='word_1_58' title='bbox 342 950 412 987; x_wconf 88' lang='lat' dir='ltr'>ex</span> <span class='ocrx_word' id='word_1_59' title='bbox 465 949 587 1004; x_wconf 90' lang='lat' dir='ltr'>quo</span> <span class='ocrx_word' id='word_1_60' title='bbox 642 939 697 988; x_wconf 91' lang='lat' dir='ltr'>et</span> <span class='ocrx_word' id='word_1_61' title='bbox 746 934 873 1006; x_wconf 89' lang='lat' dir='ltr'>ipse</span> <span class='ocrx_word' id='word_1_62' title='bbox 927 937 1173 1005; x_wconf 84' lang='lat' dir='ltr'>agnovit</span> <span class='ocrx_word' id='word_1_63' title='bbox 1212 952 1414 991; x_wconf 88' lang='lat' dir='ltr'>meum</span> <span class='ocrx_word' id='word_1_64' title='bbox 1449 936 1736 990; x_wconf 90' lang='lat' dir='ltr'>studium.</span> 
     </span>
    </p>
   </div>
   <div class='ocr_carea' id='block_1_11' title="bbox 93 1019 1740 1081">
    <p class='ocr_par' dir='ltr' id='par_1_11' title="bbox 93 1019 1740 1081">
     <span class='ocr_line' id='line_1_11' title="bbox 93 1019 1740 1081; baseline 0.003 -7"><span class='ocrx_word' id='word_1_65' title='bbox 93 1025 241 1076; x_wconf 91' lang='lat' dir='ltr'>lnter</span> <span class='ocrx_word' id='word_1_66' title='bbox 265 1022 586 1077; x_wconf 78' lang='lat' dir='ltr'>familiares</span> <span class='ocrx_word' id='word_1_67' title='bbox 617 1028 816 1078; x_wconf 89' lang='lat' dir='ltr'>autem</span> <span class='ocrx_word' id='word_1_68' title='bbox 844 1025 1511 1081; x_wconf 88' lang='lat' dir='ltr'>consermociniationes</span> <span class='ocrx_word' id='word_1_69' title='bbox 1542 1019 1740 1079; x_wconf 86' lang='lat' dir='ltr'>stilum</span> 
     </span>
    </p>
   </div>
   <div class='ocr_carea' id='block_1_12' title="bbox 92 1111 1740 1184">
    <p class='ocr_par' dir='ltr' id='par_1_12' title="bbox 92 1111 1740 1184">
     <span class='ocr_line' id='line_1_12' title="bbox 92 1111 1740 1184; baseline 0.001 -20"><span class='ocrx_word' id='word_1_70' title='bbox 92 1111 216 1180; x_wconf 86' lang='lat' dir='ltr'>ejus</span> <span class='ocrx_word' id='word_1_71' title='bbox 247 1127 604 1180; x_wconf 85' lang='lat' dir='ltr'>agnoscens,</span> <span class='ocrx_word' id='word_1_72' title='bbox 637 1118 693 1167; x_wconf 92' lang='lat' dir='ltr'>et</span> <span class='ocrx_word' id='word_1_73' title='bbox 735 1114 1114 1184; x_wconf 87' lang='lat' dir='ltr'>propositum</span> <span class='ocrx_word' id='word_1_74' title='bbox 1160 1114 1348 1168; x_wconf 86' lang='lat' dir='ltr'>ﬁxum</span> <span class='ocrx_word' id='word_1_75' title='bbox 1405 1112 1607 1168; x_wconf 90' lang='lat' dir='ltr'>animo</span> <span class='ocrx_word' id='word_1_76' title='bbox 1657 1115 1740 1166; x_wconf 88' lang='lat' dir='ltr'>te-</span> 
     </span>
    </p>
   </div>
   <div class='ocr_carea' id='block_1_13' title="bbox 92 1199 1739 1274">
    <p class='ocr_par' dir='ltr' id='par_1_13' title="bbox 92 1199 1739 1274">
     <span class='ocr_line' id='line_1_13' title="bbox 92 1199 1739 1274; baseline 0.001 -23"><span class='ocrx_word' id='word_1_77' title='bbox 92 1215 256 1264; x_wconf 88' lang='lat' dir='ltr'>nens,</span> <span class='ocrx_word' id='word_1_78' title='bbox 286 1199 583 1270; x_wconf 83' lang='lat' dir='ltr'>postulavi</span> <span class='ocrx_word' id='word_1_79' title='bbox 615 1200 692 1255; x_wconf 89' lang='lat' dir='ltr'>ab</span> <span class='ocrx_word' id='word_1_80' title='bbox 725 1218 816 1269; x_wconf 91' lang='lat' dir='ltr'>eo,</span> <span class='ocrx_word' id='word_1_81' title='bbox 849 1218 970 1274; x_wconf 91' lang='lat' dir='ltr'>quo</span> <span class='ocrx_word' id='word_1_82' title='bbox 1021 1218 1130 1274; x_wconf 92' lang='lat' dir='ltr'>pro</span> <span class='ocrx_word' id='word_1_83' title='bbox 1181 1202 1428 1274; x_wconf 80' lang='lat' dir='ltr'>pignore</span> <span class='ocrx_word' id='word_1_84' title='bbox 1469 1199 1739 1255; x_wconf 75' lang='lat' dir='ltr'>amicitiae</span> 
     </span>
    </p>
   </div>
   <div class='ocr_carea' id='block_1_14' title="bbox 90 1288 1744 1362">
    <p class='ocr_par' dir='ltr' id='par_1_14' title="bbox 90 1288 1744 1362">
     <span class='ocr_line' id='line_1_14' title="bbox 90 1288 1744 1362; baseline 0.001 -22"><span class='ocrx_word' id='word_1_85' title='bbox 90 1303 308 1341; x_wconf 84' lang='lat' dir='ltr'>novum</span> <span class='ocrx_word' id='word_1_86' title='bbox 364 1297 616 1359; x_wconf 88' lang='lat' dir='ltr'>patrono</span> <span class='ocrx_word' id='word_1_87' title='bbox 667 1295 870 1344; x_wconf 89' lang='lat' dir='ltr'>nostro</span> <span class='ocrx_word' id='word_1_88' title='bbox 923 1289 1143 1345; x_wconf 88' lang='lat' dir='ltr'>librum</span> <span class='ocrx_word' id='word_1_89' title='bbox 1198 1293 1398 1345; x_wconf 88' lang='lat' dir='ltr'>minus</span> <span class='ocrx_word' id='word_1_90' title='bbox 1439 1288 1744 1362; x_wconf 82' lang='lat' dir='ltr'>pigritaret</span> 
     </span>
    </p>
   </div>
   <div class='ocr_carea' id='block_1_15' title="bbox 90 1377 1740 1451">
    <p class='ocr_par' dir='ltr' id='par_1_15' title="bbox 90 1377 1740 1451">
     <span class='ocr_line' id='line_1_15' title="bbox 90 1377 1740 1451; baseline 0.001 -21"><span class='ocrx_word' id='word_1_91' title='bbox 90 1377 322 1431; x_wconf 89' lang='lat' dir='ltr'>cudere.</span> <span class='ocrx_word' id='word_1_92' title='bbox 356 1378 526 1442; x_wconf 85' lang='lat' dir='ltr'>Quod</span> <span class='ocrx_word' id='word_1_93' title='bbox 559 1394 698 1432; x_wconf 92' lang='lat' dir='ltr'>cum</span> <span class='ocrx_word' id='word_1_94' title='bbox 751 1378 844 1432; x_wconf 91' lang='lat' dir='ltr'>ille</span> <span class='ocrx_word' id='word_1_95' title='bbox 892 1385 1228 1449; x_wconf 86' lang='lat' dir='ltr'>rennueret,</span> <span class='ocrx_word' id='word_1_96' title='bbox 1259 1379 1438 1451; x_wconf 89' lang='lat' dir='ltr'>quasi</span> <span class='ocrx_word' id='word_1_97' title='bbox 1465 1395 1587 1432; x_wconf 70' lang='lat' dir='ltr'>suae</span> <span class='ocrx_word' id='word_1_98' title='bbox 1619 1392 1740 1432; x_wconf 92' lang='lat' dir='ltr'>non</span> 
     </span>
    </p>
   </div>
   <div class='ocr_carea' id='block_1_16' title="bbox 90 1466 1741 1541">
    <p class='ocr_par' dir='ltr' id='par_1_16' title="bbox 90 1466 1741 1541">
     <span class='ocr_line' id='line_1_16' title="bbox 90 1466 1741 1541; baseline 0.001 -21"><span class='ocrx_word' id='word_1_99' title='bbox 90 1471 240 1520; x_wconf 87' lang='lat' dir='ltr'>esset</span> <span class='ocrx_word' id='word_1_100' title='bbox 268 1466 698 1538; x_wconf 83' lang='lat' dir='ltr'>possibilitatis,</span> <span class='ocrx_word' id='word_1_101' title='bbox 731 1472 786 1523; x_wconf 92' lang='lat' dir='ltr'>et</span> <span class='ocrx_word' id='word_1_102' title='bbox 812 1484 924 1536; x_wconf 80' lang='lat' dir='ltr'>ego</span> <span class='ocrx_word' id='word_1_103' title='bbox 955 1485 1322 1541; x_wconf 90' lang='lat' dir='ltr'>opponerem</span> <span class='ocrx_word' id='word_1_104' title='bbox 1351 1467 1620 1522; x_wconf 90' lang='lat' dir='ltr'>debitum</span> <span class='ocrx_word' id='word_1_105' title='bbox 1647 1483 1741 1522; x_wconf 89' lang='lat' dir='ltr'>ca-</span> 
     </span>
    </p>
   </div>
   <div class='ocr_carea' id='block_1_17' title="bbox 91 1555 1741 1627">
    <p class='ocr_par' dir='ltr' id='par_1_17' title="bbox 91 1555 1741 1627">
     <span class='ocr_line' id='line_1_17' title="bbox 91 1555 1741 1627; baseline 0.001 -19"><span class='ocrx_word' id='word_1_106' title='bbox 91 1555 292 1623; x_wconf 89' lang='lat' dir='ltr'>ritatis,</span> <span class='ocrx_word' id='word_1_107' title='bbox 340 1555 464 1627; x_wconf 89' lang='lat' dir='ltr'>ipse</span> <span class='ocrx_word' id='word_1_108' title='bbox 518 1572 660 1611; x_wconf 88' lang='lat' dir='ltr'>vero</span> <span class='ocrx_word' id='word_1_109' title='bbox 715 1558 928 1626; x_wconf 77' lang='lat' dir='ltr'>majori</span> <span class='ocrx_word' id='word_1_110' title='bbox 987 1558 1372 1613; x_wconf 82' lang='lat' dir='ltr'>excusatione</span> <span class='ocrx_word' id='word_1_111' title='bbox 1421 1556 1637 1611; x_wconf 88' lang='lat' dir='ltr'>nostris</span> <span class='ocrx_word' id='word_1_112' title='bbox 1681 1555 1741 1610; x_wconf 88' lang='lat' dir='ltr'>id</span> 
     </span>
    </p>
   </div>
   <div class='ocr_carea' id='block_1_18' title="bbox 90 1643 1740 1710">
    <p class='ocr_par' dir='ltr' id='par_1_18' title="bbox 90 1643 1740 1710">
     <span class='ocr_line' id='line_1_18' title="bbox 90 1643 1740 1710; baseline 0 -12"><span class='ocrx_word' id='word_1_113' title='bbox 90 1643 300 1698; x_wconf 88' lang='lat' dir='ltr'>melius</span> <span class='ocrx_word' id='word_1_114' title='bbox 353 1651 639 1700; x_wconf 87' lang='lat' dir='ltr'>assereret</span> <span class='ocrx_word' id='word_1_115' title='bbox 687 1647 1024 1710; x_wconf 86' lang='lat' dir='ltr'>convenire,</span> <span class='ocrx_word' id='word_1_116' title='bbox 1058 1653 1114 1702; x_wconf 91' lang='lat' dir='ltr'>et</span> <span class='ocrx_word' id='word_1_117' title='bbox 1164 1663 1194 1701; x_wconf 91' lang='lat' dir='ltr'>e</span> <span class='ocrx_word' id='word_1_118' title='bbox 1235 1647 1532 1702; x_wconf 90' lang='lat' dir='ltr'>contrario</span> <span class='ocrx_word' id='word_1_119' title='bbox 1563 1645 1740 1700; x_wconf 89' lang='lat' dir='ltr'>refer-</span> 
     </span>
    </p>
   </div>
   <div class='ocr_carea' id='block_1_19' title="bbox 89 1735 1736 1804">
    <p class='ocr_par' dir='ltr' id='par_1_19' title="bbox 89 1735 1736 1804">
     <span class='ocr_line' id='line_1_19' title="bbox 89 1735 1736 1804; baseline 0 -16"><span class='ocrx_word' id='word_1_120' title='bbox 89 1750 236 1799; x_wconf 88' lang='lat' dir='ltr'>rem,</span> <span class='ocrx_word' id='word_1_121' title='bbox 269 1749 417 1804; x_wconf 91' lang='lat' dir='ltr'>pene</span> <span class='ocrx_word' id='word_1_122' title='bbox 459 1750 586 1788; x_wconf 88' lang='lat' dir='ltr'>esse</span> <span class='ocrx_word' id='word_1_123' title='bbox 641 1735 910 1790; x_wconf 81' lang='lat' dir='ltr'>naturale</span> <span class='ocrx_word' id='word_1_124' title='bbox 962 1735 1120 1790; x_wconf 88' lang='lat' dir='ltr'>cives</span> <span class='ocrx_word' id='word_1_125' title='bbox 1164 1736 1393 1791; x_wconf 87' lang='lat' dir='ltr'>civibus</span> <span class='ocrx_word' id='word_1_126' title='bbox 1435 1735 1736 1790; x_wconf 86' lang='lat' dir='ltr'>invidere:</span> 
     </span>
    </p>
   </div>
   <div class='ocr_carea' id='block_1_20' title="bbox 90 1823 1743 1896">
    <p class='ocr_par' dir='ltr' id='par_1_20' title="bbox 90 1823 1743 1896">
     <span class='ocr_line' id='line_1_20' title="bbox 90 1823 1743 1896; baseline 0.001 -19"><span class='ocrx_word' id='word_1_127' title='bbox 90 1823 331 1878; x_wconf 86' lang='lat' dir='ltr'>tandem</span> <span class='ocrx_word' id='word_1_128' title='bbox 353 1823 562 1889; x_wconf 88' lang='lat' dir='ltr'>victus,</span> <span class='ocrx_word' id='word_1_129' title='bbox 586 1824 873 1880; x_wconf 82' lang='lat' dir='ltr'>voluntati</span> <span class='ocrx_word' id='word_1_130' title='bbox 905 1827 1276 1896; x_wconf 66' lang='lat' dir='ltr'>meze,immo</span> <span class='ocrx_word' id='word_1_131' title='bbox 1308 1826 1484 1882; x_wconf 88' lang='lat' dir='ltr'>beato</span> <span class='ocrx_word' id='word_1_132' title='bbox 1515 1829 1743 1880; x_wconf 85' lang='lat' dir='ltr'>Emme-</span> 
     </span>
    </p>
   </div>
   <div class='ocr_carea' id='block_1_21' title="bbox 88 1913 1745 1972">
    <p class='ocr_par' dir='ltr' id='par_1_21' title="bbox 88 1913 1745 1972">
     <span class='ocr_line' id='line_1_21' title="bbox 88 1913 1745 1972; baseline 0.001 -4"><span class='ocrx_word' id='word_1_133' title='bbox 88 1930 323 1968; x_wconf 87' lang='lat' dir='ltr'>rammo</span> <span class='ocrx_word' id='word_1_134' title='bbox 375 1913 644 1969; x_wconf 90' lang='lat' dir='ltr'>animum</span> <span class='ocrx_word' id='word_1_135' title='bbox 685 1915 1025 1970; x_wconf 85' lang='lat' dir='ltr'>substravit.</span> <span class='ocrx_word' id='word_1_136' title='bbox 1063 1919 1128 1972; x_wconf 90' lang='lat' dir='ltr'>Ut</span> <span class='ocrx_word' id='word_1_137' title='bbox 1157 1921 1357 1971; x_wconf 92' lang='lat' dir='ltr'>autem</span> <span class='ocrx_word' id='word_1_138' title='bbox 1390 1915 1745 1971; x_wconf 88' lang='lat' dir='ltr'>acceleraret</span> 
     </span>
    </p>
   </div>
   <div class='ocr_carea' id='block_1_22' title="bbox 86 2003 1746 2074">
    <p class='ocr_par' dir='ltr' id='par_1_22' title="bbox 86 2003 1746 2074">
     <span class='ocr_line' id='line_1_22' title="bbox 86 2003 1746 2074; baseline 0 -16"><span class='ocrx_word' id='word_1_139' title='bbox 86 2020 184 2058; x_wconf 90' lang='lat' dir='ltr'>me</span> <span class='ocrx_word' id='word_1_140' title='bbox 212 2007 477 2072; x_wconf 79' lang='lat' dir='ltr'>rogante,</span> <span class='ocrx_word' id='word_1_141' title='bbox 507 2004 814 2074; x_wconf 87' lang='lat' dir='ltr'>respondit</span> <span class='ocrx_word' id='word_1_142' title='bbox 849 2021 1059 2060; x_wconf 89' lang='lat' dir='ltr'>serena</span> <span class='ocrx_word' id='word_1_143' title='bbox 1096 2005 1306 2073; x_wconf 87' lang='lat' dir='ltr'>fronte,</span> <span class='ocrx_word' id='word_1_144' title='bbox 1342 2020 1581 2060; x_wconf 88' lang='lat' dir='ltr'>summa</span> <span class='ocrx_word' id='word_1_145' title='bbox 1618 2003 1746 2060; x_wconf 90' lang='lat' dir='ltr'>dili-</span> 
     </span>
    </p>
   </div>
   <div class='ocr_carea' id='block_1_23' title="bbox 88 2091 1742 2166">
    <p class='ocr_par' dir='ltr' id='par_1_23' title="bbox 88 2091 1742 2166">
     <span class='ocr_line' id='line_1_23' title="bbox 88 2091 1742 2166; baseline -0.001 -18"><span class='ocrx_word' id='word_1_146' title='bbox 88 2093 285 2160; x_wconf 77' lang='lat' dir='ltr'>gentia</span> <span class='ocrx_word' id='word_1_147' title='bbox 318 2091 376 2146; x_wconf 94' lang='lat' dir='ltr'>in</span> <span class='ocrx_word' id='word_1_148' title='bbox 406 2091 630 2146; x_wconf 88' lang='lat' dir='ltr'>laribus</span> <span class='ocrx_word' id='word_1_149' title='bbox 660 2093 1064 2164; x_wconf 89' lang='lat' dir='ltr'>probandum,</span> <span class='ocrx_word' id='word_1_150' title='bbox 1097 2095 1260 2166; x_wconf 91' lang='lat' dir='ltr'>quod</span> <span class='ocrx_word' id='word_1_151' title='bbox 1294 2099 1459 2150; x_wconf 82' lang='lat' dir='ltr'>extra</span> <span class='ocrx_word' id='word_1_152' title='bbox 1489 2093 1742 2166; x_wconf 86' lang='lat' dir='ltr'>parietes</span> 
     </span>
    </p>
   </div>
   <div class='ocr_carea' id='block_1_24' title="bbox 83 2182 1746 2255">
    <p class='ocr_par' dir='ltr' id='par_1_24' title="bbox 83 2182 1746 2255">
     <span class='ocr_line' id='line_1_24' title="bbox 83 2182 1746 2255; baseline -0.001 -18"><span class='ocrx_word' id='word_1_153' title='bbox 83 2183 412 2238; x_wconf 82' lang='lat' dir='ltr'>multorum</span> <span class='ocrx_word' id='word_1_154' title='bbox 444 2182 631 2236; x_wconf 90' lang='lat' dir='ltr'>oculis</span> <span class='ocrx_word' id='word_1_155' title='bbox 663 2183 810 2238; x_wconf 87' lang='lat' dir='ltr'>foret</span> <span class='ocrx_word' id='word_1_156' title='bbox 842 2184 1332 2255; x_wconf 87' lang='lat' dir='ltr'>presentandum.</span> <span class='ocrx_word' id='word_1_157' title='bbox 1369 2189 1505 2252; x_wconf 86' lang='lat' dir='ltr'>Hac,</span> <span class='ocrx_word' id='word_1_158' title='bbox 1533 2189 1597 2239; x_wconf 92' lang='lat' dir='ltr'>ut</span> <span class='ocrx_word' id='word_1_159' title='bbox 1621 2183 1746 2254; x_wconf 90' lang='lat' dir='ltr'>opi-</span> 
     </span>
    </p>
   </div>
   <div class='ocr_carea' id='block_1_25' title="bbox 81 2270 1743 2345">
    <p class='ocr_par' dir='ltr' id='par_1_25' title="bbox 81 2270 1743 2345">
     <span class='ocr_line' id='line_1_25' title="bbox 81 2270 1743 2345; baseline -0.001 -18"><span class='ocrx_word' id='word_1_160' title='bbox 81 2289 213 2337; x_wconf 90' lang='lat' dir='ltr'>nor,</span> <span class='ocrx_word' id='word_1_161' title='bbox 244 2270 558 2326; x_wconf 86' lang='lat' dir='ltr'>occasione</span> <span class='ocrx_word' id='word_1_162' title='bbox 586 2271 772 2326; x_wconf 89' lang='lat' dir='ltr'>tribus</span> <span class='ocrx_word' id='word_1_163' title='bbox 804 2273 977 2327; x_wconf 89' lang='lat' dir='ltr'>annis</span> <span class='ocrx_word' id='word_1_164' title='bbox 1008 2289 1162 2345; x_wconf 91' lang='lat' dir='ltr'>opus</span> <span class='ocrx_word' id='word_1_165' title='bbox 1191 2273 1335 2328; x_wconf 90' lang='lat' dir='ltr'>mihi</span> <span class='ocrx_word' id='word_1_166' title='bbox 1367 2273 1743 2330; x_wconf 87' lang='lat' dir='ltr'>carissimum</span> 
     </span>
    </p>
   </div>
   <div class='ocr_carea' id='block_1_26' title="bbox 81 2359 1744 2434">
    <p class='ocr_par' dir='ltr' id='par_1_26' title="bbox 81 2359 1744 2434">
     <span class='ocr_line' id='line_1_26' title="bbox 81 2359 1744 2434; baseline -0.001 -18"><span class='ocrx_word' id='word_1_167' title='bbox 81 2360 373 2416; x_wconf 88' lang='lat' dir='ltr'>remansit</span> <span class='ocrx_word' id='word_1_168' title='bbox 402 2359 835 2431; x_wconf 90' lang='lat' dir='ltr'>imperfectum,</span> <span class='ocrx_word' id='word_1_169' title='bbox 869 2361 1016 2416; x_wconf 90' lang='lat' dir='ltr'>dum</span> <span class='ocrx_word' id='word_1_170' title='bbox 1071 2362 1440 2434; x_wconf 85' lang='lat' dir='ltr'>temporibus</span> <span class='ocrx_word' id='word_1_171' title='bbox 1491 2360 1744 2417; x_wconf 89' lang='lat' dir='ltr'>Heinrici</span> 
     </span>
    </p>
   </div>
   <div class='ocr_carea' id='block_1_27' title="bbox 81 2449 1744 2523">
    <p class='ocr_par' dir='ltr' id='par_1_27' title="bbox 81 2449 1744 2523">
     <span class='ocr_line' id='line_1_27' title="bbox 81 2449 1744 2523; baseline -0.001 -16"><span class='ocrx_word' id='word_1_172' title='bbox 81 2449 493 2519; x_wconf 81' lang='lat' dir='ltr'>augustissimi</span> <span class='ocrx_word' id='word_1_173' title='bbox 519 2449 893 2522; x_wconf 88' lang='lat' dir='ltr'>imperatoris</span> <span class='ocrx_word' id='word_1_174' title='bbox 919 2457 1073 2506; x_wconf 90' lang='lat' dir='ltr'>esset</span> <span class='ocrx_word' id='word_1_175' title='bbox 1103 2457 1388 2523; x_wconf 65' lang='lat' dir='ltr'>ereptum.</span> <span class='ocrx_word' id='word_1_176' title='bbox 1423 2455 1744 2521; x_wconf 83' lang='lat' dir='ltr'>Regressus</span> 
     </span>
    </p>
   </div>
   <div class='ocr_carea' id='block_1_28' title="bbox 80 2538 1742 2609">
    <p class='ocr_par' dir='ltr' id='par_1_28' title="bbox 80 2538 1742 2609">
     <span class='ocr_line' id='line_1_28' title="bbox 80 2538 1742 2609; baseline 0 -15"><span class='ocrx_word' id='word_1_177' title='bbox 80 2556 225 2609; x_wconf 79' lang='lat' dir='ltr'>ergo</span> <span class='ocrx_word' id='word_1_178' title='bbox 258 2538 335 2593; x_wconf 90' lang='lat' dir='ltr'>ad</span> <span class='ocrx_word' id='word_1_179' title='bbox 367 2539 794 2594; x_wconf 89' lang='lat' dir='ltr'>monasterium</span> <span class='ocrx_word' id='word_1_180' title='bbox 826 2556 856 2594; x_wconf 94' lang='lat' dir='ltr'>e</span> <span class='ocrx_word' id='word_1_181' title='bbox 887 2541 1164 2607; x_wconf 87' lang='lat' dir='ltr'>Saxonia,</span> <span class='ocrx_word' id='word_1_182' title='bbox 1200 2541 1466 2596; x_wconf 86' lang='lat' dir='ltr'>ferebam</span> <span class='ocrx_word' id='word_1_183' title='bbox 1505 2557 1742 2596; x_wconf 89' lang='lat' dir='ltr'>mecum</span> 
     </span>
    </p>
   </div>
   <div class='ocr_carea' id='block_1_29' title="bbox 78 2624 1746 2700">
    <p class='ocr_par' dir='ltr' id='par_1_29' title="bbox 78 2624 1746 2700">
     <span class='ocr_line' id='line_1_29' title="bbox 78 2624 1746 2700; baseline 0.002 -20"><span class='ocrx_word' id='word_1_184' title='bbox 78 2624 408 2680; x_wconf 89' lang='lat' dir='ltr'>beatissimi</span> <span class='ocrx_word' id='word_1_185' title='bbox 461 2626 718 2680; x_wconf 89' lang='lat' dir='ltr'>martiris</span> <span class='ocrx_word' id='word_1_186' title='bbox 750 2644 1026 2698; x_wconf 89' lang='lat' dir='ltr'>ymnum,</span> <span class='ocrx_word' id='word_1_187' title='bbox 1055 2645 1237 2700; x_wconf 90' lang='lat' dir='ltr'>quem</span> <span class='ocrx_word' id='word_1_188' title='bbox 1270 2629 1415 2684; x_wconf 90' lang='lat' dir='ltr'>mihi</span> <span class='ocrx_word' id='word_1_189' title='bbox 1447 2646 1556 2700; x_wconf 90' lang='lat' dir='ltr'>pro</span> <span class='ocrx_word' id='word_1_190' title='bbox 1589 2645 1746 2684; x_wconf 89' lang='lat' dir='ltr'>arra-</span> 
     </span>
    </p>
   </div>
   <div class='ocr_carea' id='block_1_30' title="bbox 81 2712 1744 2789">
    <p class='ocr_par' dir='ltr' id='par_1_30' title="bbox 81 2712 1744 2789">
     <span class='ocr_line' id='line_1_30' title="bbox 81 2712 1744 2789; baseline 0.002 -23"><span class='ocrx_word' id='word_1_191' title='bbox 81 2714 243 2768; x_wconf 87' lang='lat' dir='ltr'>bone</span> <span class='ocrx_word' id='word_1_192' title='bbox 273 2712 406 2767; x_wconf 90' lang='lat' dir='ltr'>libri</span> <span class='ocrx_word' id='word_1_193' title='bbox 438 2713 635 2769; x_wconf 88' lang='lat' dir='ltr'>saltim</span> <span class='ocrx_word' id='word_1_194' title='bbox 667 2715 754 2770; x_wconf 88' lang='lat' dir='ltr'>vel</span> <span class='ocrx_word' id='word_1_195' title='bbox 800 2716 1156 2772; x_wconf 89' lang='lat' dir='ltr'>versiculum</span> <span class='ocrx_word' id='word_1_196' title='bbox 1186 2718 1450 2789; x_wconf 88' lang='lat' dir='ltr'>poscenti</span> <span class='ocrx_word' id='word_1_197' title='bbox 1480 2717 1744 2789; x_wconf 78' lang='lat' dir='ltr'>profatus</span> 
     </span>
    </p>
   </div>
   <div class='ocr_carea' id='block_1_31' title="bbox 80 2807 1746 2878">
    <p class='ocr_par' dir='ltr' id='par_1_31' title="bbox 80 2807 1746 2878">
     <span class='ocr_line' id='line_1_31' title="bbox 80 2807 1746 2878; baseline 0.001 -20"><span class='ocrx_word' id='word_1_198' title='bbox 80 2808 370 2871; x_wconf 81' lang='lat' dir='ltr'>magister</span> <span class='ocrx_word' id='word_1_199' title='bbox 453 2808 641 2859; x_wconf 89' lang='lat' dir='ltr'>metro</span> <span class='ocrx_word' id='word_1_200' title='bbox 737 2807 1074 2878; x_wconf 82' lang='lat' dir='ltr'>composuit</span> <span class='ocrx_word' id='word_1_201' title='bbox 1152 2808 1426 2877; x_wconf 84' lang='lat' dir='ltr'>Saphico.</span> <span class='ocrx_word' id='word_1_202' title='bbox 1495 2810 1746 2861; x_wconf 89' lang='lat' dir='ltr'>Demum</span> 
     </span>
    </p>
   </div>
   <div class='ocr_carea' id='block_1_32' title="bbox 82 2893 1746 2965">
    <p class='ocr_par' dir='ltr' id='par_1_32' title="bbox 82 2893 1746 2965">
     <span class='ocr_line' id='line_1_32' title="bbox 82 2893 1746 2965; baseline 0.001 -18"><span class='ocrx_word' id='word_1_203' title='bbox 82 2893 492 2947; x_wconf 87' lang='lat' dir='ltr'>Chouonrado</span> <span class='ocrx_word' id='word_1_204' title='bbox 541 2893 892 2965; x_wconf 89' lang='lat' dir='ltr'>imperante,</span> <span class='ocrx_word' id='word_1_205' title='bbox 945 2900 1001 2950; x_wconf 90' lang='lat' dir='ltr'>et</span> <span class='ocrx_word' id='word_1_206' title='bbox 1042 2895 1430 2951; x_wconf 89' lang='lat' dir='ltr'>nihilominus</span> <span class='ocrx_word' id='word_1_207' title='bbox 1475 2895 1746 2950; x_wconf 85' lang='lat' dir='ltr'>Heinrico</span> 
     </span>
    </p>
   </div>
   <div class='ocr_carea' id='block_1_33' title="bbox 81 2981 1747 3052">
    <p class='ocr_par' dir='ltr' id='par_1_33' title="bbox 81 2981 1747 3052">
     <span class='ocr_line' id='line_1_33' title="bbox 81 2981 1747 3052; baseline 0.001 -15"><span class='ocrx_word' id='word_1_208' title='bbox 81 2983 208 3037; x_wconf 83' lang='lat' dir='ltr'>filio</span> <span class='ocrx_word' id='word_1_209' title='bbox 262 2981 392 3050; x_wconf 91' lang='lat' dir='ltr'>ejus</span> <span class='ocrx_word' id='word_1_210' title='bbox 449 2987 758 3052; x_wconf 80' lang='lat' dir='ltr'>regnante,</span> <span class='ocrx_word' id='word_1_211' title='bbox 810 2983 1160 3039; x_wconf 87' lang='lat' dir='ltr'>Gebehardo</span> <span class='ocrx_word' id='word_1_212' title='bbox 1217 2991 1418 3040; x_wconf 90' lang='lat' dir='ltr'>autem</span> <span class='ocrx_word' id='word_1_213' title='bbox 1479 2984 1747 3039; x_wconf 90' lang='lat' dir='ltr'>secundo</span> 
     </span>
    </p>
   </div>
   <div class='ocr_carea' id='block_1_34' title="bbox 80 3069 1827 3168">
    <p class='ocr_par' dir='ltr' id='par_1_34' title="bbox 80 3069 1827 3168">
     <span class='ocr_line' id='line_1_34' title="bbox 80 3069 1827 3168; baseline 0.002 -42"><span class='ocrx_word' id='word_1_214' title='bbox 80 3069 582 3126; x_wconf 82' lang='lat' dir='ltr'>Ratisbonensem</span> <span class='ocrx_word' id='word_1_215' title='bbox 631 3072 943 3128; x_wconf 88' lang='lat' dir='ltr'>ecclesiam</span> <span class='ocrx_word' id='word_1_216' title='bbox 984 3079 1242 3142; x_wconf 83' lang='lat' dir='ltr'>regente,</span> <span class='ocrx_word' id='word_1_217' title='bbox 1274 3073 1335 3129; x_wconf 91' lang='lat' dir='ltr'>in</span> <span class='ocrx_word' id='word_1_218' title='bbox 1365 3074 1627 3129; x_wconf 90' lang='lat' dir='ltr'>adventu</span> <span class='ocrx_word' id='word_1_219' title='bbox 1656 3089 1748 3128; x_wconf 85' lang='lat' dir='ltr'>ve-</span> <span class='ocrx_word' id='word_1_220' title='bbox 1788 3113 1827 3168; x_wconf 62' lang='grc' dir='ltr'>ϐ</span> 
     </span>
    </p>
   </div>
   <div class='ocr_carea' id='block_1_35' title="bbox 80 3158 1749 3235">
    <p class='ocr_par' dir='ltr' id='par_1_35' title="bbox 80 3158 1749 3235">
     <span class='ocr_line' id='line_1_35' title="bbox 80 3158 1749 3235; baseline 0.003 -22"><span class='ocrx_word' id='word_1_221' title='bbox 80 3166 228 3225; x_wconf 89' lang='lat' dir='ltr'>stro,</span> <span class='ocrx_word' id='word_1_222' title='bbox 265 3158 588 3229; x_wconf 63' lang='lat' dir='ltr'>smpissime</span> <span class='ocrx_word' id='word_1_223' title='bbox 640 3166 879 3232; x_wconf 87' lang='lat' dir='ltr'>optatus</span> <span class='ocrx_word' id='word_1_224' title='bbox 930 3167 1108 3234; x_wconf 87' lang='lat' dir='ltr'>atque</span> <span class='ocrx_word' id='word_1_225' title='bbox 1147 3162 1250 3217; x_wconf 91' lang='lat' dir='ltr'>diu</span> <span class='ocrx_word' id='word_1_226' title='bbox 1279 3167 1623 3235; x_wconf 82' lang='lat' dir='ltr'>expectatus</span> <span class='ocrx_word' id='word_1_227' title='bbox 1655 3178 1749 3218; x_wconf 91' lang='lat' dir='ltr'>ve-</span> 
     </span>
    </p>
   </div>
   <div class='ocr_carea' id='block_1_36' title="bbox 79 3247 1750 3326">
    <p class='ocr_par' dir='ltr' id='par_1_36' title="bbox 79 3247 1750 3326">
     <span class='ocr_line' id='line_1_36' title="bbox 79 3247 1750 3326; baseline 0.002 -22"><span class='ocrx_word' id='word_1_228' title='bbox 79 3250 170 3304; x_wconf 89' lang='lat' dir='ltr'>nit</span> <span class='ocrx_word' id='word_1_229' title='bbox 223 3247 479 3303; x_wconf 89' lang='lat' dir='ltr'>libellus.</span> <span class='ocrx_word' id='word_1_230' title='bbox 552 3251 731 3320; x_wconf 91' lang='lat' dir='ltr'>Cujus</span> <span class='ocrx_word' id='word_1_231' title='bbox 799 3251 1151 3308; x_wconf 88' lang='lat' dir='ltr'>universitas</span> <span class='ocrx_word' id='word_1_232' title='bbox 1201 3252 1379 3308; x_wconf 89' lang='lat' dir='ltr'>beato</span> <span class='ocrx_word' id='word_1_233' title='bbox 1433 3253 1750 3326; x_wconf 89' lang='lat' dir='ltr'>deputetur</span> 
     </span>
    </p>
   </div>
   <div class='ocr_carea' id='block_1_37' title="bbox 82 3340 1746 3412">
    <p class='ocr_par' dir='ltr' id='par_1_37' title="bbox 82 3340 1746 3412">
     <span class='ocr_line' id='line_1_37' title="bbox 82 3340 1746 3412; baseline 0.002 -18"><span class='ocrx_word' id='word_1_234' title='bbox 82 3344 556 3409; x_wconf 83' lang='lat' dir='ltr'>Emmerammo,</span> <span class='ocrx_word' id='word_1_235' title='bbox 603 3340 855 3396; x_wconf 87' lang='lat' dir='ltr'>materia</span> <span class='ocrx_word' id='word_1_236' title='bbox 909 3341 1124 3409; x_wconf 91' lang='lat' dir='ltr'>Cirino,</span> <span class='ocrx_word' id='word_1_237' title='bbox 1175 3343 1478 3398; x_wconf 88' lang='lat' dir='ltr'>renovatio</span> <span class='ocrx_word' id='word_1_238' title='bbox 1531 3343 1746 3412; x_wconf 79' lang='lat' dir='ltr'>Megin-</span> 
     </span>
    </p>
   </div>
   <div class='ocr_carea' id='block_1_38' title="bbox 78 3427 1748 3501">
    <p class='ocr_par' dir='ltr' id='par_1_38' title="bbox 78 3427 1748 3501">
     <span class='ocr_line' id='line_1_38' title="bbox 78 3427 1748 3501; baseline 0.002 -17"><span class='ocrx_word' id='word_1_239' title='bbox 78 3427 278 3496; x_wconf 89' lang='lat' dir='ltr'>fredo,</span> <span class='ocrx_word' id='word_1_240' title='bbox 334 3428 562 3483; x_wconf 80' lang='lat' dir='ltr'>exactio</span> <span class='ocrx_word' id='word_1_241' title='bbox 619 3430 918 3501; x_wconf 90' lang='lat' dir='ltr'>peccatori</span> <span class='ocrx_word' id='word_1_242' title='bbox 975 3431 1256 3497; x_wconf 90' lang='lat' dir='ltr'>Arnaldo,</span> <span class='ocrx_word' id='word_1_243' title='bbox 1304 3449 1449 3486; x_wconf 91' lang='lat' dir='ltr'>usus</span> <span class='ocrx_word' id='word_1_244' title='bbox 1505 3433 1748 3487; x_wconf 91' lang='lat' dir='ltr'>oculum</span> 
     </span>
    </p>
   </div>
   <div class='ocr_carea' id='block_1_39' title="bbox 76 3516 1747 3592">
    <p class='ocr_par' dir='ltr' id='par_1_39' title="bbox 76 3516 1747 3592">
     <span class='ocr_line' id='line_1_39' title="bbox 76 3516 1747 3592; baseline 0.001 -19"><span class='ocrx_word' id='word_1_245' title='bbox 76 3516 325 3573; x_wconf 79' lang='lat' dir='ltr'>invidiae</span> <span class='ocrx_word' id='word_1_246' title='bbox 350 3519 370 3551; x_wconf 93' lang='lat'>3</span> <span class='ocrx_word' id='word_1_247' title='bbox 402 3533 523 3573; x_wconf 91' lang='lat' dir='ltr'>non</span> <span class='ocrx_word' id='word_1_248' title='bbox 552 3518 935 3589; x_wconf 87' lang='lat' dir='ltr'>habentibus,</span> <span class='ocrx_word' id='word_1_249' title='bbox 969 3520 1432 3592; x_wconf 55' lang='lat' dir='ltr'>vitaapremium</span> <span class='ocrx_word' id='word_1_250' title='bbox 1463 3521 1747 3576; x_wconf 89' lang='lat' dir='ltr'>omnibus</span> 
     </span>
    </p>
   </div>
   <div class='ocr_carea' id='block_1_40' title="bbox 76 3605 1749 3678">
    <p class='ocr_par' dir='ltr' id='par_1_40' title="bbox 76 3605 1749 3678">
     <span class='ocr_line' id='line_1_40' title="bbox 76 3605 1749 3678; baseline 0.001 -16"><span class='ocrx_word' id='word_1_251' title='bbox 76 3605 360 3678; x_wconf 89' lang='lat' dir='ltr'>ejusdem</span> <span class='ocrx_word' id='word_1_252' title='bbox 415 3608 533 3660; x_wconf 89' lang='lat' dir='ltr'>Deo</span> <span class='ocrx_word' id='word_1_253' title='bbox 582 3606 774 3661; x_wconf 88' lang='lat' dir='ltr'>dilecti</span> <span class='ocrx_word' id='word_1_254' title='bbox 806 3608 1064 3662; x_wconf 88' lang='lat' dir='ltr'>martiris</span> <span class='ocrx_word' id='word_1_255' title='bbox 1095 3609 1451 3662; x_wconf 89' lang='lat' dir='ltr'>memoriam</span> <span class='ocrx_word' id='word_1_256' title='bbox 1481 3610 1749 3663; x_wconf 88' lang='lat' dir='ltr'>excolen-</span> 
     </span>
    </p>
   </div>
   <div class='ocr_carea' id='block_1_41' title="bbox 78 3695 1744 3764">
    <p class='ocr_par' dir='ltr' id='par_1_41' title="bbox 78 3695 1744 3764">
     <span class='ocr_line' id='line_1_41' title="bbox 78 3695 1744 3764; baseline 0 -12"><span class='ocrx_word' id='word_1_257' title='bbox 78 3697 266 3753; x_wconf 91' lang='lat' dir='ltr'>tibus.</span> <span class='ocrx_word' id='word_1_258' title='bbox 303 3698 408 3748; x_wconf 87' lang='lat' dir='ltr'>Pro</span> <span class='ocrx_word' id='word_1_259' title='bbox 461 3695 632 3764; x_wconf 89' lang='lat' dir='ltr'>cujus</span> <span class='ocrx_word' id='word_1_260' title='bbox 676 3695 836 3750; x_wconf 91' lang='lat' dir='ltr'>cultu</span> <span class='ocrx_word' id='word_1_261' title='bbox 876 3713 1011 3751; x_wconf 86' lang='lat' dir='ltr'>mea</span> <span class='ocrx_word' id='word_1_262' title='bbox 1039 3697 1401 3752; x_wconf 86' lang='lat' dir='ltr'>exhibitione</span> <span class='ocrx_word' id='word_1_263' title='bbox 1434 3697 1672 3752; x_wconf 92' lang='lat' dir='ltr'>modico</span> <span class='ocrx_word' id='word_1_264' title='bbox 1703 3699 1744 3763; x_wconf 89' lang='lat'><strong>3,</strong></span> 
     </span>
    </p>
   </div>
   <div class='ocr_carea' id='block_1_42' title="bbox 73 3783 1750 3858">
    <p class='ocr_par' dir='ltr' id='par_1_42' title="bbox 73 3783 1750 3858">
     <span class='ocr_line' id='line_1_42' title="bbox 73 3783 1750 3858; baseline -0.001 -17"><span class='ocrx_word' id='word_1_265' title='bbox 73 3785 292 3841; x_wconf 87' lang='lat' dir='ltr'>debito</span> <span class='ocrx_word' id='word_1_266' title='bbox 320 3783 407 3837; x_wconf 88' lang='lat' dir='ltr'>sui</span> <span class='ocrx_word' id='word_1_267' title='bbox 436 3799 790 3855; x_wconf 85' lang='lat' dir='ltr'>permagno,</span> <span class='ocrx_word' id='word_1_268' title='bbox 817 3785 964 3856; x_wconf 88' lang='lat' dir='ltr'>quid</span> <span class='ocrx_word' id='word_1_269' title='bbox 995 3786 1141 3840; x_wconf 87' lang='lat' dir='ltr'>mihi</span> <span class='ocrx_word' id='word_1_270' title='bbox 1173 3785 1451 3841; x_wconf 89' lang='lat' dir='ltr'>acciderit</span> <span class='ocrx_word' id='word_1_271' title='bbox 1479 3786 1574 3840; x_wconf 89' lang='lat' dir='ltr'>vel</span> <span class='ocrx_word' id='word_1_272' title='bbox 1600 3803 1750 3858; x_wconf 89' lang='lat' dir='ltr'>qua-</span> 
     </span>
    </p>
   </div>
   <div class='ocr_carea' id='block_1_43' title="bbox 71 3872 1751 3946">
    <p class='ocr_par' dir='ltr' id='par_1_43' title="bbox 71 3872 1751 3946">
     <span class='ocr_line' id='line_1_43' title="bbox 71 3872 1751 3946; baseline 0 -16"><span class='ocrx_word' id='word_1_273' title='bbox 71 3876 148 3930; x_wconf 92' lang='lat' dir='ltr'>lis</span> <span class='ocrx_word' id='word_1_274' title='bbox 228 3872 558 3927; x_wconf 89' lang='lat' dir='ltr'>consolatio</span> <span class='ocrx_word' id='word_1_275' title='bbox 636 3874 914 3940; x_wconf 89' lang='lat' dir='ltr'>evenerit,</span> <span class='ocrx_word' id='word_1_276' title='bbox 987 3875 1198 3946; x_wconf 88' lang='lat' dir='ltr'>paucis</span> <span class='ocrx_word' id='word_1_277' title='bbox 1279 3875 1533 3930; x_wconf 89' lang='lat' dir='ltr'>edicam.</span> <span class='ocrx_word' id='word_1_278' title='bbox 1616 3879 1751 3930; x_wconf 86' lang='lat' dir='ltr'>Erat</span> 
     </span>
    </p>
   </div>
   <div class='ocr_carea' id='block_1_44' title="bbox 70 3961 1748 4037">
    <p class='ocr_par' dir='ltr' id='par_1_44' title="bbox 70 3961 1748 4037">
     <span class='ocr_line' id='line_1_44' title="bbox 70 3961 1748 4037; baseline 0.001 -19"><span class='ocrx_word' id='word_1_279' title='bbox 70 3961 371 4037; x_wconf 67' lang='lat' dir='ltr'>quzedam</span> <span class='ocrx_word' id='word_1_280' title='bbox 427 3962 766 4029; x_wconf 88' lang='lat' dir='ltr'>necessitas,</span> <span class='ocrx_word' id='word_1_281' title='bbox 808 3979 918 4034; x_wconf 92' lang='lat' dir='ltr'>pro</span> <span class='ocrx_word' id='word_1_282' title='bbox 977 3980 1099 4036; x_wconf 87' lang='lat' dir='ltr'>qua</span> <span class='ocrx_word' id='word_1_283' title='bbox 1136 3964 1196 4018; x_wconf 89' lang='lat' dir='ltr'>in</span> <span class='ocrx_word' id='word_1_284' title='bbox 1237 3964 1607 4020; x_wconf 84' lang='lat' dir='ltr'>Pannoniam</span> <span class='ocrx_word' id='word_1_285' title='bbox 1652 3981 1748 4020; x_wconf 92' lang='lat' dir='ltr'>me</span> 
     </span>
    </p>
   </div>
   <div class='ocr_carea' id='block_1_45' title="bbox 71 4052 1749 4126">
    <p class='ocr_par' dir='ltr' id='par_1_45' title="bbox 71 4052 1749 4126">
     <span class='ocr_line' id='line_1_45' title="bbox 71 4052 1749 4126; baseline -0.001 -16"><span class='ocrx_word' id='word_1_286' title='bbox 71 4055 385 4110; x_wconf 87' lang='lat' dir='ltr'>direxerat</span> <span class='ocrx_word' id='word_1_287' title='bbox 407 4069 576 4108; x_wconf 91' lang='lat' dir='ltr'>meus</span> <span class='ocrx_word' id='word_1_288' title='bbox 605 4052 816 4108; x_wconf 88' lang='lat' dir='ltr'>abbas.</span> <span class='ocrx_word' id='word_1_289' title='bbox 854 4057 1123 4126; x_wconf 80' lang='lat' dir='ltr'>Cumque</span> <span class='ocrx_word' id='word_1_290' title='bbox 1153 4053 1516 4126; x_wconf 87' lang='lat' dir='ltr'>periclitarer</span> <span class='ocrx_word' id='word_1_291' title='bbox 1549 4053 1749 4126; x_wconf 91' lang='lat' dir='ltr'>sepius</span> 
     </span>
    </p>
   </div>
   <div class='ocr_carea' id='block_1_46' title="bbox 70 4140 1748 4214">
    <p class='ocr_par' dir='ltr' id='par_1_46' title="bbox 70 4140 1748 4214">
     <span class='ocr_line' id='line_1_46' title="bbox 70 4140 1748 4214; baseline -0.001 -15"><span class='ocrx_word' id='word_1_292' title='bbox 70 4145 135 4199; x_wconf 92' lang='lat' dir='ltr'>in</span> <span class='ocrx_word' id='word_1_293' title='bbox 193 4140 512 4212; x_wconf 87' lang='lat' dir='ltr'>profundis</span> <span class='ocrx_word' id='word_1_294' title='bbox 570 4141 818 4196; x_wconf 89' lang='lat' dir='ltr'>Danubii</span> <span class='ocrx_word' id='word_1_295' title='bbox 858 4141 1231 4211; x_wconf 82' lang='lat' dir='ltr'>decursibus,</span> <span class='ocrx_word' id='word_1_296' title='bbox 1265 4143 1428 4214; x_wconf 88' lang='lat' dir='ltr'>apud</span> <span class='ocrx_word' id='word_1_297' title='bbox 1470 4143 1748 4212; x_wconf 82' lang='lat' dir='ltr'>Pogicam</span> 
     </span>
    </p>
   </div>
   <div class='ocr_carea' id='block_1_47' title="bbox 69 4230 1747 4305">
    <p class='ocr_par' dir='ltr' id='par_1_47' title="bbox 69 4230 1747 4305">
     <span class='ocr_line' id='line_1_47' title="bbox 69 4230 1747 4305; baseline 0 -17"><span class='ocrx_word' id='word_1_298' title='bbox 69 4235 192 4303; x_wconf 69' lang='grc'>(42)</span> <span class='ocrx_word' id='word_1_299' title='bbox 231 4230 525 4296; x_wconf 87' lang='lat' dir='ltr'>carihdin,</span> <span class='ocrx_word' id='word_1_300' title='bbox 559 4231 658 4286; x_wconf 90' lang='lat' dir='ltr'>ubi</span> <span class='ocrx_word' id='word_1_301' title='bbox 715 4248 840 4286; x_wconf 88' lang='lat' dir='ltr'>esse</span> <span class='ocrx_word' id='word_1_302' title='bbox 875 4231 1105 4286; x_wconf 92' lang='lat' dir='ltr'>videtur</span> <span class='ocrx_word' id='word_1_303' title='bbox 1142 4234 1350 4288; x_wconf 89' lang='lat' dir='ltr'>mortis</span> <span class='ocrx_word' id='word_1_304' title='bbox 1388 4232 1747 4305; x_wconf 89' lang='lat' dir='ltr'>hospicium,</span> 
     </span>
    </p>
   </div>
   <div class='ocr_carea' id='block_1_48' title="bbox 69 4318 1748 4393">
    <p class='ocr_par' dir='ltr' id='par_1_48' title="bbox 69 4318 1748 4393">
     <span class='ocr_line' id='line_1_48' title="bbox 69 4318 1748 4393; baseline 0.001 -16"><span class='ocrx_word' id='word_1_305' title='bbox 69 4318 425 4377; x_wconf 86' lang='lat' dir='ltr'>maximum</span> <span class='ocrx_word' id='word_1_306' title='bbox 479 4321 829 4392; x_wconf 84' lang='lat' dir='ltr'>experiebar</span> <span class='ocrx_word' id='word_1_307' title='bbox 873 4321 1223 4393; x_wconf 90' lang='lat' dir='ltr'>periculum.</span> <span class='ocrx_word' id='word_1_308' title='bbox 1257 4321 1340 4377; x_wconf 92' lang='lat' dir='ltr'>lbi</span> <span class='ocrx_word' id='word_1_309' title='bbox 1389 4322 1549 4377; x_wconf 91' lang='lat' dir='ltr'>enim</span> <span class='ocrx_word' id='word_1_310' title='bbox 1598 4339 1748 4378; x_wconf 90' lang='lat' dir='ltr'>nau-</span> 
     </span>
    </p>
   </div>
   <div class='ocr_carea' id='block_1_49' title="bbox 71 4409 1749 4483">
    <p class='ocr_par' dir='ltr' id='par_1_49' title="bbox 71 4409 1749 4483">
     <span class='ocr_line' id='line_1_49' title="bbox 71 4409 1749 4483; baseline 0.001 -18"><span class='ocrx_word' id='word_1_311' title='bbox 71 4418 151 4466; x_wconf 64' lang='lat' dir='ltr'>tae</span> <span class='ocrx_word' id='word_1_312' title='bbox 234 4409 496 4477; x_wconf 90' lang='lat' dir='ltr'>majores</span> <span class='ocrx_word' id='word_1_313' title='bbox 574 4409 922 4482; x_wconf 89' lang='lat' dir='ltr'>arripientes</span> <span class='ocrx_word' id='word_1_314' title='bbox 992 4427 1219 4481; x_wconf 90' lang='lat' dir='ltr'>remos,</span> <span class='ocrx_word' id='word_1_315' title='bbox 1279 4412 1449 4483; x_wconf 86' lang='lat' dir='ltr'>quasi</span> <span class='ocrx_word' id='word_1_316' title='bbox 1526 4411 1749 4466; x_wconf 87' lang='lat' dir='ltr'>viribus</span> 
     </span>
    </p>
   </div>
   <div class='ocr_carea' id='block_1_50' title="bbox 70 4497 1750 4571">
    <p class='ocr_par' dir='ltr' id='par_1_50' title="bbox 70 4497 1750 4571">
     <span class='ocr_line' id='line_1_50' title="bbox 70 4497 1750 4571; baseline -0.001 -16"><span class='ocrx_word' id='word_1_317' title='bbox 70 4498 216 4555; x_wconf 90' lang='lat' dir='ltr'>suis</span> <span class='ocrx_word' id='word_1_318' title='bbox 271 4497 475 4552; x_wconf 86' lang='lat' dir='ltr'>navim</span> <span class='ocrx_word' id='word_1_319' title='bbox 534 4499 792 4554; x_wconf 89' lang='lat' dir='ltr'>evecturi</span> <span class='ocrx_word' id='word_1_320' title='bbox 837 4501 857 4533; x_wconf 98' lang='lat'>3</span> <span class='ocrx_word' id='word_1_321' title='bbox 913 4500 986 4554; x_wconf 90' lang='lat' dir='ltr'>de</span> <span class='ocrx_word' id='word_1_322' title='bbox 1039 4500 1296 4571; x_wconf 88' lang='lat' dir='ltr'>abrupto</span> <span class='ocrx_word' id='word_1_323' title='bbox 1350 4500 1634 4568; x_wconf 87' lang='lat' dir='ltr'>ﬂuminis,</span> <span class='ocrx_word' id='word_1_324' title='bbox 1690 4501 1750 4554; x_wconf 91' lang='lat' dir='ltr'>in</span> 
     </span>
    </p>
   </div>
   <div class='ocr_carea' id='block_1_51' title="bbox 69 4586 1749 4658">
    <p class='ocr_par' dir='ltr' id='par_1_51' title="bbox 69 4586 1749 4658">
     <span class='ocr_line' id='line_1_51' title="bbox 69 4586 1749 4658; baseline 0 -16"><span class='ocrx_word' id='word_1_325' title='bbox 69 4586 323 4642; x_wconf 88' lang='lat' dir='ltr'>tantam</span> <span class='ocrx_word' id='word_1_326' title='bbox 377 4600 590 4639; x_wconf 88' lang='lat' dir='ltr'>venere</span> <span class='ocrx_word' id='word_1_327' title='bbox 638 4586 1137 4658; x_wconf 88' lang='lat' dir='ltr'>desperationem,</span> <span class='ocrx_word' id='word_1_328' title='bbox 1196 4593 1260 4643; x_wconf 92' lang='lat' dir='ltr'>ut</span> <span class='ocrx_word' id='word_1_329' title='bbox 1311 4593 1477 4644; x_wconf 92' lang='lat' dir='ltr'>muto</span> <span class='ocrx_word' id='word_1_330' title='bbox 1541 4604 1602 4643; x_wconf 90' lang='lat' dir='ltr'>se</span> <span class='ocrx_word' id='word_1_331' title='bbox 1661 4588 1749 4643; x_wconf 89' lang='lat' dir='ltr'>in-</span> 
     </span>
    </p>
   </div>
   <div class='ocr_carea' id='block_1_52' title="bbox 69 4674 1750 4748">
    <p class='ocr_par' dir='ltr' id='par_1_52' title="bbox 69 4674 1750 4748">
     <span class='ocr_line' id='line_1_52' title="bbox 69 4674 1750 4748; baseline 0.001 -18"><span class='ocrx_word' id='word_1_332' title='bbox 69 4674 325 4733; x_wconf 86' lang='lat' dir='ltr'>tuentes</span> <span class='ocrx_word' id='word_1_333' title='bbox 375 4689 444 4727; x_wconf 88' lang='lat' dir='ltr'>ac</span> <span class='ocrx_word' id='word_1_334' title='bbox 473 4688 584 4727; x_wconf 92' lang='lat' dir='ltr'>nec</span> <span class='ocrx_word' id='word_1_335' title='bbox 622 4675 858 4730; x_wconf 88' lang='lat' dir='ltr'>muttire</span> <span class='ocrx_word' id='word_1_336' title='bbox 889 4677 1172 4743; x_wconf 87' lang='lat' dir='ltr'>valentes,</span> <span class='ocrx_word' id='word_1_337' title='bbox 1207 4693 1311 4748; x_wconf 91' lang='lat' dir='ltr'>pre</span> <span class='ocrx_word' id='word_1_338' title='bbox 1342 4677 1551 4733; x_wconf 91' lang='lat' dir='ltr'>timore</span> <span class='ocrx_word' id='word_1_339' title='bbox 1591 4695 1750 4732; x_wconf 89' lang='lat' dir='ltr'>mor-</span> 
     </span>
    </p>
   </div>
   <div class='ocr_carea' id='block_1_53' title="bbox 69 4761 1754 4832">
    <p class='ocr_par' dir='ltr' id='par_1_53' title="bbox 69 4761 1754 4832">
     <span class='ocr_line' id='line_1_53' title="bbox 69 4761 1754 4832; baseline 0.002 -14"><span class='ocrx_word' id='word_1_340' title='bbox 69 4766 153 4822; x_wconf 82' lang='lat' dir='ltr'>tis</span> <span class='ocrx_word' id='word_1_341' title='bbox 211 4761 454 4832; x_wconf 89' lang='lat' dir='ltr'>penitus</span> <span class='ocrx_word' id='word_1_342' title='bbox 502 4761 890 4831; x_wconf 81' lang='lat' dir='ltr'>irriguissent.</span> <span class='ocrx_word' id='word_1_343' title='bbox 932 4768 1092 4820; x_wconf 90' lang='lat' dir='ltr'>Tunc</span> <span class='ocrx_word' id='word_1_344' title='bbox 1147 4767 1449 4821; x_wconf 89' lang='lat' dir='ltr'>osculatus</span> <span class='ocrx_word' id='word_1_345' title='bbox 1489 4767 1754 4822; x_wconf 91' lang='lat' dir='ltr'>crucicu-</span> 
     </span>
    </p>
   </div>
   <div class='ocr_carea' id='block_1_54' title="bbox 65 4850 1752 4927">
    <p class='ocr_par' dir='ltr' id='par_1_54' title="bbox 65 4850 1752 4927">
     <span class='ocr_line' id='line_1_54' title="bbox 65 4850 1752 4927; baseline 0.002 -19"><span class='ocrx_word' id='word_1_346' title='bbox 65 4857 231 4917; x_wconf 87' lang='lat' dir='ltr'>lam,</span> <span class='ocrx_word' id='word_1_347' title='bbox 270 4867 456 4923; x_wconf 88' lang='lat' dir='ltr'>quam</span> <span class='ocrx_word' id='word_1_348' title='bbox 511 4850 697 4906; x_wconf 89' lang='lat' dir='ltr'>habui</span> <span class='ocrx_word' id='word_1_349' title='bbox 727 4867 797 4906; x_wconf 89' lang='lat' dir='ltr'>ex</span> <span class='ocrx_word' id='word_1_350' title='bbox 830 4853 1157 4909; x_wconf 89' lang='lat' dir='ltr'>cervicibus</span> <span class='ocrx_word' id='word_1_351' title='bbox 1205 4856 1586 4927; x_wconf 89' lang='lat' dir='ltr'>pendentem,</span> <span class='ocrx_word' id='word_1_352' title='bbox 1620 4855 1752 4911; x_wconf 84' lang='lat' dir='ltr'>reli-</span> 
     </span>
    </p>
   </div>
   <div class='ocr_carea' id='block_1_55' title="bbox 67 4940 1757 5018">
    <p class='ocr_par' dir='ltr' id='par_1_55' title="bbox 67 4940 1757 5018">
     <span class='ocr_line' id='line_1_55' title="bbox 67 4940 1757 5018; baseline 0.001 -20"><span class='ocrx_word' id='word_1_353' title='bbox 67 4943 267 5018; x_wconf 87' lang='lat' dir='ltr'>quias</span> <span class='ocrx_word' id='word_1_354' title='bbox 297 4940 556 4996; x_wconf 91' lang='lat' dir='ltr'>martiris</span> <span class='ocrx_word' id='word_1_355' title='bbox 585 4941 660 4996; x_wconf 92' lang='lat' dir='ltr'>de</span> <span class='ocrx_word' id='word_1_356' title='bbox 690 4942 972 4999; x_wconf 85' lang='lat' dir='ltr'>cambota</span> <span class='ocrx_word' id='word_1_357' title='bbox 1002 4945 1424 5014; x_wconf 89' lang='lat' dir='ltr'>continentem,</span> <span class='ocrx_word' id='word_1_358' title='bbox 1454 4945 1757 5014; x_wconf 79' lang='lat' dir='ltr'>cogitatio-</span> 
     </span>
    </p>
   </div>
   <div class='ocr_carea' id='block_1_56' title="bbox 67 5030 1752 5106">
    <p class='ocr_par' dir='ltr' id='par_1_56' title="bbox 67 5030 1752 5106">
     <span class='ocr_line' id='line_1_56' title="bbox 67 5030 1752 5106; baseline -0.001 -16"><span class='ocrx_word' id='word_1_359' title='bbox 67 5050 191 5091; x_wconf 91' lang='lat' dir='ltr'>nes</span> <span class='ocrx_word' id='word_1_360' title='bbox 244 5030 597 5102; x_wconf 89' lang='lat' dir='ltr'>hujusmodi</span> <span class='ocrx_word' id='word_1_361' title='bbox 623 5031 780 5087; x_wconf 87' lang='lat' dir='ltr'>intra</span> <span class='ocrx_word' id='word_1_362' title='bbox 821 5048 917 5088; x_wconf 91' lang='lat' dir='ltr'>me</span> <span class='ocrx_word' id='word_1_363' title='bbox 947 5033 1183 5089; x_wconf 90' lang='lat' dir='ltr'>volvere</span> <span class='ocrx_word' id='word_1_364' title='bbox 1232 5034 1422 5106; x_wconf 66' lang='lat' dir='ltr'>caepi:</span> <span class='ocrx_word' id='word_1_365' title='bbox 1472 5036 1752 5104; x_wconf 89' lang='lat' dir='ltr'>Putasne,</span> 
     </span>
    </p>
   </div>
   <div class='ocr_carea' id='block_1_57' title="bbox 64 5121 1754 5196">
    <p class='ocr_par' dir='ltr' id='par_1_57' title="bbox 64 5121 1754 5196">
     <span class='ocr_line' id='line_1_57' title="bbox 64 5121 1754 5196; baseline -0.002 -16"><span class='ocrx_word' id='word_1_366' title='bbox 64 5125 200 5180; x_wconf 91' lang='lat' dir='ltr'>late</span> <span class='ocrx_word' id='word_1_367' title='bbox 238 5125 417 5176; x_wconf 91' lang='lat' dir='ltr'>notus</span> <span class='ocrx_word' id='word_1_368' title='bbox 447 5125 734 5192; x_wconf 89' lang='lat' dir='ltr'>patronus</span> <span class='ocrx_word' id='word_1_369' title='bbox 756 5121 933 5176; x_wconf 92' lang='lat' dir='ltr'>hodie</span> <span class='ocrx_word' id='word_1_370' title='bbox 956 5122 1102 5177; x_wconf 91' lang='lat' dir='ltr'>mihi</span> <span class='ocrx_word' id='word_1_371' title='bbox 1131 5123 1240 5178; x_wconf 89' lang='lat' dir='ltr'>erit</span> <span class='ocrx_word' id='word_1_372' title='bbox 1261 5139 1366 5196; x_wconf 90' lang='lat' dir='ltr'>per</span> <span class='ocrx_word' id='word_1_373' title='bbox 1387 5122 1638 5178; x_wconf 87' lang='lat' dir='ltr'>salutem</span> <span class='ocrx_word' id='word_1_374' title='bbox 1657 5122 1754 5177; x_wconf 90' lang='lat' dir='ltr'>hic</span> 
     </span>
    </p>
   </div>
   <div class='ocr_carea' id='block_1_58' title="bbox 68 5209 1752 5286">
    <p class='ocr_par' dir='ltr' id='par_1_58' title="bbox 68 5209 1752 5286">
     <span class='ocr_line' id='line_1_58' title="bbox 68 5209 1752 5286; baseline -0.001 -16"><span class='ocrx_word' id='word_1_375' title='bbox 68 5209 493 5283; x_wconf 84' lang='lat' dir='ltr'>experiendus</span> <span class='ocrx_word' id='word_1_376' title='bbox 511 5210 539 5264; x_wconf 85' lang='lat'><strong>?</strong></span> <span class='ocrx_word' id='word_1_377' title='bbox 569 5213 696 5267; x_wconf 81' lang='lat' dir='ltr'>Mox</span> <span class='ocrx_word' id='word_1_378' title='bbox 724 5210 895 5266; x_wconf 89' lang='lat' dir='ltr'>navis</span> <span class='ocrx_word' id='word_1_379' title='bbox 926 5227 1035 5267; x_wconf 88' lang='lat' dir='ltr'>ceu</span> <span class='ocrx_word' id='word_1_380' title='bbox 1065 5212 1267 5286; x_wconf 89' lang='lat' dir='ltr'>aliquo</span> <span class='ocrx_word' id='word_1_381' title='bbox 1297 5212 1608 5268; x_wconf 90' lang='lat' dir='ltr'>minitante</span> <span class='ocrx_word' id='word_1_382' title='bbox 1641 5216 1752 5268; x_wconf 89' lang='lat' dir='ltr'>tre-</span> 
     </span>
    </p>
   </div>
   <div class='ocr_carea' id='block_1_59' title="bbox 1847 483 3506 554">
    <p class='ocr_par' dir='ltr' id='par_1_59' title="bbox 1847 483 3506 554">
     <span class='ocr_line' id='line_1_59' title="bbox 1847 483 3506 554; baseline 0.004 -16"><span class='ocrx_word' id='word_1_383' title='bbox 1847 500 1922 538; x_wconf 91' lang='lat' dir='ltr'>ne</span> <span class='ocrx_word' id='word_1_384' title='bbox 1965 483 2239 554; x_wconf 90' lang='lat' dir='ltr'>ducente,</span> <span class='ocrx_word' id='word_1_385' title='bbox 2272 486 2459 539; x_wconf 91' lang='lat' dir='ltr'>immo</span> <span class='ocrx_word' id='word_1_386' title='bbox 2511 484 2762 539; x_wconf 88' lang='lat' dir='ltr'>Domino</span> <span class='ocrx_word' id='word_1_387' title='bbox 2817 491 3075 554; x_wconf 85' lang='lat' dir='ltr'>regente.</span> <span class='ocrx_word' id='word_1_388' title='bbox 3122 486 3279 542; x_wconf 91' lang='lat' dir='ltr'>Tum</span> <span class='ocrx_word' id='word_1_389' title='bbox 3325 505 3506 544; x_wconf 88' lang='lat' dir='ltr'>cursu</span> 
     </span>
    </p>
   </div>
   <div class='ocr_carea' id='block_1_60' title="bbox 1848 573 3503 645">
    <p class='ocr_par' dir='ltr' id='par_1_60' title="bbox 1848 573 3503 645">
     <span class='ocr_line' id='line_1_60' title="bbox 1848 573 3503 645; baseline 0.004 -17"><span class='ocrx_word' id='word_1_390' title='bbox 1848 579 2197 645; x_wconf 88' lang='lat' dir='ltr'>prosperato</span> <span class='ocrx_word' id='word_1_391' title='bbox 2249 574 2414 629; x_wconf 90' lang='lat' dir='ltr'>tertia</span> <span class='ocrx_word' id='word_1_392' title='bbox 2467 573 2561 628; x_wconf 89' lang='lat' dir='ltr'>die</span> <span class='ocrx_word' id='word_1_393' title='bbox 2610 574 2953 629; x_wconf 88' lang='lat' dir='ltr'>advehebar</span> <span class='ocrx_word' id='word_1_394' title='bbox 2991 577 3312 632; x_wconf 69' lang='lat' dir='ltr'>Pannoniae</span> <span class='ocrx_word' id='word_1_395' title='bbox 3354 578 3503 634; x_wconf 91' lang='lat' dir='ltr'>solo.</span> 
     </span>
    </p>
   </div>
   <div class='ocr_carea' id='block_1_61' title="bbox 1848 663 3512 735">
    <p class='ocr_par' dir='ltr' id='par_1_61' title="bbox 1848 663 3512 735">
     <span class='ocr_line' id='line_1_61' title="bbox 1848 663 3512 735; baseline 0.004 -19"><span class='ocrx_word' id='word_1_396' title='bbox 1848 664 1975 725; x_wconf 88' lang='lat' dir='ltr'>Qua</span> <span class='ocrx_word' id='word_1_397' title='bbox 2013 680 2108 718; x_wconf 90' lang='lat' dir='ltr'>me</span> <span class='ocrx_word' id='word_1_398' title='bbox 2139 664 2485 719; x_wconf 89' lang='lat' dir='ltr'>Anastasius</span> <span class='ocrx_word' id='word_1_399' title='bbox 2517 663 3004 735; x_wconf 88' lang='lat' dir='ltr'>archiepiscopus</span> <span class='ocrx_word' id='word_1_400' title='bbox 3033 668 3146 735; x_wconf 75' lang='grc'>(43)</span> <span class='ocrx_word' id='word_1_401' title='bbox 3173 667 3380 722; x_wconf 90' lang='lat' dir='ltr'>ceteris</span> <span class='ocrx_word' id='word_1_402' title='bbox 3413 685 3512 723; x_wconf 89' lang='lat' dir='ltr'>su-</span> 
     </span>
    </p>
   </div>
   <div class='ocr_carea' id='block_1_62' title="bbox 1849 751 3512 823">
    <p class='ocr_par' dir='ltr' id='par_1_62' title="bbox 1849 751 3512 823">
     <span class='ocr_line' id='line_1_62' title="bbox 1849 751 3512 823; baseline 0.005 -18"><span class='ocrx_word' id='word_1_403' title='bbox 1849 751 2036 823; x_wconf 89' lang='lat' dir='ltr'>scepit</span> <span class='ocrx_word' id='word_1_404' title='bbox 2059 751 2382 808; x_wconf 87' lang='lat' dir='ltr'>humanius</span> <span class='ocrx_word' id='word_1_405' title='bbox 2413 758 2469 808; x_wconf 92' lang='lat' dir='ltr'>et</span> <span class='ocrx_word' id='word_1_406' title='bbox 2496 751 2712 808; x_wconf 72' lang='lat' dir='ltr'>affatur</span> <span class='ocrx_word' id='word_1_407' title='bbox 2737 752 3103 808; x_wconf 85' lang='lat' dir='ltr'>familiarius.</span> <span class='ocrx_word' id='word_1_408' title='bbox 3135 759 3184 809; x_wconf 89' lang='lat' dir='ltr'>ls</span> <span class='ocrx_word' id='word_1_409' title='bbox 3211 771 3349 811; x_wconf 84' lang='lat' dir='ltr'>cum</span> <span class='ocrx_word' id='word_1_410' title='bbox 3369 756 3512 814; x_wconf 88' lang='lat' dir='ltr'>bea-</span> 
     </span>
    </p>
   </div>
   <div class='ocr_carea' id='block_1_63' title="bbox 1850 841 3512 915">
    <p class='ocr_par' dir='ltr' id='par_1_63' title="bbox 1850 841 3512 915">
     <span class='ocr_line' id='line_1_63' title="bbox 1850 841 3512 915; baseline 0.005 -20"><span class='ocrx_word' id='word_1_411' title='bbox 1850 841 1889 895; x_wconf 92' lang='lat' dir='ltr'>ti</span> <span class='ocrx_word' id='word_1_412' title='bbox 1923 842 2347 897; x_wconf 83' lang='lat' dir='ltr'>Emmerammi</span> <span class='ocrx_word' id='word_1_413' title='bbox 2379 850 2636 897; x_wconf 86' lang='lat' dir='ltr'>veterem</span> <span class='ocrx_word' id='word_1_414' title='bbox 2667 841 2834 897; x_wconf 91' lang='lat' dir='ltr'>illum</span> <span class='ocrx_word' id='word_1_415' title='bbox 2873 847 2929 898; x_wconf 91' lang='lat' dir='ltr'>et</span> <span class='ocrx_word' id='word_1_416' title='bbox 2957 842 3240 899; x_wconf 89' lang='lat' dir='ltr'>viciatum</span> <span class='ocrx_word' id='word_1_417' title='bbox 3287 844 3512 915; x_wconf 79' lang='lat' dir='ltr'>legeret</span> 
     </span>
    </p>
   </div>
   <div class='ocr_carea' id='block_1_64' title="bbox 1848 930 3509 1004">
    <p class='ocr_par' dir='ltr' id='par_1_64' title="bbox 1848 930 3509 1004">
     <span class='ocr_line' id='line_1_64' title="bbox 1848 930 3509 1004; baseline 0.004 -19"><span class='ocrx_word' id='word_1_418' title='bbox 1848 930 2091 1000; x_wconf 90' lang='lat' dir='ltr'>librum,</span> <span class='ocrx_word' id='word_1_419' title='bbox 2125 931 2435 987; x_wconf 88' lang='lat' dir='ltr'>materiam</span> <span class='ocrx_word' id='word_1_420' title='bbox 2467 932 2744 1004; x_wconf 88' lang='lat' dir='ltr'>probavit</span> <span class='ocrx_word' id='word_1_421' title='bbox 2774 935 2792 966; x_wconf 76' lang='lat'><strong>7</strong></span> <span class='ocrx_word' id='word_1_422' title='bbox 2825 949 2962 988; x_wconf 91' lang='lat' dir='ltr'>cum</span> <span class='ocrx_word' id='word_1_423' title='bbox 3004 934 3345 1002; x_wconf 87' lang='lat' dir='ltr'>sententiis;</span> <span class='ocrx_word' id='word_1_424' title='bbox 3399 937 3509 993; x_wconf 92' lang='lat' dir='ltr'>sed</span> 
     </span>
    </p>
   </div>
   <div class='ocr_carea' id='block_1_65' title="bbox 1850 1019 3510 1096">
    <p class='ocr_par' dir='ltr' id='par_1_65' title="bbox 1850 1019 3510 1096">
     <span class='ocr_line' id='line_1_65' title="bbox 1850 1019 3510 1096; baseline 0.004 -22"><span class='ocrx_word' id='word_1_425' title='bbox 1850 1019 2066 1074; x_wconf 89' lang='lat' dir='ltr'>harum</span> <span class='ocrx_word' id='word_1_426' title='bbox 2110 1021 2321 1076; x_wconf 90' lang='lat' dir='ltr'>seriem</span> <span class='ocrx_word' id='word_1_427' title='bbox 2352 1037 2489 1075; x_wconf 91' lang='lat' dir='ltr'>cum</span> <span class='ocrx_word' id='word_1_428' title='bbox 2520 1026 2676 1076; x_wconf 90' lang='lat' dir='ltr'>veste</span> <span class='ocrx_word' id='word_1_429' title='bbox 2706 1022 3088 1094; x_wconf 86' lang='lat' dir='ltr'>reprehendit</span> <span class='ocrx_word' id='word_1_430' title='bbox 3124 1023 3385 1096; x_wconf 89' lang='lat' dir='ltr'>pendere</span> <span class='ocrx_word' id='word_1_431' title='bbox 3416 1042 3510 1082; x_wconf 88' lang='lat' dir='ltr'>ra-</span> 
     </span>
    </p>
   </div>
   <div class='ocr_carea' id='block_1_66' title="bbox 1852 1108 3511 1181">
    <p class='ocr_par' dir='ltr' id='par_1_66' title="bbox 1852 1108 3511 1181">
     <span class='ocr_line' id='line_1_66' title="bbox 1852 1108 3511 1181; baseline 0.004 -17"><span class='ocrx_word' id='word_1_432' title='bbox 1852 1108 2044 1164; x_wconf 90' lang='lat' dir='ltr'>tionis.</span> <span class='ocrx_word' id='word_1_433' title='bbox 2075 1109 2248 1181; x_wconf 84' lang='lat' dir='ltr'>Apud</span> <span class='ocrx_word' id='word_1_434' title='bbox 2296 1126 2478 1181; x_wconf 89' lang='lat' dir='ltr'>quem</span> <span class='ocrx_word' id='word_1_435' title='bbox 2526 1127 2627 1165; x_wconf 85' lang='lat' dir='ltr'>sex</span> <span class='ocrx_word' id='word_1_436' title='bbox 2671 1110 3046 1167; x_wconf 87' lang='lat' dir='ltr'>ebdomadas</span> <span class='ocrx_word' id='word_1_437' title='bbox 3077 1128 3354 1180; x_wconf 84' lang='lat' dir='ltr'>manens,</span> <span class='ocrx_word' id='word_1_438' title='bbox 3388 1131 3511 1170; x_wconf 91' lang='lat' dir='ltr'>me-</span> 
     </span>
    </p>
   </div>
   <div class='ocr_carea' id='block_1_67' title="bbox 1849 1198 3508 1275">
    <p class='ocr_par' dir='ltr' id='par_1_67' title="bbox 1849 1198 3508 1275">
     <span class='ocr_line' id='line_1_67' title="bbox 1849 1198 3508 1275; baseline 0.005 -23"><span class='ocrx_word' id='word_1_439' title='bbox 1849 1198 2055 1252; x_wconf 72' lang='lat' dir='ltr'>moriae</span> <span class='ocrx_word' id='word_1_440' title='bbox 2110 1199 2472 1254; x_wconf 87' lang='lat' dir='ltr'>sanctissimi</span> <span class='ocrx_word' id='word_1_441' title='bbox 2502 1200 2737 1272; x_wconf 88' lang='lat' dir='ltr'>patroni</span> <span class='ocrx_word' id='word_1_442' title='bbox 2778 1201 3138 1273; x_wconf 88' lang='lat' dir='ltr'>antiphonas</span> <span class='ocrx_word' id='word_1_443' title='bbox 3165 1202 3508 1275; x_wconf 74' lang='lat' dir='ltr'>aliquantae</span> 
     </span>
    </p>
   </div>
   <div class='ocr_carea' id='block_1_68' title="bbox 1849 1289 3509 1362">
    <p class='ocr_par' dir='ltr' id='par_1_68' title="bbox 1849 1289 3509 1362">
     <span class='ocr_line' id='line_1_68' title="bbox 1849 1289 3509 1362; baseline 0.004 -20"><span class='ocrx_word' id='word_1_444' title='bbox 1849 1304 1988 1343; x_wconf 92' lang='lat' dir='ltr'>cum</span> <span class='ocrx_word' id='word_1_445' title='bbox 2018 1289 2412 1360; x_wconf 89' lang='lat' dir='ltr'>responsoriis</span> <span class='ocrx_word' id='word_1_446' title='bbox 2449 1290 2760 1362; x_wconf 90' lang='lat' dir='ltr'>composui</span> <span class='ocrx_word' id='word_1_447' title='bbox 2792 1292 2958 1361; x_wconf 79' lang='grc'>(144),</span> <span class='ocrx_word' id='word_1_448' title='bbox 2991 1307 3112 1346; x_wconf 93' lang='lat' dir='ltr'>non</span> <span class='ocrx_word' id='word_1_449' title='bbox 3163 1297 3285 1349; x_wconf 91' lang='lat' dir='ltr'>tam</span> <span class='ocrx_word' id='word_1_450' title='bbox 3328 1293 3509 1351; x_wconf 88' lang='lat' dir='ltr'>fretus</span> 
     </span>
    </p>
   </div>
   <div class='ocr_carea' id='block_1_69' title="bbox 1850 1378 3505 1451">
    <p class='ocr_par' dir='ltr' id='par_1_69' title="bbox 1850 1378 3505 1451">
     <span class='ocr_line' id='line_1_69' title="bbox 1850 1378 3505 1451; baseline 0.005 -19"><span class='ocrx_word' id='word_1_451' title='bbox 1850 1378 2111 1449; x_wconf 86' lang='lat' dir='ltr'>ingenio,</span> <span class='ocrx_word' id='word_1_452' title='bbox 2144 1396 2330 1451; x_wconf 87' lang='lat' dir='ltr'>quam</span> <span class='ocrx_word' id='word_1_453' title='bbox 2384 1380 2584 1436; x_wconf 86' lang='lat' dir='ltr'>dedito</span> <span class='ocrx_word' id='word_1_454' title='bbox 2633 1381 2913 1436; x_wconf 89' lang='lat' dir='ltr'>laudibus</span> <span class='ocrx_word' id='word_1_455' title='bbox 2971 1382 3228 1438; x_wconf 89' lang='lat' dir='ltr'>martiris</span> <span class='ocrx_word' id='word_1_456' title='bbox 3279 1385 3505 1441; x_wconf 86' lang='lat' dir='ltr'>animo.</span> 
     </span>
    </p>
   </div>
   <div class='ocr_carea' id='block_1_70' title="bbox 1852 1467 3508 1540">
    <p class='ocr_par' dir='ltr' id='par_1_70' title="bbox 1852 1467 3508 1540">
     <span class='ocr_line' id='line_1_70' title="bbox 1852 1467 3508 1540; baseline 0.004 -19"><span class='ocrx_word' id='word_1_457' title='bbox 1852 1468 1967 1522; x_wconf 85' lang='lat' dir='ltr'>Has</span> <span class='ocrx_word' id='word_1_458' title='bbox 1999 1467 2262 1539; x_wconf 80' lang='lat' dir='ltr'>prefatus</span> <span class='ocrx_word' id='word_1_459' title='bbox 2293 1468 2611 1540; x_wconf 88' lang='lat' dir='ltr'>episcopus</span> <span class='ocrx_word' id='word_1_460' title='bbox 2639 1469 2968 1524; x_wconf 88' lang='lat' dir='ltr'>monach0s</span> <span class='ocrx_word' id='word_1_461' title='bbox 3000 1474 3055 1524; x_wconf 92' lang='lat' dir='ltr'>et</span> <span class='ocrx_word' id='word_1_462' title='bbox 3093 1469 3336 1526; x_wconf 91' lang='lat' dir='ltr'>clericos</span> <span class='ocrx_word' id='word_1_463' title='bbox 3366 1489 3508 1528; x_wconf 88' lang='lat' dir='ltr'>suos</span> 
     </span>
    </p>
   </div>
   <div class='ocr_carea' id='block_1_71' title="bbox 1852 1555 3510 1633">
    <p class='ocr_par' dir='ltr' id='par_1_71' title="bbox 1852 1555 3510 1633">
     <span class='ocr_line' id='line_1_71' title="bbox 1852 1555 3510 1633; baseline 0.004 -23"><span class='ocrx_word' id='word_1_464' title='bbox 1852 1555 1983 1610; x_wconf 91' lang='lat' dir='ltr'>fecit</span> <span class='ocrx_word' id='word_1_465' title='bbox 2013 1556 2261 1621; x_wconf 88' lang='lat' dir='ltr'>discere,</span> <span class='ocrx_word' id='word_1_466' title='bbox 2294 1557 2439 1612; x_wconf 88' lang='lat' dir='ltr'>etin</span> <span class='ocrx_word' id='word_1_467' title='bbox 2485 1558 2738 1613; x_wconf 81' lang='lat' dir='ltr'>ecclesia</span> <span class='ocrx_word' id='word_1_468' title='bbox 2789 1557 2882 1612; x_wconf 91' lang='lat' dir='ltr'>die</span> <span class='ocrx_word' id='word_1_469' title='bbox 2932 1558 3122 1630; x_wconf 90' lang='lat' dir='ltr'>ipsius</span> <span class='ocrx_word' id='word_1_470' title='bbox 3175 1559 3356 1615; x_wconf 89' lang='lat' dir='ltr'>natali</span> <span class='ocrx_word' id='word_1_471' title='bbox 3402 1577 3510 1633; x_wconf 90' lang='lat' dir='ltr'>pu-</span> 
     </span>
    </p>
   </div>
   <div class='ocr_carea' id='block_1_72' title="bbox 1850 1645 3506 1722">
    <p class='ocr_par' dir='ltr' id='par_1_72' title="bbox 1850 1645 3506 1722">
     <span class='ocr_line' id='line_1_72' title="bbox 1850 1645 3506 1722; baseline 0.004 -23"><span class='ocrx_word' id='word_1_472' title='bbox 1850 1645 2001 1700; x_wconf 87' lang='lat' dir='ltr'>blice</span> <span class='ocrx_word' id='word_1_473' title='bbox 2049 1645 2382 1713; x_wconf 88' lang='lat' dir='ltr'>celebrare;</span> <span class='ocrx_word' id='word_1_474' title='bbox 2438 1648 2772 1702; x_wconf 91' lang='lat' dir='ltr'>secundum</span> <span class='ocrx_word' id='word_1_475' title='bbox 2819 1650 2838 1682; x_wconf 89' lang='lat'>3</span> <span class='ocrx_word' id='word_1_476' title='bbox 2887 1648 3052 1720; x_wconf 92' lang='lat' dir='ltr'>quod</span> <span class='ocrx_word' id='word_1_477' title='bbox 3084 1650 3104 1682; x_wconf 91' lang='lat'>3</span> <span class='ocrx_word' id='word_1_478' title='bbox 3155 1649 3442 1722; x_wconf 89' lang='lat' dir='ltr'>scriptum</span> <span class='ocrx_word' id='word_1_479' title='bbox 3485 1653 3506 1685; x_wconf 89' lang='lat'>3</span> 
     </span>
    </p>
   </div>
   <div class='ocr_carea' id='block_1_73' title="bbox 1783 1736 3508 1810">
    <p class='ocr_par' dir='ltr' id='par_1_73' title="bbox 1783 1736 3508 1810">
     <span class='ocr_line' id='line_1_73' title="bbox 1783 1736 3508 1810; baseline 0.005 -22"><span class='ocrx_word' id='word_1_480' title='bbox 1783 1756 1824 1808; x_wconf 77' lang='lat' dir='ltr'><strong>B</strong></span> <span class='ocrx_word' id='word_1_481' title='bbox 1854 1740 1943 1790; x_wconf 89' lang='lat' dir='ltr'>est</span> <span class='ocrx_word' id='word_1_482' title='bbox 1974 1737 1994 1768; x_wconf 87' lang='lat'>3</span> <span class='ocrx_word' id='word_1_483' title='bbox 2021 1752 2033 1788; x_wconf 90' lang='lat'><strong><em>:</em></strong></span> <span class='ocrx_word' id='word_1_484' title='bbox 2086 1736 2386 1791; x_wconf 84' lang='lat' dir='ltr'>Recedant</span> <span class='ocrx_word' id='word_1_485' title='bbox 2415 1738 2435 1770; x_wconf 91' lang='lat'>3</span> <span class='ocrx_word' id='word_1_486' title='bbox 2478 1743 2674 1792; x_wconf 84' lang='lat' dir='ltr'>vetera</span> <span class='ocrx_word' id='word_1_487' title='bbox 2699 1739 2719 1771; x_wconf 97' lang='lat'>3</span> <span class='ocrx_word' id='word_1_488' title='bbox 2758 1738 2829 1792; x_wconf 86' lang='lat' dir='ltr'>de</span> <span class='ocrx_word' id='word_1_489' title='bbox 2857 1739 2876 1770; x_wconf 85' lang='lat'>3</span> <span class='ocrx_word' id='word_1_490' title='bbox 2915 1753 3017 1794; x_wconf 88' lang='lat' dir='ltr'>ore</span> <span class='ocrx_word' id='word_1_491' title='bbox 3046 1740 3065 1771; x_wconf 88' lang='lat'>3</span> <span class='ocrx_word' id='word_1_492' title='bbox 3099 1745 3289 1795; x_wconf 72' lang='lat' dir='ltr'>vestro</span> <span class='ocrx_word' id='word_1_493' title='bbox 3321 1741 3363 1810; x_wconf 91' lang='lat'><strong>3,</strong></span> <span class='ocrx_word' id='word_1_494' title='bbox 3406 1740 3508 1796; x_wconf 92' lang='lat' dir='ltr'>de-</span> 
     </span>
    </p>
   </div>
   <div class='ocr_carea' id='block_1_74' title="bbox 1852 1825 3507 1901">
    <p class='ocr_par' dir='ltr' id='par_1_74' title="bbox 1852 1825 3507 1901">
     <span class='ocr_line' id='line_1_74' title="bbox 1852 1825 3507 1901; baseline 0.004 -23"><span class='ocrx_word' id='word_1_495' title='bbox 1852 1840 2084 1896; x_wconf 90' lang='lat' dir='ltr'>ponens</span> <span class='ocrx_word' id='word_1_496' title='bbox 2120 1829 2376 1880; x_wconf 87' lang='lat' dir='ltr'>veterem</span> <span class='ocrx_word' id='word_1_497' title='bbox 2407 1825 2560 1880; x_wconf 92' lang='lat' dir='ltr'>illius</span> <span class='ocrx_word' id='word_1_498' title='bbox 2586 1830 2850 1893; x_wconf 90' lang='lat' dir='ltr'>cantum,</span> <span class='ocrx_word' id='word_1_499' title='bbox 2880 1843 3061 1898; x_wconf 90' lang='lat' dir='ltr'>quem</span> <span class='ocrx_word' id='word_1_500' title='bbox 3095 1829 3276 1883; x_wconf 87' lang='lat' dir='ltr'>nostri</span> <span class='ocrx_word' id='word_1_501' title='bbox 3309 1829 3507 1901; x_wconf 89' lang='lat' dir='ltr'>potius</span> 
     </span>
    </p>
   </div>
   <div class='ocr_carea' id='block_1_75' title="bbox 1853 1913 3506 1986">
    <p class='ocr_par' dir='ltr' id='par_1_75' title="bbox 1853 1913 3506 1986">
     <span class='ocr_line' id='line_1_75' title="bbox 1853 1913 3506 1986; baseline 0.004 -20"><span class='ocrx_word' id='word_1_502' title='bbox 1853 1917 2096 1968; x_wconf 85' lang='lat' dir='ltr'>cantant</span> <span class='ocrx_word' id='word_1_503' title='bbox 2123 1929 2196 1968; x_wconf 87' lang='lat' dir='ltr'>ex</span> <span class='ocrx_word' id='word_1_504' title='bbox 2227 1913 2593 1986; x_wconf 87' lang='lat' dir='ltr'>antiquitatis</span> <span class='ocrx_word' id='word_1_505' title='bbox 2626 1931 2739 1969; x_wconf 90' lang='lat' dir='ltr'>usu</span> <span class='ocrx_word' id='word_1_506' title='bbox 2769 1931 2954 1986; x_wconf 91' lang='lat' dir='ltr'>quam</span> <span class='ocrx_word' id='word_1_507' title='bbox 2994 1915 3114 1970; x_wconf 92' lang='lat' dir='ltr'>ullo</span> <span class='ocrx_word' id='word_1_508' title='bbox 3142 1917 3506 1973; x_wconf 89' lang='lat' dir='ltr'>auctoritatis</span> 
     </span>
    </p>
   </div>
   <div class='ocr_carea' id='block_1_76' title="bbox 1852 2002 3509 2076">
    <p class='ocr_par' dir='ltr' id='par_1_76' title="bbox 1852 2002 3509 2076">
     <span class='ocr_line' id='line_1_76' title="bbox 1852 2002 3509 2076; baseline 0.005 -20"><span class='ocrx_word' id='word_1_509' title='bbox 1852 2019 2022 2057; x_wconf 90' lang='lat' dir='ltr'>ausu.</span> <span class='ocrx_word' id='word_1_510' title='bbox 2057 2003 2154 2057; x_wconf 78' lang='lat' dir='ltr'>His</span> <span class='ocrx_word' id='word_1_511' title='bbox 2183 2002 2261 2058; x_wconf 87' lang='lat' dir='ltr'>ita</span> <span class='ocrx_word' id='word_1_512' title='bbox 2285 2003 2567 2075; x_wconf 89' lang='lat' dir='ltr'>equidem</span> <span class='ocrx_word' id='word_1_513' title='bbox 2599 2004 2778 2074; x_wconf 79' lang='lat' dir='ltr'>gestis</span> <span class='ocrx_word' id='word_1_514' title='bbox 2808 2005 2869 2059; x_wconf 92' lang='lat' dir='ltr'>in</span> <span class='ocrx_word' id='word_1_515' title='bbox 2903 2007 3224 2074; x_wconf 87' lang='lat' dir='ltr'>Pannonia,</span> <span class='ocrx_word' id='word_1_516' title='bbox 3258 2012 3314 2063; x_wconf 92' lang='lat' dir='ltr'>et</span> <span class='ocrx_word' id='word_1_517' title='bbox 3352 2007 3509 2076; x_wconf 85' lang='lat' dir='ltr'>lega-</span> 
     </span>
    </p>
   </div>
   <div class='ocr_carea' id='block_1_77' title="bbox 1853 2092 3507 2164">
    <p class='ocr_par' dir='ltr' id='par_1_77' title="bbox 1853 2092 3507 2164">
     <span class='ocr_line' id='line_1_77' title="bbox 1853 2092 3507 2164; baseline 0.004 -19"><span class='ocrx_word' id='word_1_518' title='bbox 1853 2092 2029 2157; x_wconf 88' lang='lat' dir='ltr'>tione,</span> <span class='ocrx_word' id='word_1_519' title='bbox 2064 2107 2172 2162; x_wconf 93' lang='lat' dir='ltr'>pro</span> <span class='ocrx_word' id='word_1_520' title='bbox 2213 2108 2336 2164; x_wconf 89' lang='lat' dir='ltr'>qua</span> <span class='ocrx_word' id='word_1_521' title='bbox 2387 2092 2646 2147; x_wconf 91' lang='lat' dir='ltr'>directus</span> <span class='ocrx_word' id='word_1_522' title='bbox 2700 2109 2889 2163; x_wconf 90' lang='lat' dir='ltr'>eram,</span> <span class='ocrx_word' id='word_1_523' title='bbox 2930 2100 3187 2163; x_wconf 89' lang='lat' dir='ltr'>peracta,</span> <span class='ocrx_word' id='word_1_524' title='bbox 3231 2096 3507 2151; x_wconf 85' lang='lat' dir='ltr'>Noricum</span> 
     </span>
    </p>
   </div>
   <div class='ocr_carea' id='block_1_78' title="bbox 1851 2181 3511 2252">
    <p class='ocr_par' dir='ltr' id='par_1_78' title="bbox 1851 2181 3511 2252">
     <span class='ocr_line' id='line_1_78' title="bbox 1851 2181 3511 2252; baseline 0.004 -17"><span class='ocrx_word' id='word_1_525' title='bbox 1851 2181 2078 2252; x_wconf 88' lang='lat' dir='ltr'>repetii,</span> <span class='ocrx_word' id='word_1_526' title='bbox 2111 2187 2166 2236; x_wconf 93' lang='lat' dir='ltr'>et</span> <span class='ocrx_word' id='word_1_527' title='bbox 2196 2182 2254 2235; x_wconf 89' lang='lat' dir='ltr'>in</span> <span class='ocrx_word' id='word_1_528' title='bbox 2284 2198 2355 2236; x_wconf 89' lang='lat' dir='ltr'>ea</span> <span class='ocrx_word' id='word_1_529' title='bbox 2383 2183 2647 2238; x_wconf 90' lang='lat' dir='ltr'>revisens</span> <span class='ocrx_word' id='word_1_530' title='bbox 2686 2183 3095 2252; x_wconf 81' lang='lat' dir='ltr'>Ratisbonam,</span> <span class='ocrx_word' id='word_1_531' title='bbox 3121 2184 3262 2239; x_wconf 88' lang='lat' dir='ltr'>satis</span> <span class='ocrx_word' id='word_1_532' title='bbox 3294 2185 3511 2242; x_wconf 88' lang='lat' dir='ltr'>karita-</span> 
     </span>
    </p>
   </div>
   <div class='ocr_carea' id='block_1_79' title="bbox 1853 2270 3511 2344">
    <p class='ocr_par' dir='ltr' id='par_1_79' title="bbox 1853 2270 3511 2344">
     <span class='ocr_line' id='line_1_79' title="bbox 1853 2270 3511 2344; baseline 0.003 -19"><span class='ocrx_word' id='word_1_533' title='bbox 1853 2271 1970 2325; x_wconf 92' lang='lat' dir='ltr'>tive</span> <span class='ocrx_word' id='word_1_534' title='bbox 2004 2270 2372 2342; x_wconf 89' lang='lat' dir='ltr'>suscipiebar</span> <span class='ocrx_word' id='word_1_535' title='bbox 2397 2287 2432 2326; x_wconf 89' lang='lat' dir='ltr'>a</span> <span class='ocrx_word' id='word_1_536' title='bbox 2458 2271 2758 2342; x_wconf 84' lang='lat' dir='ltr'>fratribus,</span> <span class='ocrx_word' id='word_1_537' title='bbox 2792 2271 3013 2344; x_wconf 89' lang='lat' dir='ltr'>quibus</span> <span class='ocrx_word' id='word_1_538' title='bbox 3062 2278 3118 2328; x_wconf 91' lang='lat' dir='ltr'>et</span> <span class='ocrx_word' id='word_1_539' title='bbox 3169 2273 3282 2329; x_wconf 91' lang='lat' dir='ltr'>hoc</span> <span class='ocrx_word' id='word_1_540' title='bbox 3309 2275 3511 2344; x_wconf 82' lang='lat' dir='ltr'>digne-</span> 
     </span>
    </p>
   </div>
   <div class='ocr_carea' id='block_1_80' title="bbox 1853 2359 3511 2420">
    <p class='ocr_par' dir='ltr' id='par_1_80' title="bbox 1853 2359 3511 2420">
     <span class='ocr_line' id='line_1_80' title="bbox 1853 2359 3511 2420; baseline 0.004 -6"><span class='ocrx_word' id='word_1_541' title='bbox 1853 2364 1948 2414; x_wconf 89' lang='lat' dir='ltr'>tur</span> <span class='ocrx_word' id='word_1_542' title='bbox 1973 2359 2220 2415; x_wconf 90' lang='lat' dir='ltr'>reddere</span> <span class='ocrx_word' id='word_1_543' title='bbox 2252 2360 2559 2416; x_wconf 89' lang='lat' dir='ltr'>Dominus.</span> <span class='ocrx_word' id='word_1_544' title='bbox 2598 2361 2698 2416; x_wconf 87' lang='lat' dir='ltr'>Hic</span> <span class='ocrx_word' id='word_1_545' title='bbox 2729 2378 2869 2417; x_wconf 92' lang='lat' dir='ltr'>cum</span> <span class='ocrx_word' id='word_1_546' title='bbox 2914 2363 2988 2416; x_wconf 91' lang='lat' dir='ltr'>de</span> <span class='ocrx_word' id='word_1_547' title='bbox 3029 2366 3235 2418; x_wconf 89' lang='lat' dir='ltr'>sancto</span> <span class='ocrx_word' id='word_1_548' title='bbox 3281 2367 3511 2420; x_wconf 88' lang='lat' dir='ltr'>Emme-</span> 
     </span>
    </p>
   </div>
   <div class='ocr_carea' id='block_1_81' title="bbox 1852 2448 3514 2521">
    <p class='ocr_par' dir='ltr' id='par_1_81' title="bbox 1852 2448 3514 2521">
     <span class='ocr_line' id='line_1_81' title="bbox 1852 2448 3514 2521; baseline 0.004 -18"><span class='ocrx_word' id='word_1_549' title='bbox 1852 2465 2090 2504; x_wconf 87' lang='lat' dir='ltr'>rammo</span> <span class='ocrx_word' id='word_1_550' title='bbox 2120 2448 2292 2504; x_wconf 91' lang='lat' dir='ltr'>dulce</span> <span class='ocrx_word' id='word_1_551' title='bbox 2321 2449 2626 2504; x_wconf 87' lang='lat' dir='ltr'>clarumve</span> <span class='ocrx_word' id='word_1_552' title='bbox 2663 2450 2957 2521; x_wconf 89' lang='lat' dir='ltr'>quiddam</span> <span class='ocrx_word' id='word_1_553' title='bbox 3010 2455 3113 2506; x_wconf 89' lang='lat' dir='ltr'>aut</span> <span class='ocrx_word' id='word_1_554' title='bbox 3156 2451 3362 2508; x_wconf 89' lang='lat' dir='ltr'>audire</span> <span class='ocrx_word' id='word_1_555' title='bbox 3411 2457 3514 2509; x_wconf 86' lang='lat' dir='ltr'>aut</span> 
     </span>
    </p>
   </div>
   <div class='ocr_carea' id='block_1_82' title="bbox 1855 2538 3513 2612">
    <p class='ocr_par' dir='ltr' id='par_1_82' title="bbox 1855 2538 3513 2612">
     <span class='ocr_line' id='line_1_82' title="bbox 1855 2538 3513 2612; baseline 0.004 -20"><span class='ocrx_word' id='word_1_556' title='bbox 1855 2538 2054 2592; x_wconf 92' lang='lat' dir='ltr'>videre</span> <span class='ocrx_word' id='word_1_557' title='bbox 2116 2554 2354 2592; x_wconf 91' lang='lat' dir='ltr'>summo</span> <span class='ocrx_word' id='word_1_558' title='bbox 2413 2538 2708 2594; x_wconf 88' lang='lat' dir='ltr'>desiderio</span> <span class='ocrx_word' id='word_1_559' title='bbox 2765 2539 3160 2610; x_wconf 83' lang='lat' dir='ltr'>quaeritarem,</span> <span class='ocrx_word' id='word_1_560' title='bbox 3204 2557 3311 2612; x_wconf 88' lang='lat' dir='ltr'>per</span> <span class='ocrx_word' id='word_1_561' title='bbox 3357 2559 3513 2598; x_wconf 91' lang='lat' dir='ltr'>som-</span> 
     </span>
    </p>
   </div>
   <div class='ocr_carea' id='block_1_83' title="bbox 1852 2627 3508 2699">
    <p class='ocr_par' dir='ltr' id='par_1_83' title="bbox 1852 2627 3508 2699">
     <span class='ocr_line' id='line_1_83' title="bbox 1852 2627 3508 2699; baseline 0.003 -18"><span class='ocrx_word' id='word_1_562' title='bbox 1852 2643 2002 2682; x_wconf 90' lang='lat' dir='ltr'>num</span> <span class='ocrx_word' id='word_1_563' title='bbox 2050 2627 2342 2682; x_wconf 89' lang='lat' dir='ltr'>visionem</span> <span class='ocrx_word' id='word_1_564' title='bbox 2391 2627 2594 2699; x_wconf 90' lang='lat' dir='ltr'>accepi</span> <span class='ocrx_word' id='word_1_565' title='bbox 2649 2628 2844 2683; x_wconf 87' lang='lat' dir='ltr'>talem.</span> <span class='ocrx_word' id='word_1_566' title='bbox 2889 2631 3098 2684; x_wconf 89' lang='lat' dir='ltr'>Beatus</span> <span class='ocrx_word' id='word_1_567' title='bbox 3140 2632 3508 2687; x_wconf 89' lang='lat' dir='ltr'>Emmeram-</span> 
     </span>
    </p>
   </div>
   <div class='ocr_carea' id='block_1_84' title="bbox 1854 2714 3509 2792">
    <p class='ocr_par' dir='ltr' id='par_1_84' title="bbox 1854 2714 3509 2792">
     <span class='ocr_line' id='line_1_84' title="bbox 1854 2714 3509 2792; baseline 0.004 -24"><span class='ocrx_word' id='word_1_568' title='bbox 1854 2731 1990 2769; x_wconf 91' lang='lat' dir='ltr'>mus</span> <span class='ocrx_word' id='word_1_569' title='bbox 2042 2714 2221 2787; x_wconf 87' lang='lat' dir='ltr'>pallio</span> <span class='ocrx_word' id='word_1_570' title='bbox 2264 2715 2436 2769; x_wconf 91' lang='lat' dir='ltr'>viridi</span> <span class='ocrx_word' id='word_1_571' title='bbox 2466 2715 2639 2787; x_wconf 88' lang='lat' dir='ltr'>quasi</span> <span class='ocrx_word' id='word_1_572' title='bbox 2668 2716 2917 2776; x_wconf 88' lang='lat' dir='ltr'>velatus.</span> <span class='ocrx_word' id='word_1_573' title='bbox 2960 2717 3294 2774; x_wconf 89' lang='lat' dir='ltr'>meridiana</span> <span class='ocrx_word' id='word_1_574' title='bbox 3340 2724 3509 2792; x_wconf 89' lang='lat' dir='ltr'>parte</span> 
     </span>
    </p>
   </div>
   <div class='ocr_carea' id='block_1_85' title="bbox 1854 2803 3510 2877">
    <p class='ocr_par' dir='ltr' id='par_1_85' title="bbox 1854 2803 3510 2877">
     <span class='ocr_line' id='line_1_85' title="bbox 1854 2803 3510 2877; baseline 0.004 -19"><span class='ocrx_word' id='word_1_575' title='bbox 1854 2809 1990 2858; x_wconf 92' lang='lat' dir='ltr'>ante</span> <span class='ocrx_word' id='word_1_576' title='bbox 2020 2803 2174 2859; x_wconf 92' lang='lat' dir='ltr'>fores</span> <span class='ocrx_word' id='word_1_577' title='bbox 2205 2804 2464 2859; x_wconf 84' lang='lat' dir='ltr'>ecclesiae</span> <span class='ocrx_word' id='word_1_578' title='bbox 2494 2805 2810 2861; x_wconf 88' lang='lat' dir='ltr'>videbatur</span> <span class='ocrx_word' id='word_1_579' title='bbox 2838 2806 2984 2862; x_wconf 89' lang='lat' dir='ltr'>mihi</span> <span class='ocrx_word' id='word_1_580' title='bbox 3021 2807 3220 2877; x_wconf 88' lang='lat' dir='ltr'>jacere</span> <span class='ocrx_word' id='word_1_581' title='bbox 3250 2808 3311 2863; x_wconf 92' lang='lat' dir='ltr'>in</span> <span class='ocrx_word' id='word_1_582' title='bbox 3358 2809 3510 2864; x_wconf 90' lang='lat' dir='ltr'>lecto</span> 
     </span>
    </p>
   </div>
   <div class='ocr_carea' id='block_1_86' title="bbox 1853 2893 3514 2959">
    <p class='ocr_par' dir='ltr' id='par_1_86' title="bbox 1853 2893 3514 2959">
     <span class='ocr_line' id='line_1_86' title="bbox 1853 2893 3514 2959; baseline 0.005 -13"><span class='ocrx_word' id='word_1_583' title='bbox 1853 2893 2006 2947; x_wconf 91' lang='lat' dir='ltr'>bene</span> <span class='ocrx_word' id='word_1_584' title='bbox 2056 2909 2126 2947; x_wconf 88' lang='lat' dir='ltr'>ac</span> <span class='ocrx_word' id='word_1_585' title='bbox 2174 2893 2453 2948; x_wconf 90' lang='lat' dir='ltr'>decenter</span> <span class='ocrx_word' id='word_1_586' title='bbox 2482 2899 2712 2950; x_wconf 90' lang='lat' dir='ltr'>ornato.</span> <span class='ocrx_word' id='word_1_587' title='bbox 2748 2897 2940 2959; x_wconf 86' lang='lat' dir='ltr'>Quam</span> <span class='ocrx_word' id='word_1_588' title='bbox 2985 2901 3048 2951; x_wconf 92' lang='lat' dir='ltr'>ut</span> <span class='ocrx_word' id='word_1_589' title='bbox 3096 2896 3304 2951; x_wconf 85' lang='lat' dir='ltr'>fratres</span> <span class='ocrx_word' id='word_1_590' title='bbox 3333 2897 3514 2954; x_wconf 85' lang='lat' dir='ltr'>eccle-</span> 
     </span>
    </p>
   </div>
   <div class='ocr_carea' id='block_1_87' title="bbox 1858 2982 3513 3058">
    <p class='ocr_par' dir='ltr' id='par_1_87' title="bbox 1858 2982 3513 3058">
     <span class='ocr_line' id='line_1_87' title="bbox 1858 2982 3513 3058; baseline 0.004 -22"><span class='ocrx_word' id='word_1_591' title='bbox 1858 2982 2009 3037; x_wconf 87' lang='lat' dir='ltr'>siam</span> <span class='ocrx_word' id='word_1_592' title='bbox 2063 2982 2281 3037; x_wconf 88' lang='lat' dir='ltr'>intrare</span> <span class='ocrx_word' id='word_1_593' title='bbox 2333 2983 2594 3038; x_wconf 87' lang='lat' dir='ltr'>volentes</span> <span class='ocrx_word' id='word_1_594' title='bbox 2636 2983 2929 3053; x_wconf 90' lang='lat' dir='ltr'>viderunt,</span> <span class='ocrx_word' id='word_1_595' title='bbox 2963 2985 3172 3041; x_wconf 90' lang='lat' dir='ltr'>timore</span> <span class='ocrx_word' id='word_1_596' title='bbox 3224 2987 3513 3058; x_wconf 89' lang='lat' dir='ltr'>perterriti</span> 
     </span>
    </p>
   </div>
   <div class='ocr_carea' id='block_1_88' title="bbox 1854 3073 3517 3141">
    <p class='ocr_par' dir='ltr' id='par_1_88' title="bbox 1854 3073 3517 3141">
     <span class='ocr_line' id='line_1_88' title="bbox 1854 3073 3517 3141; baseline 0.004 -15"><span class='ocrx_word' id='word_1_597' title='bbox 1854 3076 2244 3128; x_wconf 87' lang='lat' dir='ltr'>recesserunt.</span> <span class='ocrx_word' id='word_1_598' title='bbox 2294 3075 2414 3141; x_wconf 79' lang='lat' dir='ltr'>Ego</span> <span class='ocrx_word' id='word_1_599' title='bbox 2468 3077 2668 3128; x_wconf 87' lang='lat' dir='ltr'>autem</span> <span class='ocrx_word' id='word_1_600' title='bbox 2726 3073 2889 3128; x_wconf 90' lang='lat' dir='ltr'>solus</span> <span class='ocrx_word' id='word_1_601' title='bbox 2940 3074 3197 3140; x_wconf 90' lang='lat' dir='ltr'>relictus,</span> <span class='ocrx_word' id='word_1_602' title='bbox 3234 3076 3387 3132; x_wconf 91' lang='lat' dir='ltr'>adeo</span> <span class='ocrx_word' id='word_1_603' title='bbox 3435 3076 3517 3135; x_wconf 87' lang='lat' dir='ltr'>fui</span> 
     </span>
    </p>
   </div>
   <div class='ocr_carea' id='block_1_89' title="bbox 1857 3161 3518 3234">
    <p class='ocr_par' dir='ltr' id='par_1_89' title="bbox 1857 3161 3518 3234">
     <span class='ocr_line' id='line_1_89' title="bbox 1857 3161 3518 3234; baseline 0.003 -19"><span class='ocrx_word' id='word_1_604' title='bbox 1857 3163 2150 3226; x_wconf 81' lang='lat' dir='ltr'>curiosus,</span> <span class='ocrx_word' id='word_1_605' title='bbox 2185 3166 2248 3216; x_wconf 90' lang='lat' dir='ltr'>ut</span> <span class='ocrx_word' id='word_1_606' title='bbox 2273 3161 2351 3216; x_wconf 90' lang='lat' dir='ltr'>ad</span> <span class='ocrx_word' id='word_1_607' title='bbox 2384 3161 2606 3230; x_wconf 81' lang='lat' dir='ltr'>gradus</span> <span class='ocrx_word' id='word_1_608' title='bbox 2633 3163 2802 3233; x_wconf 89' lang='lat' dir='ltr'>juxta</span> <span class='ocrx_word' id='word_1_609' title='bbox 2844 3168 2962 3218; x_wconf 87' lang='lat' dir='ltr'>tres</span> <span class='ocrx_word' id='word_1_610' title='bbox 3007 3180 3180 3220; x_wconf 87' lang='lat' dir='ltr'>arcus</span> <span class='ocrx_word' id='word_1_611' title='bbox 3209 3163 3376 3219; x_wconf 88' lang='lat' dir='ltr'>ﬂexis</span> <span class='ocrx_word' id='word_1_612' title='bbox 3422 3180 3518 3234; x_wconf 86' lang='lat' dir='ltr'>ge-</span> 
     </span>
    </p>
   </div>
   <div class='ocr_carea' id='block_1_90' title="bbox 1857 3251 3516 3324">
    <p class='ocr_par' dir='ltr' id='par_1_90' title="bbox 1857 3251 3516 3324">
     <span class='ocr_line' id='line_1_90' title="bbox 1857 3251 3516 3324; baseline 0.002 -18"><span class='ocrx_word' id='word_1_613' title='bbox 1857 3252 2036 3307; x_wconf 90' lang='lat' dir='ltr'>nibus</span> <span class='ocrx_word' id='word_1_614' title='bbox 2062 3252 2122 3310; x_wconf 89' lang='lat' dir='ltr'>in</span> <span class='ocrx_word' id='word_1_615' title='bbox 2154 3268 2292 3306; x_wconf 92' lang='lat' dir='ltr'>eum</span> <span class='ocrx_word' id='word_1_616' title='bbox 2318 3251 2712 3321; x_wconf 89' lang='lat' dir='ltr'>intenderem,</span> <span class='ocrx_word' id='word_1_617' title='bbox 2737 3253 2927 3308; x_wconf 88' lang='lat' dir='ltr'>donec</span> <span class='ocrx_word' id='word_1_618' title='bbox 2949 3253 3177 3308; x_wconf 88' lang='lat' dir='ltr'>vultum</span> <span class='ocrx_word' id='word_1_619' title='bbox 3199 3254 3516 3324; x_wconf 82' lang='lat' dir='ltr'>detegeret,</span> 
     </span>
    </p>
   </div>
   <div class='ocr_carea' id='block_1_91' title="bbox 1857 3341 3516 3399">
    <p class='ocr_par' dir='ltr' id='par_1_91' title="bbox 1857 3341 3516 3399">
     <span class='ocr_line' id='line_1_91' title="bbox 1857 3341 3516 3399; baseline 0.001 -3"><span class='ocrx_word' id='word_1_620' title='bbox 1857 3357 1926 3396; x_wconf 90' lang='lat' dir='ltr'>ac</span> <span class='ocrx_word' id='word_1_621' title='bbox 1958 3343 1976 3375; x_wconf 91' lang='lat'>3</span> <span class='ocrx_word' id='word_1_622' title='bbox 2011 3341 2218 3397; x_wconf 90' lang='lat' dir='ltr'>Latino</span> <span class='ocrx_word' id='word_1_623' title='bbox 2269 3357 2546 3396; x_wconf 88' lang='lat' dir='ltr'>sermone</span> <span class='ocrx_word' id='word_1_624' title='bbox 2592 3341 2812 3396; x_wconf 91' lang='lat' dir='ltr'>diceret</span> <span class='ocrx_word' id='word_1_625' title='bbox 2841 3359 2852 3394; x_wconf 93' lang='lat'><strong>:</strong></span> <span class='ocrx_word' id='word_1_626' title='bbox 2901 3343 3032 3397; x_wconf 80' lang='lat' dir='ltr'>Tibi</span> <span class='ocrx_word' id='word_1_627' title='bbox 3056 3345 3402 3398; x_wconf 79' lang='lat' dir='ltr'>conceditur</span> <span class='ocrx_word' id='word_1_628' title='bbox 3434 3345 3516 3399; x_wconf 88' lang='lat' dir='ltr'>vi-</span> 
     </span>
    </p>
   </div>
   <div class='ocr_carea' id='block_1_92' title="bbox 1856 3431 3514 3501">
    <p class='ocr_par' dir='ltr' id='par_1_92' title="bbox 1856 3431 3514 3501">
     <span class='ocr_line' id='line_1_92' title="bbox 1856 3431 3514 3501; baseline 0.001 -16"><span class='ocrx_word' id='word_1_629' title='bbox 1856 3431 1996 3486; x_wconf 84' lang='lat' dir='ltr'>dere</span> <span class='ocrx_word' id='word_1_630' title='bbox 2021 3432 2236 3499; x_wconf 81' lang='lat' dir='ltr'>faciem</span> <span class='ocrx_word' id='word_1_631' title='bbox 2264 3447 2475 3494; x_wconf 88' lang='lat' dir='ltr'>meam,</span> <span class='ocrx_word' id='word_1_632' title='bbox 2509 3432 2650 3501; x_wconf 82' lang='lat' dir='ltr'>quia.</span> <span class='ocrx_word' id='word_1_633' title='bbox 2676 3433 2737 3485; x_wconf 83' lang='lat' dir='ltr'>in</span> <span class='ocrx_word' id='word_1_634' title='bbox 2767 3431 3047 3486; x_wconf 83' lang='lat' dir='ltr'>laudibus</span> <span class='ocrx_word' id='word_1_635' title='bbox 3079 3434 3219 3488; x_wconf 84' lang='lat' dir='ltr'>meis</span> <span class='ocrx_word' id='word_1_636' title='bbox 3264 3434 3514 3488; x_wconf 85' lang='lat' dir='ltr'>sudasti.</span> 
     </span>
    </p>
   </div>
   <div class='ocr_carea' id='block_1_93' title="bbox 1858 3517 3518 3590">
    <p class='ocr_par' dir='ltr' id='par_1_93' title="bbox 1858 3517 3518 3590">
     <span class='ocr_line' id='line_1_93' title="bbox 1858 3517 3518 3590; baseline 0.001 -17"><span class='ocrx_word' id='word_1_637' title='bbox 1858 3519 2038 3587; x_wconf 86' lang='lat' dir='ltr'>Cujus</span> <span class='ocrx_word' id='word_1_638' title='bbox 2088 3534 2226 3572; x_wconf 92' lang='lat' dir='ltr'>cum</span> <span class='ocrx_word' id='word_1_639' title='bbox 2278 3518 2543 3572; x_wconf 85' lang='lat' dir='ltr'>viderem</span> <span class='ocrx_word' id='word_1_640' title='bbox 2599 3518 2770 3572; x_wconf 90' lang='lat' dir='ltr'>valde</span> <span class='ocrx_word' id='word_1_641' title='bbox 2815 3517 3137 3572; x_wconf 88' lang='lat' dir='ltr'>candidam</span> <span class='ocrx_word' id='word_1_642' title='bbox 3169 3523 3226 3573; x_wconf 92' lang='lat' dir='ltr'>et</span> <span class='ocrx_word' id='word_1_643' title='bbox 3255 3519 3518 3590; x_wconf 88' lang='lat' dir='ltr'>splendi-</span> 
     </span>
    </p>
   </div>
   <div class='ocr_carea' id='block_1_94' title="bbox 1856 3605 3519 3678">
    <p class='ocr_par' dir='ltr' id='par_1_94' title="bbox 1856 3605 3519 3678">
     <span class='ocr_line' id='line_1_94' title="bbox 1856 3605 3519 3678; baseline 0.002 -18"><span class='ocrx_word' id='word_1_644' title='bbox 1856 3607 2001 3660; x_wconf 90' lang='lat' dir='ltr'>dam</span> <span class='ocrx_word' id='word_1_645' title='bbox 2031 3605 2264 3672; x_wconf 88' lang='lat' dir='ltr'>faciem,</span> <span class='ocrx_word' id='word_1_646' title='bbox 2287 3605 2626 3660; x_wconf 83' lang='lat' dir='ltr'>nullatenus</span> <span class='ocrx_word' id='word_1_647' title='bbox 2654 3606 2846 3660; x_wconf 89' lang='lat' dir='ltr'>dicere</span> <span class='ocrx_word' id='word_1_648' title='bbox 2880 3611 3150 3676; x_wconf 88' lang='lat' dir='ltr'>possunt,</span> <span class='ocrx_word' id='word_1_649' title='bbox 3175 3623 3362 3678; x_wconf 89' lang='lat' dir='ltr'>quam</span> <span class='ocrx_word' id='word_1_650' title='bbox 3395 3624 3519 3663; x_wconf 89' lang='lat' dir='ltr'>ma-</span> 
     </span>
    </p>
   </div>
   <div class='ocr_carea' id='block_1_95' title="bbox 1857 3693 3518 3764">
    <p class='ocr_par' dir='ltr' id='par_1_95' title="bbox 1857 3693 3518 3764">
     <span class='ocr_line' id='line_1_95' title="bbox 1857 3693 3518 3764; baseline 0.002 -16"><span class='ocrx_word' id='word_1_651' title='bbox 1857 3711 2044 3763; x_wconf 82' lang='lat' dir='ltr'>gnum</span> <span class='ocrx_word' id='word_1_652' title='bbox 2077 3693 2240 3747; x_wconf 91' lang='lat' dir='ltr'>cordi</span> <span class='ocrx_word' id='word_1_653' title='bbox 2272 3709 2406 3748; x_wconf 91' lang='lat' dir='ltr'>meo</span> <span class='ocrx_word' id='word_1_654' title='bbox 2456 3693 2628 3749; x_wconf 88' lang='lat' dir='ltr'>fuerit</span> <span class='ocrx_word' id='word_1_655' title='bbox 2654 3696 2674 3727; x_wconf 90' lang='lat'>3</span> <span class='ocrx_word' id='word_1_656' title='bbox 2701 3693 2980 3764; x_wconf 88' lang='lat' dir='ltr'>jubilum.</span> <span class='ocrx_word' id='word_1_657' title='bbox 3017 3696 3135 3750; x_wconf 86' lang='lat' dir='ltr'>Hoc</span> <span class='ocrx_word' id='word_1_658' title='bbox 3164 3699 3400 3750; x_wconf 87' lang='lat' dir='ltr'>tantum</span> <span class='ocrx_word' id='word_1_659' title='bbox 3431 3701 3518 3752; x_wconf 89' lang='lat' dir='ltr'>ta-</span> 
     </span>
    </p>
   </div>
   <div class='ocr_carea' id='block_1_96' title="bbox 1857 3781 3523 3853">
    <p class='ocr_par' dir='ltr' id='par_1_96' title="bbox 1857 3781 3523 3853">
     <span class='ocr_line' id='line_1_96' title="bbox 1857 3781 3523 3853; baseline 0.002 -17"><span class='ocrx_word' id='word_1_660' title='bbox 1857 3782 2006 3837; x_wconf 91' lang='lat' dir='ltr'>citus</span> <span class='ocrx_word' id='word_1_661' title='bbox 2039 3797 2276 3836; x_wconf 91' lang='lat' dir='ltr'>mecum</span> <span class='ocrx_word' id='word_1_662' title='bbox 2307 3781 2660 3853; x_wconf 88' lang='lat' dir='ltr'>reputabam</span> <span class='ocrx_word' id='word_1_663' title='bbox 2687 3799 2699 3835; x_wconf 89' lang='lat'>:</span> <span class='ocrx_word' id='word_1_664' title='bbox 2744 3804 2769 3830; x_wconf 85' lang='grc'>‹‹</span> <span class='ocrx_word' id='word_1_665' title='bbox 2795 3782 3077 3837; x_wconf 85' lang='lat' dir='ltr'>Fortassis</span> <span class='ocrx_word' id='word_1_666' title='bbox 3117 3782 3178 3838; x_wconf 92' lang='lat' dir='ltr'>in</span> <span class='ocrx_word' id='word_1_667' title='bbox 3209 3782 3304 3838; x_wconf 92' lang='lat' dir='ltr'>die</span> <span class='ocrx_word' id='word_1_668' title='bbox 3330 3785 3523 3839; x_wconf 88' lang='lat' dir='ltr'>novis-</span> 
     </span>
    </p>
   </div>
   <div class='ocr_carea' id='block_1_97' title="bbox 1859 3871 3521 3944">
    <p class='ocr_par' dir='ltr' id='par_1_97' title="bbox 1859 3871 3521 3944">
     <span class='ocr_line' id='line_1_97' title="bbox 1859 3871 3521 3944; baseline 0.003 -18"><span class='ocrx_word' id='word_1_669' title='bbox 1859 3872 2012 3926; x_wconf 92' lang='lat' dir='ltr'>simo</span> <span class='ocrx_word' id='word_1_670' title='bbox 2041 3888 2151 3944; x_wconf 91' lang='lat' dir='ltr'>pro</span> <span class='ocrx_word' id='word_1_671' title='bbox 2198 3888 2293 3928; x_wconf 90' lang='lat' dir='ltr'>me</span> <span class='ocrx_word' id='word_1_672' title='bbox 2348 3871 2614 3926; x_wconf 89' lang='lat' dir='ltr'>dicturus</span> <span class='ocrx_word' id='word_1_673' title='bbox 2666 3877 2753 3927; x_wconf 87' lang='lat' dir='ltr'>est</span> <span class='ocrx_word' id='word_1_674' title='bbox 2803 3873 3074 3928; x_wconf 86' lang='lat' dir='ltr'>Christo:</span> <span class='ocrx_word' id='word_1_675' title='bbox 3129 3875 3397 3944; x_wconf 87' lang='lat' dir='ltr'>Domine,</span> <span class='ocrx_word' id='word_1_676' title='bbox 3443 3875 3521 3931; x_wconf 88' lang='lat' dir='ltr'>da</span> 
     </span>
    </p>
   </div>
   <div class='ocr_carea' id='block_1_98' title="bbox 1856 3959 3521 4035">
    <p class='ocr_par' dir='ltr' id='par_1_98' title="bbox 1856 3959 3521 4035">
     <span class='ocr_line' id='line_1_98' title="bbox 1856 3959 3521 4035; baseline 0.003 -21"><span class='ocrx_word' id='word_1_677' title='bbox 1856 3959 2006 4014; x_wconf 79' lang='lat' dir='ltr'>mihi</span> <span class='ocrx_word' id='word_1_678' title='bbox 2034 3959 2193 4016; x_wconf 85' lang='lat' dir='ltr'>hunc</span> <span class='ocrx_word' id='word_1_679' title='bbox 2218 3966 2612 4030; x_wconf 82' lang='lat' dir='ltr'>peccatorem.</span> <span class='ocrx_word' id='word_1_680' title='bbox 2649 3985 2674 4010; x_wconf 90' lang='grc'><strong>››</strong></span> <span class='ocrx_word' id='word_1_681' title='bbox 2711 3965 2772 4016; x_wconf 94' lang='lat' dir='ltr'>In</span> <span class='ocrx_word' id='word_1_682' title='bbox 2803 3978 2925 4033; x_wconf 86' lang='lat' dir='ltr'>quo</span> <span class='ocrx_word' id='word_1_683' title='bbox 2955 3966 3094 4017; x_wconf 91' lang='lat' dir='ltr'>tunc</span> <span class='ocrx_word' id='word_1_684' title='bbox 3121 3968 3521 4035; x_wconf 87' lang='lat' dir='ltr'>experrectus,</span> 
     </span>
    </p>
   </div>
   <div class='ocr_carea' id='block_1_99' title="bbox 1857 4049 3520 4122">
    <p class='ocr_par' dir='ltr' id='par_1_99' title="bbox 1857 4049 3520 4122">
     <span class='ocr_line' id='line_1_99' title="bbox 1857 4049 3520 4122; baseline 0.001 -17"><span class='ocrx_word' id='word_1_685' title='bbox 1857 4054 1914 4105; x_wconf 90' lang='lat' dir='ltr'>et</span> <span class='ocrx_word' id='word_1_686' title='bbox 1945 4049 2164 4120; x_wconf 91' lang='lat' dir='ltr'>adhuc,</span> <span class='ocrx_word' id='word_1_687' title='bbox 2199 4055 2259 4106; x_wconf 92' lang='lat' dir='ltr'>ut</span> <span class='ocrx_word' id='word_1_688' title='bbox 2291 4067 2500 4106; x_wconf 88' lang='lat' dir='ltr'>verum</span> <span class='ocrx_word' id='word_1_689' title='bbox 2527 4050 2735 4115; x_wconf 89' lang='lat' dir='ltr'>fatear,</span> <span class='ocrx_word' id='word_1_690' title='bbox 2754 4067 3018 4122; x_wconf 89' lang='lat' dir='ltr'>nequam</span> <span class='ocrx_word' id='word_1_691' title='bbox 3048 4068 3118 4106; x_wconf 88' lang='lat' dir='ltr'>ac</span> <span class='ocrx_word' id='word_1_692' title='bbox 3150 4069 3273 4108; x_wconf 92' lang='lat' dir='ltr'>non</span> <span class='ocrx_word' id='word_1_693' title='bbox 3301 4057 3520 4121; x_wconf 89' lang='lat' dir='ltr'>rectus,</span> 
     </span>
    </p>
   </div>
   <div class='ocr_carea' id='block_1_100' title="bbox 1856 4139 3523 4213">
    <p class='ocr_par' dir='ltr' id='par_1_100' title="bbox 1856 4139 3523 4213">
     <span class='ocr_line' id='line_1_100' title="bbox 1856 4139 3523 4213; baseline 0.001 -18"><span class='ocrx_word' id='word_1_694' title='bbox 1856 4155 1932 4195; x_wconf 90' lang='lat' dir='ltr'>ne</span> <span class='ocrx_word' id='word_1_695' title='bbox 1976 4139 2260 4210; x_wconf 61' lang='lat' dir='ltr'>jucunda;</span> <span class='ocrx_word' id='word_1_696' title='bbox 2312 4141 2555 4195; x_wconf 89' lang='lat' dir='ltr'>visionis</span> <span class='ocrx_word' id='word_1_697' title='bbox 2599 4141 2821 4209; x_wconf 82' lang='lat' dir='ltr'>gaudia</span> <span class='ocrx_word' id='word_1_698' title='bbox 2875 4141 3232 4212; x_wconf 87' lang='lat' dir='ltr'>prepediant</span> <span class='ocrx_word' id='word_1_699' title='bbox 3276 4148 3523 4213; x_wconf 90' lang='lat' dir='ltr'>peccata</span> 
     </span>
    </p>
   </div>
   <div class='ocr_carea' id='block_1_101' title="bbox 1854 4229 3525 4302">
    <p class='ocr_par' dir='ltr' id='par_1_101' title="bbox 1854 4229 3525 4302">
     <span class='ocr_line' id='line_1_101' title="bbox 1854 4229 3525 4302; baseline 0 -18"><span class='ocrx_word' id='word_1_700' title='bbox 1854 4245 2010 4296; x_wconf 91' lang='lat' dir='ltr'>mea,</span> <span class='ocrx_word' id='word_1_701' title='bbox 2043 4229 2207 4301; x_wconf 86' lang='lat' dir='ltr'>apud</span> <span class='ocrx_word' id='word_1_702' title='bbox 2235 4246 2396 4298; x_wconf 90' lang='lat' dir='ltr'>eum,</span> <span class='ocrx_word' id='word_1_703' title='bbox 2429 4229 2600 4298; x_wconf 88' lang='lat' dir='ltr'>cujus</span> <span class='ocrx_word' id='word_1_704' title='bbox 2630 4230 2839 4285; x_wconf 89' lang='lat' dir='ltr'>melior</span> <span class='ocrx_word' id='word_1_705' title='bbox 2880 4234 2968 4284; x_wconf 90' lang='lat' dir='ltr'>est</span> <span class='ocrx_word' id='word_1_706' title='bbox 2998 4246 3177 4302; x_wconf 84' lang='lat' dir='ltr'>super</span> <span class='ocrx_word' id='word_1_707' title='bbox 3210 4230 3362 4284; x_wconf 89' lang='lat' dir='ltr'>vitas</span> <span class='ocrx_word' id='word_1_708' title='bbox 3418 4230 3525 4284; x_wconf 91' lang='lat' dir='ltr'>mi-</span> 
     </span>
    </p>
   </div>
   <div class='ocr_carea' id='block_1_102' title="bbox 1859 4319 3525 4391">
    <p class='ocr_par' dir='ltr' id='par_1_102' title="bbox 1859 4319 3525 4391">
     <span class='ocr_line' id='line_1_102' title="bbox 1859 4319 3525 4391; baseline 0 -17"><span class='ocrx_word' id='word_1_709' title='bbox 1859 4319 2200 4385; x_wconf 84' lang='lat' dir='ltr'>sericordia,</span> <span class='ocrx_word' id='word_1_710' title='bbox 2220 4319 2487 4390; x_wconf 88' lang='lat' dir='ltr'>cptinere</span> <span class='ocrx_word' id='word_1_711' title='bbox 2519 4319 2698 4390; x_wconf 89' lang='lat' dir='ltr'>cupio</span> <span class='ocrx_word' id='word_1_712' title='bbox 2723 4335 2897 4391; x_wconf 88' lang='lat' dir='ltr'>prece</span> <span class='ocrx_word' id='word_1_713' title='bbox 2931 4324 3130 4375; x_wconf 89' lang='lat' dir='ltr'>vestra</span> <span class='ocrx_word' id='word_1_714' title='bbox 3155 4335 3389 4375; x_wconf 91' lang='lat' dir='ltr'>necnon</span> <span class='ocrx_word' id='word_1_715' title='bbox 3419 4334 3525 4390; x_wconf 84' lang='lat' dir='ltr'>pa-</span> 
     </span>
    </p>
   </div>
   <div class='ocr_carea' id='block_1_103' title="bbox 1863 4407 3522 4478">
    <p class='ocr_par' dir='ltr' id='par_1_103' title="bbox 1863 4407 3522 4478">
     <span class='ocr_line' id='line_1_103' title="bbox 1863 4407 3522 4478; baseline 0 -16"><span class='ocrx_word' id='word_1_716' title='bbox 1863 4412 2019 4462; x_wconf 89' lang='lat' dir='ltr'>trum</span> <span class='ocrx_word' id='word_1_717' title='bbox 2050 4411 2106 4462; x_wconf 90' lang='lat' dir='ltr'>et</span> <span class='ocrx_word' id='word_1_718' title='bbox 2130 4407 2380 4462; x_wconf 88' lang='lat' dir='ltr'>fratrum</span> <span class='ocrx_word' id='word_1_719' title='bbox 2411 4407 2676 4462; x_wconf 90' lang='lat' dir='ltr'>oratione</span> <span class='ocrx_word' id='word_1_720' title='bbox 2700 4408 3004 4462; x_wconf 87' lang='lat' dir='ltr'>continua.</span> <span class='ocrx_word' id='word_1_721' title='bbox 3032 4411 3109 4464; x_wconf 92' lang='lat' dir='ltr'>De</span> <span class='ocrx_word' id='word_1_722' title='bbox 3137 4413 3329 4463; x_wconf 88' lang='lat' dir='ltr'>cetero</span> <span class='ocrx_word' id='word_1_723' title='bbox 3355 4407 3522 4478; x_wconf 93' lang='lat' dir='ltr'>quod</span> 
     </span>
    </p>
   </div>
   <div class='ocr_carea' id='block_1_104' title="bbox 1860 4494 3522 4567">
    <p class='ocr_par' dir='ltr' id='par_1_104' title="bbox 1860 4494 3522 4567">
     <span class='ocr_line' id='line_1_104' title="bbox 1860 4494 3522 4567; baseline 0 -17"><span class='ocrx_word' id='word_1_724' title='bbox 1860 4495 2060 4562; x_wconf 89' lang='lat' dir='ltr'>instat,</span> <span class='ocrx_word' id='word_1_725' title='bbox 2091 4494 2340 4566; x_wconf 88' lang='lat' dir='ltr'>epistola</span> <span class='ocrx_word' id='word_1_726' title='bbox 2371 4495 2819 4550; x_wconf 91' lang='lat' dir='ltr'>conclusionem</span> <span class='ocrx_word' id='word_1_727' title='bbox 2846 4496 3109 4567; x_wconf 89' lang='lat' dir='ltr'>postulat</span> <span class='ocrx_word' id='word_1_728' title='bbox 3133 4514 3145 4561; x_wconf 92' lang='lat'><strong>;</strong></span> <span class='ocrx_word' id='word_1_729' title='bbox 3177 4496 3236 4550; x_wconf 91' lang='lat' dir='ltr'>in</span> <span class='ocrx_word' id='word_1_730' title='bbox 3264 4511 3386 4567; x_wconf 90' lang='lat' dir='ltr'>qua</span> <span class='ocrx_word' id='word_1_731' title='bbox 3413 4511 3522 4550; x_wconf 90' lang='lat' dir='ltr'>vos</span> 
     </span>
    </p>
   </div>
   <div class='ocr_carea' id='block_1_105' title="bbox 1861 4582 3520 4656">
    <p class='ocr_par' dir='ltr' id='par_1_105' title="bbox 1861 4582 3520 4656">
     <span class='ocr_line' id='line_1_105' title="bbox 1861 4582 3520 4656; baseline -0.001 -16"><span class='ocrx_word' id='word_1_732' title='bbox 1861 4585 2136 4654; x_wconf 82' lang='lat' dir='ltr'>ignorare</span> <span class='ocrx_word' id='word_1_733' title='bbox 2165 4582 2325 4648; x_wconf 89' lang='lat' dir='ltr'>nolo,</span> <span class='ocrx_word' id='word_1_734' title='bbox 2350 4583 2517 4655; x_wconf 90' lang='lat' dir='ltr'>quod</span> <span class='ocrx_word' id='word_1_735' title='bbox 2542 4583 2826 4656; x_wconf 89' lang='lat' dir='ltr'>antiquus</span> <span class='ocrx_word' id='word_1_736' title='bbox 2851 4586 2872 4618; x_wconf 82' lang='lat'>3</span> <span class='ocrx_word' id='word_1_737' title='bbox 2903 4585 3100 4656; x_wconf 89' lang='lat' dir='ltr'>operis</span> <span class='ocrx_word' id='word_1_738' title='bbox 3128 4585 3311 4655; x_wconf 91' lang='lat' dir='ltr'>hujus</span> <span class='ocrx_word' id='word_1_739' title='bbox 3335 4584 3520 4656; x_wconf 90' lang='lat' dir='ltr'>scrip-</span> 
     </span>
    </p>
   </div>
   <div class='ocr_carea' id='block_1_106' title="bbox 1863 4671 3522 4745">
    <p class='ocr_par' dir='ltr' id='par_1_106' title="bbox 1863 4671 3522 4745">
     <span class='ocr_line' id='line_1_106' title="bbox 1863 4671 3522 4745; baseline -0.001 -17"><span class='ocrx_word' id='word_1_740' title='bbox 1863 4679 1953 4728; x_wconf 92' lang='lat' dir='ltr'>tor</span> <span class='ocrx_word' id='word_1_741' title='bbox 1981 4671 2201 4727; x_wconf 90' lang='lat' dir='ltr'>librum</span> <span class='ocrx_word' id='word_1_742' title='bbox 2258 4688 2436 4727; x_wconf 92' lang='lat' dir='ltr'>suum</span> <span class='ocrx_word' id='word_1_743' title='bbox 2487 4673 2618 4727; x_wconf 88' lang='lat' dir='ltr'>ﬁnit</span> <span class='ocrx_word' id='word_1_744' title='bbox 2671 4673 2729 4727; x_wconf 93' lang='lat' dir='ltr'>in</span> <span class='ocrx_word' id='word_1_745' title='bbox 2783 4689 2874 4742; x_wconf 90' lang='lat' dir='ltr'>eo,</span> <span class='ocrx_word' id='word_1_746' title='bbox 2909 4672 3074 4745; x_wconf 88' lang='lat' dir='ltr'>quod</span> <span class='ocrx_word' id='word_1_747' title='bbox 3112 4672 3403 4727; x_wconf 90' lang='lat' dir='ltr'>volumini</span> <span class='ocrx_word' id='word_1_748' title='bbox 3447 4672 3522 4727; x_wconf 92' lang='lat' dir='ltr'>de</span> 
     </span>
    </p>
   </div>
   <div class='ocr_carea' id='block_1_107' title="bbox 1863 4760 3525 4833">
    <p class='ocr_par' dir='ltr' id='par_1_107' title="bbox 1863 4760 3525 4833">
     <span class='ocr_line' id='line_1_107' title="bbox 1863 4760 3525 4833; baseline -0.001 -15"><span class='ocrx_word' id='word_1_749' title='bbox 1863 4761 2167 4818; x_wconf 89' lang='lat' dir='ltr'>miraculis</span> <span class='ocrx_word' id='word_1_750' title='bbox 2215 4761 2544 4817; x_wconf 91' lang='lat' dir='ltr'>beatissimi</span> <span class='ocrx_word' id='word_1_751' title='bbox 2584 4761 2862 4833; x_wconf 90' lang='lat' dir='ltr'>martiris,</span> <span class='ocrx_word' id='word_1_752' title='bbox 2897 4763 3010 4817; x_wconf 90' lang='lat' dir='ltr'>hoc</span> <span class='ocrx_word' id='word_1_753' title='bbox 3041 4763 3062 4795; x_wconf 92' lang='lat'>3</span> <span class='ocrx_word' id='word_1_754' title='bbox 3112 4765 3168 4816; x_wconf 92' lang='lat' dir='ltr'>et</span> <span class='ocrx_word' id='word_1_755' title='bbox 3212 4762 3232 4795; x_wconf 92' lang='lat'>3</span> <span class='ocrx_word' id='word_1_756' title='bbox 3273 4760 3525 4817; x_wconf 86' lang='lat' dir='ltr'>anterio-</span> 
     </span>
    </p>
   </div>
   <div class='ocr_carea' id='block_1_108' title="bbox 1861 4849 3520 4923">
    <p class='ocr_par' dir='ltr' id='par_1_108' title="bbox 1861 4849 3520 4923">
     <span class='ocr_line' id='line_1_108' title="bbox 1861 4849 3520 4923; baseline -0.002 -15"><span class='ocrx_word' id='word_1_757' title='bbox 1861 4853 2027 4908; x_wconf 90' lang='lat' dir='ltr'>ribus</span> <span class='ocrx_word' id='word_1_758' title='bbox 2081 4851 2269 4908; x_wconf 90' lang='lat' dir='ltr'>tribus</span> <span class='ocrx_word' id='word_1_759' title='bbox 2317 4851 2622 4920; x_wconf 82' lang='lat' dir='ltr'>diligentia</span> <span class='ocrx_word' id='word_1_760' title='bbox 2677 4868 2813 4908; x_wconf 90' lang='lat' dir='ltr'>mea</span> <span class='ocrx_word' id='word_1_761' title='bbox 2866 4849 3234 4908; x_wconf 87' lang='lat' dir='ltr'>enucleatius</span> <span class='ocrx_word' id='word_1_762' title='bbox 3292 4849 3520 4923; x_wconf 91' lang='lat' dir='ltr'>positis,</span> 
     </span>
    </p>
   </div>
   <div class='ocr_carea' id='block_1_109' title="bbox 1863 4941 3520 5015">
    <p class='ocr_par' dir='ltr' id='par_1_109' title="bbox 1863 4941 3520 5015">
     <span class='ocr_line' id='line_1_109' title="bbox 1863 4941 3520 5015; baseline -0.002 -18"><span class='ocrx_word' id='word_1_763' title='bbox 1863 4959 1974 5015; x_wconf 91' lang='lat' dir='ltr'>pro</span> <span class='ocrx_word' id='word_1_764' title='bbox 1999 4941 2260 5014; x_wconf 88' lang='lat' dir='ltr'>capitulo</span> <span class='ocrx_word' id='word_1_765' title='bbox 2291 4942 2501 4998; x_wconf 85' lang='lat' dir='ltr'>datum</span> <span class='ocrx_word' id='word_1_766' title='bbox 2524 4946 2611 4998; x_wconf 90' lang='lat' dir='ltr'>est</span> <span class='ocrx_word' id='word_1_767' title='bbox 2633 4945 2867 5014; x_wconf 87' lang='lat' dir='ltr'>quarto.</span> <span class='ocrx_word' id='word_1_768' title='bbox 2893 4944 3035 5007; x_wconf 62' lang='lat' dir='ltr'>Quae</span> <span class='ocrx_word' id='word_1_769' title='bbox 3057 4956 3198 4996; x_wconf 90' lang='lat' dir='ltr'>vero</span> <span class='ocrx_word' id='word_1_770' title='bbox 3221 4943 3520 4996; x_wconf 89' lang='lat' dir='ltr'>secuntur.</span> 
     </span>
    </p>
   </div>
   <div class='ocr_carea' id='block_1_110' title="bbox 1863 5029 3520 5093">
    <p class='ocr_par' dir='ltr' id='par_1_110' title="bbox 1863 5029 3520 5093">
     <span class='ocr_line' id='line_1_110' title="bbox 1863 5029 3520 5093; baseline -0.002 -6"><span class='ocrx_word' id='word_1_771' title='bbox 1863 5031 2210 5087; x_wconf 88' lang='lat' dir='ltr'>auctoritate</span> <span class='ocrx_word' id='word_1_772' title='bbox 2249 5035 2445 5087; x_wconf 86' lang='lat' dir='ltr'>vestra</span> <span class='ocrx_word' id='word_1_773' title='bbox 2475 5037 2682 5088; x_wconf 88' lang='lat' dir='ltr'>contra</span> <span class='ocrx_word' id='word_1_774' title='bbox 2712 5031 2959 5087; x_wconf 83' lang='lat' dir='ltr'>aemulos</span> <span class='ocrx_word' id='word_1_775' title='bbox 3007 5029 3423 5085; x_wconf 89' lang='lat' dir='ltr'>defendendus</span> <span class='ocrx_word' id='word_1_776' title='bbox 3455 5030 3520 5093; x_wconf 66' lang='lat'>3°,</span> 
     </span>
    </p>
   </div>
   <div class='ocr_carea' id='block_1_111' title="bbox 1861 5121 3525 5194">
    <p class='ocr_par' dir='ltr' id='par_1_111' title="bbox 1861 5121 3525 5194">
     <span class='ocr_line' id='line_1_111' title="bbox 1861 5121 3525 5194; baseline -0.002 -17"><span class='ocrx_word' id='word_1_777' title='bbox 1861 5121 2073 5177; x_wconf 91' lang='lat' dir='ltr'>humili</span> <span class='ocrx_word' id='word_1_778' title='bbox 2105 5121 2384 5194; x_wconf 89' lang='lat' dir='ltr'>asscripsi</span> <span class='ocrx_word' id='word_1_779' title='bbox 2415 5121 2570 5191; x_wconf 92' lang='lat' dir='ltr'>stilo,</span> <span class='ocrx_word' id='word_1_780' title='bbox 2604 5138 2723 5177; x_wconf 91' lang='lat' dir='ltr'>uno</span> <span class='ocrx_word' id='word_1_781' title='bbox 2747 5124 2766 5156; x_wconf 96' lang='lat'>3</span> <span class='ocrx_word' id='word_1_782' title='bbox 2795 5125 3027 5178; x_wconf 88' lang='lat' dir='ltr'>tantum</span> <span class='ocrx_word' id='word_1_783' title='bbox 3055 5123 3075 5155; x_wconf 88' lang='lat'>3</span> <span class='ocrx_word' id='word_1_784' title='bbox 3106 5121 3315 5177; x_wconf 92' lang='lat' dir='ltr'>ordine</span> <span class='ocrx_word' id='word_1_785' title='bbox 3345 5122 3366 5155; x_wconf 87' lang='lat'>3</span> <span class='ocrx_word' id='word_1_786' title='bbox 3392 5135 3525 5192; x_wconf 90' lang='lat' dir='ltr'>pre-</span> 
     </span>
    </p>
   </div>
   <div class='ocr_carea' id='block_1_112' title="bbox 1861 5210 3524 5285">
    <p class='ocr_par' dir='ltr' id='par_1_112' title="bbox 1861 5210 3524 5285">
     <span class='ocr_line' id='line_1_112' title="bbox 1861 5210 3524 5285; baseline -0.002 -17"><span class='ocrx_word' id='word_1_787' title='bbox 1861 5217 2099 5285; x_wconf 88' lang='lat' dir='ltr'>postero</span> <span class='ocrx_word' id='word_1_788' title='bbox 2132 5213 2153 5246; x_wconf 88' lang='lat'>3</span> <span class='ocrx_word' id='word_1_789' title='bbox 2198 5211 2277 5268; x_wconf 92' lang='lat' dir='ltr'>ob</span> <span class='ocrx_word' id='word_1_790' title='bbox 2307 5212 2328 5246; x_wconf 92' lang='lat'>3</span> <span class='ocrx_word' id='word_1_791' title='bbox 2377 5211 2826 5268; x_wconf 80' lang='lat' dir='ltr'>similitudinem</span> <span class='ocrx_word' id='word_1_792' title='bbox 2856 5213 2877 5247; x_wconf 89' lang='lat'>3</span> <span class='ocrx_word' id='word_1_793' title='bbox 2906 5211 2991 5267; x_wconf 90' lang='lat' dir='ltr'>rei</span> <span class='ocrx_word' id='word_1_794' title='bbox 3022 5212 3044 5246; x_wconf 91' lang='lat'>3</span> <span class='ocrx_word' id='word_1_795' title='bbox 3089 5210 3438 5283; x_wconf 89' lang='lat' dir='ltr'>interposito</span> <span class='ocrx_word' id='word_1_796' title='bbox 3479 5211 3524 5279; x_wconf 88' lang='lat'><strong>3,</strong></span> 
     </span>
    </p>
   </div>
   <div class='ocr_carea' id='block_1_113' title="bbox 1464 5339 2158 5395">
    <p class='ocr_par' dir='ltr' id='par_1_113' title="bbox 1464 5339 2158 5395">
     <span class='ocr_line' id='line_1_113' title="bbox 1464 5339 2158 5395; baseline -0.001 -2"><span class='ocrx_word' id='word_1_797' title='bbox 1464 5339 1704 5395; x_wconf 75' lang='lat' dir='ltr'>VABl/E</span> <span class='ocrx_word' id='word_1_798' title='bbox 1757 5340 2049 5395; x_wconf 86' lang='lat' dir='ltr'>LECTION</span> <span class='ocrx_word' id='word_1_799' title='bbox 2057 5340 2158 5395; x_wconf 87' lang='lat' dir='ltr'>ES.</span> 
     </span>
    </p>
   </div>
   <div class='ocr_carea' id='block_1_114' title="bbox 235 5437 1526 5504">
    <p class='ocr_par' dir='ltr' id='par_1_114' title="bbox 235 5437 1526 5504">
     <span class='ocr_line' id='line_1_114' title="bbox 235 5437 1526 5504; baseline 0.003 -16"><span class='ocrx_word' id='word_1_800' title='bbox 235 5447 298 5504; x_wconf 90' lang='lat' dir='ltr'>p.</span> <span class='ocrx_word' id='word_1_801' title='bbox 330 5449 381 5488; x_wconf 89' lang='lat' dir='ltr'>c.</span> <span class='ocrx_word' id='word_1_802' title='bbox 414 5450 461 5489; x_wconf 88' lang='lat' dir='ltr'>s.</span> <span class='ocrx_word' id='word_1_803' title='bbox 493 5439 549 5488; x_wconf 81' lang='lat' dir='ltr'>et</span> <span class='ocrx_word' id='word_1_804' title='bbox 573 5438 729 5490; x_wconf 83' lang='lat' dir='ltr'>veste</span> <span class='ocrx_word' id='word_1_805' title='bbox 757 5451 805 5490; x_wconf 93' lang='lat' dir='ltr'>r.</span> <span class='ocrx_word' id='word_1_806' title='bbox 840 5451 887 5492; x_wconf 91' lang='lat' dir='ltr'>e.</span> <span class='ocrx_word' id='word_1_807' title='bbox 918 5452 1074 5492; x_wconf 84' lang='lat' dir='ltr'>corr.</span> <span class='ocrx_word' id='word_1_808' title='bbox 1103 5437 1240 5493; x_wconf 77' lang='lat' dir='ltr'>aliis</span> <span class='ocrx_word' id='word_1_809' title='bbox 1271 5437 1454 5494; x_wconf 80' lang='lat' dir='ltr'>erasis</span> <span class='ocrx_word' id='word_1_810' title='bbox 1482 5441 1526 5492; x_wconf 87' lang='lat' dir='ltr'>l.</span> 
     </span>
    </p>
   </div>
   <div class='ocr_carea' id='block_1_115' title="bbox 1607 5436 2029 5507">
    <p class='ocr_par' dir='ltr' id='par_1_115' title="bbox 1607 5436 2029 5507">
     <span class='ocr_line' id='line_1_115' title="bbox 1607 5436 2029 5507; baseline 0 -15"><span class='ocrx_word' id='word_1_811' title='bbox 1607 5441 1627 5472; x_wconf 92' lang='lat'>3</span> <span class='ocrx_word' id='word_1_812' title='bbox 1652 5442 1784 5507; x_wconf 77' lang='lat' dir='ltr'>post</span> <span class='ocrx_word' id='word_1_813' title='bbox 1808 5437 1947 5492; x_wconf 87' lang='lat' dir='ltr'>add.</span> <span class='ocrx_word' id='word_1_814' title='bbox 1984 5436 2029 5492; x_wconf 94' lang='lat' dir='ltr'>l.</span> 
     </span>
    </p>
   </div>
   <div class='ocr_carea' id='block_1_116' title="bbox 2110 5435 3088 5508">
    <p class='ocr_par' dir='ltr' id='par_1_116' title="bbox 2110 5435 3088 5508">
     <span class='ocr_line' id='line_1_116' title="bbox 2110 5435 3088 5508; baseline -0.002 -16"><span class='ocrx_word' id='word_1_815' title='bbox 2110 5438 2130 5471; x_wconf 78' lang='lat'>3</span> <span class='ocrx_word' id='word_1_816' title='bbox 2163 5435 2448 5508; x_wconf 85' lang='lat' dir='ltr'>antiquus</span> <span class='ocrx_word' id='word_1_817' title='bbox 2484 5441 2533 5492; x_wconf 82' lang='grc'><strong>1.</strong></span> <span class='ocrx_word' id='word_1_818' title='bbox 2615 5437 2663 5470; x_wconf 86' lang='grc'>¹⁰</span> <span class='ocrx_word' id='word_1_819' title='bbox 2692 5452 2763 5492; x_wconf 89' lang='lat' dir='ltr'>us</span> <span class='ocrx_word' id='word_1_820' title='bbox 2786 5451 2816 5492; x_wconf 91' lang='lat' dir='ltr'>e</span> <span class='ocrx_word' id='word_1_821' title='bbox 2843 5452 3000 5492; x_wconf 83' lang='lat' dir='ltr'>corr.</span> <span class='ocrx_word' id='word_1_822' title='bbox 3040 5440 3088 5491; x_wconf 84' lang='lat' dir='ltr'>l.</span> 
     </span>
    </p>
   </div>
   <div class='ocr_carea' id='block_1_117' title="bbox 1701 5561 1930 5618">
    <p class='ocr_par' dir='ltr' id='par_1_117' title="bbox 1701 5561 1930 5618">
     <span class='ocr_line' id='line_1_117' title="bbox 1701 5561 1930 5618; baseline 0 -1"><span class='ocrx_word' id='word_1_823' title='bbox 1701 5561 1930 5618; x_wconf 69' lang='lat' dir='ltr'>NOT/E.</span> 
     </span>
    </p>
   </div>
   <div class='ocr_carea' id='block_1_118' title="bbox 180 5652 748 5725">
    <p class='ocr_par' dir='ltr' id='par_1_118' title="bbox 180 5652 748 5725">
     <span class='ocr_line' id='line_1_118' title="bbox 180 5652 748 5725; baseline -0.007 -16"><span class='ocrx_word' id='word_1_824' title='bbox 180 5653 285 5725; x_wconf 66' lang='lat'>4‘2)</span> <span class='ocrx_word' id='word_1_825' title='bbox 325 5652 498 5725; x_wconf 82' lang='lat' dir='ltr'>Apud</span> <span class='ocrx_word' id='word_1_826' title='bbox 529 5655 748 5725; x_wconf 82' lang='lat' dir='ltr'>Pogen.</span> 
     </span>
    </p>
   </div>
   <div class='ocr_carea' id='block_1_119' title="bbox 152 5653 1752 5800">
    <p class='ocr_par' dir='ltr' id='par_1_119' title="bbox 152 5653 1752 5800">
     <span class='ocr_line' id='line_1_119' title="bbox 180 5653 748 5725; baseline -0.007 -16"><span class='ocrx_word' id='word_1_827' title='bbox 180 5655 259 5709; x_wconf 72' lang='grc'>4-2</span> <span class='ocrx_word' id='word_1_828' title='bbox 325 5653 498 5725; x_wconf 82' lang='lat' dir='ltr'>Apud</span> <span class='ocrx_word' id='word_1_829' title='bbox 529 5655 748 5723; x_wconf 82' lang='lat' dir='ltr'>Pogen.</span> 
     </span>
     <span class='ocr_line' id='line_1_120' title="bbox 152 5653 1752 5800; baseline 0.003 -16"><span class='ocrx_word' id='word_1_830' title='bbox 152 5653 285 5799; x_wconf 54' lang='grc' dir='ltr'>ξθθξ</span> <span class='ocrx_word' id='word_1_831' title='bbox 327 5723 742 5794; x_wconf 80' lang='lat' dir='ltr'>Strigoniensis</span> <span class='ocrx_word' id='word_1_832' title='bbox 773 5728 878 5800; x_wconf 87' lang='lat' dir='ltr'>qui</span> <span class='ocrx_word' id='word_1_833' title='bbox 905 5733 964 5786; x_wconf 83' lang='lat' dir='ltr'>et</span> <span class='ocrx_word' id='word_1_834' title='bbox 992 5731 1338 5800; x_wconf 82' lang='lat' dir='ltr'>Austrious;</span> <span class='ocrx_word' id='word_1_835' title='bbox 1386 5748 1443 5788; x_wconf 77' lang='grc' dir='ltr'>ν.</span> <span class='ocrx_word' id='word_1_836' title='bbox 1477 5731 1752 5791; x_wconf 80' lang='lat' dir='ltr'>Mabillon</span> 
     </span>
    </p>
   </div>
   <div class='ocr_carea' id='block_1_120' title="bbox 1867 5661 2532 5731">
    <p class='ocr_par' dir='ltr' id='par_1_120' title="bbox 1867 5661 2532 5731">
     <span class='ocr_line' id='line_1_121' title="bbox 1867 5661 2532 5731; baseline -0.006 -16"><span class='ocrx_word' id='word_1_837' title='bbox 1867 5665 1990 5717; x_wconf 86' lang='lat' dir='ltr'>Act.</span> <span class='ocrx_word' id='word_1_838' title='bbox 2028 5663 2111 5726; x_wconf 89' lang='lat' dir='ltr'>Vl,</span> <span class='ocrx_word' id='word_1_839' title='bbox 2146 5663 2184 5726; x_wconf 91' lang='lat' dir='ltr'>l,</span> <span class='ocrx_word' id='word_1_840' title='bbox 2212 5674 2271 5730; x_wconf 91' lang='lat' dir='ltr'>p.</span> <span class='ocrx_word' id='word_1_841' title='bbox 2307 5661 2373 5712; x_wconf 82' lang='lat'>72</span> <span class='ocrx_word' id='word_1_842' title='bbox 2402 5674 2532 5731; x_wconf 91' lang='lat' dir='ltr'>sqq.</span> 
     </span>
    </p>
   </div>
   <div class='ocr_carea' id='block_1_121' title="bbox 1932 5731 3034 5803">
    <p class='ocr_par' dir='ltr' id='par_1_121' title="bbox 1932 5731 3034 5803">
     <span class='ocr_line' id='line_1_122' title="bbox 1932 5731 3034 5803; baseline -0.002 -13"><span class='ocrx_word' id='word_1_843' title='bbox 1932 5736 2041 5802; x_wconf 70' lang='grc'>(44)</span> <span class='ocrx_word' id='word_1_844' title='bbox 2085 5734 2150 5787; x_wconf 89' lang='lat' dir='ltr'>V.</span> <span class='ocrx_word' id='word_1_845' title='bbox 2187 5733 2330 5789; x_wconf 83' lang='lat' dir='ltr'>Acta</span> <span class='ocrx_word' id='word_1_846' title='bbox 2367 5732 2467 5789; x_wconf 91' lang='lat' dir='ltr'>SS.</span> <span class='ocrx_word' id='word_1_847' title='bbox 2503 5731 2660 5803; x_wconf 88' lang='lat' dir='ltr'>Sept.</span> <span class='ocrx_word' id='word_1_848' title='bbox 2697 5733 2784 5799; x_wconf 87' lang='lat' dir='ltr'>Vl,</span> <span class='ocrx_word' id='word_1_849' title='bbox 2815 5747 2879 5803; x_wconf 90' lang='lat' dir='ltr'>p,</span> <span class='ocrx_word' id='word_1_850' title='bbox 2911 5732 3034 5788; x_wconf 76' lang='lat'>512.</span> 
     </span>
    </p>
   </div>
  </div>
