3910 6390
88 281 182 334 997
870 280 960 334 DE
999 280 1375 337 MIRACULIS
1416 279 1473 337 8.
1516 274 1926 335 EMMERAMMI
1966 276 2154 334 LIBRI
2192 278 2357 340 DUO.
2391 310 2459 324 --
2488 282 2615 340 LIB.
2660 288 2700 341 Ι.

3393 290 3499 349 998

90 401 442 469 Gaubaldus,
476 405 611 459 ante
642 418 825 475 quem
856 417 979 459 non
1011 404 1206 460 solum
1237 406 1362 459 haec
1416 404 1626 459 eadem
1660 402 1733 457 de
1773 404 1818 455 Α
1851 401 1961 457 sibi
1987 404 2208 461 credita
2240 405 2465 463 foveret
2494 420 2729 464 necnon
2761 409 3090 482 adaugeret
3120 413 3317 484 ovilia,
3348 415 3503 471 inter

86 507 199 561 qua
228 506 386 545 nunc
409 491 583 546 nobis
606 498 692 548 est
723 508 939 559 sermo,
976 493 1080 548 sed
1108 498 1163 548 et
1189 500 1396 549 ceterae
1438 494 1495 547 in
1531 494 1734 562 Bajoa—

85 579 166 634 ria
194 579 416 651 absque
444 581 613 636 certis
646 582 942 654 episcopis
964 587 1100 654 post
1128 585 1172 617 ¹³
1205 586 1474 638 Romana
1508 584 1550 616 ¹³
1592 587 1733 637 tem-

84 685 225 740 pora
253 672 295 703 ³³
325 671 795 726 erantecclesiaz.
833 672 983 737 Quia
1030 672 1190 727 enim
1228 688 1419 745 nuper
1474 672 1735 726 christia-

84 759 316 814 nitatem
344 765 697 832 acceperant
726 761 939 829 Norici,
971 762 1345 816 immiserant
1371 777 1433 817 se
1472 762 1584 816 illis
1635 762 1732 816 he-

84 848 253 915 retici,
276 849 399 920 qui,
434 853 499 905 ut
524 850 583 904 in
612 850 739 904 aliis
786 850 1132 919 regionibus
1168 851 1361 905 facere
1415 866 1732 905 consueve-

82 944 226 1006 rant,
270 938 359 994 fas
409 938 490 994 ibi
539 939 826 1011 nefasque
885 940 1300 997 confuderant.
1350 942 1574 996 Horum
1622 944 1732 1011 (46)

80 1027 171 1081 alii
202 1044 260 1083 se
280 1028 541 1083 dicentes
591 1029 908 1101 episcopos
958 1045 1106 1100 esse,
1166 1030 1261 1085 alii
1317 1031 1728 1103 presbyteros,

81 1115 172 1171 alii
208 1116 422 1172 diversi
475 1118 700 1173 ordinis
753 1118 1015 1185 clericos,
1077 1120 1532 1175 adinventiones
1592 1136 1731 1175 suas

80 1206 297 1261 technis
323 1206 691 1279 quibusdam
723 1208 1160 1276 subornabant,
1190 1210 1394 1281 sicque
1437 1209 1729 1282 populum

79 1312 210 1351 cum
249 1296 621 1369 principibus
676 1313 783 1370 per
838 1298 1037 1370 plures
1092 1314 1284 1354 annos
1342 1299 1726 1355 seducebant.

77 1386 297 1457 Quippe
328 1387 420 1441 hic
451 1403 613 1442 error
655 1388 830 1443 bonis
888 1387 1173 1443 omnibus
1234 1389 1480 1455 invisus,
1539 1390 1645 1444 sed
1696 1407 1731 1445 a

74 1473 359 1545 perversis
390 1474 841 1547 periculossime
881 1476 1149 1541 annisus,
1183 1478 1445 1532 maxime
1476 1478 1731 1533 adolevit

75 1562 183 1617 sub
213 1561 487 1629 ducibus,
522 1579 783 1635 quorum
814 1565 1061 1621 nomina
1115 1566 1332 1637 partim
1381 1566 1730 1636 ignoramus

73 1651 281 1723 partim
314 1653 458 1709 scita
492 1653 731 1709 cautelae
758 1655 947 1723 gratia
975 1657 1454 1726 supersedemus.
1485 1660 1732 1729 Tempo-

1843 496 2053 557 cetera,
2095 508 2230 565 qua;
2282 494 2435 549 bene
2488 496 2785 568 disposuit
2832 503 2892 554 et
2944 500 3261 569 ordinavit,
3303 504 3498 559 oonsi-

1846 578 1992 634 lium
2024 581 2151 635 iniit
2175 586 2287 652 (34)
2319 600 2455 638 cum
2485 584 2662 652 clero,
2696 601 2819 657 quo
2876 589 3261 659 sepulchrum
3312 592 3501 664 aperi-

1847 674 1935 725 ret
1965 671 2142 725 beato
2202 675 2665 738 Emmerammo,
2701 676 2878 740 Quod,
2917 677 3139 733 crebris
3192 681 3499 738 miraculis

1844 758 1969 813 fieri
2026 760 2244 815 debere
2306 762 2772 831 clamitantibus,
2831 768 3171 822 communis
3223 770 3498 827 Omnium

1840 849 2259 920 comprobavit
2302 867 2605 907 assensus.
2660 853 2814 918 Quid
2868 855 3041 926 plura
3070 856 3097 911 7
3130 858 3229 913 Die
3278 864 3498 917 statuto

1838 937 2241 993 translationis
2269 943 2325 995 et
2364 940 2709 997 elevationis
2769 948 3122 1000 cunctorum
3170 950 3309 1004 vota
3358 964 3497 1004 con-

1839 1032 2084 1081 currunt
2114 1046 2124 1091 ;
2157 1028 2232 1083 ad
2262 1028 2470 1084 laudes
2497 1030 2781 1103 martiris,
2832 1038 2993 1089 tanto
3031 1038 3297 1107 tempore
3344 1036 3497 1094 inter

1838 1115 2119 1171 mortales
2149 1116 2265 1172 sub
2319 1117 2695 1189 neglegentia
2747 1121 3126 1193 quiescentis,
3181 1125 3499 1183 innumera

1838 1221 2015 1260 sexus
2040 1206 2349 1279 utriusque
2391 1212 2588 1266 turma
2640 1209 3032 1268 conﬂuxerat.
3094 1215 3184 1270 Ad
3233 1232 3304 1273 ea
3357 1230 3495 1290 quae

1838 1312 1995 1368 saepe
2024 1296 2358 1367 audierant,
2392 1298 2648 1354 martiris
2664 1300 2955 1356 beneﬁcia
2976 1302 3193 1359 clarius
3209 1305 3491 1376 videnda,

1837 1383 2115 1440 festinant
2146 1387 2364 1453 cuncti,
2396 1388 2564 1442 novis
2596 1388 2877 1445 interesse
2905 1392 3141 1459 gaudiis
3170 1402 3495 1468 properant

1836 1475 2118 1529 universi.
2146 1479 2398 1531 Demum
2422 1476 2588 1532 electi
2648 1480 2984 1535 sacerdotes
3042 1498 3180 1537 cum
3230 1483 3493 1541 diaconi-

1835 1563 1949 1619 bus
1980 1580 2051 1619 ac
2077 1564 2205 1619 aliis
2234 1566 2310 1620 ad
2342 1566 2735 1638 aperiendum
2788 1569 3171 1641 sepulchrum
3221 1584 3494 1631 necessa-

1835 1652 1955 1717 riis,
1989 1654 2281 1725 p0pulum
2308 1660 2471 1710 extra
2502 1655 2820 1711 ecclesiam
2851 1658 3171 1727 eiecerant,
3227 1664 3284 1716 et
3339 1663 3491 1719 ostia

69 1741 230 1796 ribus
259 1746 482 1813 autem,
514 1742 733 1815 quibus
766 1748 941 1798 tantae
965 1745 1117 1816 pesti
1146 1746 1414 1801 remedia
1432 1746 1729 1817 paraban-
1769 1758 1807 1810 Β
1838 1742 1991 1797 intro
2025 1743 2211 1797 servis
2237 1744 2601 1799 munierunt.
2640 1748 2907 1818 Cumque
2958 1748 3353 1807 tremebunda
3408 1767 3493 1807 re-

75 1834 185 1895 tur,
217 1830 275 1884 hi
304 1830 488 1885 duces
528 1831 1027 1903 principabantur
1059 1850 1071 1886 :
1135 1834 1301 1888 Dioto
1362 1834 1601 1899 scilicet,
1645 1835 1731 1889 vir

68 1918 311 1986 illuster,
345 1920 438 1973 cui
472 1920 571 1974 ﬁlii
604 1920 663 1974 in
690 1936 944 1990 regnum
976 1937 1097 1976 non
1123 1929 1549 1979 successerant.
1586 1925 1729 1979 Item

70 2008 219 2063 alius
249 2008 510 2075 Theodo,
547 2009 637 2063 vir
686 2015 963 2065 strenuus
987 2017 1043 2066 et
1071 2011 1286 2077 alacer,
1326 2013 1438 2067 sub
1464 2030 1587 2085 quo
1615 2014 1729 2069 cla«

68 2097 413 2151 rissimus"
464 2099 672 2153 Christi
748 2100 791 2140 ιδ
864 2100 1171 2155 confessor
1255 2103 1298 2141 ¹³
1376 2104 1729 2175 Routpertus

70 2186 114 2222 ¹⁸
162 2202 297 2241 cum
348 2187 391 2223 ¹⁸
451 2187 581 2243 aliis
641 2189 686 2222 ¹⁸
740 2190 836 2243 Dei
894 2189 937 2223 ¹³
995 2190 1384 2245 servitoribus
1440 2194 1484 2228 ¹⁸
1551 2196 1728 2249 Juva—

67 2277 230 2331 vium
288 2278 331 2312 ¹⁸
390 2276 626 2332 devenit
684 2281 747 2349 1³,
804 2278 1006 2351 ibique
1054 2282 1097 2316 ιθ
1156 2297 1398 2335 cursum
1422 2283 1465 2316 ¹³
1494 2298 1729 2354 presen-

70 2364 140 2419 tis
174 2367 216 2406 I3
271 2366 466 2420 vitast3
523 2367 963 2423 consummavit
1020 2372 1063 2408 13
1126 2370 1253 2439 (47).
1312 2370 1434 2425 Sub
1460 2372 1503 2409 ¹³
1530 2388 1652 2442 quo
1685 2373 1728 2408 ¹³

68 2458 305 2508 sanctus
338 2457 381 2495 1³
410 2455 804 2510 Corbinianus
834 2458 877 2496 1³
910 2457 1262 2521 Frisingiam
1304 2461 1348 2494 ¹³
1407 2462 1654 2515 accessit
1684 2462 1728 2495 ‘3

74 2543 201 2609 (48).
238 2543 289 2595 Is
320 2558 463 2609 ergo
488 2544 611 2597 dux
644 2547 686 2584 *3
717 2544 869 2598 filios
900 2545 1111 2600 habuit
1144 2563 1520 2602 successores
1552 2549 1609 2603 in
1642 2566 1727 2604 re-

70 2646 209 2699 gno,
242 2632 610 2703 Diotpertum
639 2633 909 2687 videlicet
941 2638 1119 2704 atque
1142 2635 1513 2691 Grimaldum
1550 2656 1561 2703 ;
1596 2644 1731 2709 post

66 2734 219 2789 quos
251 2718 538 2774 ducatum
571 2719 728 2787 genti
768 2719 905 2772 huic
936 2720 1176 2790 prebuit
1220 2722 1565 2792 Hucbertus,
1624 2725 1726 2795 qui

66 2806 243 2861 beato
268 2807 547 2875 Gregorio
578 2811 631 2861 et
663 2812 869 2861 sancto
904 2810 1363 2863 .Emmerammo
1412 2811 1525 2864 sub
1576 2828 1728 2883 quo-

67 2896 211 2949 dam
245 2896 522 2951 Rathario
552 2895 877 2951 adventitio
908 2896 1193 2969 episcopo
1223 2897 1551 2954 donaverat
1594 2918 1726 2956 cur-

67 2991 208 3051 tem,
240 3002 374 3058 quae
405 2986 465 3040 in
489 2986 746 3058 pitaciis.
774 3002 803 3041 e
844 2987 1065 3058 quibus
1112 2989 1239 3043 haec
1299 2992 1725 3062 excerpsimus,

1840 1830 2060 1899 ligione
2091 1848 2126 1887 a
2158 1832 2473 1904 sepulchro
2504 1834 2758 1889 humum
2796 1835 3194 1903 resolvissent,
3253 1852 3491 1896 necnon

1839 1922 2017 1976 etiam
2042 1921 2303 1993 lapidem
2335 1924 2776 1995 superpositum
2808 1940 2843 1979 a
2872 1930 3037 1996 parte
3067 1927 3275 1985 dextra
3299 1929 3359 1985 in
3388 1930 3491 1985 lae-

1837 2027 1980 2066 vam
2011 2012 2459 2067 submovissent
2487 2028 2772 2068 mensura
2802 2014 3054 2070 tandum
3084 2018 3259 2090 quasi
3306 2019 3493 2091 palmi

1838 2103 1895 2154 et
1925 2100 2127 2170 semis,
2170 2100 2345 2155 timor
2395 2117 2574 2172 super
2630 2117 2843 2157 omnes
2900 2103 3087 2171 irruit,
3132 2106 3213 2162 ita
3270 2112 3335 2163 ut
3388 2124 3493 2180 pre

1838 2204 2062 2260 pavore
2094 2190 2279 2245 nimio
2310 2190 2713 2247 laborantium
2745 2207 2965 2247 manus
3015 2210 3051 2249 a
3087 2194 3286 2267 lapide
3328 2196 3492 2253 labe-

1837 2284 2060 2334 rentur.
2096 2281 2179 2334 Ex
2206 2295 2328 2351 quo
2361 2284 2580 2335 terrore
2610 2282 2871 2354 perculsi
2918 2283 3268 2358 viribusque
3311 2286 3496 2343 disso-

1837 2367 1962 2427 luti.
1992 2369 2051 2423 in
2075 2373 2291 2423 terram
2322 2368 2683 2425 ceciderunt.
2717 2374 2874 2426 Unus
2897 2376 3098 2429 autem
3129 2391 3200 2429 ex
3230 2374 3363 2446 illis,
3391 2377 3494 2449 qui

1839 2474 1875 2512 a
1903 2458 2123 2512 dextris
2151 2457 2405 2524 stabant,
2438 2464 2646 2529 pectus
2690 2460 2874 2531 lapidi
2924 2476 3293 2535 supponens,
3347 2469 3495 2521 tam-

1838 2547 1941 2600 diu
1978 2546 2141 2601 solus
2174 2547 2357 2613 hunc,
2383 2562 2519 2601 cum
2549 2553 2703 2602 esset
2729 2548 2964 2619 ingens,
2996 2551 3162 2605 haud
3196 2568 3304 2608 sua
3357 2554 3498 2609 vali-

1838 2635 2042 2689 tudine
2074 2635 2465 2705 sustentabat,
2506 2651 2824 2707 quousque
2863 2639 3038 2693 ceteri
3093 2655 3271 2711 posse
3324 2658 3491 2697 resu-

1838 2728 2067 2777 merent
2098 2727 2153 2777 et
2183 2723 2585 2777 succurrendo
2609 2739 2827 2779 manus
2866 2726 2943 2780 ad
2991 2726 3229 2799 incepta
3279 2745 3492 2787 conse-

1839 2816 2052 2867 rerent.
2081 2815 2241 2867 Tunc
2278 2816 2443 2867 tanta
2471 2812 2764 2868 celeritate
2786 2819 2843 2869 et
2899 2816 3209 2872 securitate
3253 2835 3493 2875 amove-

1838 2907 1995 2967 runt,
2030 2918 2099 2957 ac
2133 2902 2180 2955 si
2204 2902 2263 2955 in
2288 2918 2347 2955 se
2373 2902 2675 2969 gravitatis
2711 2904 2952 2975 pondus
3011 2906 3258 2963 minime
3313 2910 3493 2965 habe-

1838 2995 1946 3045 ret.
1972 2991 2123 3056 Quid
2159 3008 2299 3045 vero
2361 2992 2473 3046 hoc
2521 2992 2743 3047 trifario
2796 2993 3084 3050 miraculo
3130 2995 3491 3068 insinuatur,

64 3076 514 3131 Pirchinwanch
543 3082 926 3148 nuncupatur
973 3080 1076 3149 (49)
1114 3097 1125 3133 :
1163 3079 1345 3148 Hujus
1399 3082 1507 3151 (ὕο)
1565 3084 1731 3155 atqui
1769 3106 1809 3158 ο
1841 3081 1953 3135 nisi
1984 3081 2147 3152 quod
2190 3082 2542 3153 prophetico
2600 3097 2701 3137 ore
2758 3083 3098 3154 predicatur
3131 3103 3142 3139 :
3195 3087 3493 3145 Mirabitis

70 3166 242 3222 ducis
275 3166 645 3238 temporibus
672 3166 1055 3223 beatissimus
1076 3168 1277 3241 presul
1303 3171 1635 3227 Bonifacius
1654 3174 1734 3229 ob

72 3272 302 3323 curam,
338 3272 527 3329 quam
554 3258 712 3313 circa
751 3273 890 3313 oves
919 3259 1255 3314 Dominicas
1286 3259 1497 3317 habuit
1543 3264 1733 3320 maxi-

70 3363 258 3414 mam,
290 3346 597 3417 ingressus
620 3348 957 3418 Bajoariam
988 3348 1311 3404 nonnullos
1338 3350 1734 3409 hereticorum

74 3452 147 3491 ex
179 3451 251 3491 ea
280 3435 539 3508 depulit;
574 3436 678 3491 sed
717 3452 819 3491 eos
847 3437 1219 3505 generaliter,
1254 3438 1337 3493 uti
1369 3439 1573 3509 voluit,
1631 3443 1733 3497 eli-

66 3525 298 3580 minare
327 3541 449 3580 non
478 3526 688 3597 potuit.
724 3527 851 3590 Quo
884 3526 1195 3581 Franciam
1222 3543 1461 3583 reverso
1491 3534 1546 3584 et
1599 3546 1730 3601 pre-

63 3616 190 3669 fato
215 3615 366 3669 duce
394 3616 695 3679 defuncto,
739 3616 851 3669 sub
885 3617 1152 3688 principe
1182 3616 1387 3686 Pipino
1419 3620 1608 3685 gentis
1627 3621 1731 3674 hu-

57 3705 160 3775 jus
192 3703 479 3758 ducatum
512 3704 763 3775 adeplus
791 3709 877 3758 est
909 3706 1095 3759 Udilo.
1127 3705 1233 3769 Qui
1272 3706 1386 3775 (51)
1418 3708 1613 3760 missis
1674 3710 1730 3763 in

64 3792 297 3849 Italiam
328 3792 649 3862 legatariis,
682 3798 955 3847 sanctum
983 3793 1355 3848 Bonifacium
1414 3796 1642 3861 rogavit
1703 3815 1733 3853 e

64 3887 256 3938 Roma
286 3886 678 3937 revertentem
713 3888 835 3946 (an.
870 3885 1018 3946 739),
1054 3881 1219 3953 quod
1248 3881 1449 3938 denuo
1492 3884 1733 3939 Noricas

61 3976 273 4041 gentes
298 3971 410 4026 sub
451 3987 559 4027 sua
590 3974 883 4043 potestate
939 3969 1289 4039 dignaretur
1345 3972 1582 4027 Visitare
1636 3974 1732 4028 de-

63 4064 295 4129 gentes.
327 4061 507 4131 Cujus
540 4060 821 4131 legationi
853 4064 909 4115 et
934 4059 1323 4115 nihilominus
1354 4062 1617 4133 petitioni
1666 4064 1733 4119 li-

58 4150 276 4206 benter
301 4165 574 4205 annuens
602 4153 720 4204 Deo
779 4148 993 4221 plenus
1016 4148 1283 4215 antistes,
1314 4150 1373 4204 in
1397 4151 1734 4219 Bajoariam

58 4238 500 4311 profectionem
541 4239 853 4305 accelerat,
918 4255 1167 4310 sperans
1218 4255 1281 4293 se
1330 4245 1734 4296 correcturum

58 4328 233 4401 quod
275 4334 411 4383 ante
450 4344 573 4383 non
604 4334 854 4400 poterat.
912 4328 1014 4382 Hic
1074 4328 1326 4383 Domino
1374 4335 1734 4401 cooperante

1842 3172 1997 3226 Deus
2030 3172 2090 3225 in
2123 3172 2343 3225 sanctis
2373 3172 2492 3225 suis
2515 3182 2536 3241 ;
2564 3173 2719 3226 Deus
2748 3172 2941 3228 Israel
2969 3174 3093 3243 ipse
3118 3175 3284 3231 dabit
3312 3179 3496 3233 virtu-

1843 3264 1956 3314 tem
1983 3264 2042 3328 et,
2062 3261 2481 3328 fortitudinem
2508 3259 2527 3311 τ
2553 3261 2741 3329 (Psat.
2776 3277 2948 3329 vau,
2976 3266 3090 3329 36.)
3114 3264 3203 3320 Ob
3228 3279 3497 3322 reveren-

1842 3347 1987 3403 tiam
2020 3347 2181 3402 enim
2213 3348 2303 3402 sui
2334 3348 2593 3403 martiris
2624 3348 2810 3403 virtus
2841 3349 3126 3406 Altissimi
3171 3352 3284 3408 hos
3336 3354 3495 3410 terri-

1842 3436 2033 3491 biliter
2062 3437 2286 3503 stravit,
2317 3438 2421 3491 sed
2450 3436 2527 3491 ad
2558 3438 2686 3507 ejus
2716 3437 2925 3492 laudes
2946 3438 3008 3493 in
3036 3440 3319 3510 pristinas
3343 3444 3495 3499 vires

1840 3524 2191 3579 mirabiliter
2212 3524 2586 3579 restauravit.
2612 3523 2801 3578 Tertio
2827 3526 2930 3579 uni
2970 3528 3154 3581 sacris
3196 3530 3496 3586 cineribus

1839 3612 2153 3667 famulanti
2205 3612 2525 3683 impertivit
2581 3612 2939 3667 fortitudinis
2984 3628 3207 3670 munus
3247 3618 3321 3672 ad
3371 3619 3495 3687 glo-

1841 3701 1988 3755 riam
2019 3700 2280 3755 nominis
2313 3701 2423 3765 sui,
2452 3700 2554 3772 qui
2586 3705 2671 3755 est
2702 3701 2890 3755 trinus
2922 3708 2977 3757 et
3002 3720 3178 3759 unus.
3218 3709 3327 3761 Pro
3371 3723 3494 3779 quo

1841 3788 2131 3860 triplicato
2154 3789 2325 3857 signo
2358 3788 2697 3844 sacerdotes
2724 3791 3048 3846 venerandi
3080 3793 3299 3862 gratias
3316 3810 3496 3865 agen-

1843 3883 1927 3935 tes
1957 3879 2131 3934 almae
2184 3879 2468 3949 Trinitati,
2524 3896 2661 3935 cum
2715 3896 2940 3949 magno
2990 3882 3129 3938 cieri
3167 3885 3494 3959 populique

1841 3969 2104 4041 tripudio
2131 3969 2667 4042 incomparabilem
2696 3973 3011 4043 purpurati
3060 3975 3327 4047 corporis
3379 3977 3500 4032 the-

1843 4076 2091 4115 saurum
2122 4076 2153 4114 e
2187 4060 2435 4127 tumulo,
2486 4076 2608 4132 quo
2665 4065 2910 4117 eatenus
2966 4064 3307 4120 reconditus
3348 4070 3494 4135 erat,

1844 4150 2197 4217 auferentes,
2248 4150 2308 4205 in
2363 4155 2826 4207 monumentum
2874 4167 3098 4209 novum
3160 4154 3498 4212 venerabile

1844 4240 2307 4307 transtulerunt;
2343 4241 2509 4311 quod
2544 4240 2619 4295 ad
2642 4241 2702 4295 id
2734 4241 2874 4296 satis
2913 4247 3189 4298 accurate
3211 4244 3340 4313 jam
3394 4260 3499 4316 pa-

1851 4334 2156 4383 raverunt.
2196 4333 2256 4383 ln
2283 4344 2406 4399 quo
2434 4329 2732 4400 principes
2756 4329 2884 4384 auri
2913 4330 3173 4386 laminas
3201 4336 3257 4387 et
3283 4337 3495 4402 argent

60 4433 135 4473 ac
167 4417 403 4489 prefato
448 4417 601 4473 duce
660 4417 1017 4489 astipulante
1049 4419 1116 4487 ιδ,
1142 4416 1541 4473 ecclesiastica
1593 4420 1733 4489 jura
1770 4460 1812 4513 D
1846 4424 2142 4490 apparatu
2164 4418 2853 4513 pulcherrimofec‘erunt
2883 4419 3065 4490 afﬁgi,
3099 4436 3497 4513 easque‘gem-

59 4507 417 4573 decernens,
451 4508 689 4579 penitus
745 4506 1087 4578 exstirpavit
1132 4508 1442 4571 hereticos,
1499 4512 1555 4563 et
1604 4508 1729 4562 uni-

58 4610 277 4653 versos
296 4597 526 4666 fugavit
548 4596 939 4652 scismaticos.
964 4596 1336 4652 Provinciam
1358 4612 1499 4653 vero
1514 4597 1574 4652 in
1602 4614 1735 4670 par-

64 4685 312 4742 rochias
334 4686 553 4754 divisit,
587 4691 643 4741 et
673 4686 993 4758 episcopos
1020 4686 1079 4741 in
1108 4686 1202 4740 his
1232 4690 1525 4743 canonica
1577 4688 1732 4743 ordi-

60 4774 316 4832 natione
349 4774 668 4830 constituit.
700 4780 853 4831 lnter
890 4791 1044 4847 quos
1100 4776 1433 4847 predictum
1483 4776 1733 4833 Gaubal-

60 4866 217 4922 dum
259 4864 747 4938 Hiatospolitanee
777 4867 888 4937 (52)
934 4865 1057 4921 sedi
1100 4866 1360 4938 prefecit.
1418 4868 1529 4932 Qui
1585 4868 1733 4923 dum

1846 4522 2084 4563 marum
2114 4507 2322 4561 ordine
2351 4506 2517 4561 vario
2549 4506 2853 4575 distingui.
2884 4509 3148 4570 Quorum
3192 4509 3495 4581 spiritibus

1840 4600 1898 4651 et
1926 4594 2102 4650 nobis
2132 4594 2310 4650 simul
2336 4594 2749 4665 peccatoribus
2774 4610 2881 4666 per
2900 4595 3353 4652 intercessiones
3384 4598 3499 4654 cla-

1841 4686 2065 4741 rissimi
2099 4685 2192 4740 sui
2225 4684 2387 4741 testis
2415 4684 2841 4741 Emmerammi
2876 4685 3157 4755 dignetur
3208 4687 3496 4744 Dominus

1842 4775 2149 4848 propitiari
2181 4775 2192 4829 !

1911 4864 2238 4925 2.Quidam
2264 4863 2354 4918 vir
2377 4863 2435 4919 in
2467 4860 2823 4934 Frisingensi
2845 4862 3173 4937 episcopio,
3204 4864 3495 4938 quoniam

1450 4983 1683 5037 νΑΗΙίΕ
1727 4983 2014 5040 LECTION
2026 4984 2123 5037 ES.

137 5070 183 5103 13
219 5068 359 5136 Qua:
388 5070 450 5125 in
481 5071 679 5125 codice
707 5070 780 5125 ab
812 5070 1083 5125 Arnoldo

1157 5076 1245 5143 ost
1274 5071 1484 5127 addita
1505 5078 1643 5127 sunt
1678 5088 1906 5143 semper
1940 5074 2145 5143 littera
2172 5087 2207 5125 a
2239 5072 2459 5126 notavi.
2495 5070 2773 5143 Attamen
2825 5085 2946 5125 non
2992 5071 3183 5139 plane
3241 5075 3494 5141 constat,

59 5155 145 5215 a_n
170 5140 354 5215 verba
384 5157 442 5213 p.
478 5143 541 5197 R.
572 5146 608 5197 t.
642 5142 759 5211 ipsi
778 5141 1052 5215 Arnotdo
1080 5140 1431 5197 debeantur.
1470 5214 1475 5215 ί
1510 5144 1555 5184 ιι
1589 5140 1897 5201 Christi—
1927 5142 2177 5199 accessit
2205 5143 2269 5197 in
2302 5144 2428 5199 loco
2460 5156 2595 5199 raso
2618 5146 2675 5199 et
2703 5142 2767 5196 in
2794 5142 3067 5213 margine
3094 5143 3321 5215 scriqta
3349 5140 3491 5212 esse,

56 5212 367 5283 Foringer
386 5212 644 5269 ’monuit.
724 5214 769 5256 ιδ
801 5212 1121 5285 stipulante
1151 5228 1308 5269 corr.
1338 5214 1546 5287 asstip.
1578 5219 1599 5270 t

1698 5307 1920 5363 NOTIE.

135 5389 259 5531 ξιδ)
285 5389 519 5449 Horum
549 5418 617 5432 —-
642 5391 958 5448 seducebat
985 5406 1059 5449 ex
1086 5392 1209 5449 vita
1236 5394 1292 5449 S.
1326 5394 1540 5459 Bonif.,
1571 5411 1621 5451 c.
1674 5398 1726 5451 9.

157 5460 253 5531 47)
284 5462 368 5520 Ct.
412 5466 605 5521 Anon.
672 5464 754 5519 De
809 5464 1200 5521 conversione
1251 5469 1726 5524 Karantanorum

61 5534 73 5545 ο
137 5460 253 5545 (47)
284 5462 368 5520 Ct.
412 5466 605 5521 Anon.
672 5464 754 5519 De
809 5464 1200 5521 conversione
1251 5469 1730 5524 Karantanorum

53 5534 257 5743 ‘72s)
279 5605 342 5657 v.
377 5605 431 5659 s.
464 5604 807 5661 (lorbiniani
832 5606 1042 5669 Vitam,
1078 5624 1127 5662 ο.
1170 5612 1249 5664 tO.

162 5677 259 5742 49)
293 5676 670 5743 Purckwang
701 5693 889 5743 prope
914 5679 1249 5735 Wildenber

162 5677 260 5762 42>,
293 5676 670 5762 Ξυνςιίνιξεξωβ
700 5693 889 5762 Prspe
914 5679 1293 5762 Wesenberg
1317 5700 1330 5762 ξ
1352 5698 1406 5737 v-
1436 5681 1575 5762 Risd
1602 5684 1643 5753 ι›
1667 5697 1726 5753 r-

56 5748 158 5803 u.
189 5746 276 5803 De
297 5747 575 5806 Hucberti
610 5746 936 5809 donatione
965 5751 1108 5809 alibi
1133 5746 1285 5808 nihil
1316 5746 1533 5810 inveni.

1912 5395 2019 5467 (50)
2056 5395 2137 5449 Ex
2167 5394 2296 5467 Vita
2327 5393 2537 5467 Bonif.,
2560 5408 2610 5449 ο.
2646 5398 2700 5450 8.

1914 5464 2026 5538 (5t)
2058 5468 2140 5522 Ex
2178 5466 2303 5521 Vita
2326 5464 2535 5535 Bonif.,
2569 5482 2617 5538 c7.
2645 5471 2699 5538 9.

1846 5611 1865 5620 ﬁ
1912 5533 2026 5609 (⁷52)
2054 5538 2410 5609 Hiatospolis
2438 5533 2613 5608 quasi
2643 5533 2771 5599 ἅδος
2798 5534 2945 5598 noli;
2977 5538 3367 5611 Regensburg
3420 5538 3498 5595 ab

1840 5629 2022 5751 οω(53)
2045 5684 2184 5744 Qua).
2214 5683 2545 5751 sequuntur
2565 5696 2637 5735 ex
2667 5679 2945 5736 Aribonis
2978 5680 3106 5738 Vita
3162 5683 3215 5738 S.
3273 5685 3499 5737 Emme-

1839 5752 2056 5811 rammi
2082 5753 2259 5826 (Acta
2283 5752 2390 5810 SS.
2429 5754 2584 5827 Sept.
2616 5754 2702 5821 VI,
2727 5767 2787 5825 p.
2811 5752 2965 5825 481.)
2985 5754 3225 5811 Hausta
3253 5758 3409 5810 sunt.
