3910 6382
448 248 552 302 999

1490 240 1800 305 ARNOLDI
1839 218 2424 297 EMERAMHENsis
2462 226 2794 299 nom.an

3764 234 3853 285 1001

450 366 731 432 fraudata
758 370 850 421 est
873 365 1185 421 oculorum
1215 362 1430 431 ofﬁcio,
1456 362 1775 432 conjugem
1806 373 1978 413 suam
2008 354 2089 409 di-
2129 356 2175 408 Δ
2204 359 2371 409 vente
2400 355 2708 427 quomodo
2738 355 2919 411 aliam
2942 370 3123 427 super
3142 353 3375 425 ducam
3412 352 3444 407 ?
3478 352 3734 418 Quibus
3776 370 3856 409 verr

450 454 630 521 misit,
658 452 956 524 aliamque
1003 456 1166 506 extra
1212 454 1555 522 preceptum
1601 449 1699 504 Dei
1744 446 1911 502 duxit
1957 446 2089 513 (5t).

454 545 584 607 Qua
608 539 784 613 culpa
812 539 1147 595 adulterum
1191 537 1357 592 illum
1378 553 1517 591 cum
1542 534 1920 607 superducta,
1971 531 2092 603 epi-

442 628 639 702 scopi,
668 627 730 682 in
756 628 925 697 cujus
951 628 1062 681 hoc
1079 630 1204 680 erat
1218 624 1477 690 dioecesi,
1494 621 1935 680 animadversio
1958 634 2093 674 con-

453 715 645 782 venit;
669 714 1128 786 convictumque
1150 729 1222 767 ex
1242 712 1498 781 regulari
1518 712 1776 783 paenitet]
1786 710 1863 765 tia
1885 707 2094 763 multa—

450 810 549 860 να.
578 803 689 861 Sed
719 802 1090 876 persuasoris
1119 802 1397 856 instinctu
1424 801 1695 873 pertinax
1712 798 1921 854 mulier
1941 796 2018 852 ab
2035 795 2095 850 il-

449 893 623 949 licitis
655 891 1032 964 amplexibus
1063 890 1259 945 divelli
1286 905 1409 944 non
1434 890 1642 962 potuit;
1681 888 1786 943 sed
1838 903 1975 942 cum
2018 884 2093 940 ad

452 980 611 1037 beati
643 979 1066 1035 Emmerammi
1095 978 1405 1033 ecclesiam
1447 981 1775 1033 conventus
1826 974 1953 1029 ﬁeri
2000 973 2097 1027 de-

454 1068 701 1134 buisset,
736 1071 791 1122 et
816 1066 1021 1121 eadem
1051 1065 1280 1133 mulier,
1309 1064 1785 1120 commeantibus
1814 1063 1951 1117 illuc
2001 1076 2095 1115 so-

456 1157 630 1220 ciata,
662 1159 1022 1228 properaret,
1046 1154 1106 1208 in
1134 1153 1284 1221 loco,
1313 1154 1415 1226 qui
1445 1152 1709 1208 Vivarius
1741 1150 2093 1224 appellatur,

458 1245 617 1300 unde
645 1243 957 1299 ecclesiam
977 1243 1186 1297 intuita
1212 1242 1336 1309 fuit,
1378 1241 1649 1297 ducentis
1680 1241 1798 1296 fere
1832 1239 1910 1295 ab
1950 1237 2096 1293 urbe

454 1332 757 1406 passibus,
791 1336 855 1386 ut
880 1335 1021 1387 nota
1052 1330 1357 1386 commissi
1389 1329 1622 1385 sceleris
1652 1345 1786 1385 eam
1843 1326 2100 1395 exagita-

453 1427 558 1478 ret.
594 1420 780 1493 Ccepit
806 1426 1008 1476 autem
1033 1425 1287 1475 tremore
1314 1419 1499 1474 nimio
1530 1418 1787 1486 concuti,
1822 1422 1876 1472 et
1914 1416 2099 1470 disso-

453 1510 577 1567 luta
604 1510 773 1566 humi
800 1509 1069 1577 devolvi;
1103 1513 1160 1565 et
1189 1525 1324 1565 cum
1352 1513 1545 1564 erecta
1578 1508 1786 1564 fuisset
1811 1523 1847 1561 a
1902 1504 2095 1569 sociis,

457 1600 507 1655 si
527 1615 878 1672 processum
905 1598 1105 1665 voluit,
1142 1597 1465 1670 procedere
1486 1614 1609 1653 non
1634 1596 1820 1653 valuit
1854 1614 1867 1662 ;
1902 1596 1950 1650 si
2006 1611 2096 1649 re-

2200 443 2292 497 bis
2322 449 2627 516 permotus
2654 445 2941 502 dominus
2986 444 3363 517 asperrimos
3419 459 3760 499 sermones
3806 445 3856 499 ir.-

2202 532 2356 587 vexit
2384 532 2625 588 dicens:
2658 557 2685 583 «
2721 534 2859 589 Haec
2893 533 3041 589 mihi
3069 533 3253 588 faciat
3274 531 3625 599 Dominus,
3680 537 3738 587 et
3775 532 3855 586 11th

2202 620 2404 683 addat,
2437 622 2547 677 nisi
2576 622 2733 677 hanc
2760 622 2823 677 in
2838 622 3299 677 matrimonium
3327 620 3722 693 sumpseris,
3747 630 3855 691 gent

2202 711 2507 766 Saxonum
2568 716 2620 767 te
2674 712 2934 779 tradam,
2986 728 3125 784 qua:
3160 716 3247 767 tot
3306 710 3731 766 daemonibus
3796 728 3855 784 pe

2203 815 2481 870 spurcam
2505 800 2682 855 servit
2708 800 3131 856 idololatriam.
3167 800 3316 856 Novi
3346 800 3602 855 etenim
3627 816 3701 856 ac
3733 816 3858 873 exp»

2202 886 2455 943 rimento
2481 888 2657 943 didici
2680 888 2825 959 quia
2855 888 2899 943 si
2932 888 3250 943 mulierem
3276 887 3378 942 hic
3422 887 3727 961 accipere
3780 902 3857 940 nor

2203 977 2313 1045 vis,
2349 977 2549 1045 fugere
2580 977 2773 1044 malis,
2802 994 2989 1049 quam
3019 994 3266 1033 mecum
3293 977 3701 1032 commorari
3729 976 3783 1031 in
3809 976 3857 1030 hi2

2202 1064 2367 1133 locis,
2399 1070 2463 1120 ut
2493 1070 2548 1121 et
2577 1065 2651 1120 de
2684 1066 2825 1135 fuga
2848 1066 3158 1131 confusus,
3201 1069 3260 1120 et
3290 1065 3721 1121 nihilominus
3768 1081 3852 1137 pos

2204 1154 2277 1208 de
2303 1153 2502 1226 precio
2528 1158 2626 1209 tuo
2659 1170 2939 1209 maneam
2971 1153 3397 1210 defraudatus.
3438 1178 3466 1203 »
3500 1156 3860 1227 Cumqueas

2206 1242 2381 1297 siduo
2412 1243 2789 1298 sermonibus
2810 1244 2912 1314 huj
2924 1242 3165 1299 usmodi
3193 1242 3352 1298 inter
3384 1259 3449 1298 se
3477 1242 3859 1316 disceptaren‘

2205 1331 2486 1386 dominus
2517 1348 2625 1403 per
2651 1336 2967 1405 peccatum
3000 1348 3235 1398 servus,
3271 1336 3331 1387 et
3370 1348 3607 1387 servus
3658 1348 3770 1405 per
3803 1332 3859 1402 ju-

2208 1420 2424 1477 stitiam
2446 1420 2748 1488 dominus,
2780 1425 2950 1477 aetate
2966 1422 3097 1492 jam
3128 1437 3199 1477 ac
3226 1420 3514 1477 moribus
3547 1438 3765 1494 senex,
3796 1422 3859 1476 al;-

2206 1514 2291 1565 ter
2321 1527 2381 1565 se
2412 1526 2534 1565 non
2559 1525 2736 1582 posse
2767 1510 3082 1567 advertens
3108 1509 3441 1583 imperium
3499 1510 3753 1567 domini
3807 1527 3861 1564 su

2206 1598 2523 1665 declinare,
2556 1598 2704 1671 quin
2731 1598 2792 1654 in
2824 1603 3066 1669 gentem
3088 1599 3432 1655 traderetur
3475 1600 3688 1656 Deum
3738 1600 3861 1670 igne

455 1688 578 1744 dire
605 1687 849 1757 studuit,
872 1686 1161 1743 redeundi
1190 1686 1533 1741 facultatem
1564 1701 1684 1740 non
1711 1683 1938 1740 habuit.
2000 1682 2099 1736 His
2140 1702 2181 1754 Β
2206 1692 2457 1753 rantem,
2490 1688 2660 1758 cujus
2688 1688 2873 1744 vitam
2899 1688 3073 1761 quasi
3098 1693 3360 1745 mortem
3380 1688 3622 1757 timuit,
3656 1689 3861 1746 tandem

455 1777 516 1832 in
548 1776 837 1846 angustiis
881 1794 916 1830 a
967 1774 1419 1847 superveniente
1474 1774 1777 1830 sacerdote
1832 1771 2101 1844 quodam

455 1866 825 1938 deprehensa
856 1863 1139 1936 requisita
1157 1869 1268 1930 est,
1289 1879 1412 1935 quo
1438 1863 1681 1918 crimine
1702 1862 2104 1917 circumventa

456 1959 751 2027 peteretur
778 1953 936 2010 talia.
974 1956 1090 2008 Hoc
1112 1953 1295 2009 relato
1347 1952 1501 2008 sicut
1556 1956 1701 2018 erat,
1747 1950 1825 2006 ad
1881 1949 2103 2021 episco—

456 2060 601 2116 pum
634 2060 811 2098 suum
840 2041 1074 2111 regredi
1107 2042 1183 2096 ab
1210 2040 1424 2096 eodem
1454 2046 1541 2096 est
1566 2041 1914 2113 presbytero
1945 2054 2103 2093 com-

457 2132 705 2187 monita.
740 2130 913 2195 Quod
943 2130 1090 2184 dum
1120 2130 1353 2184 fecisset
1382 2134 1439 2185 et
1466 2129 1657 2184 eﬁ'usa
1698 2128 1757 2183 in
1800 2128 2102 2198 lacrymas

457 2219 676 2274 vulnus
707 2219 959 2291 aperiret
989 2224 1046 2273 et
1083 2218 1548 2274 satisfactionem
1605 2234 1677 2272 ex
1722 2233 1875 2289 puro
1928 2215 2103 2271 corde

460 2306 844 2379 promitteret,
878 2309 1155 2377 suscepta
1186 2305 1601 2367 Ecclesiasticae
1661 2306 1865 2360 formae
1915 2303 2103 2359 medi-

459 2394 612 2464 cina,
645 2394 723 2449 ad
752 2394 1052 2449 medicum
1083 2410 1260 2448 suum
1289 2393 1532 2449 beatum
1573 2397 2100 2459 Emmerammum,

458 2499 670 2555 expers
700 2482 916 2537 animae
942 2482 1228 2546 vulneris,
1265 2487 1320 2537 et
1362 2483 1629 2554 corporei
1684 2498 1893 2537 secura
1942 2480 2104 2535 dolo-

456 2573 555 2639 ris,
587 2571 892 2644 processit.
936 2574 1063 2636 Qua
1094 2572 1155 2626 in
1212 2587 1273 2626 re
1328 2570 1496 2626 facile
1556 2571 1864 2641 colligitur,
1915 2586 2101 2643 quam

452 2660 629 2729 longe
662 2665 1011 2733 separantur
1041 2660 1244 2715 incerti
1272 2676 1307 2715 a
1337 2676 1524 2729 regno
1556 2660 1673 2726 Dei,
1704 2660 1807 2732 qui
1860 2660 1943 2714 sic
1998 2660 2104 2714 dif-

454 2749 722 2805 feruntur
750 2748 827 2804 ab
849 2749 1122 2817 ingressu
1142 2748 1463 2804 domorum
1481 2748 1803 2804 electorum
1829 2764 2098 2803 suorum.

455 2839 626 2905 Quod
651 2855 726 2894 ne
756 2839 930 2894 nobis
961 2838 1284 2908 contingat,
1308 2838 1632 2894 fortissima
1666 2838 1875 2894 Christi
1921 2837 2103 2892 medi-

455 2927 591 2981 cina
618 2925 949 2996 prohibeat.

442 3078 446 3083 ,
528 3018 580 3069 3.
614 3018 760 3069 Cum
785 3014 1067 3069 virtutum
1099 3014 1386 3105 odoribus
1443 3016 1838 3105 aromatizans
1874 3016 2099 3105 beatus
2141 3051 2181 3105 Ο

459 3105 935 3157 Emmerammus
966 3101 1221 3173 populos
1250 3103 1327 3157 ad
1354 3120 1415 3157 se
1472 3104 1727 3158 traheret
1770 3104 2101 3176 undeques—

438 3207 652 3258 -secus,
676 3188 922 3258 contigit
950 3190 1256 3261 quendam
1288 3191 1482 3246 virum
1512 3191 1771 3260 ﬁdelem,
1802 3193 1907 3264 qui
1942 3193 2103 3248 bona

440 3277 803 3346 intentione,
835 3282 899 3332 ut
920 3277 1056 3332 ﬁnis
1087 3278 1403 3349 probabat,
1436 3279 1573 3335 illuc
1602 3280 1882 3336 solusiter
1904 3297 2100 3353 carpe-

455 3368 580 3437 bat,
613 3367 673 3421 in
704 3366 853 3433 loco,
886 3366 989 3438 qui
1011 3366 1229 3422 dicitur
1268 3369 1723 3435 Verroniwaida,
1770 3371 1933 3442 quod
1988 3388 2102 3425 ser-

457 3474 558 3513 mo
590 3455 827 3512 Latinus
857 3456 1135 3528 exprimit
1166 3457 1514 3530 Longinqua
1540 3474 1783 3530 pascua,
1843 3459 2101 3515 latrones

452 3545 749 3613 incidisse,
781 3544 883 3617 qui
904 3561 1042 3601 eum
1064 3545 1368 3603 detentum
1398 3547 1764 3620 expoliatum
1796 3549 2100 3605 Orientali-

452 3634 566 3690 bus
594 3634 830 3689 Francis
850 3634 1264 3689 vendiderunt.
1298 3638 1362 3691 Et
1388 3636 1579 3691 factus
1610 3642 1697 3691 est
1716 3637 1863 3693 alias
1895 3638 2100 3710 empti-

453 3722 587 3791 tius,
612 3722 714 3793 qui
749 3722 827 3776 ad
865 3722 1219 3777 memoriam
1273 3724 1527 3779 martiris
1575 3725 1758 3781 voluit
1821 3743 1950 3781 esse
2000 3726 2099 3782 ad-

453 3810 749 3865 ventitius.
774 3810 1028 3875 Quidam
1058 3826 1218 3878 vero,
1241 3812 1341 3884 qui
1368 3814 1528 3869 hunc
1546 3814 1757 3870 exinde
1787 3814 2098 3870 venunda-

456 3902 583 3951 tum
612 3897 856 3968 accepit,
888 3898 997 3953 sub
1022 3898 1216 3954 venali
1269 3902 1630 3957 commercio
1693 3902 1932 3958 tradidit
1982 3904 2099 3958 cui-

454 3983 598 4039 dam
626 3984 881 4054 Turingo
902 3985 962 4041 in
991 3986 1211 4042 ﬁnibus
1240 3990 1732 4057 Parathanorum,
1761 3990 1838 4045 ad
1868 3990 1929 4045 id
1960 3995 2101 4046 tem-

455 4072 615 4144 poris
638 4072 960 4129 crudelium
980 4091 1357 4147 paganorum
1384 4076 1515 4147 (55).
1546 4079 1814 4147 Cumque
1833 4093 1893 4132 se
1915 4079 2097 4135 homo

454 4162 817 4219 Christianus
878 4166 1140 4222 vicinum
1208 4170 1473 4222 cerneret
1522 4164 1864 4235 gentilibus,
1917 4166 2099 4225 idolo-

450 4267 659 4308 rumve
689 4252 1032 4322 cultoribus,
1066 4254 1245 4326 coepit
1271 4254 1408 4309 nisu
1437 4268 1562 4317 quo
1617 4253 1808 4324 potuit
1851 4254 2097 4313 domino

451 4358 559 4398 suo
584 4344 897 4416 temporali
932 4348 1049 4401 tam
1074 4344 1354 4417 praesenti
1378 4358 1567 4415 quam
1596 4342 1847 4412 absenti,
1897 4350 2095 4403 ratum

449 4436 505 4487 et
523 4438 870 4505 promptum
897 4434 1177 4489 exhibere
1204 4430 1583 4487 famulatum.
1615 4434 1749 4488 Erat
1784 4439 1985 4490 autem
2033 4436 2093 4491 in

428 4519 623 4590 .lignis
655 4522 947 4595 operandi
971 4521 1182 4595 peritia
1210 4519 1532 4575 instructus
1557 4537 1570 4587 ;
1596 4536 1719 4592 qua
1755 4522 2101 4581 molendina

446 4607 636 4664 facere
666 4609 895 4665 solebat
913 4609 991 4664 ad
1009 4624 1184 4680 aquae
1196 4605 1521 4673 ductus,ob
1546 4613 1765 4678 quae,et
1783 4616 2098 4669 venustam

445 4697 834 4754 aediﬁciorum
863 4695 1361 4768 compositionem
1391 4693 1726 4751 admodum
1749 4698 1969 4755 charus
1990 4700 2097 4756 fuit

445 4785 693 4843 domino
723 4801 950 4841 servus.
982 4782 1146 4840 Unde
1171 4786 1228 4838 et
1256 4780 1558 4854 aliquibus
1603 4784 1942 4841 retinaculis
1996 4804 2094 4843 cu-

444 4873 615 4945 piens
638 4874 801 4929 hunc
837 4870 1076 4927 sibimet
1120 4870 1313 4925 facere
1364 4870 1607 4926 ﬁrmum
1656 4875 1714 4927 et
1756 4873 1968 4943 ﬁdum,
2013 4876 2094 4932 vi-

445 4961 633 5018 duam
656 4958 1065 5033 juvenculam,
1092 4958 1426 5014 secundum
1452 4960 1646 5015 carnis
1676 4960 1857 5032 hujus
1899 4971 2091 5037 putre-

445 5049 670 5116 dinem,
702 5046 1058 5120 speciosam,
1090 5062 1275 5118 quam
1300 5046 1534 5119 reliquit
1582 5064 1905 5107 conservus
1962 5054 2091 5124 ejus

446 5135 681 5207 absque
735 5133 997 5189 ﬁliorum
1055 5133 1484 5207 procreatione,
1528 5135 1591 5192 in
1643 5138 2090 5199 matrimonium

446 5221 527 5277 illi
552 5220 885 5295 temptabat
911 5220 1155 5278 sociare.
1191 5224 1384 5289 Quam
1415 5239 1690 5297 renuens,
1736 5232 1909 5297 sorte,
1966 5246 2090 5291 non

446 5313 664 5375 mente,
729 5308 1001 5381 captivus
1061 5311 1372 5384 respondit
1440 5312 1685 5370 dicens:
1762 5338 1789 5365 ‹‹
1835 5320 2088 5376 Uxorem

444 5394 773 5465 legitimam
800 5397 862 5452 in
890 5398 1081 5470 patria
1121 5401 1352 5474 reliqui,
1413 5418 1552 5458 cum
1611 5420 1721 5477 pro
1759 5405 2087 5465 innumeris

448 5482 598 5538 meis
617 5483 733 5540 huc
762 5484 1024 5543 traderer
1065 5489 1342 5561 peccatis.
1380 5513 1406 5541 ››
1463 5493 1628 5548 Nunc
1680 5509 1823 5565 ergo
1880 5512 1949 5553 ea
2007 5498 2087 5554 vi-

519 5660 630 5732 (⁸4)
655 5663 786 5720 Hm
813 5678 887 5721 ex
906 5662 1163 5726 Aribone
1189 5668 1409 5729 hausta
1429 5672 1587 5728 sunt.

2211 1792 2272 1831 se
2302 1776 2448 1831 velle
2491 1792 2626 1831 eam
2684 1776 2999 1832 conﬁtetur
3056 1776 3299 1834 sibimet
3353 1778 3682 1850 copulare.
3734 1782 3861 1834 Tunr

2209 1864 2570 1920 exhilaratus
2592 1865 2873 1921 dominus
2913 1866 3367 1938 apprehensam
3425 1866 3713 1937 mulieris
3770 1882 3861 1921 me

2210 1966 2357 2006 num
2383 1952 2623 2007 involvit
2643 1952 2845 2024 pallio,
2874 1958 2951 2022 et,
3004 1957 3069 2008 ut
3117 1953 3311 2008 moris
3366 1956 3459 2008 est
3503 1953 3864 2027 nuptiarum.

2211 2040 2333 2095 seni
2376 2041 2487 2095 sub
2519 2041 2766 2097 testibus
2787 2057 2923 2097 eam
2952 2041 3014 2097 in
3042 2040 3521 2098 matrimonium
3556 2044 3863 2100 concessit:

2213 2129 2416 2202 sicque
2438 2129 2729 2185 discessit.
2766 2129 3097 2200 Religiosus
3140 2134 3351 2187 autem
3389 2147 3591 2187 senex
3646 2136 3863 2203 accepta

2211 2219 2454 2275 muliere
2481 2219 2737 2291 perrexit
2765 2219 2844 2275 ad
2872 2219 3128 2275 domum
3154 2219 3542 2277 htereditatis
3576 2221 3793 2285 invisae,
3822 2221 3859 2273 in

2210 2325 2333 2381 qua
2360 2309 2705 2363 cubiculum
2730 2307 3038 2374 intrantes,
3067 2312 3126 2364 et
3164 2307 3468 2366 alimenta
3520 2311 3697 2382 juxta
3744 2324 3858 2366 con-

2214 2396 2591 2452 suetudinem
2668 2397 3038 2469 nuptiarum,
3133 2397 3575 2472 percipientes,
3650 2400 3858 2455 lectum.

2210 2502 2391 2557 quem
2414 2486 2543 2558 ipsa
2572 2492 2905 2558 paraverat,
2939 2485 3108 2542 haud
3138 2486 3319 2558 parili
3344 2488 3570 2546 animo
3612 2486 3859 2545 ascende-

2210 2579 2365 2630 runt.
2397 2575 2499 2629 Cui
2527 2591 2707 2630 senex
2740 2593 2753 2629 :
2788 2598 2813 2623 ‹‹
2846 2575 3127 2644 Praevide,
3158 2576 3379 2648 inquit,
3411 2578 3754 2635 charissima
3795 2576 3852 2627 ﬁ-

2210 2661 2307 2731 lia,
2336 2679 2407 2717 ne
2439 2663 2551 2718 hac
2579 2663 2823 2719 thalami
2845 2664 3276 2720 commixtione
3319 2682 3643 2723 summum
3697 2663 3860 2721 offen-

2210 2749 2424 2805 damus
2452 2750 2757 2818 artiﬁcem,
2789 2752 2936 2824 quia
2962 2753 3318 2825 temporalis
3343 2754 3482 2810 vita:
3498 2755 3723 2824 gaudia
3742 2770 3867 2826 pau-

2210 2837 2293 2892 cis
2323 2839 2534 2894 diebus
2573 2840 2877 2909 deﬁciunt,
2938 2841 3045 2896 sed
3101 2847 3334 2899 interna
3392 2843 3735 2899 animarum
3783 2841 3868 2895 de-

2210 2928 2484 2983 trimenta
2516 2929 3093 3000 parturiunt.Fruere
3115 2929 3326 3003 itaque
3352 2931 3609 2988 artiﬁcio
3635 2947 3772 2987 meo
3823 2930 3868 2985 in

2210 3016 2459 3085 deliciis,
2493 3023 2545 3071 et
2570 3018 2682 3073 hoc
2712 3023 2941 3073 tantum
2966 3018 3236 3089 indulge,
3261 3036 3339 3076 ne
3374 3038 3477 3076 me
3494 3020 3613 3077 sub
3630 3021 3780 3091 jugo
3796 3036 3868 3074 co

2209 3105 2531 3177 pulationis
2561 3106 3033 3177 hujus,conjuge
3064 3108 3321 3175 vivente,
3340 3110 3690 3183 praecipites
3718 3110 3780 3165 in
3799 3110 3868 3164 in-

2211 3194 2466 3250 teritum.
2507 3219 2533 3243 ››
2564 3195 2664 3251 Illa
2690 3200 2911 3267 autem,
2968 3197 3199 3254 carnali
3254 3198 3576 3271 voluptate
3632 3198 3870 3255 devicta,

2209 3283 2318 3339 viri
2346 3284 2435 3338 sui
2464 3285 2728 3356 petitioni
2760 3286 3006 3341 minime
3036 3288 3495 3345 assentiebatur
3526 3308 3540 3357 ;
3576 3289 3704 3344 imo
3757 3305 3869 3361 qua

2207 3371 2268 3426 in
2297 3389 2500 3427 aurem
2523 3372 2772 3441 dixerat,
2803 3374 3052 3430 domino
3081 3392 3192 3431 suo
3226 3376 3681 3449 paliticaturam
3702 3376 3869 3432 mina

2209 3462 2405 3518 batur.
2439 3463 2623 3517 Senex
2674 3480 2813 3518 vero
2861 3480 2999 3519 cum
3047 3464 3415 3534 hujusmodi
3468 3465 3870 3521 exhortationi

2210 3568 2273 3607 se
2307 3557 2569 3608 cerneret
2595 3552 2796 3608 minus
2841 3553 3148 3625 perﬁcere,
3198 3554 3528 3612 lasciviam
3586 3555 3769 3612 socia
3824 3571 3869 3609 at

2208 3646 2592 3713 exasperatos
2618 3643 2873 3711 animos,
2902 3644 3233 3700 verborum
3262 3644 3588 3703 blanditiis
3620 3646 3706 3703 ita
3755 3646 3861 3701 leni

2207 3730 2291 3785 vit
2311 3729 2513 3785 dicens
2540 3750 2551 3786 :
2582 3754 2608 3779 ‹‹
2645 3731 2978 3789 Videndum
3023 3738 3113 3788 est
3140 3734 3343 3799 nobis,
3396 3736 3770 3792 charissima
3801 3751 3870 3789 sor

2207 3834 2327 3888 ror,
2360 3835 2435 3875 ne
2467 3820 2775 3890 gentilium
2805 3821 2943 3891 ritu,
2975 3838 3116 3877 cum
3144 3823 3341 3879 simus
3372 3824 3732 3892 Christiani,
3751 3840 3869 3896 nup

2207 3908 2299 3964 tiis
2332 3909 2787 3973 conveniamus.
2848 3910 2956 3966 sed
3015 3912 3220 3984 potius
3286 3929 3399 3986 per
3456 3915 3739 3971 triduum
3785 3930 3870 3969 nos

2206 3997 2641 4065 contineamus,
2664 3998 2987 4054 Dominum
3009 3999 3436 4071 deprecantes,
3464 4009 3538 4059 ut
3584 4005 3687 4059 det
3723 4001 3870 4058 nobi:

2205 4085 2464 4141 ﬁliorum
2489 4087 2984 4158 procreationem,
3029 4090 3176 4163 quia
3215 4090 3445 4146 mulier
3504 4109 3637 4148 non
3680 4108 3791 4165 pro
3836 4090 3867 4143 li

2204 4173 2427 4243 bidine,
2462 4175 2565 4231 sed
2592 4192 2701 4248 pro
2734 4176 2961 4232 sobolis
2986 4184 3075 4234 est
3105 4195 3211 4250 spe
3237 4181 3662 4239 assumenda.
3708 4207 3735 4231 ››
3766 4180 3869 4235 Han

2204 4261 2418 4317 mulier
2447 4279 2587 4318 cum
2616 4263 2908 4334 audisset,
2940 4265 3237 4338 despexit,
3281 4271 3343 4323 et
3400 4284 3469 4324 se
3536 4275 3870 4327 converten:

2203 4351 2280 4407 ad
2309 4351 2616 4423 parietem,
2643 4352 2816 4409 inerti
2861 4369 2924 4410 se
2982 4370 3201 4411 somno
3250 4354 3590 4415 immersit.
3651 4356 3869 4430 Religio

2203 4456 2304 4494 sus
2334 4446 2531 4496 autem
2563 4457 2745 4497 senex
2773 4458 2913 4498 cum
2944 4442 3233 4516 lacrymis
3265 4449 3325 4500 et
3363 4446 3727 4505 intentione
3783 4464 3868 4503 cor

2206 4527 2298 4583 dis
2373 4527 2749 4601 supplicabat
2846 4530 3342 4588 miserationibus
3430 4535 3869 4610 omnipotentis

2201 4620 2266 4670 ut
2292 4632 2399 4688 per
2426 4616 2638 4673 merita
2686 4622 2742 4673 et
2796 4617 3259 4676 intercessiones
3316 4620 3541 4679 dilecti
3601 4626 3702 4682 sui
3753 4640 3870 4681 mar

2203 4704 2349 4775 tyris
2433 4706 2863 4761 Emmerammi
2935 4707 3049 4762 sibi
3132 4707 3511 4779 dignaretur
3601 4711 3870 4769 auxiliari

2203 4793 2384 4864 Cujus
2410 4794 2763 4863 orationem,
2790 4796 2937 4868 quia
2966 4796 3173 4853 divina
3203 4797 3405 4870 pietas
3422 4802 3773 4867 exaudivit,
3810 4818 3869 4857 ec

2201 4881 2341 4938 dem
2390 4888 2700 4940 momento
2758 4884 3325 4943 misericordissime
3381 4890 3709 4961 patefecit.
3754 4894 3870 4947 Nar

2201 4987 2340 5027 cum
2368 4977 2425 5028 et
2438 4972 2570 5045 ipse
2590 4989 2711 5045 prae
2738 4973 2970 5030 tristitia
3001 4973 3444 5051 obdormisset,
3488 4979 3590 5036 vir
3650 4981 3870 5055 quidar

2198 5059 2638 5133 pulcherrimus
2662 5066 2800 5118 ante
2831 5061 3054 5118 lectum
3077 5063 3463 5141 quiescentis
3498 5070 3791 5140 astabat,
3812 5088 3869 5143 qt

2197 5148 2436 5216 baculo,
2461 5166 2645 5223 quem
2675 5166 2863 5207 manu
2894 5152 3193 5221 gestabat,
3237 5152 3403 5211 latus
3464 5159 3617 5230 ejus
3676 5178 3870 5235 percu:

2200 5238 2293 5305 sit,
2324 5237 2530 5294 dicens
2562 5255 2575 5294 :
2609 5257 2639 5292 ‹
2671 5241 2857 5310 Surge
2886 5245 2944 5297 et
2985 5242 3143 5298 vade
3171 5242 3253 5298 ad
3283 5244 3646 5307 ecclesiam
3702 5251 3870 5309 beati

2198 5321 2331 5376 simi
2360 5323 2639 5395 martyris
2666 5325 3117 5393 Emmerammi,
3150 5341 3278 5399 quo
3307 5332 3366 5383 te
3440 5330 3694 5393 iterum
3750 5338 3870 5394 deri

2194 5410 2346 5466 visti.
2374 5434 2402 5461 ››
2435 5412 2541 5467 Cui
2568 5411 2659 5467 vir
2689 5427 2869 5469 senex
2897 5414 3251 5486 respondit:
3308 5438 3338 5466 ‹‹
3371 5419 3753 5484 Quomodo
3801 5427 3870 5481 sin

2196 5499 2479 5557 alimento
2495 5505 2581 5557 tot
2598 5504 2894 5558 terrarum
2906 5503 3115 5573 ignota
3129 5505 3331 5579 spatia
3346 5514 3869 5578 perambulaboi

2023 5588 2250 5667 Now.

2254 5673 2371 5750 (35)
2393 5679 2529 5737 Haec
2576 5684 2634 5738 et
2679 5681 2994 5754 sequentia
3019 5680 3207 5753 hujus
3235 5683 3467 5756 capitis
3503 5705 3597 5749 ex
3626 5694 3870 5760 Ariqu
