3910 6386
35 302 190 357 1001

22 386 162 502 {Cui
196 426 410 480 iterum
437 424 540 497 qui
573 424 809 480 astabat
838 425 1148 496 adjunxit:
1184 448 1209 472 ‹‹
1245 427 1450 493 Surge,
1497 437 1571 476 ne
1598 420 1721 474 hze-
1760 423 1804 474 A

22 505 221 574 ‘sitcs.
259 513 361 568 sed
395 529 563 568 sume
595 530 813 585 panem
849 513 1109 586 positum
1132 514 1190 567 in
1218 509 1528 568 ccenaculo
1556 525 1724 580 supe—

22 595 222 678 friori.
257 609 312 658 et
344 605 468 674 ipse
503 603 753 658 sutlicict
793 605 850 658 in
879 603 1231 658 alimentum
1259 602 1385 668 tibi,
1435 599 1512 655 ad
1541 598 1725 672 perfe-

22 687 318 766 :(~.tionein
355 692 575 746 itineris
605 693 705 746 tui.
737 716 761 740 ››
791 692 884 746 Vir
911 697 1110 747 autem
1138 697 1273 763 post
1303 695 1529 746 tantam
1556 687 1728 743 visio-

22 775 200 837 nem
228 783 696 855 expergefactus,
739 789 794 838 et
823 781 1194 854 aliquamdiu
1227 781 1465 852 spiritus
1495 777 1726 834 occulta

37 877 382 932 scrutatus.
417 872 736 939 ignorabat
781 878 981 927 utrum
1012 871 1317 926 dormiens
1368 886 1446 925 an
1474 869 1726 938 vigilans

30 963 221 1016 hanc
251 962 542 1033 acceperit
574 962 1086 1017 ammonitionem.
1118 961 1377 1015 Surrexit
1405 964 1602 1014 tamen
1636 974 1726 1025 se-

36 1051 336 1106 cundum
368 1051 626 1105 edictum
658 1050 868 1121 vigilis,
896 1055 949 1105 et
967 1066 1186 1122 panem
1219 1049 1274 1103 in
1306 1046 1615 1103 C(rnaeulo
1644 1062 1728 1100 re-

35 1140 234 1212 perit,
271 1144 394 1194 tam
450 1139 773 1194 candidum
821 1145 878 1194 et
907 1156 1214 1212 saporum,
1260 1137 1501 1210 qualem
1551 1140 1726 1191 antea

40 1245 385 1301 nunquam
421 1228 648 1284 viderat
672 1229 760 1283 vel
793 1229 1282 1284 manducaverat.
1328 1228 1516 1294 Quem
1547 1225 1724 1280 etiam

43 1335 274 1373 secum
297 1321 629 1376 sumens.et
653 1323 864 1372 caetera
893 1334 1030 1388 quae.
1056 1317 1115 1371 in
1144 1316 1356 1371 eadem
1379 1315 1562 1369 domo
1589 1330 1729 1386 sup-

41 1407 373 1483 pellectilis
405 1412 591 1471 erant,
626 1407 708 1462 ibi
735 1407 1095 1478 relinquens,
1132 1411 1361 1461 tantum
1396 1403 1523 1460 tulit
1549 1402 1725 1458 vesti-

41 1503 194 1552 tum
230 1497 616 1565 singularem,
671 1501 726 1551 et
770 1513 952 1568 quam
990 1512 1174 1550 manu
1223 1493 1451 1549 solebat
1499 1498 1727 1560 gestare

44 1587 414 1658 bipennem.
438 1587 838 1655 ltegressurus
864 1590 1062 1640 autem
1093 1584 1170 1640 ad
1204 1581 1584 1638 solitudinem
1616 1581 1728 1636 sub

45 1674 443 1730 festinatione
475 1675 748 1746 perrexit,
799 1673 1182 1729 laehrimatas
1230 1688 1435 1744 preces
1478 1671 1729 1725 Domino

43 1766 346 1829 fundens,
384 1770 442 1819 ut
474 1781 579 1836 per
603 1764 812 1820 merita
843 1762 1151 1819 clarissimi
1184 1761 1463 1832 martyris
1498 1764 1727 1815 Emme-

43 1872 117 1909 ra
127 1853 287 1908 ωῑηὶ
301 1853 406 1907 iter
418 1870 595 1907 suum
613 1853 959 1921 dignaretur
975 1848 1513 1924 prosperari.Quod
1533 1865 1636 1920 per
1651 1849 1732 1902 in-

43 1945 156 2000 via
191 1947 248 1998 et
269 1942 610 2008 deserta,uti
628 1940 1182 2015 optavit,prosperis
1204 1938 1500 1994 continuis
1521 1937 1734 1992 diebus

45 2031 526 2105 quatuordecim
559 2046 710 2103 pene
742 2030 1078 2102 perﬁciens,
1125 2028 1370 2083 demum
1405 2027 1499 2082 die
1527 2028 1734 2099 quinta

44 2121 324 2186 decima,
384 2121 532 2174 liora
589 2119 866 2190 ejusdem
915 2118 1088 2191 quasi
1151 2118 1315 2172 tertia
1366 2116 1635 2189 pervenit
1674 2116 1732 2170 in

47 2216 340 2267 montem
391 2212 598 2264 contra
653 2207 1043 2264 Ratisbonam
1093 2206 1243 2261 inter
1292 2205 1632 2261 Danubium
1681 2209 1737 2261 et

46 2298 282 2356 lmbris
311 2298 536 2353 ﬂuenta
556 2297 925 2367 jacentem.t£
949 2296 1121 2366 cujus
1152 2294 1394 2367 specula
1424 2295 1731 2349 vinearum

48 2387 426 2463 plantationi
476 2387 760 2457 contigua
789 2386 1068 2457 martyris
1122 2384 1367 2440 intuitus
1399 2384 1732 2450 ecclesiam,

52 2494 438 2547 magnorum
497 2477 770 2532 videlicet
816 2492 1069 2548 operum
1123 2490 1350 2540 casam,
1408 2473 1736 2528 immensas

54 2575 189 2626 Deo
223 2567 516 2622 referebat
542 2566 783 2634 gratias.
817 2569 978 2620 Tunc
1009 2565 1385 2620 descendens
1412 2563 1486 2618 de
1535 2567 1736 2618 monte

53 2665 254 2730 atque
308 2657 448 2713 navi
505 2654 854 2710 transmisso
905 2654 1150 2709 ﬂumine
1179 2669 1317 2708 cum
1367 2652 1589 2708 caeteris
1621 2655 1737 2706 tur-

53 2747 284 2806 matim
347 2763 416 2800 ac
467 2743 857 2800 nihilominus
913 2742 1180 2798 certatim
1235 2742 1312 2797 ad
1381 2740 1735 2796 memoriam

53 2834 356 2906 martyris
388 2831 799 2905 pergentibus,
852 2836 906 2887 et
936 2832 1062 2903 ipse
1094 2829 1206 2885 sub
1247 2829 1411 2884 omni
1442 2828 1735 2884 celeritate

53 2929 502 3001 properaverat
531 2922 718 2976 laetus.
770 2922 1038 2992 Cumque
1069 2919 1173 2973 diu
1204 2922 1472 2992 optatam
1515 2918 1736 2986 ingrcs-

57 3034 170 3071 sus
200 3017 358 3068 esset
395 3010 726 3074 ecclesiam,
777 3009 1091 3064 adhaerens
1129 3008 1266 3080 pavi
1295 3011 1494 3075 ~ento,
1520 3005 1735 3062 laehri-

56 3106 184 3161 mis
239 3107 295 3156 et
343 3100 621 3173 precibus
653 3098 933 3154 satisfecit
990 3097 1200 3152 trienni
1237 3102 1396 3152 voto.
1432 3095 1738 3168 (lompleta
1775 3128 1816 3183 ρ

56 3200 277 3252 autem
309 3190 628 3246 missarum
661 3187 1031 3252 solennitate,
1086 3185 1166 3242 uti
1211 3189 1559 3259 competens
1589 3189 1732 3255 erat,

57 3280 381 3339 dominica
412 3279 525 3344 die,
556 3295 740 3335 senex
792 3277 1106 3347 religiosus
1163 3280 1329 3332 extra
1385 3275 1616 3331 aditum
1646 3291 1736 3330 ec-

59 3371 272 3430 clesiae
300 3385 593 3439 egressus,
655 3384 898 3441 panem,
954 3366 1028 3422 de
1057 3383 1180 3438 quo
1223 3370 1307 3422 tot
1350 3365 1563 3421 diebus
1596 3364 1738 3420 refe-

60 3463 339 3519 ctionem
396 3456 627 3523 habuit,
695 3455 958 3511 ostendit
1011 3473 1024 3522 ;
1080 3454 1393 3510 historiam
1461 3452 1614 3508 exilii
1683 3457 1739 3508 et

59 3547 434 3609 reversionis
487 3546 772 3602 veraciter
831 3543 1144 3615 exposuit;
1202 3543 1354 3598 duas
1411 3543 1737 3615 portiones,

60 3656 209 3715 quae
246 3653 314 3690 ex
372 3635 656 3690 alimento
706 3633 1142 3705 superfuerant,
1173 3633 1234 3686 in
1277 3636 1602 3715 conspectu
1651 3636 1738 3686 to-

66 3731 188 3786 tius
217 3723 448 3797 populi,
479 3722 853 3794 pauperibus
903 3720 1125 3789 divisit,
1172 3719 1319 3775 tanti
1349 3721 1586 3791 patroni
1635 3719 1740 3773 be-

65 3814 295 3874 neticia
328 3810 607 3868 clamavit
654 3811 713 3864 in
745 3815 966 3865 aeterna
994 3810 1118 3865 fore
1160 3807 1381 3867 debere
1426 3808 1738 3864 memoria.

68 3905 233 3974 Quid
269 3919 447 3975 super
475 3901 590 3956 hoc
639 3898 964 3954 dicendum
995 3897 1088 3953 vel
1125 3897 1548 3953 ascribendum
1570 3897 1598 3952 ?
1629 3897 1742 3952 nisi

66 3993 248 4071 quod
305 3990 619 4046 Psalmista
677 3989 818 4044 dicit
869 3986 1217 4044 memoriale
1269 3987 1738 4059 sempiternum:

71 4111 98 4135 ‹‹
131 4089 354 4152 Magna
385 4085 473 4136 est
502 4079 690 4149 gloria
727 4079 788 4134 in
815 4077 1061 4134 salutari
1090 4081 1214 4145 tuo,
1254 4076 1502 4132 Domine
1555 4077 1738 4147 (Psal.

71 4176 173 4242 xx)
201 4193 212 4240 ;
244 4195 273 4222 ››
335 4169 587 4240 gloriam
619 4174 676 4225 et
733 4183 1025 4238 magnum
1081 4167 1360 4222 decorem
1402 4166 1743 4239 imposuisti

72 4279 266 4336 super
295 4277 455 4316 eum.
491 4262 534 4315 Ο
561 4261 704 4315 Jesu
730 4257 1010 4326 benigne,
1035 4256 1148 4311 hoc
1183 4260 1414 4311 tantum
1441 4256 1520 4312 ad
1547 4261 1600 4312 te
1632 4256 1744 4311 sub

72 4355 210 4424 ejus
243 4349 576 4423 patrocinio
602 4348 737 4404 licet
773 4347 988 4411 dicere,
1042 4350 1106 4401 ut
1134 4345 1287 4401 sicut
1314 4345 1480 4400 illum
1528 4345 1744 4402 dedisti

70 4440 284 4497 multis
327 4436 599 4493 validum
650 4441 996 4509 patronum,
1040 4435 1121 4490 ita
1169 4434 1743 4507 interpellationibus

74 4533 235 4602 ejus,
272 4528 366 4583 hic
395 4531 451 4582 et
481 4526 541 4581 in
570 4531 861 4581 aeternum
893 4524 972 4579 sis
1002 4523 1175 4579 nobis
1200 4523 1509 4596 propitius.

147 4624 202 4675 4.
240 4620 380 4674 Erat
405 4615 689 4688 quiedam
735 4613 936 4688 puella
964 4613 1026 4668 in
1060 4613 1449 4682 Frisingensis
1484 4613 1744 4670 ecclesiae

76 4705 328 4764 dioecesi
403 4702 742 4759 constituta.
821 4702 958 4757 Hzec
1031 4703 1166 4771 (56),
1223 4706 1287 4757 ut
1356 4701 1529 4757 solita
1599 4707 1744 4771 erat,

74 4797 281 4870 primo
348 4791 611 4848 diluculo
674 4790 1053 4863 progreditur
1107 4791 1185 4845 ad
1262 4791 1746 4847 exercitationem

78 4903 240 4942 cura:
273 4880 746 4958 pastoralis,quo
773 4879 995 4935 scilicet
1015 4879 1091 4934 ad
1118 4896 1349 4951 pascua
1379 4880 1623 4937 duceret
1650 4898 1748 4954 pe-

78 4992 224 5032 cora
254 4973 343 5029 sui
374 4971 633 5041 genitris.
677 4968 932 5038 Contigit
975 4972 1174 5024 autem
1220 4985 1356 5024 eam
1401 4970 1636 5026 occulto
1668 4971 1750 5026 ibi

82 5064 184 5120 Dei
210 5061 440 5135 judicio
473 5060 690 5135 subi“
720 5058 898 5115 talem
953 5057 1195 5130 spiritus
1226 5059 1497 5131 accipere
1528 5059 1748 5116 immu-

82 5066 184 5120 Dei
210 5066 440 5135 judicio
473 5066 607 5116 subi

79 5153 395 5222 tationem,
443 5155 507 5206 ut
538 5066 704 5305 nil!

83 5254 327 5294 sumere
382 5238 572 5295 vellet.
688 5256 704 5294 1

1770 1773 1814 1826 Β

709 5147 937 5204 limenti
993 5147 1052 5203 in
1091 5164 1269 5202 usum
1321 5147 1454 5204 vitae
1502 5149 1750 5206 omnino

83 5254 327 5294 sumere
382 5238 572 5295 vellet.
637 5236 764 5305 Quo
797 5241 1072 5310 parentes
1119 5236 1266 5304 viso,
1321 5254 1429 5293 nec
1477 5253 1600 5294 non
1650 5256 1749 5295 co-

22 5345 25 5368 ι
83 5325 254 5397 gnati
277 5327 511 5393 rescito,
545 5329 658 5385 sub
707 5333 948 5400 stupore
992 5342 1128 5383 eam
1177 5331 1620 5395 convenerunt;
1681 5346 1751 5386 ac

22 5783 33 5828 ε

878 303 967 355 DE
998 301 1375 357 MIBACULIS
1405 302 1461 351 ὃ.
1490 295 1746 350 ΕΜΜΕΒΛ

1934 299 2111 353 LIBRI
2146 301 2310 356 DUO.
2343 330 2410 339 -——
2438 301 2568 355 LIB.
2602 304 2644 354 l.

1782 4479 1828 4533 D

3352 302 3491 354 £002

1836 421 2099 493 primum
2153 421 2548 492 obsecrando,
2605 421 2743 478 dein
2801 421 3194 495 increpando,
3243 421 3491 478 demum

1834 511 2159 581 omnigcno
2205 517 2445 579 conatu,
2495 515 2555 566 ut
2588 511 2940 569 alimentum
2991 514 3270 579 sumeret,
3305 526 3492 580 anga-

1831 601 2149 657 riaverunt.
2181 602 2293 659 Sed
2343 601 2441 657 illa
2473 600 2753 673 pereinde
2799 600 2997 656 modis
3039 599 3321 655 omnibus
3366 599 3496 655 uni-

1835 707 2028 760 versa,
2052 709 2185 763 quae
2220 691 2420 746 mandi
2457 697 2513 747 et
2537 690 2662 746 bibi
2710 694 2983 763 possunt,
3016 689 3332 745 recusabat
3358 705 3495 763 per-

1835 779 2050 852 cipere,
2085 781 2199 836 cibi
2227 785 2528 853 potusque
2579 780 2738 835 fassa
2767 777 3225 834 delectationem
3275 794 3338 834 se
3386 778 3496 834 mi-

1835 868 1994 923 nime
2027 868 2268 924 habere.
2303 868 2625 942 Propinqui
2677 884 2818 924 vero
2849 866 3062 940 puellas
3091 883 3316 939 aquam
3342 866 3493 922 lacte

1836 957 2084 1012 mixtam
2131 957 2216 1011 ori
2267 973 2372 1029 per
2402 957 2522 1012 vim
2571 955 2951 1012 infundentes
3002 956 3394 1027 temptabant,
3445 956 3494 1010 si

1835 1045 1982 1100 forte
2029 1047 2120 1100 vel
2172 1052 2408 1101 tenuem
2441 1046 2648 1115 glutire
2693 1051 2895 1117 posset
2946 1044 3259 1117 liquorem.
3306 1045 3492 1115 Cujus

1837 1140 2078 1204 gustum
2124 1136 2270 1190 dum
2303 1135 2486 1190 invita
2532 1135 2813 1202 sorberet,
2868 1138 3061 1190 erecto
3105 1135 3301 1190 statim
3342 1135 3495 1191 collo

1837 1225 2128 1292 sanguine
2161 1226 2501 1280 confectum
2554 1224 2924 1279 revomebat.
2977 1227 3016 1279 Τ
3024 1240 3137 1279 une
3194 1229 3495 1296 parentes,

1836 1313 2002 1386 quod
2051 1315 2288 1386 quirent
2336 1313 2527 1369 facere
2578 1312 2944 1384 ignorantes,
2995 1312 3311 1368 consilium
3358 1313 3501 1369 inie-

1835 1407 1992 1468 runt,
2025 1407 2090 1458 ut
2117 1418 2252 1457 eam
2281 1402 2499 1474 Joseph
2534 1400 2885 1471 Frisingensi
2928 1400 3212 1472 episcopo
3240 1418 3500 1474 praesen-

1840 1495 2049 1556 tarent,
2080 1496 2388 1562 sperantes
2415 1491 2543 1561 ejus
2593 1491 2940 1545 auctoritate
2973 1489 3158 1545 tiliam
3188 1491 3498 1546 communi

1839 1581 2085 1636 reddere
2116 1579 2268 1634 vitae.
2303 1582 2569 1646 Quorum
2616 1579 2838 1651 spebus
2860 1578 3006 1634 dum
3033 1579 3126 1635 ille
3157 1579 3496 1635 satisfacere

1842 1673 2108 1733 tentaret,
2141 1669 2405 1742 puellam
2438 1668 2550 1722 sub
2597 1667 2932 1723 austeritate
2965 1684 3244 1739 arguens,
3279 1673 3340 1724 ut
3363 1669 3498 1724 ede-

1843 1764 1928 1814 ret
1957 1760 2168 1828 coegit.
2204 1758 2306 1814 Illa
2355 1763 2553 1814 autem
2601 1758 2776 1829 quasi
2800 1757 3153 1830 quisquilias
3196 1775 3364 1813 esum
3396 1775 3498 1832 po-

1846 1853 2042 1904 tumve
2072 1865 2380 1921 respuens,
2424 1863 2547 1902 non
2597 1847 2794 1902 solum
2826 1845 2921 1902 illa
2968 1846 3063 1902 die
3088 1847 3387 1904 incoenata
3414 1864 3499 1904 re~

1844 1938 2081 1999 mansit,
2118 1938 2222 1992 sed
2253 1943 2309 1992 et
2331 1938 2460 2007 jam
2493 1952 2718 1994 annum
2751 1935 3048 2006 integrum
3074 1936 3240 1993 haud
3269 1937 3500 2010 absque

1844 2044 2136 2082 manuum
2197 2043 2376 2099 opere
2429 2027 2638 2098 jejuna
2697 2024 3034 2098 complevit.
3106 2026 3303 2082 Facies
3356 2042 3499 2082 vero

1845 2116 1999 2171 illius
2057 2116 2234 2171 nimis
2283 2120 2410 2171 erat
2459 2114 2686 2190 pallida
2738 2119 2794 2170 et
2838 2114 3144 2184 sanguinis
3187 2116 3500 2172 exhausta.

1847 2205 2015 2271 Quod
2049 2205 2291 2277 quidem
2326 2204 2501 2259 nobis
2530 2203 2704 2259 valde
2742 2202 2988 2272 mirum,
3021 2203 3128 2258 sed
3157 2204 3503 2260 incredibile

1849 2295 2079 2350 videtur
2130 2294 2345 2349 animis
2384 2293 2701 2366 hominum
2753 2295 2856 2348 aut
2899 2291 3147 2348 omnino
3189 2293 3505 2350 brutorum

1846 2402 1950 2439 seu
1982 2383 2234 2439 caelestis
2282 2383 2508 2438 oraculi
2536 2382 2849 2454 speculum
2897 2382 3096 2438 minus
3137 2383 3292 2440 clare
3335 2383 3506 2439 intui-

1847 2478 2061 2529 torum.
2124 2477 2247 2528 Non
2275 2473 2433 2527 enim
2465 2476 2550 2527 est
2576 2471 2944 2544 impossibile
2975 2471 3137 2544 apud
3182 2473 3505 2528 Dominum

1845 2579 2024 2618 omne
2057 2562 2304 2617 verbum
2337 2561 2502 2632 (Luc.
2535 2564 2593 2632 1).
2644 2563 2709 2615 Et
2738 2560 2915 2615 illud:
2966 2563 3179 2618 Omnia
3222 2578 3506 2634 quaecun-

1845 2668 1961 2723 que
1999 2650 2178 2706 voluit
2208 2650 2494 2704 Dominus
2527 2648 2659 2704 fecit
2687 2650 2747 2704 in
2778 2648 2927 2704 ccelo
2958 2655 3014 2705 et
3039 2650 3101 2705 in
3128 2654 3283 2706 terra
3311 2651 3499 2720 (Psal.

1846 2747 2096 2809 cxxxnv).
2155 2741 2264 2806 Qui
2297 2739 2458 2795 solus
2487 2740 2671 2807 novit,
2721 2755 2908 2812 quare
2947 2740 3131 2795 homo
3177 2757 3369 2796 caecus
3399 2756 3504 2797 na-

1846 2837 1940 2888 tus
1972 2831 2164 2898 fuerit,
2207 2834 2262 2885 et
2290 2846 2396 2884 cur
2426 2833 2652 2885 tantam
2703 2845 2828 2885 rem
2861 2829 2922 2884 in
2972 2829 3324 2888 muliercula
3354 2830 3504 2886 fece-

1845 2921 1937 2988 rit,
2008 2921 2300 2991 cujusque
2373 2917 2597 2974 meritis
2657 2917 2907 2974 salutem
2975 2919 3104 2989 ejus
3178 2919 3505 2975 concedere

1847 3009 2050 3077 voluit,
2096 3013 2152 3065 et
2198 3007 2421 3081 quibus
2470 3006 2672 3076 voluit,
2719 3023 2826 3078 per
2872 3012 3196 3064 nocturnas
3246 3009 3508 3064 visiones

1846 3097 2161 3155 revelavit:
2213 3097 2357 3170 quia
2404 3095 2605 3170 puella
2650 3096 3003 3152 mortalibus
3054 3096 3160 3152 diu
3206 3097 3506 3170 portentui

1846 3189 2074 3254 habita,
2151 3188 2230 3244 ad
2309 3186 2664 3242 memoriam
2727 3186 3008 3258 martyris
3081 3187 3508 3243 Emmerammi

1845 3280 2088 3335 deberet
2140 3276 2377 3333 deduci.
2449 3277 2621 3342 Quod
2679 3281 2744 3332 ut
2815 3276 3166 3348 parentibus
3228 3277 3505 3343 innotuit,

1846 3383 2098 3441 propere
2131 3383 2199 3422 ac
2245 3365 2517 3422 alacriter
2554 3364 2749 3420 ﬁliam
2790 3369 3187 3432 assumentes,
3234 3365 3382 3421 dum
3431 3364 3509 3421 ad

1849 3458 2082 3525 urbem,
2139 3471 2275 3528 quae
2341 3471 2580 3511 sacrum
2634 3455 2764 3524 ejus
2821 3469 3040 3526 corpus
3109 3455 3508 3527 amplectitur,

1848 3545 2149 3619 proficisci
2173 3544 2411 3613 vellent,
2445 3542 2548 3598 sed
2588 3543 2667 3598 ob
2706 3542 2929 3597 itineris
2979 3541 3376 3614 prolixitatem
3425 3545 3510 3599 ire

1849 3635 2204 3695 difﬁderent,
2239 3649 2444 3688 secum
2492 3648 2624 3687 eam
2653 3631 2883 3686 ducunt
2921 3631 2998 3687 ad
3027 3631 3248 3700 locmn,
3278 3633 3382 3687 ubi
3432 3636 3512 3688 te-

1851 3725 1953 3780 stis
1985 3723 2176 3778 tidelis
2198 3725 2598 3794 purpuratum
2620 3720 2849 3792 accepit
2868 3719 3094 3776 martiri
3115 3721 3506 3794 triumphum.

1851 3813 1913 3867 In
1941 3828 2062 3884 quo
2095 3816 2159 3865 ut
2188 3809 2314 3864 solo
2343 3814 2515 3864 tenus
2540 3808 2876 3880 humiliata,
2899 3826 3009 3883 pro
3038 3826 3218 3882 posse
3249 3815 3305 3866 et
3334 3827 3511 3867 nosse

1850 3900 2060 3967 oravit,
2116 3902 2313 3955 erecta
2367 3897 2574 3968 surgit,
2656 3914 2879 3971 panem
2934 3898 3148 3971 poscit,
3211 3900 3316 3973 qui
3372 3917 3511 3955 cum

1852 3990 2044 4058 adest,
2077 3993 2192 4044 stat
2221 4003 2370 4043 sana
2400 3992 2457 4043 et
2481 3992 2586 4043 est.
2625 3987 2940 4044 Christiani
2967 3988 3073 4061 qui
3103 3987 3372 4056 aderant,
3405 3988 3514 4044 mi-

1851 4077 2066 4134 rabilia
2115 4076 2324 4134 Christi
2381 4075 2671 4144 videntes,
2729 4075 3066 4133 laudabant
3115 4093 3277 4146 eum,
3334 4079 3514 4134 etiam

1853 4172 1994 4224 tunc
2024 4166 2296 4224 fortassis
2353 4165 2785 4235 vociferantes;
2819 4183 2929 4222 nos
2981 4184 3121 4223 vero
3169 4167 3368 4240 ipsum
3401 4168 3517 4224 col-

1852 4257 2174 4314 laudamus
2201 4272 2363 4311 nunc
2393 4255 2506 4311 sub
2533 4255 2764 4311 silentio
2790 4257 2917 4312 hac
2944 4257 3390 4312 reminiscentes
3422 4259 3515 4313 vel

1854 4345 2308 4420 pronunciantis
2361 4344 2558 4400 ofﬁcio
2584 4345 2867 4415 legentes.
2920 4349 3004 4402 Tu
3055 4350 3256 4402 autem
3287 4348 3516 4416 martyr

1859 4436 2035 4504 alme,
2095 4434 2334 4507 piorum
2384 4434 2534 4489 votis
2591 4437 3031 4490 Emmeramme
3088 4434 3356 4501 colende,
3403 4449 3514 4506 pro

1858 4526 2030 4596 cujus
2084 4523 2460 4580 veneratione
2517 4523 2693 4596 panis
2761 4523 2932 4578 vivus
2988 4522 3347 4579 miraculum
3401 4524 3516 4578 hoc

1854 4615 1991 4671 fecit
2019 4614 2080 4669 in
2124 4629 2301 4686 pane,
2335 4611 2500 4685 apud
2531 4628 2671 4668 eum
2718 4612 2894 4668 nobis
2945 4612 3148 4668 obtine
3189 4616 3254 4667 ut
3278 4611 3425 4667 illud
3453 4611 3515 4667 in

1855 4721 2041 4775 regno
2074 4719 2254 4777 super
2282 4719 2558 4758 mensam
2606 4701 2762 4758 illius
2790 4719 2929 4758 cum
2972 4702 3149 4774 justis
3178 4701 3431 4759 edamus
3461 4706 3518 4758 et

1854 4795 2161 4850 bibamus.

1927 4889 1978 4939 6.
2013 4887 2248 4951 Quanto
2276 4883 2504 4939 honore
2533 4887 2591 4940 et
2620 4898 2744 4956 qua
2773 4882 3122 4955 reverentia,
3145 4899 3268 4956 quo
3301 4883 3518 4938 atiectu

1856 4974 2161 5049 principes
2185 4973 2432 5029 beatum
2466 4975 2980 5030 Emmerammum
3024 4972 3334 5041 coluerint,
3367 4971 3519 5028 inter

1858 5069 2053 5121 cetera
2082 5063 2194 5120 sibi
2224 5064 2302 5120 ab
2331 5063 2424 5119 his
2446 5063 2660 5120 collata
2677 5063 2887 5137 predia
2916 5081 3023 5121 seu
3045 5063 3317 5137 preciosa
3335 5063 3522 5119 dona-

1857 5154 1948 5210 ria
1980 5156 2293 5209 testantur:
2329 5152 2407 5209 ad
2436 5153 2724 5209 orientem
2753 5152 3073 5225 provinciae
3103 5153 3285 5223 hujus
3317 5155 3521 5209 Lunae-

1858 5244 2025 5300 lacus
2050 5243 2158 5314 (57)
2192 5241 2420 5314 optimo
2449 5242 2615 5315 pisce
2641 5241 2897 5311 vividus,
2917 5241 3076 5298 unde
3097 5241 3298 5312 regius
3327 5240 3518 5311 cibus,

1860 5331 1939 5387 ad
1970 5330 2342 5387 occidentem
2371 5346 2512 5387 vero
2539 5329 2748 5386 vinifer
2769 5346 2976 5403 cespes
3004 5329 3298 5402 Spalticus
3328 5330 3459 5401 (58),
3491 5345 3522 5385 e

1695 5477 1918 5531 NOT/E.

183 5583 272 5651 56)
301 5557 493 5638 Etiam
522 5583 637 5638 hoc
662 5589 843 5655 caput
863 5602 932 5640 ex
967 5587 1246 5643 Aribone.

183 5655 273 5725 57)
303 5655 577 5734 Monsee;
632 5669 668 5709 a
689 5655 1032 5734 ‘ljudowico
1081 5659 1462 5734 Germanico_
1497 5665 1748 5734 ejusque

88 5742 274 5786 uxore
303 5728 554 5783 Hemma
596 5742 650 5781 a.
683 5729 776 5782 831
819 5742 1196 5788 concessum.
1230 5748 1289 5787 v.
1325 5731 1466 5791 Ried
1498 5728 1750 5791 c'odfdi-

379 5851 620 5910 Ρλτιοι.
664 5851 839 5907 CXLI.

1862 5589 2045 5662 plom.
2075 5589 2300 5662 Batisb.
2335 5593 2466 5662 l,p.
2500 5594 2591 5662 29Ζ

1935 5661 2347 5741 (58)_Eortasse
2380 5657 2786 5741 S'paltforum,
2815 5662 3130 5737 oppidum,
3183 5661 3348 5736 quod
3383 5657 3520 5716 Ried

1866 5751 1905 5805 ι,
1928 5750 1985 5807 p.
2015 5737 2140 5802 526,
2169 5736 2298 5800 6ὕ6,
2327 5735 2603 5790 occurrit.

3164 5852 3231 5910 3‘2-
