3910 6388
444 322 580 377 1003

1480 313 1783 370 ARNOLDI
1825 311 2411 368 EMMEBAMMENSIS
2451 314 2761 370 MONACHI
3793 321 3862 371 lOl

445 460 567 518 quo
591 442 790 511 regius
843 442 1043 512 potus.
1100 439 1413 494 Attestatur
1442 453 1681 509 quoque
1727 434 2080 490 territorium
2118 441 2163 491 A
2192 434 2268 488 do
2298 436 2624 490 Marahensi
2654 436 2810 490 bello
2848 436 3109 491 interfuit
3140 438 3275 506 (60).
3341 436 3438 491 lbi
3489 436 3710 503 enim,
3766 445 3820 492 ut
3843 440 3862 493 ll

446 532 868 603 Ratisponense
900 532 955 582 et
999 525 1290 599 praedium
1321 527 1537 595 regale,
1571 526 1733 598 quod
1790 540 1824 578 a
1854 523 2085 591 fastigio

446 621 663 677 montis
714 615 1023 673 meridiani
1080 615 1231 670 inter
1282 615 1408 670 vias
1460 614 1732 686 publicas
1783 628 1970 683 usque
2010 610 2085 664 ad

445 724 648 765 muros
675 706 859 779 ipsius
892 704 1236 760 monasterii
1265 720 1299 758 a
1330 703 1535 758 Carolo
1566 706 1774 769 Magno
1804 700 2083 754 traditum

443 802 529 854 est
555 798 729 852 beato
764 797 1202 849 Emmerammo
1246 797 1301 848 et
1328 792 1640 847 monachis
1684 792 1812 860 ejus
1839 789 1949 842 sub
1980 789 2085 842 im-

440 885 648 961 periali
677 887 1032 940 testamento
1062 888 1079 950 (
1121 884 1195 952 9).
1229 882 1330 936 Hic
1360 883 1509 935 inter
1534 886 1743 934 caetera
1772 896 1906 950 quae
1934 876 2085 945 regis

443 992 609 1032 more
635 991 703 1029 ac
729 971 1018 1044 imperiali
1042 970 1308 1043 potentia
1342 970 1642 1025 constituit
1676 974 1730 1022 et
1768 968 2081 1029 ordinavit,

443 1066 661 1121 ducem
706 1061 1073 1118 Tassilonem
1123 1074 1305 1127 regno
1342 1060 1604 1131 privans,
1647 1074 1783 1112 cum
1811 1056 1929 1109 tilio
1957 1055 2085 1107 Dio-

446 1158 582 1209 tone
627 1150 992 1205 monachum
1036 1164 1161 1202 esse
1203 1147 1521 1220 compulit;
1564 1163 1669 1201 nec
1719 1161 1837 1199 non
1883 1144 2084 1196 sedem

443 1238 885 1298 Ratisbonensis
928 1236 1188 1309 episcopi
1219 1253 1255 1291 a
1299 1235 1553 1290 ducibus
1596 1234 1891 1306 prioribus
1920 1237 2085 1285 extra

443 1329 655 1384 urbem
684 1325 1048 1391 translatam,
1098 1324 1175 1379 ad
1232 1324 1507 1394 martyris
1556 1323 1821 1376 videlicet
1869 1324 1922 1375 S.
1956 1324 2084 1373 Em-

440 1414 753 1472 merammi
794 1414 1128 1470 basilicam.
1172 1412 1324 1467 infra
1358 1413 1519 1466 urbis
1567 1411 1833 1481 ejusdem
1880 1423 2084 1462 muros

440 1505 786 1571 constitutae,
816 1503 972 1559 beati
1012 1505 1157 1557 Petri
1187 1501 1441 1573 apostoli
1488 1500 1599 1554 sub
1641 1500 1929 1569 Simperto
1960 1496 2083 1567 epi-

441 1610 621 1668 scopo
669 1592 916 1648 restituit
958 1590 1251 1645 Ecclesiez.
1310 1594 1526 1645 Locum
1559 1594 1757 1643 autem
1808 1586 2083 1656 martyris

436 1684 497 1739 in
526 1681 922 1756 patrocinium
954 1680 1043 1734 sui
1067 1679 1401 1734 honestavit
1424 1676 1831 1733 muniﬁcentia
1878 1674 2081 1743 regali,

440 1771 703 1827 subdens
734 1786 870 1824 eum
910 1768 991 1823 illi
1015 1768 1118 1840 qui
1148 1766 1231 1821 ibi
1272 1767 1693 1822 intrhonizatus
1727 1766 1911 1817 fuerat
1943 1762 2080 1817 sede

438 1858 779 1933 pontiﬁcali.
829 1861 1014 1913 Duces
1043 1872 1199 1925 vero,
1249 1857 1351 1927 qui
1377 1862 1512 1910 ante
1561 1855 1721 1908 hunc
1750 1852 2079 1924 principem

439 1948 552 2004 sub
582 1947 821 2018 regibus
850 1947 1215 2001 Francorum
1257 1945 1539 2015 Bajoarize
1588 1943 1871 2010 regebant
1905 1941 2083 1993 duca—

439 2042 583 2101 tum,
612 2050 748 2109 qua:
790 2035 952 2090 bona
996 2034 1171 2089 beato
1210 2036 1653 2088 Emmerammo
1710 2029 2080 2091 contulerint,

437 2124 652 2198 pitacia
679 2139 888 2178 eorum
913 2126 970 2177 et
999 2126 1348 2177 testamenta
1381 2138 1561 2193 penes
1617 2137 1726 2173 nos
1761 2120 1899 2173 satis
1929 2118 2080 2171 indi-

438 2217 576 2270 cant
616 2212 876 2267 inventa.
936 2211 1120 2280 Hujus
1163 2215 1362 2265 autem
1389 2211 1566 2274 lilius,
1626 2209 1737 2279 pice
1778 2206 2080 2261 memoriae

432 2301 755 2373 imperator
801 2297 1183 2367 Hludovicus,
1230 2303 1285 2353 et
1330 2298 1435 2369 qui
1463 2298 1540 2351 illi
1569 2297 1799 2350 fuerant
1852 2312 2079 2348 succes-

434 2406 597 2445 sores
617 2389 679 2446 in
709 2403 914 2459 regno,
947 2387 1190 2442 comites
1218 2402 1459 2459 quoque
1492 2403 1559 2440 ac
1607 2385 1940 2455 Optimates,
1970 2399 2079 2437 nec

432 2494 552 2534 non
573 2478 751 2533 etiam
775 2476 1105 2548 judiciariaa
1148 2476 1447 2546 dignitatis
1476 2474 1797 2547 perplures,
1841 2473 2077 2544 quantis

429 2567 723 2640 quibusve
755 2566 932 2621 rebus
959 2565 1292 2638 predictum
1322 2565 1607 2619 ditaverin
1654 2563 1872 2627 locum,
1902 2568 2075 2616 testa-

429 2661 521 2712 tur
544 2672 686 2730 pars
743 2672 864 2711 non
912 2654 1105 2709 solum
1158 2655 1353 2725 major
1393 2653 1494 2708 sed
1522 2654 1698 2707 etiam
1726 2652 1933 2706 melior
1959 2652 2076 2721 epi-

430 2750 709 2819 scopatus
739 2744 973 2815 Regina:
1014 2743 1282 2799 civitatis.
1332 2745 1411 2797 Ex
1440 2742 1531 2797 his
1556 2747 1755 2797 autem
1795 2740 2076 2794 omnibus

428 2834 530 2907 qui
556 2833 761 2890 Christi
786 2837 1113 2903 martyrem
1143 2836 1472 2886 reverenter
1494 2830 1769 2885 colebant
1800 2846 1905 2882 seu
1937 2845 2075 2882 cum

428 2921 759 2978 reverentia
786 2920 1132 2991 diligebant,
1152 2936 1222 2974 eo
1251 2919 1416 2992 quod
1441 2936 1543 2991 pre
1571 2918 1774 2973 ceteris
1804 2918 2073 2987 ejusdem

430 3009 613 3065 cultui
667 3009 901 3064 deditus
958 3012 1128 3075 esset,
1186 3008 1606 3080 excipiendum
1662 3007 1809 3061 mihi
1860 3007 2073 3060 rectius

430 3100 576 3169 puto
615 3096 928 3169 persuavis
953 3095 1256 3149 memoriae
1288 3095 1619 3160 Arnolfum,
1655 3094 2073 3149 Carolomanni

429 3184 644 3251 ﬁlium,
667 3183 861 3256 primo
884 3183 1168 3254 Bajoariaa
1196 3183 1431 3249 ducem,
1457 3182 1671 3237 deinde
1702 3182 1963 3236 Francius
1993 3199 2078 3236 re-

431 3270 921 3344 gem,novissime
948 3275 1146 3326 autem
1178 3271 1226 3304 ¹⁶
1256 3270 1334 3326 ob
1359 3270 1517 3325 beati
1548 3270 1691 3324 Petri
1718 3272 1761 3303 Π
1789 3270 2077 3324 defensio-

429 3376 591 3428 nem,
618 3364 754 3433 post
784 3359 1059 3414 victorias
1087 3358 1367 3413 miriﬁcas
1418 3364 1539 3429 (an.
1573 3361 1847 3428 887-899).
1879 3361 2075 3412 Romae

428 3449 653 3505 factum
682 3448 1133 3521 imperatorem;
1162 3445 1274 3501 sub
1305 3462 1427 3518 quo
1457 3446 1636 3501 etiam
1663 3446 1839 3500 veluti
1866 3445 2074 3501 funda—

425 3541 697 3593 mentum
741 3534 1052 3609 quoddam
1100 3534 1358 3589 martiris
1409 3534 1551 3590 almi
1596 3534 1898 3589 miraculis
1941 3534 2077 3589 scri-

421 3625 637 3683 bendis
665 3640 889 3699 ponere
923 3624 1060 3681 volo
1086 3643 1100 3693 ;
1132 3624 1277 3696 quia
1297 3624 1435 3679 hinc
1462 3624 1775 3679 exordium
1808 3640 2071 3693 sumens,

421 3719 627 3788 utpote
682 3730 754 3770 ex
783 3718 926 3770 noto
976 3717 1034 3769 et
1079 3714 1236 3769 circa
1282 3713 1563 3769 eumdem
1608 3714 1708 3767 Dei
1770 3713 2073 3768 martirem

421 3803 686 3860 maxime
713 3802 1271 3875 devoto,pulchram
1297 3803 1375 3859 ad
1403 3808 1630 3859 ceteros
1656 3802 1956 3875 principes
1983 3803 2073 3857 his

425 3891 804 3950 annotandos
828 3892 1268 3964 processionem
1306 3892 1500 3948 facere
1546 3896 1771 3963 potero.
1825 3896 1877 3945 ls
1905 3907 2073 3946 nam-

423 3994 545 4053 que
573 3994 820 4052 sperans
848 3981 1034 4036 Deum
1083 3981 1192 4037 sibi
1225 3996 1309 4036 51c
1340 3981 1465 4035 fore
1514 3980 1862 4050 propitium,
1901 3980 2075 4048 elegit

421 4067 669 4124 beatum
699 4070 1205 4126 Emmerammum
1243 4070 1377 4124 vitae
1410 4084 1535 4123 sua:
1569 4083 1639 4122 ac
1667 4083 1853 4137 regno
1878 4075 2073 4139 patro-

423 4171 592 4225 num,
622 4156 891 4231 adeoque
942 4158 1024 4214 illi
1054 4157 1306 4225 adhesit,
1366 4160 1432 4210 ut
1455 4155 1516 4209 in
1540 4154 1839 4210 vicinitate
1868 4170 2073 4210 mona-

426 4246 582 4302 sterii
652 4247 814 4318 regio
886 4247 1068 4304 cultui
1128 4252 1339 4318 aptum
1415 4246 1782 4298 construeret
1847 4244 2071 4312 grande

421 4334 726 4408 palatium.
789 4339 933 4394 Cum
1013 4351 1155 4406 ergo
1210 4334 1393 4405 hujus
1447 4331 1849 4404 patrocinium
1909 4332 2072 4388 duris

421 4423 481 4478 in
510 4425 772 4496 negociis
810 4430 866 4481 et
893 4427 955 4480 in
1005 4423 1207 4497 preliis
1253 4420 1455 4476 multis
1488 4420 1630 4475 satis
1683 4420 1929 4476 haberet
1974 4438 2069 4476 ex-

2195 524 2345 590 gisse
2369 542 2462 579 me
2494 525 2761 589 memini,
2796 526 2989 596 primo
3020 542 3388 595 congressu,
3455 526 3861 598 crepitantib:

2192 612 2400 678 hastis,
2434 616 2734 684 quierant
2778 616 3109 684 tyrannicae
3142 616 3339 688 partis
3394 615 3729 671 viderunt
3773 635 3861 671 aue

2194 701 2565 773 imperatoris
2606 703 2683 757 ab
2730 703 2950 772 ignotis
3003 710 3055 758 et
3088 704 3568 775 pulcherrimis
3630 706 3862 760 defense

2192 791 2351 853 viris,
2386 792 2507 862 qui,
2542 793 2623 846 uti
2672 792 2871 861 dignis
2912 792 3246 847 revelatum
3273 799 3395 857 est,
3472 799 3680 850 erant
3721 810 3862 849 sane:

2192 895 2449 949 quorum
2500 881 2841 952 patrociniis
2917 882 3016 935 illo
3072 886 3492 953 profecturus
3576 884 3806 938 intente
3844 904 3862 937 ξι

2192 970 2653 1023 commendavit.
2688 972 2905 1023 Horum
2939 970 3165 1041 quippe
3206 971 3347 1025 visu
3404 974 3775 1043 perterritis
3817 976 3862 1027 hil

2194 1058 2372 1111 stium
2406 1058 2574 1111 cunei
2618 1102 2629 1119 ,
2664 1058 3025 1112 lentescebat
3058 1075 3271 1130 pugna
3300 1060 3369 1114 in
3405 1068 3619 1131 parte
3651 1063 3861 1117 advers;

2194 1147 2357 1209 Quod
2386 1164 2537 1215 aegre
2568 1148 2759 1201 ferens
2792 1165 2947 1202 unus
2978 1149 3234 1203 militum
3290 1152 3605 1220 tyranni,
3641 1151 3862 1225 clypeii:

2192 1235 2456 1305 arripuit,
2490 1241 2541 1289 et
2575 1235 2925 1306 primarium
2962 1237 3203 1303 signum
3236 1236 3636 1305 legionibus
3666 1242 3858 1312 premi:

2192 1324 2446 1393 superbe
2506 1324 2613 1378 has
2664 1325 3009 1395 conpellans
3058 1330 3115 1379 et
3169 1327 3575 1397 exhortans,
3650 1346 3772 1401 quo
3816 1345 3861 1382 st.

2192 1411 2465 1481 exemplo
2491 1413 2725 1465 animos
2756 1417 3127 1467 resumerent
3160 1414 3239 1468 ad
3273 1431 3624 1486 pugnam.
3649 1422 3862 1488 Cumqu

2191 1500 2416 1571 prcpeti
2446 1517 2623 1554 cursu
2668 1501 2725 1555 in
2772 1503 2970 1572 ipsum
3014 1518 3171 1573 pene
3202 1503 3595 1576 principem
3648 1507 3862 1562 irruerer.

2190 1589 2436 1643 obvium
2494 1590 2705 1645 habuit
2758 1608 2962 1645 senem
2990 1591 3206 1645 canitie
3266 1596 3750 1655 venerabilem.
3800 1614 3862 1649 se:

2189 1676 2394 1730 habitu
2426 1677 2763 1741 terribilem,
2814 1679 2918 1749 qui
2973 1680 3024 1733 ei
3067 1684 3467 1751 protestatus
3532 1685 3861 1739 Emmeran-

2122 1801 2162 1852 Β
2194 1782 2359 1819 mum
2392 1766 2500 1819 sibi
2554 1767 2843 1831 resistere,
2882 1767 3133 1821 umboni
3192 1784 3483 1826 manum
3520 1773 3793 1835 inseruit,
3825 1791 3861 1826 ar

2192 1858 2313 1907 tam
2346 1854 2446 1908 diu
2478 1855 2699 1909 frustra
2729 1858 2771 1889 ’⁸
2799 1857 3153 1910 renitentem
3188 1859 3233 1891 1⁸
3266 1862 3858 1933 vexavit.quousqu

2189 1943 2267 2005 hi,
2295 1944 2397 2014 qui
2438 1945 2565 2013 ejus
2612 1944 2892 1999 instinctu
2940 1944 3077 1999 facti
3124 1951 3266 2001 sunt
3318 1950 3644 2019 audaces,
3690 1951 3861 2006 ﬁeres:

2188 2048 2395 2085 omnes
2426 2032 2563 2085 inde
2594 2034 2855 2101 fugaces.
2890 2036 3020 2087 Haec
3051 2049 3178 2089 non
3200 2035 3374 2101 ﬁcta,
3411 2039 3541 2094 sed
3578 2057 3708 2094 esse
3738 2057 3861 2094 verer

2188 2121 2327 2174 citer
2358 2122 2511 2175 facta
2541 2127 2596 2175 et
2648 2122 2823 2188 dicta,
2867 2122 2960 2177 his
2995 2122 3099 2194 qui
3158 2124 3315 2179 vidit
3351 2132 3416 2182 et
3480 2129 3754 2200 pertulit.
3794 2147 3861 2201 pe

2187 2214 2309 2264 stea
2330 2210 2675 2264 humiliatus
2704 2212 3028 2265 conﬁtetur
3054 2216 3111 2266 et
3140 2215 3376 2285 prodit.
3414 2218 3592 2273 Hinc
3626 2220 3857 2293 princeps

2187 2298 2476 2365 gloriosus
2536 2300 2778 2353 victoria
2808 2300 2903 2355 tali
2952 2301 3179 2372 oppido
3212 2302 3429 2373 laetus,
3494 2308 3855 2363 Ratisbona:

2182 2386 2508 2454 revertitur,
2564 2386 2664 2439 ubi
2716 2387 2995 2441 consonis
3051 2390 3443 2447 omniumin
3505 2412 3587 2451 ea
3628 2396 3845 2451 ecclesia

2184 2492 2315 2529 rum
2374 2476 2682 2546 campanis
2738 2477 3074 2547 suscipitur,
3142 2478 3481 2553 simulque
3555 2486 3855 2557 triumphs

2184 2581 2320 2618 cum
2370 2564 2659 2619 miraculo
2708 2565 3052 2636 prrdicatur
3082 2572 3139 2621 et
3186 2570 3547 2627 extollitur.
3599 2578 3763 2629 Tunc

2182 2653 2361 2725 pienti
2394 2671 2536 2707 usus
2567 2656 2832 2721 consilio,
2866 2661 2921 2710 et
2948 2656 3093 2711 illud
3129 2664 3335 2715 macte
3368 2664 3723 2720 ruminans
3772 2670 3821 2717 tsi
3858 2708 3862 2715 ,

2182 2744 2249 2796 In
2278 2744 2371 2798 die
2399 2744 2681 2798 bonorum
2706 2760 2821 2798 non
2856 2748 3164 2801 imi/temur
3193 2750 3275 2803 sis
3305 2753 3733 2822 malorum,et
3760 2756 3862 2825 quia

2181 2831 2608 2903 displicuerunt
2664 2849 2878 2887 novem
2938 2834 3188 2889 minime
3252 2838 3702 2905 glorificantes
3759 2859 3862 2898 eum

2182 2919 2350 2988 cujus
2407 2925 2493 2973 est
2564 2920 2945 2974 benedictum
3016 2923 3386 2980 aeternaliter
3447 2944 3720 2999 nomen,
3793 2946 3862 3002 pel

2182 3012 2393 3061 cuncta
2422 3008 2628 3062 Norica
2659 3009 3023 3064 monasteria
3071 3011 3233 3066 misit
3262 3015 3569 3081 gratiﬁca
3613 3035 3855 3074 munera

2184 3096 2430 3166 Speciali
2491 3101 2690 3150 autem
2750 3114 2857 3151 suo
2910 3104 3172 3169 patrono
3234 3104 3732 3163 Emmerammo
3790 3126 3862 3181 pr:

2142 3188 2152 3202 ‘
2185 3186 2507 3252 gratiarum
2539 3185 2769 3239 actione
2801 3187 3047 3241 contulit
3092 3192 3289 3245 totum
3314 3192 3545 3264 palatii
3580 3204 3857 3252 ornatum

2186 3278 2245 3327 ln
2274 3290 2392 3344 quo
2419 3279 2543 3327 erat
2593 3273 2882 3328 ciborium
2913 3277 3313 3347 quadratum,
3366 3283 3558 3351 cujus
3592 3301 3767 3343 auro
3824 3296 3861 3340 te

2184 3367 2344 3415 ctum
2375 3362 2727 3431 tabulatum,
2758 3363 3060 3431 fastigium
3096 3372 3256 3422 serto
3290 3384 3713 3437 gemmarum
3754 3378 3861 3431 red;

2184 3451 2659 3521 mitum.Corpus
2686 3468 2827 3506 vero
2860 3453 2936 3507 ad
2960 3454 3219 3521 geminae
3253 3458 3587 3527 specimen
3624 3464 3862 3518 dilectio

2184 3538 2293 3603 nis,
2329 3538 2776 3594 similitudinem
2818 3540 3050 3596 habens
3083 3544 3423 3616 superioris
3459 3554 3524 3603 et
3556 3550 3853 3608 inferiori:

2184 3631 2544 3682 sustentatur
2601 3628 2795 3683 aureis
2827 3634 2960 3683 octo
3007 3630 3423 3695 columnellis.
3459 3653 3616 3710 quae
3646 3647 3711 3697 et
3752 3642 3862 3714 ipse

2184 3719 2263 3769 tot
2319 3716 2604 3771 virtutum
2653 3734 2758 3772 seu
2812 3718 3259 3777 beatitudinum
3310 3723 3523 3781 instar
3572 3745 3862 3804 exponim:

2182 3806 2314 3892 (62).
2379 3807 2554 3858 Erant
2606 3805 2784 3860 etiam
2835 3806 2897 3860 in
2946 3823 3017 3862 eo
3043 3810 3533 3879 evangeliorum
3588 3818 3741 3874 libri
3780 3821 3859 3892 ple.

2179 3891 2352 3961 narii,
2404 3908 2552 3981 auro
2616 3898 2671 3949 et
2729 3895 2983 3963 gemmis
3061 3898 3216 3965 tecti,
3294 3902 3552 3976 scripti,
3628 3891 3857 3981 pictis

2181 3996 2249 4035 ac
2299 3980 2662 4036 omnimodis
2724 3984 2935 4039 ornati.
2992 3987 3035 4039 Ε
3065 3986 3294 4057 quibus
3347 4004 3578 4050 unum
3614 3980 3711 4052 est
3742 3998 3859 4053 culi:-

2180 4069 2330 4137 talis,
2385 4086 2583 4142 opere,
2639 4073 2858 4143 precio,
2912 4073 3183 4146 pondere
3234 4076 3578 4148 siquidem
3635 4088 3791 4153 talis,
3826 4098 3859 4137 ιε

2180 4158 2231 4247 ei
2253 4172 2375 4211 non
2400 4157 2572 4213 facile
2603 4158 2854 4247 inveniri
2884 4162 3075 4233 possit
3125 4164 3385 4235 aequalis
3416 4169 3578 4241 (63).
3617 4177 3801 4247 Cujus
3826 4177 3853 4224 ε

2179 4245 2385 4301 dextra
2412 4251 2577 4318 parte
2610 4246 2918 4321 disp'ositio
2950 4267 3415 4321 gemmmarum
3450 4245 3856 4320 centenarias

2178 4334 2355 4389 etiam
2388 4335 2645 4407 complet
2674 4353 3017 4409 numerum,
3070 4356 3336 4411 quarum
3383 4350 3715 4417 quaedam
3750 4352 3853 4407 ade-

2178 4424 2505 4494 quantitate
2562 4424 2921 4496 preminent,
2978 4434 3040 4483 ut
3070 4434 3337 4499 quatuor
3379 4449 3465 4489 ex
3520 4439 3633 4496 his
3684 4442 3855 4497 calice

420 4519 674 4587 partum,
721 4514 1091 4572 manifestius
1116 4513 1235 4568 hoc
1265 4510 1377 4566 sibi
1404 4509 1611 4566 adesse
1641 4512 1840 4576 sensit,
1874 4526 2064 4582 quan-
2103 4515 2143 4566 υ
2175 4512 2445 4583 operiant
2468 4513 2748 4582 sedecim,
2796 4515 2856 4569 in
2888 4515 3150 4586 ﬁguram
3198 4527 3435 4578 sancta:
3491 4532 3740 4601 crucis,
3791 4544 3855 4602 pa

1784 4642 2018 4697 VARLE
2058 4642 2348 4699 LECTION
2354 4646 2455 4700 ES.

494 4752 541 4843 l“
583 4754 655 4808 In
682 4751 903 4833 'codice
944 4748 1419 4843 quaedangerasq
1461 4753 1621 4843 su’ut,
1668 4763 1917 4843 quorum
1970 4750 2095 4803 loco
2128 4750 2237 4819 (ita
2264 4750 2596 4843 frontium?
2646 4751 2717 4843 iri
2755 4751 2896 4843 (Zib’l.
2939 4754 3202 4843 Eminet
3254 4756 3327 4823 (v.
3388 4762 3592 4823 Ried,
3670 4771 3719 4829 Ι,
3764 4770 3859 4837 μὲ

421 4823 502 4878 ad
523 4824 789 4904 maciam
844 4818 1097 4877 vacuum
1120 4819 1455 4904 adscripta
1505 4818 1815 4904 dicuntur)
1865 4835 2073 4904 manus
2104 4818 2471 4904 sinc.‘.XV1.l,
2531 4823 2655 4904 llaec
2677 4822 2965 4904 fallulosg
2995 4818 3267 4895 adjecit
3310 4830 3422 4886 Hic
3456 4818 3644 4894 integr
3670 4818 3851 4896 Heia...

422 4888 565 5018 ἓιιῗαὶ
602 4893 769 4975 regio
800 4906 968 4947 more
995 4904 1063 4944 ac
1116 4888 1406 4962 imperiali
1436 4888 1697 4968 potentia
1746 4888 2043 4945 cOnstituit
2068 4896 2123 4946 et
2149 4888 2465 4960 ordinavit,
2520 4888 2738 4947 ducem
2770 4888 3141 4951 Tassiloneln
3175 4914 3372 4967 regno
3406 4888 3859 4974 piitiahg'liiii:

506 4981 541 5018 ο
569 4966 817 5018 Diotone
861 4960 1228 5015 monachum
1276 4976 1406 5015 esse
1437 4959 1754 5018 compulit;
1786 4976 1895 5015 nec
1920 4977 2041 5016 non
2086 4962 2288 5016 sedem
2317 4962 2761 5018 Ratisbonensis
2807 4966 3096 5018 enisconi.
3144 4983 3180 5018 a
3225 4970 3515 5018 dimith
3577 4955 3859 5018 malm”,

506 4981 541 5047 o
569 4959 817 5047 Diotone
861 4959 1228 5047 monachum
1276 4976 1406 5047 esse
1437 4959 1723 5047 compulit
1741 4977 1765 5047 ;‘
1786 4976 1895 5047 nec
1920 4977 2041 5047 non
2086 4962 2288 5047 sedem
2317 4962 3096 5047 Batisbonensisuepiscopi,
3144 4983 3180 5023 a
3225 4959 3516 5031 (lucilius

3632 4983 3861 5039 rioribin

421 5040 585 5089 extra
612 5034 827 5117 urbem
858 5030 1211 5117 translatam
1226 5032 1318 5111 .ad
1365 5030 1953 5117 m‘artyris‘vi‘delicet
1984 5034 2171 5113 sancti
2200 5034 2624 5117 Emmerammi
2648 5030 2984 5117 basilicam,
3013 5030 3172 5093 infra
3207 5040 3379 5096 urbis
3409 5030 3861 5117 ejhééiﬁ‘iﬁe

422 5119 520 5159 ros
544 5103 877 5174 constitutae
905 5101 1064 5174 beati
1090 5102 1241 5157 Petri
1264 5117 1414 5174 apos

422 5242 767 5315 pontiﬁcali.
849 5245 891 5279 ιτ
917 5250 1047 5314 post
1078 5245 1218 5302 add.
1249 5245 1301 5302 l.
1383 5246 1428 5279 ¹⁸
1453 5249 1587 5314 post
1612 5245 1752 5301 add.
1788 5244 1833 5302 ι.

637 5103 877 5183 astitutae
905 5101 1064 5188 beati
1090 5102 1241 5188 Petri
1264 5101 1680 5188 apostolimsub
1708 5102 2310 5188 .S_imperto.episcopo
2352 5104 2928 5188 restituit-ecclesia.
2960 5101 3183 5188 Locum
3210 5101 3467 5188 autem"

424 5174 823 5249 patrocinium
852 5174 944 5249 sui
995 5174 1331 5249 honestavit
1378 5174 1802 5249 muniﬁcentia
1831 5174 2036 5245 regali,
2066 5174 2329 5230 subdens
2358 5192 2498 5231 eum
2549 5176 2651 5245 illi,
2707 5177 2813 5249 qui
2849 5178 2933 5234 ibi
2962 5179 3406 5242 inthronizatus
3470 5174 3708 5249 1⁸ιῆδῖῶ

3470 5190 3707 5254 fuerat

2016 5352 2225 5408 ΝΟΤίΕ

514 5457 603 5528 59)
632 5458 693 5513 V.
728 5455 919 5513 Caroli
947 5456 1214 5529 diploma
1242 5472 1338 5530 ap.
1369 5455 1530 5512 Ried.
1565 5460 1607 5528 l,
1639 5472 1700 5529 p.
1733 5461 1784 5512 8.

509 5530 598 5597 60)
627 5527 694 5583 Α.
726 5526 875 5585 893?

485 5598 599 5670 (61)
632 5598 803 5655 Eccli.
835 5602 1031 5670 31,27.

486 5667 605 5810 (62')
636 5672 724 5752 ν..
756 5667 1075 5726 Mabillonii
1122 5669 1232 5725 lter
1286 5672 1477 5727 Germ.
1536 5669 1771 5737 (Annal.
1830 5670 1950 5740 ed.,
2003 5674 2055 5735 2,

509 5744 576 5795 10
624 5757 729 5810 qui
755 5741 874 5797 hoc
906 5744 1193 5810 tanquam
1222 5740 1402 5798 altare
1432 5756 1688 5810 parvum
1712 5740 1932 5796 mobile
1956 5740 2055 5795 de-

409 5758 472 5814 p.
509 5740 598 5810 {0)
624 5740 729 5814 qui
755 5741 874 5797 hoc
906 5744 1193 5812 tanquam
1222 5740 1402 5798 altare
1432 5756 1688 5811 parvum
1712 5740 1932 5796 mobile
1956 5740 2058 5795 de-

2170 5457 2455 5610 ῗρξὲὶὲἲῐὸς.
2490 5530 2733 5610 Eccard.
2766 5532 2856 5586 Fr.
2910 5530 3232 5610 Orientrll,
3285 5552 3353 5610 p.
3386 5545 3531 5603 563.
3562 5551 3841 5610 nabilia

2166 5598 2471 5698 Ξδλνέιιῗ·
2500 5598 3357 5698 ιὲῗᾳὲἒῖηῗλὲίῖξὶδεξςζξὲᾷ·
3394 5598 3495 5698 ἐξ
3516 5598 3822 5692 r7333?
3838 5634 3862 5698 :‘l

2166 5670 2460 5809 $813333.
2499 5673 2612 5730 hoc
2634 5673 2788 5729 libro
2832 5673 3069 5745 scripsit
3112 5670 3684 5751 diisertatiénrein-

3514 6362 3547 6368 Ἡ
3590 6358 3703 6372 “es
3732 6342 3862 6370 ηὴδ
