3968 6386
122 309 256 362 1005

916 309 1000 361 DE
1035 309 1398 363 MIRACUIJS
1440 310 1494 362 S.
1542 308 1791 361 EMMERJ

1994 308 2175 364 LIBRI
2219 309 2381 366 DUO.
2435 339 2496 351 -—
2537 310 2664 364 LIB.
2709 309 2751 365 Ι.

3423 317 3554 371 1006

118 427 383 499 singulos
412 430 719 499 quaternis
745 429 951 484 ordine
1004 431 1200 485 medio
1252 431 1589 503 dispertitis.
1648 430 1775 484 lnti-
1815 435 1860 485 A
1894 430 2135 484 Arnoldi
2163 430 2394 486 addens
2416 431 2490 487 de
2519 448 2627 487 suo
2657 436 2954 504 quantum
2986 434 3197 506 potuit,
3223 434 3400 493 beato
3429 440 3559 497 Em-

116 535 251 574 mus
278 522 477 573 autem
510 519 657 572 ordo
684 520 1040 573 contractior
1074 521 1283 574 calices
1316 522 1494 575 habet
1546 520 1778 583 triginta

114 608 289 675 duos,
362 606 704 673 singulatim
767 608 1019 673 gemmis
1105 609 1438 663 minoribus
1518 613 1777 680 opertos,

113 696 338 768 quibus
408 701 653 751 venuste
713 699 1033 768 respondet
1078 698 1318 765 extimo,
1389 698 1781 770 amplioribus

114 800 222 856 per
251 785 493 839 castella
520 784 821 855 dispositis
856 802 961 840 nec
994 803 1114 840 non
1142 787 1481 851 margaritis
1513 804 1618 858 per
1650 802 1781 857 pro-

114 874 461 944 pugnacula
522 875 753 927 insertis
820 874 1266 930 deliciosissimc
1323 883 1585 945 compto.
1650 876 1783 929 llzec

118 967 321 1017 autem
381 979 518 1015 cum
576 962 864 1025 largitluze
922 964 1205 1034 principis
1257 966 1555 1019 devotioni
1627 968 1783 1018 tanto

120 1056 398 1123 patromo
453 1052 698 1106 minime
756 1051 1112 1117 sutlicerent,
1176 1070 1284 1123 pro
1342 1055 1503 1108 dono
1556 1053 1788 1108 addidit

120 1148 468 1207 argenteam
502 1143 845 1196 carticulam
877 1143 1142 1213 predicto
1184 1144 1408 1197 ciborio
1450 1144 1788 1214 subpimen-

120 1232 285 1285 dam.
316 1231 541 1300 Adjecit
567 1237 621 1285 et
654 1231 830 1301 pallia
871 1232 1136 1287 coloratu
1182 1233 1349 1303 paria
1378 1241 1431 1287 et
1464 1234 1648 1299 varia,
1706 1234 1787 1287 in-

121 1323 205 1373 ter
234 1336 369 1391 qure
403 1338 589 1375 unum
620 1323 793 1376 unius
820 1328 1064 1377 texturae
1095 1324 1529 1385 longitudinem
1579 1324 1790 1378 habuit

122 1409 464 1465 cubitorum
510 1410 766 1477 triginta.
826 1415 1039 1465 Verum
1086 1413 1177 1467 his
1206 1414 1351 1484 quid
1400 1414 1624 1467 diutius
1676 1414 1788 1467 im-

122 1500 486 1555 morandum
520 1501 529 1552 l
570 1504 818 1554 Demum
850 1502 1075 1572 quippe
1109 1502 1272 1573 apud
1325 1506 1608 1557 Sanctum
1662 1506 1789 1556 Em-

120 1606 527 1644 merammum
544 1590 667 1643 sibi
690 1591 865 1659 jussit
896 1591 1199 1661 preparari
1236 1592 1633 1657 mausoleum,
1668 1608 1789 1662 quo

124 1683 377 1732 mortem
407 1678 678 1731 obiturus
713 1694 848 1731 eum
892 1678 1210 1745 benignius
1240 1681 1295 1733 in
1331 1680 1494 1733 caelis
1544 1680 1791 1734 haberet

123 1768 623 1840 patrocinantem,
657 1784 835 1838 quem
868 1768 924 1821 in
952 1768 1118 1822 terris
1150 1774 1472 1839 utcumque
1504 1769 1708 1822 vivens
1735 1773 1789 1821 et

124 1859 329 1912 valens
387 1857 477 1910 sui
528 1873 895 1928 suorumque
951 1858 1197 1929 optavit,
1254 1858 1439 1911 immo
1490 1858 1621 1911 fecit
1666 1859 1788 1911 fore

124 1950 450 2019 potentem.
488 1946 676 2014 Hujus
710 1945 793 1998 tui
824 1945 1309 2000 ministeriarchis
1355 1947 1592 2013 animm,
1628 1952 1681 2000 et
1712 1946 1796 2000 ni-

125 2036 455 2091 hilominus
484 2035 683 2089 adhuc
741 2034 838 2089 tibi
887 2035 1309 2089 famulantium
1362 2043 1632 2099 catervaa,
1684 2050 1791 2107 p0-

126 2124 269 2179 tenti
302 2140 475 2195 prece
526 2124 688 2195 apud
739 2123 1219 2195 Omnipotentem
1272 2142 1568 2191 succurre,
1624 2124 1793 2179 beate

130 2216 570 2269 Emmeramme
601 2213 611 2265 Σ

200 2306 251 2355 6.
288 2301 409 2358 Sub
438 2302 669 2373 prefato
702 2302 901 2373 itaque
932 2302 1199 2373 principe
1226 2304 1370 2357 Tuto
1420 2303 1607 2357 sancti
1662 2306 1791 2356 Em-

128 2391 447 2445 merammi
507 2390 843 2443 monachus
898 2390 1310 2443 Ratisbonensi
1376 2390 1794 2461 presulabatur

128 2478 410 2543 ecclesiae,
440 2478 542 2548 qui
573 2494 605 2531 a
640 2478 891 2547 septimo
925 2495 1084 2532 anno
1116 2480 1347 2550 imperii
1394 2480 1547 2532 illius
1606 2495 1791 2549 usque

130 2567 209 2622 ad
264 2566 692 2621 duodecimum
750 2566 911 2635 regni
969 2568 1218 2620 Heinrici
1274 2569 1522 2622 Saxonis
1573 2569 1684 2621 hac
1734 2568 1791 2621 in

131 2659 247 2712 vita
277 2656 607 2728 permansit
636 2664 753 2725 (an.
802 2660 1079 2715 894-930).
1130 2658 1316 2727 Hujus
1360 2674 1501 2723 ergo
1534 2663 1797 2711 anteces-

132 2764 232 2802 sor
300 2745 698 2801 Cliounrabus
764 2762 889 2807 rex,
955 2746 1330 2807 exigentibus
1382 2746 1635 2817 publicae
1712 2746 1795 2800 rei

132 2834 506 2893 utilitatibus,
564 2836 639 2888 ad
694 2835 962 2903 reginam
1024 2834 1318 2888 civitatem
1374 2836 1612 2889 devenit
1669 2837 1792 2905 (an.

134 2928 276 2996 918).
322 2926 384 2978 In
411 2940 533 2995 qua
574 2924 771 2985 rebus,
823 2940 1080 2994 quarum
1114 2926 1304 2989 gratia
1354 2930 1612 2989 venerat,
1664 2942 1797 2997 pro-

136 3014 371 3085 ﬂigatis,
414 3031 485 3068 ex
536 3013 781 3084 antiqua
834 3029 1041 3077 regum
1084 3014 1515 3069 consuetudine
1558 3032 1796 3085 premo-

1893 536 2226 576 merammo
2280 538 2531 577 aureum
2587 523 2769 578 altare
2823 525 3079 595 paravit,
3137 526 3559 586 venustissima

1893 610 2086 664 forma
2118 611 2438 678 decoravit,
2467 612 2627 667 mille
2655 614 2909 682 gemmis
2953 614 3203 673 ornavit.
3240 616 3342 673 Hic
3394 617 3560 690 atqui

1895 707 2148 753 emeatus
2180 717 2448 772 corpore,
2483 702 2968 759 sediliuminatus
3008 707 3226 772 mente,
3254 705 3559 776 castigatae

1894 789 2253 844 inﬁrmitatis
2285 792 2704 848 necessitatem
2731 793 2902 851 vertit
2922 794 2982 849 in
3013 794 3197 853 animi
3238 800 3561 863 augustam

1896 881 2172 935 virtutem
2201 900 2212 949 ;
2245 887 2300 937 et
2332 899 2719 955 nequaquam
2748 884 2923 939 valde
2972 884 3316 955 depensans
3365 886 3561 958 priva-

1898 975 2023 1025 tum
2057 988 2115 1024 se
2148 970 2410 1037 luminis,
2466 973 2631 1043 quod
2676 973 2785 1029 sibi
2832 989 3155 1031 commune
3212 980 3365 1033 esset
3421 992 3562 1035 cum

1898 1060 2140 1127 muscis,
2173 1060 2350 1115 talem
2396 1062 2638 1133 spiritus
2692 1062 2904 1119 habuit
2955 1063 3446 1132 consolationem,
3498 1068 3565 1124 ut

1898 1166 2004 1221 per
2030 1167 2168 1203 eum
2204 1157 2452 1205 ventura
2484 1150 2834 1222 previderet.
2861 1169 2929 1207 ac
2962 1168 3031 1207 ea
3062 1152 3284 1224 quibus
3314 1153 3561 1209 minime

1898 1240 2353 1294 intcreratfacta
2383 1245 2651 1311 patenter
2696 1241 2967 1298 ediceret.
3008 1243 3372 1299 Constitutus
3420 1258 3562 1314 ergo

1900 1329 2063 1399 apud
2122 1329 2520 1396 Lunailacum,
2575 1330 2811 1397 triginta
2843 1330 3027 1387 ferme
3076 1330 3248 1386 rastis
3289 1348 3325 1387 a
3374 1332 3562 1389 Betis-

1900 1418 2063 1473 bona
2083 1419 2422 1483 distantem,
2458 1421 2685 1481 arande
2714 1420 2772 1476 in
2803 1436 2874 1475 ea
2905 1421 3174 1492 quadam
3213 1421 3307 1477 die
3337 1421 3561 1480 factum

1902 1508 2023 1561 suis
2080 1508 2361 1563 indicavit
2428 1509 2772 1564 incendium
2838 1512 2968 1579 (et).
3054 1512 3237 1582 Hujus
3304 1511 3389 1566 rei
3440 1528 3565 1570 non

1904 1597 2099 1650 solum
2157 1598 2411 1669 probato
2461 1614 2566 1652 seu
2619 1598 2799 1654 etiam
2851 1599 3031 1656 totius
3070 1599 3130 1654 in
3193 1616 3263 1656 eo
3327 1599 3563 1672 pietatis

1902 1686 2263 1753 testimonio,
2325 1692 2640 1758 exemptus
2686 1704 2717 1741 e
2762 1687 2982 1754 medio,
3036 1688 3117 1745 uti
3156 1688 3330 1744 nobis
3382 1688 3567 1745 dictat

1830 1789 1871 1839 Β
1903 1775 2063 1828 bona
2104 1791 2262 1845 spes,
2292 1776 2570 1844 migravit
2596 1776 2674 1831 ad
2705 1776 2931 1832 czelicas
2962 1777 3166 1845 sedes;
3222 1777 3322 1844 ibi,
3381 1792 3565 1849 quem

1903 1865 1995 1918 hic
2026 1864 2248 1929 dilexit,
2282 1870 2607 1936 patronum
2649 1883 2829 1921 suum
2871 1882 3107 1937 semper
3145 1866 3383 1923 visurus
3432 1869 3566 1926 Εωρ

1902 1971 2327 2009 mcrammum.
2383 1956 2564 2025 Cujus
2622 1956 2883 2028 propitia
2934 1955 3277 2013 intercessio
3326 1956 3566 2017 famulis

1904 2044 2167 2098 obtineat
2196 2043 2359 2115 apud
2390 2043 2594 2098 lumen
2635 2061 2845 2100 verum
2895 2043 3392 2103 iiluminationem
3420 2062 3564 2104 ocu-

1903 2132 2099 2187 lorum
2143 2138 2506 2200 nostrorum,
2540 2150 2615 2189 ne
2656 2150 2930 2206 unquam
2960 2136 3168 2190 mortis
3216 2135 3565 2193 obdormia-

1904 2239 2039 2277 mus
2070 2224 2129 2277 in
2151 2222 2336 2294 portis
2359 2224 2369 2277 !

1974 2320 2025 2367 7.
2086 2316 2413 2383 Postquam
2461 2313 2899 2369 monasterium
2932 2314 3265 2371 beatissimi
3305 2315 3566 2373 martiris

1903 2401 2350 2465 Emmerammi,
2384 2402 2550 2473 quod
2572 2403 2737 2473 prius
2767 2408 2932 2459 extra
2972 2403 3182 2472 fuerat,
3214 2404 3395 2478 coepit
3438 2421 3568 2461 esse

1901 2493 2054 2547 intra
2084 2507 2291 2545 muros
2322 2490 2847 2546 Ratisbonensium
2879 2492 3147 2562 civitatis,
3175 2509 3331 2564 quos
3360 2493 3566 2550 Arnol.

1904 2583 1998 2637 fus
2029 2581 2173 2647 dux,
2213 2581 2365 2634 inter
2393 2580 2708 2652 optimates
2759 2597 2938 2652 opere
2995 2581 3209 2651 diviso,
3258 2582 3372 2639 cito
3411 2598 3557 2640 con-

1905 2674 2198 2725 struxerat
2253 2670 2365 2739 (65)
2422 2669 2534 2724 sub
2584 2686 2721 2737 rege
2770 2670 3043 2738 Henrico,
3102 2669 3259 2725 ﬁlius
3310 2671 3441 2741 ejus
3481 2672 3559 2733 de

1906 2766 2077 2831 gente
2109 2762 2417 2814 Saxonum
2459 2760 2691 2830 primus
2737 2760 3065 2832 imperator
3108 2761 3241 2817 Otto
3292 2761 3369 2817 ad
3409 2762 3569 2819 hanc

1906 2850 2183 2906 eamdem
2210 2849 2471 2921 probum
2503 2849 2671 2904 duxit
2702 2850 2899 2905 venire
2930 2849 3226 2905 civitatem
3247 2850 3483 2921 (an.954
3496 2851 3565 2923 ?).

1907 2942 1971 2995 In
2000 2957 2123 3012 qua
2148 2938 2316 2993 factis
2352 2942 2409 2993 et
2449 2938 2757 2993 celebratis
2807 2956 2942 3011 quae
2983 2944 3151 2995 erant
3204 2939 3571 3010 imperatorii

1905 3033 2074 3103 juris,
2116 3031 2362 3084 beatum
2398 3032 2912 3084 Emmerammum
2961 3035 3123 3085 curte
3168 3031 3333 3099 regio
3383 3031 3572 3089 dona;

136 3109 319 3175 nitus,
365 3106 615 3161 accessit
646 3107 719 3159 ad
763 3107 1075 3160 ecclesiam
1133 3107 1289 3161 beati
1350 3108 1796 3175 Emmerammi,
1843 3148 1881 3200 Ο
1911 3126 2077 3176 γυναι
2108 3121 2234 3189 (66),
2260 3136 2443 3190 quam
2477 3122 2771 3174 Germana
2800 3120 3007 3189 lingua
3040 3120 3389 3176 Halfandorf
3415 3121 3573 3179 γοςί-

136 3198 312 3269 quasi
349 3196 648 3250 licentiam
700 3200 1054 3265 accepturus
1120 3196 1424 3250 Manciam
1470 3197 1798 3252 remeandi.

140 3286 246 3341 Ubi
278 3285 618 3356 principum
651 3285 967 3355 sepulchra
1000 3285 1277 3342 visitanti.
1312 3286 1530 3342 Arnolti
1588 3287 1806 3340 scilicet

138 3376 513 3447 imperatoris
557 3392 664 3428 nec
696 3391 817 3428 non
854 3378 894 3409 ιθ
931 3376 1317 3437 Hluoduwici,
1367 3376 1470 3446 qui
1500 3393 1648 3449 puer
1694 3377 1803 3429 im-

138 3471 375 3521 matura
449 3470 641 3519 morte
695 3482 726 3518 e
786 3466 983 3519 medio
1058 3467 1326 3529 excessit,
1388 3484 1423 3520 a
1480 3466 1805 3537 eapetlanis

140 3556 295 3612 male
355 3560 705 3623 suggestum
747 3559 852 3621 est,
914 3560 975 3608 ut
1020 3555 1181 3623 regio
1214 3557 1345 3623 jure
1393 3572 1460 3610 ac.
1494 3560 1803 3626 potestate,

141 3660 389 3701 suorum
422 3648 622 3713 utpote
670 3642 772 3712 qui
819 3643 992 3695 fuerit
1031 3650 1498 3705 aDlECOSSOI‘llm,
1543 3644 1653 3697 sibi
1684 3644 1807 3697 vin-

143 3734 367 3791 dicaret
415 3731 813 3803 preseriptum
854 3731 1061 3798 magni
1107 3731 1285 3801 pret-ii
1336 3731 1575 3785 librum.
1620 3734 1805 3793 Quem

143 3841 281 3880 cum
334 3821 787 3893 prenominatus
845 3822 1168 3891 episcopus
1227 3822 1368 3875 dare
1420 3820 1805 3891 jussus,’sed

142 3916 257 3971 hoc
288 3911 480 3967 facere
504 3910 762 3964 martiris
794 3910 1003 3963 timore
1032 3909 1371 3963 nullatenus
1402 3915 1559 3964 esset
1601 3926 1803 3975 ausus,

144 4001 322 4057 minis
350 4001 593 4055 tandem
634 4001 707 4055 ad
758 4000 818 4053 id
861 4004 1099 4054 ventum
1132 4004 1234 4055 est.
1283 4004 1347 4053 ut
1385 4000 1601 4053 librum
1646 4016 1810 4053 eum—

144 4092 285 4147 dem
342 4107 546 4145 coram
586 4090 851 4161 principe
897 4090 1111 4144 invitus
1142 4089 1204 4143 in
1252 4089 1421 4144 altari
1465 4092 1805 4161 exponeret.

145 4180 252 4236 Cui
286 4183 489 4234 tamen
533 4178 897 4249 imprecatus
928 4181 1038 4247 est,
1089 4177 1293 4231 dicens
1328 4195 1339 4230 :
1404 4179 1602 4232 Debita
1658 4178 1815 4231 beati

144 4269 575 4325 Emmerammi
607 4269 682 4321 sit
735 4270 795 4322 in
838 4268 932 4322 die
969 4268 1208 4336 judicii,
1261 4268 1365 4337 qui
1413 4269 1572 4322 hunc
1611 4267 1811 4321 usibus

147 4362 274 4429 ejus
304 4359 675 4413 subtraxerit
720 4358 965 4413 servitii.
1021 4356 1191 4421 Quod
1232 4361 1528 4428 quantum
1568 4356 1808 4421 valeret,

148 4449 262 4505 cito
292 4452 643 4519 experturus
672 4463 771 4500 rex
803 4448 871 4511 2“,
898 4447 1163 4517 precepit
1188 4462 1325 4500 eum
1361 4450 1575 4501 temere
1612 4445 1728 4500 tolli
1756 4450 1811 4499 et

147 4538 361 4594 efferri.
392 4540 660 4606 Cumque
688 4536 1049 4590 ascendisset
1086 4553 1329 4607 equum,
1371 4552 1557 4606 prope
1602 4551 1808 4589 mona-

148 4626 395 4682 sterium
426 4624 672 4678 incurrit
696 4624 1047 4693 dysenteriie
1078 4624 1377 4678 morbum.
1404 4628 1527 4687 Quo
1548 4624 1815 4678 tremefa—

148 4722 301 4782 ctus,
362 4731 431 4768 ac
474 4714 535 4767 in
595 4731 655 4767 se
720 4714 861 4767 facti
908 4716 1326 4769 commertium
1400 4714 1656 4768 sentiens
1711 4730 1817 4784 per

150 4804 468 4867 cruciatus,
502 4804 712 4858 eodem
745 4811 1051 4859 momento
1081 4804 1331 4859 restituit
1377 4804 1596 4858 librum
1642 4804 1817 4859 beato

152 4899 619 4959 Emmerammo,
656 4892 791 4947 inde
826 4911 1027 4948 secum
1058 4893 1252 4947 ferens
1282 4893 1573 4955 dolorem,
1606 4911 1727 4965 quo
1758 4894 1818 4948 in

151 4985 402 5039 Francia
431 4983 709 5037 ultimum
736 4983 947 5037 clausit
978 4983 1136 5036 diem
1165 4984 1325 5049 (Dec.
1357 4987 1468 5047 “23).
1516 4985 1675 5037 Tunc
1728 5000 1821 5037 ve-

152 5074 460 5131 nerandus
491 5074 733 5129 antistes
760 5073 911 5127 Tuto
946 5071 1172 5127 Christo
1213 5072 1508 5125 adherens
1557 5072 1616 5125 in
1660 5088 1820 5127 mar-

152 5165 240 5221 ire
269 5180 398 5231 suo,
429 5163 665 5219 coronis
725 5162 1067 5234 principum
1113 5160 1327 5225 Caroli,
1376 5160 1820 5229 Carolomanni,

1916 3216 2015 3271 tat,
2050 3211 2325 3263 Romana
2349 3224 2490 3263 vero
2522 3208 3039 3277 Adjutoriiwvicum
3084 3209 3378 3277 latinizat;
3432 3215 3574 3267 tunc

1914 3299 2199 3356 Michahel
2234 3299 2735 3369 Hiatospolitanus
2766 3299 3007 3355 antistes
3051 3299 3111 3353 in
3150 3299 3419 3371 quodam
3450 3316 3578 3357 m0-

1913 3388 2153 3443 nasterii
2221 3387 2442 3458 palatio
2502 3387 2848 3458 imperatori
2904 3388 3157 3459 parabat
3209 3388 3574 3460 convivium,

1914 3495 2036 3550 quo
2088 3477 2421 3549 principem
2462 3493 2597 3529 cum
2652 3476 3009 3547 primatibus
3040 3476 3175 3531 fecit
3226 3478 3577 3535 recumbere

1916 3582 2140 3619 Secum.
2175 3568 2443 3633 Cumque
2476 3564 2589 3617 ritu
2616 3563 2987 3634 epulantium
3012 3580 3165 3635 pene
3198 3564 3389 3621 forent
3437 3581 3577 3622 con-

1916 3653 2132 3708 ﬁrmati
2164 3656 2217 3706 et
2248 3651 2386 3706 vino
2418 3651 2617 3719 laetati,
2658 3651 2983 3723 imperator
3026 3668 3126 3707 ore
3165 3653 3438 3723 jucunde
3484 3670 3576 3710 δας

1915 3742 2200 3797 xonizans
2240 3740 2421 3793 dicit:
2469 3740 2731 3795 Siceram
2782 3744 2954 3810 cujus
2995 3743 3125 3812 quis
3169 3742 3350 3812 bibat,
3395 3744 3577 3813 hujus

1916 3839 1969 3887 et
2001 3845 2241 3886 carmen
2274 3836 2473 3885 canat.
2522 3832 2698 3885 Beati
2746 3832 3172 3887 Emmerammi
3220 3832 3373 3889 bona
3410 3848 3578 3891 man-

1917 3920 2266 3974 ducavimus
2299 3934 2369 3973 ac
2402 3918 2669 3985 bibimus,
2703 3919 2842 3974 inde
2862 3920 3011 3974 mihi
3036 3920 3274 3976 videtur
3320 3936 3576 3995 mquam,

1919 4011 2178 4065 [caritate
2222 4011 2349 4078 ejus
2395 4008 2564 4075 finiri
2598 4010 2934 4064 convivium
2976 4010 3106 4079 (67).
3159 4013 3289 4067 Mox
3332 4011 3582 4071 aderant

1918 4100 2239 4172 pincernae,
2272 4098 2657 4171 propinantes
2688 4099 2934 4167 singulis
2965 4100 3038 4155 ad
3079 4105 3295 4155 nutum
3320 4101 3580 4172 impera.-

1918 4189 2060 4244 toris
2090 4188 2407 4242 karitatem
2458 4187 2739 4242 martiris.
2774 4188 2861 4243 Ob
2915 4189 3087 4259 cujus
3138 4190 3582 4248 venerationem

1918 4278 2070 4332 inter
2087 4293 2146 4331 se
2179 4277 2410 4331 cunctis
2454 4276 2730 4331 osculum
2774 4277 3057 4332 dantibus
3100 4282 3157 4332 et
3196 4276 3454 4333 invicem
3503 4277 3583 4333 ad

1919 4367 2130 4433 potum
2144 4361 2413 4415 karitatis
2429 4377 2489 4414 se
2504 4361 2955 4415 cohortantibus
2966 4378 3142 4427 ,unus
3155 4363 3312 4417 hanc
3326 4361 3582 4432 superbe

1924 4466 2210 4521 respuens
2240 4449 2387 4504 dixit
2417 4466 2427 4501 :
2462 4451 2734 4505 Heilram
2765 4450 2822 4518 [ἲ.
2851 4451 2979 4506 haec
3009 4450 3261 4523 [raritas]
3294 4452 3357 4509 in
3379 4456 3586 4509 ventre

1922 4556 2047 4594 meo
2079 4555 2193 4592 non
2231 4539 2407 4593 habet
2438 4539 2650 4603 locum,
2676 4540 2821 4607 quia
2850 4539 3015 4593 cibus
3046 4545 3099 4594 et
3124 4546 3303 4607 potus
3337 4542 3469 4608 jam
3499 4539 3585 4594 in-

1926 4634 2151 4684 trantes
2161 4634 2713 4696 preoccupaverant
2726 4629 2923 4682 illum.
2940 4628 3148 4683 Adhuc
3171 4628 3376 4698 lingua
3394 4628 3585 4700 palpi—

1928 4723 2146 4773 tansex
2172 4716 2489 4771 emissione
2512 4715 2679 4771 verbi
2696 4716 3072 4782 movebatur,
3098 4722 3153 4772 et
3174 4733 3205 4772 e
3222 4717 3467 4789 pariete,
3492 4717 3589 4773 cui

1928 4805 2465 4878 amphipendulato
2491 4805 2675 4863 dorso
2705 4809 2878 4861 tenus
2904 4805 3135 4861 innisus
3158 4806 3411 4873 adhesit,
3428 4806 3588 4865 colar

1927 4899 2120 4970 phum
2146 4903 2264 4952 tam
2288 4896 2478 4951 valide
2498 4896 2853 4968 conplosum
2874 4897 3120 4967 accepit,
3142 4902 3205 4952 ut
3226 4914 3256 4952 e
3279 4912 3593 4969 sessupro—

1924 4987 2118 5055 jectus
2148 4985 2207 5039 in
2238 4984 2507 5040 medium
2527 4985 2731 5057 palatii
2758 5001 3007 5056 preceps
3058 4991 3272 5051 rueret,
3317 5001 3427 5041 nec
3468 5000 3593 5041 non

1931 5073 2108 5128 simul
2127 5089 2337 5127 omnes
2356 5074 2532 5129 timor
2548 5079 2605 5128 et
2624 5073 2777 5128 altus
2797 5078 3005 5145 stupor
3028 5077 3451 5146 caperet.Tunc
3468 5072 3597 5130 reli-

1932 5163 2099 5232 gioso
2115 5163 2444 5218 monarcha
2461 5179 2599 5217 cum
2617 5163 2912 5235 episcopis
2928 5167 2986 5219 et
3001 5163 3393 5236 optimatibus
3409 5162 3597 5222 eccle-

1546 5288 1773 5341 VAerE
1814 5289 2213 5345 LECTIONES.

234 5396 280 5431 ¹⁹
300 5411 362 5452 n.
392 5395 450 5449 h.
484 5410 543 5466 q.
577 5410 637 5466 p.
679 5394 717 5449 i.
742 5410 825 5449 m.
860 5409 890 5450 e
922 5410 1004 5448 in.
1036 5396 1323 5449 successit
1343 5410 1499 5450 corr.
1529 5396 1779 5450 excessit
1810 5396 1871 5450 in
1908 5396 2033 5452 loco
2056 5412 2192 5451 raso
2229 5400 2275 5449 t.
2306 5396 2355 5429 ²⁰
2377 5402 2515 5469 post
2539 5396 2679 5453 add.
2718 5400 2767 5456 1.

1780 5502 2003 5558 NOTAE.

233 5590 343 5660 (64)
372 5592 580 5662 A.906.
610 5591 858 5662 V.7A7nn.
886 5588 1130 5657 Ratisb.,
1162 5593 1311 5646 Mon.
1350 5591 1441 5662 SS.
1476 5607 1512 5656 1,
1545 5606 1605 5662 p.
1631 5594 1719 5646 94.

236 5665 347 5732 (65)
383 5660 464 5718 Cf.
493 5660 770 5729 Zirngibl.
807 5665 959 5715 Neve
994 5662 1125 5715 hist.
1154 5662 1306 5717 Abh.
1341 5661 1400 5716 d.
1436 5660 1614 5731 Bait—2,
1645 5662 1827 5719 Acad.

160 5733 286 5806 Vol.
328 5738 416 5801 lll,
455 5737 632 5806 17917.,
668 5750 726 5805 p.
762 5736 885 5804 321,
920 5746 1051 5806 sqq.

237 5805 347 5877 (66)
374 5807 442 5861 ν.
476 5805 808 5877 diplomata
847 5821 901 5859 θ..
945 5808 1050 5859 940
1089 5808 1145 5860 et
1183 5810 1306 5871 950,
1343 5821 1441 5875 ap.
1494 5806 1635 5861 Ried
1676 5809 1713 5873 t,
1770 5822 1828 5877 p.

1942 5594 2030 5659 96,
2065 5596 2165 5657 97;
2194 5607 2329 5662 quae
2360 5595 2561 5647 tamen
2592 5608 2715 5648 non
2740 5592 3088 5668 _Ratisbonze
3115 5595 3257 5651 data
3284 5598 3439 5660 sunt,
3482 5605 3604 5668 quo

1942 5678 2043 5718 rex
2075 5678 2194 5717 non
2228 5669 2364 5719 ante
2394 5680 2448 5719 a.
2484 5668 2587 5719 9:34
2620 5665 2849 5723 venisse
2878 5665 3130 5725 videtur.

2017 5736 2121 5815 (67)
2151 5735 2353 5815 .QuiﬂS.
2400 5737 2913 5815 Emmerammqu
2964 5738 3270 5803 interfecit,
3313 5736 3387 5792 de
3436 5731 3605 5801 cujus

1943 5810 2195 5877 posteris
2228 5810 2428 5873 etiam,
2459 5823 2507 5862 e.
2548 5813 2633 5871 t2,
2676 5826 2873 5865 sermo
2905 5816 3010 5865 est.
