  <div class='ocr_page' id='page_1' title='image "/cluster/home/n/w/nwhite01/storage/ocr_20150623/140-141/uc1.31175018559917/1079.png"; bbox 0 0 3968 6382; ppageno 0'>
   <div class='ocr_carea' id='block_1_1' title="bbox 444 284 576 337">
    <p class='ocr_par' dir='ltr' id='par_1_1' title="bbox 444 284 576 337">
     <span class='ocr_line' id='line_1_1' title="bbox 444 284 576 337; baseline 0.015 -2"><span class='ocrx_word' id='word_1_1' title='bbox 444 285 463 335; x_wconf 82' lang='grc'><strong>1</strong></span> <span class='ocrx_word' id='word_1_2' title='bbox 474 284 576 337; x_wconf 86' lang='grc'>007</span> 
     </span>
    </p>
   </div>
   <div class='ocr_carea' id='block_1_2' title="bbox 1497 268 2897 331">
    <p class='ocr_par' dir='ltr' id='par_1_2' title="bbox 1497 268 2897 331">
     <span class='ocr_line' id='line_1_2' title="bbox 1497 268 2897 331; baseline 0.001 -3"><span class='ocrx_word' id='word_1_3' title='bbox 1497 274 1806 329; x_wconf 73' lang='lat' dir='ltr'>ARNOLDI</span> <span class='ocrx_word' id='word_1_4' title='bbox 1846 268 2438 327; x_wconf 68' lang='lat' dir='ltr'>EMMERAMMENSIS</span> <span class='ocrx_word' id='word_1_5' title='bbox 2478 273 2809 331; x_wconf 77' lang='lat' dir='ltr'>MONACHI.</span> <span class='ocrx_word' id='word_1_6' title='bbox 2888 304 2897 307; x_wconf 69' lang='lat'><strong><em>~</em></strong></span> 
     </span>
    </p>
   </div>
   <div class='ocr_carea' id='block_1_3' title="bbox 3745 283 3895 336">
    <p class='ocr_par' dir='ltr' id='par_1_3' title="bbox 3745 283 3895 336">
     <span class='ocr_line' id='line_1_3' title="bbox 3745 283 3895 336; baseline 0.013 -2"><span class='ocrx_word' id='word_1_7' title='bbox 3745 283 3895 336; x_wconf 74' lang='grc'>1008</span> 
     </span>
    </p>
   </div>
   <div class='ocr_carea' id='block_1_4' title="bbox 433 392 3896 471">
    <p class='ocr_par' dir='ltr' id='par_1_4' title="bbox 433 392 3896 471">
     <span class='ocr_line' id='line_1_4' title="bbox 433 392 3896 471; baseline -0 -9"><span class='ocrx_word' id='word_1_8' title='bbox 433 401 1243 471; x_wconf 82' lang='lat' dir='ltr'>siamfestinanteringresso,</span> <span class='ocrx_word' id='word_1_9' title='bbox 1264 395 1738 453; x_wconf 86' lang='lat' dir='ltr'>consonantibus</span> <span class='ocrx_word' id='word_1_10' title='bbox 1755 393 2093 467; x_wconf 85' lang='lat' dir='ltr'>campanis,</span> <span class='ocrx_word' id='word_1_11' title='bbox 2130 392 2178 446; x_wconf 81' lang='grc' dir='ltr'><strong>Α</strong></span> <span class='ocrx_word' id='word_1_12' title='bbox 2216 392 2369 449; x_wconf 91' lang='lat' dir='ltr'>adeo</span> <span class='ocrx_word' id='word_1_13' title='bbox 2398 394 2741 453; x_wconf 74' lang='lat' dir='ltr'>intestatum</span> <span class='ocrx_word' id='word_1_14' title='bbox 2772 396 3106 471; x_wconf 77' lang='lat' dir='ltr'>praestigiis,</span> <span class='ocrx_word' id='word_1_15' title='bbox 3128 400 3193 452; x_wconf 87' lang='lat' dir='ltr'>ut</span> <span class='ocrx_word' id='word_1_16' title='bbox 3207 397 3551 455; x_wconf 79' lang='lat' dir='ltr'>nullatenus</span> <span class='ocrx_word' id='word_1_17' title='bbox 3574 400 3896 461; x_wconf 89' lang='lat' dir='ltr'>dormiens</span> 
     </span>
    </p>
   </div>
   <div class='ocr_carea' id='block_1_5' title="bbox 429 483 2097 561">
    <p class='ocr_par' dir='ltr' id='par_1_5' title="bbox 429 483 2097 561">
     <span class='ocr_line' id='line_1_5' title="bbox 429 483 2097 561; baseline -0.008 -12"><span class='ocrx_word' id='word_1_18' title='bbox 429 494 550 548; x_wconf 90' lang='lat' dir='ltr'>Deo</span> <span class='ocrx_word' id='word_1_19' title='bbox 576 496 632 549; x_wconf 89' lang='lat' dir='ltr'>et</span> <span class='ocrx_word' id='word_1_20' title='bbox 661 490 887 547; x_wconf 86' lang='lat' dir='ltr'>martiri</span> <span class='ocrx_word' id='word_1_21' title='bbox 919 504 1030 561; x_wconf 90' lang='lat' dir='ltr'>pro</span> <span class='ocrx_word' id='word_1_22' title='bbox 1058 486 1385 555; x_wconf 78' lang='lat' dir='ltr'>gratiarum</span> <span class='ocrx_word' id='word_1_23' title='bbox 1420 483 1651 540; x_wconf 77' lang='lat' dir='ltr'>actione</span> <span class='ocrx_word' id='word_1_24' title='bbox 1694 484 1903 539; x_wconf 90' lang='lat' dir='ltr'>laudes</span> <span class='ocrx_word' id='word_1_25' title='bbox 1953 486 2097 537; x_wconf 91' lang='lat' dir='ltr'>cele-</span> 
     </span>
    </p>
   </div>
   <div class='ocr_carea' id='block_1_6' title="bbox 424 573 2095 639">
    <p class='ocr_par' dir='ltr' id='par_1_6' title="bbox 424 573 2095 639">
     <span class='ocr_line' id='line_1_6' title="bbox 424 573 2095 639; baseline -0.007 0"><span class='ocrx_word' id='word_1_26' title='bbox 424 581 676 639; x_wconf 89' lang='lat' dir='ltr'>brantur</span> <span class='ocrx_word' id='word_1_27' title='bbox 703 598 772 637; x_wconf 90' lang='lat' dir='ltr'>ac</span> <span class='ocrx_word' id='word_1_28' title='bbox 800 578 1051 635; x_wconf 79' lang='lat' dir='ltr'>letaniee.</span> <span class='ocrx_word' id='word_1_29' title='bbox 1086 576 1201 634; x_wconf 85' lang='lat' dir='ltr'>Sed</span> <span class='ocrx_word' id='word_1_30' title='bbox 1231 592 1305 631; x_wconf 91' lang='lat' dir='ltr'>ne</span> <span class='ocrx_word' id='word_1_31' title='bbox 1330 576 1475 631; x_wconf 85' lang='lat' dir='ltr'>forte</span> <span class='ocrx_word' id='word_1_32' title='bbox 1505 574 1678 630; x_wconf 87' lang='lat' dir='ltr'>alicui</span> <span class='ocrx_word' id='word_1_33' title='bbox 1708 573 1865 629; x_wconf 86' lang='lat' dir='ltr'>istud</span> <span class='ocrx_word' id='word_1_34' title='bbox 1895 573 2095 629; x_wconf 80' lang='lat' dir='ltr'>videa-</span> 
     </span>
    </p>
   </div>
   <div class='ocr_carea' id='block_1_7' title="bbox 424 662 2097 737">
    <p class='ocr_par' dir='ltr' id='par_1_7' title="bbox 424 662 2097 737">
     <span class='ocr_line' id='line_1_7' title="bbox 424 662 2097 737; baseline -0.006 -11"><span class='ocrx_word' id='word_1_35' title='bbox 424 674 519 725; x_wconf 88' lang='lat' dir='ltr'>tur</span> <span class='ocrx_word' id='word_1_36' title='bbox 546 667 912 734; x_wconf 82' lang='lat' dir='ltr'>incredibile,</span> <span class='ocrx_word' id='word_1_37' title='bbox 944 666 1092 721; x_wconf 87' lang='lat' dir='ltr'>sciat</span> <span class='ocrx_word' id='word_1_38' title='bbox 1115 665 1371 737; x_wconf 88' lang='lat' dir='ltr'>quisque</span> <span class='ocrx_word' id='word_1_39' title='bbox 1416 664 1630 729; x_wconf 90' lang='lat' dir='ltr'>ﬁdelis,</span> <span class='ocrx_word' id='word_1_40' title='bbox 1682 663 1745 718; x_wconf 88' lang='lat' dir='ltr'>id</span> <span class='ocrx_word' id='word_1_41' title='bbox 1774 679 1870 718; x_wconf 92' lang='lat' dir='ltr'>me</span> <span class='ocrx_word' id='word_1_42' title='bbox 1909 662 2097 717; x_wconf 87' lang='lat' dir='ltr'>nulla-</span> 
     </span>
    </p>
   </div>
   <div class='ocr_carea' id='block_1_8' title="bbox 421 752 2093 827">
    <p class='ocr_par' dir='ltr' id='par_1_8' title="bbox 421 752 2093 827">
     <span class='ocr_line' id='line_1_8' title="bbox 421 752 2093 827; baseline -0.005 -12"><span class='ocrx_word' id='word_1_43' title='bbox 421 774 596 824; x_wconf 71' lang='lat' dir='ltr'>tenus</span> <span class='ocrx_word' id='word_1_44' title='bbox 640 757 889 827; x_wconf 85' lang='lat' dir='ltr'>ﬁngere,</span> <span class='ocrx_word' id='word_1_45' title='bbox 941 755 1045 810; x_wconf 90' lang='lat' dir='ltr'>sed</span> <span class='ocrx_word' id='word_1_46' title='bbox 1101 771 1138 810; x_wconf 88' lang='lat' dir='ltr'>a</span> <span class='ocrx_word' id='word_1_47' title='bbox 1191 753 1463 826; x_wconf 91' lang='lat' dir='ltr'>quodam</span> <span class='ocrx_word' id='word_1_48' title='bbox 1511 753 1639 808; x_wconf 88' lang='lat' dir='ltr'>viro</span> <span class='ocrx_word' id='word_1_49' title='bbox 1698 752 1857 807; x_wconf 79' lang='lat' dir='ltr'>fideli</span> <span class='ocrx_word' id='word_1_50' title='bbox 1914 757 2093 823; x_wconf 89' lang='lat' dir='ltr'>atque</span> 
     </span>
    </p>
   </div>
   <div class='ocr_carea' id='block_1_9' title="bbox 418 839 2094 916">
    <p class='ocr_par' dir='ltr' id='par_1_9' title="bbox 418 839 2094 916">
     <span class='ocr_line' id='line_1_9' title="bbox 418 839 2094 916; baseline -0.005 -12"><span class='ocrx_word' id='word_1_51' title='bbox 418 864 579 915; x_wconf 91' lang='lat' dir='ltr'>sene,</span> <span class='ocrx_word' id='word_1_52' title='bbox 599 845 904 916; x_wconf 87' lang='lat' dir='ltr'>Sigibaldo</span> <span class='ocrx_word' id='word_1_53' title='bbox 936 844 1201 909; x_wconf 87' lang='lat' dir='ltr'>nomine,</span> <span class='ocrx_word' id='word_1_54' title='bbox 1236 842 1385 898; x_wconf 88' lang='lat' dir='ltr'>sicut</span> <span class='ocrx_word' id='word_1_55' title='bbox 1411 842 1621 914; x_wconf 84' lang='lat' dir='ltr'>scripsi</span> <span class='ocrx_word' id='word_1_56' title='bbox 1640 841 1966 914; x_wconf 86' lang='lat' dir='ltr'>accepisse,</span> <span class='ocrx_word' id='word_1_57' title='bbox 1990 839 2094 912; x_wconf 88' lang='lat' dir='ltr'>qui</span> 
     </span>
    </p>
   </div>
   <div class='ocr_carea' id='block_1_10' title="bbox 417 930 2095 1011">
    <p class='ocr_par' dir='ltr' id='par_1_10' title="bbox 417 930 2095 1011">
     <span class='ocr_line' id='line_1_10' title="bbox 417 930 2095 1011; baseline -0.006 -17"><span class='ocrx_word' id='word_1_58' title='bbox 417 954 524 1011; x_wconf 90' lang='lat' dir='ltr'>per</span> <span class='ocrx_word' id='word_1_59' title='bbox 543 937 725 992; x_wconf 87' lang='lat' dir='ltr'>ﬁdem</span> <span class='ocrx_word' id='word_1_60' title='bbox 761 934 969 993; x_wconf 87' lang='lat' dir='ltr'>Christi</span> <span class='ocrx_word' id='word_1_61' title='bbox 1000 933 1351 999; x_wconf 83' lang='lat' dir='ltr'>testabatur,</span> <span class='ocrx_word' id='word_1_62' title='bbox 1385 932 1524 987; x_wconf 91' lang='lat' dir='ltr'>huic</span> <span class='ocrx_word' id='word_1_63' title='bbox 1574 948 1635 986; x_wconf 91' lang='lat' dir='ltr'>se</span> <span class='ocrx_word' id='word_1_64' title='bbox 1685 930 1961 986; x_wconf 88' lang='lat' dir='ltr'>convivio</span> <span class='ocrx_word' id='word_1_65' title='bbox 2010 930 2095 983; x_wconf 90' lang='lat' dir='ltr'>in-</span> 
     </span>
    </p>
   </div>
   <div class='ocr_carea' id='block_1_11' title="bbox 417 1021 2089 1088">
    <p class='ocr_par' dir='ltr' id='par_1_11' title="bbox 417 1021 2089 1088">
     <span class='ocr_line' id='line_1_11' title="bbox 417 1021 2089 1088; baseline -0.007 -4"><span class='ocrx_word' id='word_1_66' title='bbox 417 1028 688 1084; x_wconf 86' lang='lat' dir='ltr'>terfuisse.</span> <span class='ocrx_word' id='word_1_67' title='bbox 721 1030 778 1081; x_wconf 90' lang='lat' dir='ltr'>et</span> <span class='ocrx_word' id='word_1_68' title='bbox 808 1023 1197 1080; x_wconf 88' lang='lat' dir='ltr'>nihilominus</span> <span class='ocrx_word' id='word_1_69' title='bbox 1255 1037 1389 1076; x_wconf 83' lang='lat' dir='ltr'>vera</span> <span class='ocrx_word' id='word_1_70' title='bbox 1442 1021 1685 1076; x_wconf 78' lang='lat' dir='ltr'>dixisse.</span> <span class='ocrx_word' id='word_1_71' title='bbox 1733 1023 1817 1076; x_wconf 90' lang='lat' dir='ltr'>Tu</span> <span class='ocrx_word' id='word_1_72' title='bbox 1867 1024 2089 1088; x_wconf 87' lang='lat' dir='ltr'>autem,</span> 
     </span>
    </p>
   </div>
   <div class='ocr_carea' id='block_1_12' title="bbox 416 1108 2091 1183">
    <p class='ocr_par' dir='ltr' id='par_1_12' title="bbox 416 1108 2091 1183">
     <span class='ocr_line' id='line_1_12' title="bbox 416 1108 2091 1183; baseline -0.007 -9"><span class='ocrx_word' id='word_1_73' title='bbox 416 1122 620 1174; x_wconf 91' lang='lat' dir='ltr'>sancte</span> <span class='ocrx_word' id='word_1_74' title='bbox 671 1119 1135 1183; x_wconf 87' lang='lat' dir='ltr'>Emmeramme,</span> <span class='ocrx_word' id='word_1_75' title='bbox 1181 1128 1364 1183; x_wconf 87' lang='lat' dir='ltr'>quem</span> <span class='ocrx_word' id='word_1_76' title='bbox 1421 1110 1814 1183; x_wconf 88' lang='lat' dir='ltr'>Omnipotens</span> <span class='ocrx_word' id='word_1_77' title='bbox 1871 1109 1986 1164; x_wconf 90' lang='lat' dir='ltr'>hoc</span> <span class='ocrx_word' id='word_1_78' title='bbox 2030 1108 2091 1163; x_wconf 93' lang='lat' dir='ltr'>in</span> 
     </span>
    </p>
   </div>
   <div class='ocr_carea' id='block_1_13' title="bbox 415 1196 2091 1278">
    <p class='ocr_par' dir='ltr' id='par_1_13' title="bbox 415 1196 2091 1278">
     <span class='ocr_line' id='line_1_13' title="bbox 415 1196 2091 1278; baseline -0.007 -15"><span class='ocrx_word' id='word_1_79' title='bbox 415 1207 612 1278; x_wconf 74' lang='lat' dir='ltr'>signo,</span> <span class='ocrx_word' id='word_1_80' title='bbox 644 1209 708 1260; x_wconf 92' lang='lat' dir='ltr'>ut</span> <span class='ocrx_word' id='word_1_81' title='bbox 737 1205 796 1259; x_wconf 93' lang='lat' dir='ltr'>in</span> <span class='ocrx_word' id='word_1_82' title='bbox 824 1203 1050 1267; x_wconf 84' lang='lat' dir='ltr'>ceteris,</span> <span class='ocrx_word' id='word_1_83' title='bbox 1087 1200 1273 1256; x_wconf 84' lang='lat' dir='ltr'>voluit</span> <span class='ocrx_word' id='word_1_84' title='bbox 1295 1200 1615 1271; x_wconf 91' lang='lat' dir='ltr'>honorare,</span> <span class='ocrx_word' id='word_1_85' title='bbox 1644 1214 1851 1272; x_wconf 86' lang='lat' dir='ltr'>preces</span> <span class='ocrx_word' id='word_1_86' title='bbox 1880 1196 1957 1253; x_wconf 91' lang='lat' dir='ltr'>illi</span> <span class='ocrx_word' id='word_1_87' title='bbox 1980 1212 2091 1269; x_wconf 92' lang='lat' dir='ltr'>pro</span> 
     </span>
    </p>
   </div>
   <div class='ocr_carea' id='block_1_14' title="bbox 413 1286 2087 1367">
    <p class='ocr_par' dir='ltr' id='par_1_14' title="bbox 413 1286 2087 1367">
     <span class='ocr_line' id='line_1_14' title="bbox 413 1286 2087 1367; baseline -0.007 -15"><span class='ocrx_word' id='word_1_88' title='bbox 413 1296 591 1352; x_wconf 91' lang='lat' dir='ltr'>nobis</span> <span class='ocrx_word' id='word_1_89' title='bbox 623 1290 1041 1367; x_wconf 85' lang='lat' dir='ltr'>peccatoribus</span> <span class='ocrx_word' id='word_1_90' title='bbox 1072 1290 1279 1354; x_wconf 85' lang='lat' dir='ltr'>funde,</span> <span class='ocrx_word' id='word_1_91' title='bbox 1311 1305 1435 1361; x_wconf 91' lang='lat' dir='ltr'>quo</span> <span class='ocrx_word' id='word_1_92' title='bbox 1465 1305 1570 1361; x_wconf 89' lang='lat' dir='ltr'>per</span> <span class='ocrx_word' id='word_1_93' title='bbox 1614 1304 1824 1343; x_wconf 85' lang='lat' dir='ltr'>veram</span> <span class='ocrx_word' id='word_1_94' title='bbox 1866 1286 2087 1342; x_wconf 89' lang='lat' dir='ltr'>karita-</span> 
     </span>
    </p>
   </div>
   <div class='ocr_carea' id='block_1_15' title="bbox 412 1376 2088 1453">
    <p class='ocr_par' dir='ltr' id='par_1_15' title="bbox 412 1376 2088 1453">
     <span class='ocr_line' id='line_1_15' title="bbox 412 1376 2088 1453; baseline -0.007 -11"><span class='ocrx_word' id='word_1_95' title='bbox 412 1391 531 1442; x_wconf 90' lang='lat' dir='ltr'>tem</span> <span class='ocrx_word' id='word_1_96' title='bbox 557 1383 839 1453; x_wconf 85' lang='lat' dir='ltr'>angelum</span> <span class='ocrx_word' id='word_1_97' title='bbox 872 1387 1097 1437; x_wconf 67' lang='lat' dir='ltr'>satanaa</span> <span class='ocrx_word' id='word_1_98' title='bbox 1146 1379 1561 1435; x_wconf 84' lang='lat' dir='ltr'>colaﬁzantcm</span> <span class='ocrx_word' id='word_1_99' title='bbox 1605 1394 1719 1434; x_wconf 91' lang='lat' dir='ltr'>nos</span> <span class='ocrx_word' id='word_1_100' title='bbox 1777 1376 2088 1451; x_wconf 88' lang='lat' dir='ltr'>possimus</span> 
     </span>
    </p>
   </div>
   <div class='ocr_carea' id='block_1_16' title="bbox 412 1474 721 1533">
    <p class='ocr_par' dir='ltr' id='par_1_16' title="bbox 412 1474 721 1533">
     <span class='ocr_line' id='line_1_16' title="bbox 412 1474 721 1533; baseline -0.016 -1"><span class='ocrx_word' id='word_1_101' title='bbox 412 1479 674 1533; x_wconf 83' lang='lat' dir='ltr'>avertere</span> <span class='ocrx_word' id='word_1_102' title='bbox 710 1474 721 1527; x_wconf 81' lang='lat' dir='ltr'>l</span> 
     </span>
    </p>
   </div>
   <div class='ocr_carea' id='block_1_17' title="bbox 483 1554 2085 1635">
    <p class='ocr_par' dir='ltr' id='par_1_17' title="bbox 483 1554 2085 1635">
     <span class='ocr_line' id='line_1_17' title="bbox 483 1554 2085 1635; baseline -0.008 -15"><span class='ocrx_word' id='word_1_103' title='bbox 483 1566 535 1620; x_wconf 92' lang='lat'>8.</span> <span class='ocrx_word' id='word_1_104' title='bbox 566 1567 701 1619; x_wconf 87' lang='lat' dir='ltr'>Erat</span> <span class='ocrx_word' id='word_1_105' title='bbox 746 1561 997 1635; x_wconf 87' lang='lat' dir='ltr'>quidam</span> <span class='ocrx_word' id='word_1_106' title='bbox 1040 1559 1153 1614; x_wconf 90' lang='lat' dir='ltr'>sub</span> <span class='ocrx_word' id='word_1_107' title='bbox 1201 1557 1621 1630; x_wconf 87' lang='lat' dir='ltr'>prenominato</span> <span class='ocrx_word' id='word_1_108' title='bbox 1671 1554 1923 1625; x_wconf 77' lang='lat' dir='ltr'>angelici</span> <span class='ocrx_word' id='word_1_109' title='bbox 1977 1570 2085 1608; x_wconf 91' lang='lat' dir='ltr'>no-</span> 
     </span>
    </p>
   </div>
   <div class='ocr_carea' id='block_1_18' title="bbox 411 1645 2084 1725">
    <p class='ocr_par' dir='ltr' id='par_1_18' title="bbox 411 1645 2084 1725">
     <span class='ocr_line' id='line_1_18' title="bbox 411 1645 2084 1725; baseline -0.007 -16"><span class='ocrx_word' id='word_1_110' title='bbox 411 1653 591 1710; x_wconf 90' lang='lat' dir='ltr'>minis</span> <span class='ocrx_word' id='word_1_111' title='bbox 618 1651 903 1725; x_wconf 89' lang='lat' dir='ltr'>episcopo</span> <span class='ocrx_word' id='word_1_112' title='bbox 932 1647 1091 1703; x_wconf 84' lang='lat' dir='ltr'>beati</span> <span class='ocrx_word' id='word_1_113' title='bbox 1116 1646 1542 1703; x_wconf 88' lang='lat' dir='ltr'>Emmerammi</span> <span class='ocrx_word' id='word_1_114' title='bbox 1580 1645 1943 1713; x_wconf 88' lang='lat' dir='ltr'>monachus,</span> <span class='ocrx_word' id='word_1_115' title='bbox 1974 1658 2084 1698; x_wconf 90' lang='lat' dir='ltr'>nec</span> 
     </span>
    </p>
   </div>
   <div class='ocr_carea' id='block_1_19' title="bbox 411 1732 2082 1801">
    <p class='ocr_par' dir='ltr' id='par_1_19' title="bbox 411 1732 2082 1801">
     <span class='ocr_line' id='line_1_19' title="bbox 411 1732 2082 1801; baseline -0.007 -3"><span class='ocrx_word' id='word_1_116' title='bbox 411 1757 535 1798; x_wconf 90' lang='lat' dir='ltr'>non</span> <span class='ocrx_word' id='word_1_117' title='bbox 587 1740 765 1796; x_wconf 91' lang='lat' dir='ltr'>etiam</span> <span class='ocrx_word' id='word_1_118' title='bbox 809 1738 1075 1795; x_wconf 68' lang='lat' dir='ltr'>ecclesiae</span> <span class='ocrx_word' id='word_1_119' title='bbox 1130 1740 1331 1792; x_wconf 90' lang='lat' dir='ltr'>custos</span> <span class='ocrx_word' id='word_1_120' title='bbox 1388 1739 1444 1790; x_wconf 88' lang='lat' dir='ltr'>et</span> <span class='ocrx_word' id='word_1_121' title='bbox 1494 1734 1773 1801; x_wconf 73' lang='lat' dir='ltr'>:rdituus,</span> <span class='ocrx_word' id='word_1_122' title='bbox 1835 1732 2082 1788; x_wconf 53' lang='lat' dir='ltr'>nomine</span> 
     </span>
    </p>
   </div>
   <div class='ocr_carea' id='block_1_20' title="bbox 408 1824 2083 1904">
    <p class='ocr_par' dir='ltr' id='par_1_20' title="bbox 408 1824 2083 1904">
     <span class='ocr_line' id='line_1_20' title="bbox 408 1824 2083 1904; baseline -0.008 -15"><span class='ocrx_word' id='word_1_123' title='bbox 408 1831 782 1904; x_wconf 80' lang='lat' dir='ltr'>Adalpertus.</span> <span class='ocrx_word' id='word_1_124' title='bbox 810 1834 861 1884; x_wconf 92' lang='lat' dir='ltr'>ls</span> <span class='ocrx_word' id='word_1_125' title='bbox 891 1833 1165 1883; x_wconf 81' lang='lat' dir='ltr'>locorum</span> <span class='ocrx_word' id='word_1_126' title='bbox 1194 1831 1541 1881; x_wconf 90' lang='lat' dir='ltr'>sanctorum</span> <span class='ocrx_word' id='word_1_127' title='bbox 1564 1824 1862 1879; x_wconf 88' lang='lat' dir='ltr'>desiderio</span> <span class='ocrx_word' id='word_1_128' title='bbox 1894 1828 2083 1878; x_wconf 87' lang='lat' dir='ltr'>trans-</span> 
     </span>
    </p>
   </div>
   <div class='ocr_carea' id='block_1_21' title="bbox 409 1910 2081 1988">
    <p class='ocr_par' dir='ltr' id='par_1_21' title="bbox 409 1910 2081 1988">
     <span class='ocr_line' id='line_1_21' title="bbox 409 1910 2081 1988; baseline -0.008 -9"><span class='ocrx_word' id='word_1_129' title='bbox 409 1921 709 1979; x_wconf 87' lang='lat' dir='ltr'>marinam</span> <span class='ocrx_word' id='word_1_130' title='bbox 735 1934 1058 1988; x_wconf 81' lang='lat' dir='ltr'>aggressus</span> <span class='ocrx_word' id='word_1_131' title='bbox 1089 1922 1179 1972; x_wconf 90' lang='lat' dir='ltr'>est</span> <span class='ocrx_word' id='word_1_132' title='bbox 1210 1913 1773 1987; x_wconf 85' lang='lat' dir='ltr'>peregrinationem.</span> <span class='ocrx_word' id='word_1_133' title='bbox 1797 1914 1923 1975; x_wconf 88' lang='lat' dir='ltr'>Qua</span> <span class='ocrx_word' id='word_1_134' title='bbox 1955 1910 2081 1967; x_wconf 86' lang='lat' dir='ltr'>Hie—</span> 
     </span>
    </p>
   </div>
   <div class='ocr_carea' id='block_1_22' title="bbox 409 1999 2077 2078">
    <p class='ocr_par' dir='ltr' id='par_1_22' title="bbox 409 1999 2077 2078">
     <span class='ocr_line' id='line_1_22' title="bbox 409 1999 2077 2078; baseline -0.007 -12"><span class='ocrx_word' id='word_1_135' title='bbox 409 2008 764 2066; x_wconf 89' lang='lat' dir='ltr'>rosolimam</span> <span class='ocrx_word' id='word_1_136' title='bbox 791 2010 1001 2078; x_wconf 85' lang='lat' dir='ltr'>petens</span> <span class='ocrx_word' id='word_1_137' title='bbox 1031 2009 1087 2059; x_wconf 90' lang='lat' dir='ltr'>et</span> <span class='ocrx_word' id='word_1_138' title='bbox 1108 2009 1303 2059; x_wconf 90' lang='lat' dir='ltr'>cetera</span> <span class='ocrx_word' id='word_1_139' title='bbox 1332 2003 1582 2059; x_wconf 67' lang='lat' dir='ltr'>caelestis</span> <span class='ocrx_word' id='word_1_140' title='bbox 1638 1999 1900 2057; x_wconf 87' lang='lat' dir='ltr'>thesauri</span> <span class='ocrx_word' id='word_1_141' title='bbox 1945 2015 2077 2072; x_wconf 90' lang='lat' dir='ltr'>per-</span> 
     </span>
    </p>
   </div>
   <div class='ocr_carea' id='block_1_23' title="bbox 407 2087 2077 2159">
    <p class='ocr_par' dir='ltr' id='par_1_23' title="bbox 407 2087 2077 2159">
     <span class='ocr_line' id='line_1_23' title="bbox 407 2087 2077 2159; baseline -0.009 -5"><span class='ocrx_word' id='word_1_142' title='bbox 407 2098 673 2154; x_wconf 88' lang='lat' dir='ltr'>lustrans</span> <span class='ocrx_word' id='word_1_143' title='bbox 700 2112 771 2151; x_wconf 90' lang='lat' dir='ltr'>ea</span> <span class='ocrx_word' id='word_1_144' title='bbox 810 2094 922 2149; x_wconf 91' lang='lat' dir='ltr'>loci</span> <span class='ocrx_word' id='word_1_145' title='bbox 978 2092 1260 2159; x_wconf 90' lang='lat' dir='ltr'>sacraria,</span> <span class='ocrx_word' id='word_1_146' title='bbox 1307 2090 1564 2146; x_wconf 85' lang='lat' dir='ltr'>millenis</span> <span class='ocrx_word' id='word_1_147' title='bbox 1613 2087 2077 2146; x_wconf 87' lang='lat' dir='ltr'>adversitatibus</span> 
     </span>
    </p>
   </div>
   <div class='ocr_carea' id='block_1_24' title="bbox 408 2178 2077 2254">
    <p class='ocr_par' dir='ltr' id='par_1_24' title="bbox 408 2178 2077 2254">
     <span class='ocr_line' id='line_1_24' title="bbox 408 2178 2077 2254; baseline -0.008 -10"><span class='ocrx_word' id='word_1_148' title='bbox 408 2189 695 2254; x_wconf 85' lang='lat' dir='ltr'>atteritur,</span> <span class='ocrx_word' id='word_1_149' title='bbox 728 2189 881 2241; x_wconf 89' lang='lat' dir='ltr'>terra</span> <span class='ocrx_word' id='word_1_150' title='bbox 906 2187 963 2238; x_wconf 91' lang='lat' dir='ltr'>et</span> <span class='ocrx_word' id='word_1_151' title='bbox 992 2181 1142 2237; x_wconf 88' lang='lat' dir='ltr'>mari</span> <span class='ocrx_word' id='word_1_152' title='bbox 1171 2184 1513 2251; x_wconf 85' lang='lat' dir='ltr'>temptatur,</span> <span class='ocrx_word' id='word_1_153' title='bbox 1543 2196 1613 2234; x_wconf 85' lang='lat' dir='ltr'>ex</span> <span class='ocrx_word' id='word_1_154' title='bbox 1659 2178 1803 2251; x_wconf 82' lang='lat' dir='ltr'>ipsis</span> <span class='ocrx_word' id='word_1_155' title='bbox 1835 2192 2077 2250; x_wconf 83' lang='lat' dir='ltr'>quoque</span> 
     </span>
    </p>
   </div>
   <div class='ocr_carea' id='block_1_25' title="bbox 407 2268 2080 2343">
    <p class='ocr_par' dir='ltr' id='par_1_25' title="bbox 407 2268 2080 2343">
     <span class='ocr_line' id='line_1_25' title="bbox 407 2268 2080 2343; baseline -0.009 -9"><span class='ocrx_word' id='word_1_156' title='bbox 407 2276 682 2334; x_wconf 85' lang='lat' dir='ltr'>faucibus</span> <span class='ocrx_word' id='word_1_157' title='bbox 732 2272 943 2329; x_wconf 89' lang='lat' dir='ltr'>mortis</span> <span class='ocrx_word' id='word_1_158' title='bbox 980 2269 1218 2343; x_wconf 88' lang='lat' dir='ltr'>patroni</span> <span class='ocrx_word' id='word_1_159' title='bbox 1266 2268 1358 2323; x_wconf 90' lang='lat' dir='ltr'>sui</span> <span class='ocrx_word' id='word_1_160' title='bbox 1406 2268 1685 2342; x_wconf 86' lang='lat' dir='ltr'>precibus</span> <span class='ocrx_word' id='word_1_161' title='bbox 1739 2268 2080 2338; x_wconf 87' lang='lat' dir='ltr'>frequenter</span> 
     </span>
    </p>
   </div>
   <div class='ocr_carea' id='block_1_26' title="bbox 406 2356 2076 2440">
    <p class='ocr_par' dir='ltr' id='par_1_26' title="bbox 406 2356 2076 2440">
     <span class='ocr_line' id='line_1_26' title="bbox 406 2356 2076 2440; baseline -0.008 -17"><span class='ocrx_word' id='word_1_162' title='bbox 406 2371 643 2440; x_wconf 90' lang='lat' dir='ltr'>ereptus</span> <span class='ocrx_word' id='word_1_163' title='bbox 665 2363 976 2438; x_wconf 89' lang='lat' dir='ltr'>probatur.</span> <span class='ocrx_word' id='word_1_164' title='bbox 1008 2359 1182 2425; x_wconf 88' lang='lat' dir='ltr'>Quod</span> <span class='ocrx_word' id='word_1_165' title='bbox 1205 2359 1389 2414; x_wconf 88' lang='lat' dir='ltr'>semel</span> <span class='ocrx_word' id='word_1_166' title='bbox 1409 2375 1597 2430; x_wconf 88' lang='lat' dir='ltr'>quam</span> <span class='ocrx_word' id='word_1_167' title='bbox 1621 2356 1875 2412; x_wconf 84' lang='lat' dir='ltr'>evidenti</span> <span class='ocrx_word' id='word_1_168' title='bbox 1902 2356 2076 2425; x_wconf 87' lang='lat' dir='ltr'>signo</span> 
     </span>
    </p>
   </div>
   <div class='ocr_carea' id='block_1_27' title="bbox 403 2443 2073 2522">
    <p class='ocr_par' dir='ltr' id='par_1_27' title="bbox 403 2443 2073 2522">
     <span class='ocr_line' id='line_1_27' title="bbox 403 2443 2073 2522; baseline -0.01 -9"><span class='ocrx_word' id='word_1_169' title='bbox 403 2457 633 2513; x_wconf 86' lang='lat' dir='ltr'>factum</span> <span class='ocrx_word' id='word_1_170' title='bbox 662 2452 858 2518; x_wconf 86' lang='lat' dir='ltr'>fuerit,</span> <span class='ocrx_word' id='word_1_171' title='bbox 886 2450 1094 2507; x_wconf 89' lang='lat' dir='ltr'>relatio</span> <span class='ocrx_word' id='word_1_172' title='bbox 1134 2448 1321 2522; x_wconf 90' lang='lat' dir='ltr'>ipsius</span> <span class='ocrx_word' id='word_1_173' title='bbox 1364 2448 1459 2502; x_wconf 92' lang='lat' dir='ltr'>hic</span> <span class='ocrx_word' id='word_1_174' title='bbox 1508 2448 1730 2502; x_wconf 88' lang='lat' dir='ltr'>inserta</span> <span class='ocrx_word' id='word_1_175' title='bbox 1774 2443 2073 2518; x_wconf 75' lang='lat' dir='ltr'>patefacit.</span> 
     </span>
    </p>
   </div>
   <div class='ocr_carea' id='block_1_28' title="bbox 405 2534 2078 2612">
    <p class='ocr_par' dir='ltr' id='par_1_28' title="bbox 405 2534 2078 2612">
     <span class='ocr_line' id='line_1_28' title="bbox 405 2534 2078 2612; baseline -0.009 -10"><span class='ocrx_word' id='word_1_176' title='bbox 405 2545 681 2612; x_wconf 84' lang='lat' dir='ltr'>Quadam</span> <span class='ocrx_word' id='word_1_177' title='bbox 711 2543 808 2599; x_wconf 90' lang='lat' dir='ltr'>die</span> <span class='ocrx_word' id='word_1_178' title='bbox 838 2542 946 2597; x_wconf 90' lang='lat' dir='ltr'>iter</span> <span class='ocrx_word' id='word_1_179' title='bbox 975 2540 1035 2595; x_wconf 90' lang='lat' dir='ltr'>in</span> <span class='ocrx_word' id='word_1_180' title='bbox 1064 2554 1228 2595; x_wconf 90' lang='lat' dir='ltr'>mare</span> <span class='ocrx_word' id='word_1_181' title='bbox 1259 2538 1511 2593; x_wconf 85' lang='lat' dir='ltr'>fecimus</span> <span class='ocrx_word' id='word_1_182' title='bbox 1543 2534 1774 2603; x_wconf 83' lang='lat' dir='ltr'>navale,</span> <span class='ocrx_word' id='word_1_183' title='bbox 1813 2551 1922 2607; x_wconf 91' lang='lat' dir='ltr'>pro</span> <span class='ocrx_word' id='word_1_184' title='bbox 1953 2550 2078 2605; x_wconf 89' lang='lat' dir='ltr'>qua</span> 
     </span>
    </p>
   </div>
   <div class='ocr_carea' id='block_1_29' title="bbox 401 2624 2071 2693">
    <p class='ocr_par' dir='ltr' id='par_1_29' title="bbox 401 2624 2071 2693">
     <span class='ocr_line' id='line_1_29' title="bbox 401 2624 2071 2693; baseline -0.01 0"><span class='ocrx_word' id='word_1_185' title='bbox 401 2635 579 2693; x_wconf 87' lang='lat' dir='ltr'>nobis</span> <span class='ocrx_word' id='word_1_186' title='bbox 620 2632 846 2689; x_wconf 84' lang='lat' dir='ltr'>tristem</span> <span class='ocrx_word' id='word_1_187' title='bbox 891 2629 1159 2687; x_wconf 88' lang='lat' dir='ltr'>densitas</span> <span class='ocrx_word' id='word_1_188' title='bbox 1199 2627 1474 2692; x_wconf 88' lang='lat' dir='ltr'>nubium,</span> <span class='ocrx_word' id='word_1_189' title='bbox 1505 2625 1735 2681; x_wconf 69' lang='lat' dir='ltr'>collisio</span> <span class='ocrx_word' id='word_1_190' title='bbox 1758 2624 2071 2692; x_wconf 85' lang='lat' dir='ltr'>fluctuum,</span> 
     </span>
    </p>
   </div>
   <div class='ocr_carea' id='block_1_30' title="bbox 402 2716 2071 2798">
    <p class='ocr_par' dir='ltr' id='par_1_30' title="bbox 402 2716 2071 2798">
     <span class='ocr_line' id='line_1_30' title="bbox 402 2716 2071 2798; baseline -0.008 -17"><span class='ocrx_word' id='word_1_191' title='bbox 402 2725 643 2798; x_wconf 87' lang='lat' dir='ltr'>spiritus</span> <span class='ocrx_word' id='word_1_192' title='bbox 668 2720 1071 2795; x_wconf 83' lang='lat' dir='ltr'>procellarum</span> <span class='ocrx_word' id='word_1_193' title='bbox 1102 2721 1461 2791; x_wconf 87' lang='lat' dir='ltr'>pepererunt</span> <span class='ocrx_word' id='word_1_194' title='bbox 1494 2718 1752 2770; x_wconf 85' lang='lat' dir='ltr'>noctem.</span> <span class='ocrx_word' id='word_1_195' title='bbox 1802 2716 2071 2786; x_wconf 87' lang='lat' dir='ltr'>Cumque</span> 
     </span>
    </p>
   </div>
   <div class='ocr_carea' id='block_1_31' title="bbox 399 2805 2071 2879">
    <p class='ocr_par' dir='ltr' id='par_1_31' title="bbox 399 2805 2071 2879">
     <span class='ocr_line' id='line_1_31' title="bbox 399 2805 2071 2879; baseline -0.008 -7"><span class='ocrx_word' id='word_1_196' title='bbox 399 2815 593 2871; x_wconf 81' lang='lat' dir='ltr'>ventis</span> <span class='ocrx_word' id='word_1_197' title='bbox 650 2818 707 2868; x_wconf 91' lang='lat' dir='ltr'>et</span> <span class='ocrx_word' id='word_1_198' title='bbox 762 2811 941 2867; x_wconf 82' lang='lat' dir='ltr'>undis</span> <span class='ocrx_word' id='word_1_199' title='bbox 993 2809 1134 2863; x_wconf 92' lang='lat' dir='ltr'>hinc</span> <span class='ocrx_word' id='word_1_200' title='bbox 1192 2807 1330 2862; x_wconf 91' lang='lat' dir='ltr'>inde</span> <span class='ocrx_word' id='word_1_201' title='bbox 1382 2805 1651 2879; x_wconf 82' lang='lat' dir='ltr'>quassati</span> <span class='ocrx_word' id='word_1_202' title='bbox 1703 2805 2071 2875; x_wconf 89' lang='lat' dir='ltr'>jactaremur</span> 
     </span>
    </p>
   </div>
   <div class='ocr_carea' id='block_1_32' title="bbox 401 2896 2068 2976">
    <p class='ocr_par' dir='ltr' id='par_1_32' title="bbox 401 2896 2068 2976">
     <span class='ocr_line' id='line_1_32' title="bbox 401 2896 2068 2976; baseline -0.007 -15"><span class='ocrx_word' id='word_1_203' title='bbox 401 2910 579 2976; x_wconf 89' lang='lat' dir='ltr'>atque</span> <span class='ocrx_word' id='word_1_204' title='bbox 610 2900 875 2975; x_wconf 90' lang='lat' dir='ltr'>pericula</span> <span class='ocrx_word' id='word_1_205' title='bbox 906 2903 1160 2954; x_wconf 88' lang='lat' dir='ltr'>mortem</span> <span class='ocrx_word' id='word_1_206' title='bbox 1185 2896 1575 2961; x_wconf 87' lang='lat' dir='ltr'>minarentur,</span> <span class='ocrx_word' id='word_1_207' title='bbox 1606 2898 1957 2966; x_wconf 88' lang='lat' dir='ltr'>perventum</span> <span class='ocrx_word' id='word_1_208' title='bbox 1982 2898 2068 2949; x_wconf 87' lang='lat' dir='ltr'>est</span> 
     </span>
    </p>
   </div>
   <div class='ocr_carea' id='block_1_33' title="bbox 400 2983 2065 3059">
    <p class='ocr_par' dir='ltr' id='par_1_33' title="bbox 400 2983 2065 3059">
     <span class='ocr_line' id='line_1_33' title="bbox 400 2983 2065 3059; baseline -0.007 -12"><span class='ocrx_word' id='word_1_209' title='bbox 400 2992 479 3048; x_wconf 89' lang='lat' dir='ltr'>ad</span> <span class='ocrx_word' id='word_1_210' title='bbox 503 2991 641 3059; x_wconf 89' lang='lat' dir='ltr'>hoc,</span> <span class='ocrx_word' id='word_1_211' title='bbox 687 2993 753 3044; x_wconf 89' lang='lat' dir='ltr'>ut</span> <span class='ocrx_word' id='word_1_212' title='bbox 780 2992 979 3043; x_wconf 65' lang='lat' dir='ltr'>nautis</span> <span class='ocrx_word' id='word_1_213' title='bbox 1028 2984 1555 3041; x_wconf 88' lang='lat' dir='ltr'>conclamitarent:</span> <span class='ocrx_word' id='word_1_214' title='bbox 1605 3006 1631 3029; x_wconf 88' lang='grc'><em>‹‹</em></span> <span class='ocrx_word' id='word_1_215' title='bbox 1667 2983 1914 3038; x_wconf 87' lang='lat' dir='ltr'>Domine</span> <span class='ocrx_word' id='word_1_216' title='bbox 1943 2997 2065 3036; x_wconf 92' lang='lat' dir='ltr'>non</span> 
     </span>
    </p>
   </div>
   <div class='ocr_carea' id='block_1_34' title="bbox 399 3070 2063 3136">
    <p class='ocr_par' dir='ltr' id='par_1_34' title="bbox 399 3070 2063 3136">
     <span class='ocr_line' id='line_1_34' title="bbox 399 3070 2063 3136; baseline -0.007 0"><span class='ocrx_word' id='word_1_217' title='bbox 399 3084 507 3136; x_wconf 91' lang='lat' dir='ltr'>est.</span> <span class='ocrx_word' id='word_1_218' title='bbox 542 3102 570 3129; x_wconf 83' lang='grc'><strong>››</strong></span> <span class='ocrx_word' id='word_1_219' title='bbox 602 3081 670 3133; x_wconf 86' lang='lat' dir='ltr'>Et</span> <span class='ocrx_word' id='word_1_220' title='bbox 697 3074 1018 3133; x_wconf 83' lang='lat' dir='ltr'>nauclerus</span> <span class='ocrx_word' id='word_1_221' title='bbox 1048 3073 1269 3128; x_wconf 88' lang='lat' dir='ltr'>diceret</span> <span class='ocrx_word' id='word_1_222' title='bbox 1311 3071 1601 3127; x_wconf 86' lang='lat' dir='ltr'>tremulus</span> <span class='ocrx_word' id='word_1_223' title='bbox 1635 3089 1646 3125; x_wconf 92' lang='lat'>:</span> <span class='ocrx_word' id='word_1_224' title='bbox 1710 3094 1735 3118; x_wconf 89' lang='grc'><strong><em>‹‹</em></strong></span> <span class='ocrx_word' id='word_1_225' title='bbox 1765 3070 1999 3126; x_wconf 77' lang='lat' dir='ltr'>Deiecit.</span> <span class='ocrx_word' id='word_1_226' title='bbox 2038 3092 2063 3117; x_wconf 90' lang='grc'><strong>››</strong></span> 
     </span>
    </p>
   </div>
   <div class='ocr_carea' id='block_1_35' title="bbox 398 3158 2064 3237">
    <p class='ocr_par' dir='ltr' id='par_1_35' title="bbox 398 3158 2064 3237">
     <span class='ocr_line' id='line_1_35' title="bbox 398 3158 2064 3237; baseline -0.008 -12"><span class='ocrx_word' id='word_1_227' title='bbox 398 3172 547 3226; x_wconf 86' lang='lat' dir='ltr'>Tum</span> <span class='ocrx_word' id='word_1_228' title='bbox 604 3182 718 3237; x_wconf 84' lang='lat' dir='ltr'>ego</span> <span class='ocrx_word' id='word_1_229' title='bbox 790 3164 971 3220; x_wconf 91' lang='lat' dir='ltr'>miser</span> <span class='ocrx_word' id='word_1_230' title='bbox 1023 3163 1097 3218; x_wconf 91' lang='lat' dir='ltr'>de</span> <span class='ocrx_word' id='word_1_231' title='bbox 1149 3161 1465 3235; x_wconf 86' lang='lat' dir='ltr'>profundis</span> <span class='ocrx_word' id='word_1_232' title='bbox 1529 3160 1864 3227; x_wconf 88' lang='lat' dir='ltr'>ruminans,</span> <span class='ocrx_word' id='word_1_233' title='bbox 1934 3158 2064 3214; x_wconf 71' lang='lat' dir='ltr'>vitze</span> 
     </span>
    </p>
   </div>
   <div class='ocr_carea' id='block_1_36' title="bbox 397 3249 2069 3329">
    <p class='ocr_par' dir='ltr' id='par_1_36' title="bbox 397 3249 2069 3329">
     <span class='ocr_line' id='line_1_36' title="bbox 397 3249 2069 3329; baseline -0.007 -15"><span class='ocrx_word' id='word_1_234' title='bbox 397 3256 738 3329; x_wconf 86' lang='lat' dir='ltr'>absumptis</span> <span class='ocrx_word' id='word_1_235' title='bbox 769 3253 1042 3309; x_wconf 90' lang='lat' dir='ltr'>omnium</span> <span class='ocrx_word' id='word_1_236' title='bbox 1075 3252 1301 3325; x_wconf 85' lang='lat' dir='ltr'>spebus</span> <span class='ocrx_word' id='word_1_237' title='bbox 1346 3267 1468 3323; x_wconf 68' lang='lat' dir='ltr'>prae</span> <span class='ocrx_word' id='word_1_238' title='bbox 1520 3249 1751 3305; x_wconf 88' lang='lat' dir='ltr'>tristitia</span> <span class='ocrx_word' id='word_1_239' title='bbox 1783 3265 1920 3303; x_wconf 89' lang='lat' dir='ltr'>sum</span> <span class='ocrx_word' id='word_1_240' title='bbox 1977 3264 2069 3302; x_wconf 90' lang='lat' dir='ltr'>so—</span> 
     </span>
    </p>
   </div>
   <div class='ocr_carea' id='block_1_37' title="bbox 396 3335 2065 3420">
    <p class='ocr_par' dir='ltr' id='par_1_37' title="bbox 396 3335 2065 3420">
     <span class='ocr_line' id='line_1_37' title="bbox 396 3335 2065 3420; baseline -0.008 -17"><span class='ocrx_word' id='word_1_241' title='bbox 396 3350 666 3420; x_wconf 88' lang='lat' dir='ltr'>poratus.</span> <span class='ocrx_word' id='word_1_242' title='bbox 701 3348 765 3400; x_wconf 91' lang='lat' dir='ltr'>In</span> <span class='ocrx_word' id='word_1_243' title='bbox 795 3342 1152 3399; x_wconf 90' lang='lat' dir='ltr'>dormiendo</span> <span class='ocrx_word' id='word_1_244' title='bbox 1185 3344 1386 3396; x_wconf 89' lang='lat' dir='ltr'>autem</span> <span class='ocrx_word' id='word_1_245' title='bbox 1408 3338 1690 3393; x_wconf 82' lang='lat' dir='ltr'>videbam</span> <span class='ocrx_word' id='word_1_246' title='bbox 1739 3336 1910 3409; x_wconf 91' lang='lat' dir='ltr'>quasi</span> <span class='ocrx_word' id='word_1_247' title='bbox 1957 3335 2065 3391; x_wconf 91' lang='lat' dir='ltr'>do-</span> 
     </span>
    </p>
   </div>
   <div class='ocr_carea' id='block_1_38' title="bbox 398 3425 2066 3502">
    <p class='ocr_par' dir='ltr' id='par_1_38' title="bbox 398 3425 2066 3502">
     <span class='ocr_line' id='line_1_38' title="bbox 398 3425 2066 3502; baseline -0.008 -11"><span class='ocrx_word' id='word_1_248' title='bbox 398 3434 543 3491; x_wconf 89' lang='lat' dir='ltr'>mini</span> <span class='ocrx_word' id='word_1_249' title='bbox 574 3433 692 3489; x_wconf 89' lang='lat' dir='ltr'>mei</span> <span class='ocrx_word' id='word_1_250' title='bbox 732 3430 1012 3502; x_wconf 81' lang='lat' dir='ltr'>martyris</span> <span class='ocrx_word' id='word_1_251' title='bbox 1046 3428 1473 3484; x_wconf 86' lang='lat' dir='ltr'>Emmerammi</span> <span class='ocrx_word' id='word_1_252' title='bbox 1523 3444 1646 3499; x_wconf 65' lang='lat' dir='ltr'>prie</span> <span class='ocrx_word' id='word_1_253' title='bbox 1687 3425 1875 3481; x_wconf 90' lang='lat' dir='ltr'>oculis</span> <span class='ocrx_word' id='word_1_254' title='bbox 1919 3441 2066 3497; x_wconf 90' lang='lat' dir='ltr'>pen-</span> 
     </span>
    </p>
   </div>
   <div class='ocr_carea' id='block_1_39' title="bbox 396 3517 2065 3599">
    <p class='ocr_par' dir='ltr' id='par_1_39' title="bbox 396 3517 2065 3599">
     <span class='ocr_line' id='line_1_39' title="bbox 396 3517 2065 3599; baseline -0.008 -16"><span class='ocrx_word' id='word_1_255' title='bbox 396 3528 536 3583; x_wconf 91' lang='lat' dir='ltr'>dere</span> <span class='ocrx_word' id='word_1_256' title='bbox 556 3523 921 3599; x_wconf 89' lang='lat' dir='ltr'>pastoralem</span> <span class='ocrx_word' id='word_1_257' title='bbox 948 3524 1203 3591; x_wconf 87' lang='lat' dir='ltr'>virgam,</span> <span class='ocrx_word' id='word_1_258' title='bbox 1237 3536 1424 3591; x_wconf 87' lang='lat' dir='ltr'>quam</span> <span class='ocrx_word' id='word_1_259' title='bbox 1469 3518 1645 3585; x_wconf 79' lang='lat' dir='ltr'>vulgo</span> <span class='ocrx_word' id='word_1_260' title='bbox 1672 3517 1877 3572; x_wconf 80' lang='lat' dir='ltr'>dicunt</span> <span class='ocrx_word' id='word_1_261' title='bbox 1909 3533 2065 3570; x_wconf 87' lang='lat' dir='ltr'>cam-</span> 
     </span>
    </p>
   </div>
   <div class='ocr_carea' id='block_1_40' title="bbox 394 3607 2064 3679">
    <p class='ocr_par' dir='ltr' id='par_1_40' title="bbox 394 3607 2064 3679">
     <span class='ocr_line' id='line_1_40' title="bbox 394 3607 2064 3679; baseline -0.008 -7"><span class='ocrx_word' id='word_1_262' title='bbox 394 3616 601 3672; x_wconf 88' lang='lat' dir='ltr'>botam</span> <span class='ocrx_word' id='word_1_263' title='bbox 634 3614 724 3669; x_wconf 85' lang='lat' dir='ltr'>vel</span> <span class='ocrx_word' id='word_1_264' title='bbox 754 3612 1028 3668; x_wconf 85' lang='lat' dir='ltr'>ferulam.</span> <span class='ocrx_word' id='word_1_265' title='bbox 1062 3610 1245 3679; x_wconf 88' lang='lat' dir='ltr'>Cujus</span> <span class='ocrx_word' id='word_1_266' title='bbox 1275 3625 1431 3664; x_wconf 88' lang='lat' dir='ltr'>unco</span> <span class='ocrx_word' id='word_1_267' title='bbox 1463 3607 1540 3663; x_wconf 90' lang='lat' dir='ltr'>ad</span> <span class='ocrx_word' id='word_1_268' title='bbox 1594 3607 1810 3661; x_wconf 81' lang='lat' dir='ltr'>faciem</span> <span class='ocrx_word' id='word_1_269' title='bbox 1865 3622 2064 3660; x_wconf 87' lang='lat' dir='ltr'>meam</span> 
     </span>
    </p>
   </div>
   <div class='ocr_carea' id='block_1_41' title="bbox 394 3694 2065 3771">
    <p class='ocr_par' dir='ltr' id='par_1_41' title="bbox 394 3694 2065 3771">
     <span class='ocr_line' id='line_1_41' title="bbox 394 3694 2065 3771; baseline -0.008 -9"><span class='ocrx_word' id='word_1_270' title='bbox 394 3720 710 3771; x_wconf 91' lang='lat' dir='ltr'>converso,</span> <span class='ocrx_word' id='word_1_271' title='bbox 740 3701 1003 3757; x_wconf 86' lang='lat' dir='ltr'>sentiens</span> <span class='ocrx_word' id='word_1_272' title='bbox 1036 3699 1252 3755; x_wconf 88' lang='lat' dir='ltr'>adesse</span> <span class='ocrx_word' id='word_1_273' title='bbox 1297 3697 1443 3753; x_wconf 90' lang='lat' dir='ltr'>mihi</span> <span class='ocrx_word' id='word_1_274' title='bbox 1493 3696 1786 3751; x_wconf 82' lang='lat' dir='ltr'>beneﬁcia</span> <span class='ocrx_word' id='word_1_275' title='bbox 1826 3694 2065 3766; x_wconf 88' lang='lat' dir='ltr'>patroni</span> 
     </span>
    </p>
   </div>
   <div class='ocr_carea' id='block_1_42' title="bbox 394 3782 2063 3865">
    <p class='ocr_par' dir='ltr' id='par_1_42' title="bbox 394 3782 2063 3865">
     <span class='ocr_line' id='line_1_42' title="bbox 394 3782 2063 3865; baseline -0.008 -15"><span class='ocrx_word' id='word_1_276' title='bbox 394 3810 555 3865; x_wconf 72' lang='lat' dir='ltr'>saepe</span> <span class='ocrx_word' id='word_1_277' title='bbox 584 3790 834 3864; x_wconf 84' lang='lat' dir='ltr'>experti,</span> <span class='ocrx_word' id='word_1_278' title='bbox 862 3804 1115 3844; x_wconf 91' lang='lat' dir='ltr'>manum</span> <span class='ocrx_word' id='word_1_279' title='bbox 1147 3786 1455 3842; x_wconf 90' lang='lat' dir='ltr'>tentabam</span> <span class='ocrx_word' id='word_1_280' title='bbox 1488 3784 1564 3839; x_wconf 91' lang='lat' dir='ltr'>illi</span> <span class='ocrx_word' id='word_1_281' title='bbox 1598 3784 1876 3849; x_wconf 87' lang='lat' dir='ltr'>inserere,</span> <span class='ocrx_word' id='word_1_282' title='bbox 1904 3787 1968 3838; x_wconf 88' lang='lat' dir='ltr'>ut</span> <span class='ocrx_word' id='word_1_283' title='bbox 1989 3782 2063 3838; x_wconf 91' lang='lat' dir='ltr'>de</span> 
     </span>
    </p>
   </div>
   <div class='ocr_carea' id='block_1_43' title="bbox 391 3872 2062 3955">
    <p class='ocr_par' dir='ltr' id='par_1_43' title="bbox 391 3872 2062 3955">
     <span class='ocr_line' id='line_1_43' title="bbox 391 3872 2062 3955; baseline -0.007 -17"><span class='ocrx_word' id='word_1_284' title='bbox 391 3874 697 3955; x_wconf 82' lang='lat' dir='ltr'>profundo</span> <span class='ocrx_word' id='word_1_285' title='bbox 739 3877 939 3950; x_wconf 85' lang='lat' dir='ltr'>pelagi</span> <span class='ocrx_word' id='word_1_286' title='bbox 969 3880 1105 3947; x_wconf 89' lang='lat' dir='ltr'>post</span> <span class='ocrx_word' id='word_1_287' title='bbox 1136 3892 1197 3931; x_wconf 88' lang='lat' dir='ltr'>se</span> <span class='ocrx_word' id='word_1_288' title='bbox 1248 3876 1330 3930; x_wconf 89' lang='lat' dir='ltr'>sic</span> <span class='ocrx_word' id='word_1_289' title='bbox 1375 3890 1472 3929; x_wconf 90' lang='lat' dir='ltr'>me</span> <span class='ocrx_word' id='word_1_290' title='bbox 1519 3874 1926 3929; x_wconf 72' lang='lat' dir='ltr'>adhaerentem</span> <span class='ocrx_word' id='word_1_291' title='bbox 1978 3872 2062 3926; x_wconf 90' lang='lat' dir='ltr'>di-</span> 
     </span>
    </p>
   </div>
   <div class='ocr_carea' id='block_1_44' title="bbox 392 3963 2063 4041">
    <p class='ocr_par' dir='ltr' id='par_1_44' title="bbox 392 3963 2063 4041">
     <span class='ocr_line' id='line_1_44' title="bbox 392 3963 2063 4041; baseline -0.006 -16"><span class='ocrx_word' id='word_1_292' title='bbox 392 3973 678 4041; x_wconf 83' lang='lat' dir='ltr'>gnaretur</span> <span class='ocrx_word' id='word_1_293' title='bbox 702 3966 1030 4023; x_wconf 83' lang='lat' dir='ltr'>extrahere.</span> <span class='ocrx_word' id='word_1_294' title='bbox 1059 3967 1219 4019; x_wconf 87' lang='lat' dir='ltr'>Tunc</span> <span class='ocrx_word' id='word_1_295' title='bbox 1250 3968 1403 4019; x_wconf 90' lang='lat' dir='ltr'>certe</span> <span class='ocrx_word' id='word_1_296' title='bbox 1433 3963 1495 4017; x_wconf 89' lang='lat' dir='ltr'>in</span> <span class='ocrx_word' id='word_1_297' title='bbox 1526 3963 1657 4033; x_wconf 89' lang='lat' dir='ltr'>ipsa</span> <span class='ocrx_word' id='word_1_298' title='bbox 1686 3978 1906 4017; x_wconf 91' lang='lat' dir='ltr'>manus</span> <span class='ocrx_word' id='word_1_299' title='bbox 1928 3978 2063 4034; x_wconf 90' lang='lat' dir='ltr'>por-</span> 
     </span>
    </p>
   </div>
   <div class='ocr_carea' id='block_1_45' title="bbox 389 4052 2063 4130">
    <p class='ocr_par' dir='ltr' id='par_1_45' title="bbox 389 4052 2063 4130">
     <span class='ocr_line' id='line_1_45' title="bbox 389 4052 2063 4130; baseline -0.005 -14"><span class='ocrx_word' id='word_1_300' title='bbox 389 4059 673 4127; x_wconf 89' lang='lat' dir='ltr'>rectione,</span> <span class='ocrx_word' id='word_1_301' title='bbox 701 4072 892 4130; x_wconf 90' lang='lat' dir='ltr'>quam</span> <span class='ocrx_word' id='word_1_302' title='bbox 921 4053 1103 4109; x_wconf 89' lang='lat' dir='ltr'>veluti</span> <span class='ocrx_word' id='word_1_303' title='bbox 1128 4053 1384 4122; x_wconf 87' lang='lat' dir='ltr'>vigilans</span> <span class='ocrx_word' id='word_1_304' title='bbox 1431 4052 1734 4121; x_wconf 89' lang='lat' dir='ltr'>levabam,</span> <span class='ocrx_word' id='word_1_305' title='bbox 1782 4068 2063 4124; x_wconf 84' lang='lat' dir='ltr'>experge-</span> 
     </span>
    </p>
   </div>
   <div class='ocr_carea' id='block_1_46' title="bbox 389 4141 2060 4212">
    <p class='ocr_par' dir='ltr' id='par_1_46' title="bbox 389 4141 2060 4212">
     <span class='ocr_line' id='line_1_46' title="bbox 389 4141 2060 4212; baseline -0.007 -6"><span class='ocrx_word' id='word_1_306' title='bbox 389 4149 582 4206; x_wconf 86' lang='lat' dir='ltr'>factus</span> <span class='ocrx_word' id='word_1_307' title='bbox 622 4146 746 4203; x_wconf 91' lang='lat' dir='ltr'>vidi</span> <span class='ocrx_word' id='word_1_308' title='bbox 787 4150 1024 4201; x_wconf 90' lang='lat' dir='ltr'>noctem</span> <span class='ocrx_word' id='word_1_309' title='bbox 1076 4142 1192 4212; x_wconf 90' lang='lat' dir='ltr'>die,</span> <span class='ocrx_word' id='word_1_310' title='bbox 1238 4142 1387 4198; x_wconf 64' lang='lat' dir='ltr'>iretis</span> <span class='ocrx_word' id='word_1_311' title='bbox 1437 4141 1685 4209; x_wconf 86' lang='lat' dir='ltr'>tristitia,</span> <span class='ocrx_word' id='word_1_312' title='bbox 1737 4141 1888 4195; x_wconf 88' lang='lat' dir='ltr'>aeris</span> <span class='ocrx_word' id='word_1_313' title='bbox 1937 4145 2060 4195; x_wconf 88' lang='lat' dir='ltr'>tur-</span> 
     </span>
    </p>
   </div>
   <div class='ocr_carea' id='block_1_47' title="bbox 387 4229 2059 4309">
    <p class='ocr_par' dir='ltr' id='par_1_47' title="bbox 387 4229 2059 4309">
     <span class='ocr_line' id='line_1_47' title="bbox 387 4229 2059 4309; baseline -0.007 -14"><span class='ocrx_word' id='word_1_314' title='bbox 387 4238 554 4309; x_wconf 90' lang='lat' dir='ltr'>bida,</span> <span class='ocrx_word' id='word_1_315' title='bbox 585 4234 899 4293; x_wconf 88' lang='lat' dir='ltr'>serenitate</span> <span class='ocrx_word' id='word_1_316' title='bbox 930 4237 1181 4289; x_wconf 88' lang='lat' dir='ltr'>mutata.</span> <span class='ocrx_word' id='word_1_317' title='bbox 1208 4231 1296 4287; x_wconf 86' lang='lat' dir='ltr'>Ad</span> <span class='ocrx_word' id='word_1_318' title='bbox 1325 4231 1497 4302; x_wconf 91' lang='lat' dir='ltr'>cujus</span> <span class='ocrx_word' id='word_1_319' title='bbox 1527 4229 1869 4303; x_wconf 88' lang='lat' dir='ltr'>spectacula</span> <span class='ocrx_word' id='word_1_320' title='bbox 1899 4229 2059 4284; x_wconf 88' lang='lat' dir='ltr'>exhi-</span> 
     </span>
    </p>
   </div>
   <div class='ocr_carea' id='block_1_48' title="bbox 386 4320 2060 4385">
    <p class='ocr_par' dir='ltr' id='par_1_48' title="bbox 386 4320 2060 4385">
     <span class='ocr_line' id='line_1_48' title="bbox 386 4320 2060 4385; baseline -0.006 0"><span class='ocrx_word' id='word_1_321' title='bbox 386 4329 613 4385; x_wconf 90' lang='lat' dir='ltr'>laratus</span> <span class='ocrx_word' id='word_1_322' title='bbox 644 4324 913 4382; x_wconf 90' lang='lat' dir='ltr'>mirabar</span> <span class='ocrx_word' id='word_1_323' title='bbox 952 4340 1091 4378; x_wconf 90' lang='lat' dir='ltr'>cum</span> <span class='ocrx_word' id='word_1_324' title='bbox 1120 4321 1480 4379; x_wconf 85' lang='lat' dir='ltr'>mirantibus</span> <span class='ocrx_word' id='word_1_325' title='bbox 1525 4325 1648 4376; x_wconf 89' lang='lat' dir='ltr'>tam</span> <span class='ocrx_word' id='word_1_326' title='bbox 1696 4320 1957 4375; x_wconf 88' lang='lat' dir='ltr'>subitam</span> <span class='ocrx_word' id='word_1_327' title='bbox 2004 4325 2060 4375; x_wconf 89' lang='lat' dir='ltr'>et</span> 
     </span>
    </p>
   </div>
   <div class='ocr_carea' id='block_1_49' title="bbox 386 4411 2057 4491">
    <p class='ocr_par' dir='ltr' id='par_1_49' title="bbox 386 4411 2057 4491">
     <span class='ocr_line' id='line_1_49' title="bbox 386 4411 2057 4491; baseline -0.007 -16"><span class='ocrx_word' id='word_1_328' title='bbox 386 4417 713 4491; x_wconf 89' lang='lat' dir='ltr'>perniciem</span> <span class='ocrx_word' id='word_1_329' title='bbox 766 4415 985 4471; x_wconf 70' lang='lat' dir='ltr'>dextrae</span> <span class='ocrx_word' id='word_1_330' title='bbox 1036 4412 1251 4469; x_wconf 80' lang='lat' dir='ltr'>excelsi</span> <span class='ocrx_word' id='word_1_331' title='bbox 1302 4411 1804 4467; x_wconf 89' lang='lat' dir='ltr'>immutationem.</span> <span class='ocrx_word' id='word_1_332' title='bbox 1858 4413 2057 4465; x_wconf 82' lang='lat' dir='ltr'>Nautae</span> 
     </span>
    </p>
   </div>
   <div class='ocr_carea' id='block_1_50' title="bbox 386 4500 2056 4577">
    <p class='ocr_par' dir='ltr' id='par_1_50' title="bbox 386 4500 2056 4577">
     <span class='ocr_line' id='line_1_50' title="bbox 386 4500 2056 4577; baseline -0.006 -13"><span class='ocrx_word' id='word_1_333' title='bbox 386 4525 528 4564; x_wconf 88' lang='lat' dir='ltr'>vero</span> <span class='ocrx_word' id='word_1_334' title='bbox 556 4507 784 4563; x_wconf 88' lang='lat' dir='ltr'>viribus</span> <span class='ocrx_word' id='word_1_335' title='bbox 805 4504 1126 4577; x_wconf 85' lang='lat' dir='ltr'>resumptis</span> <span class='ocrx_word' id='word_1_336' title='bbox 1151 4501 1373 4573; x_wconf 87' lang='lat' dir='ltr'>gratias</span> <span class='ocrx_word' id='word_1_337' title='bbox 1399 4501 1737 4557; x_wconf 81' lang='lat' dir='ltr'>referebant</span> <span class='ocrx_word' id='word_1_338' title='bbox 1765 4503 1882 4555; x_wconf 92' lang='lat' dir='ltr'>Deo</span> <span class='ocrx_word' id='word_1_339' title='bbox 1903 4500 2056 4572; x_wconf 89' lang='lat' dir='ltr'>pari-</span> 
     </span>
    </p>
   </div>
   <div class='ocr_carea' id='block_1_51' title="bbox 384 4588 2055 4668">
    <p class='ocr_par' dir='ltr' id='par_1_51' title="bbox 384 4588 2055 4668">
     <span class='ocr_line' id='line_1_51' title="bbox 384 4588 2055 4668; baseline -0.005 -16"><span class='ocrx_word' id='word_1_340' title='bbox 384 4601 471 4653; x_wconf 89' lang='lat' dir='ltr'>ter</span> <span class='ocrx_word' id='word_1_341' title='bbox 500 4601 557 4652; x_wconf 89' lang='lat' dir='ltr'>et</span> <span class='ocrx_word' id='word_1_342' title='bbox 585 4611 694 4668; x_wconf 90' lang='lat' dir='ltr'>pro</span> <span class='ocrx_word' id='word_1_343' title='bbox 726 4593 913 4650; x_wconf 86' lang='lat' dir='ltr'>salute</span> <span class='ocrx_word' id='word_1_344' title='bbox 945 4608 1054 4648; x_wconf 90' lang='lat' dir='ltr'>nec</span> <span class='ocrx_word' id='word_1_345' title='bbox 1082 4607 1206 4647; x_wconf 91' lang='lat' dir='ltr'>non</span> <span class='ocrx_word' id='word_1_346' title='bbox 1232 4589 1507 4646; x_wconf 90' lang='lat' dir='ltr'>miraculi</span> <span class='ocrx_word' id='word_1_347' title='bbox 1552 4588 1902 4662; x_wconf 87' lang='lat' dir='ltr'>quantitate.</span> <span class='ocrx_word' id='word_1_348' title='bbox 1937 4590 2055 4657; x_wconf 85' lang='lat' dir='ltr'>Ego</span> 
     </span>
    </p>
   </div>
   <div class='ocr_carea' id='block_1_52' title="bbox 386 4677 2055 4753">
    <p class='ocr_par' dir='ltr' id='par_1_52' title="bbox 386 4677 2055 4753">
     <span class='ocr_line' id='line_1_52' title="bbox 386 4677 2055 4753; baseline -0.007 -11"><span class='ocrx_word' id='word_1_349' title='bbox 386 4692 586 4742; x_wconf 90' lang='lat' dir='ltr'>autem</span> <span class='ocrx_word' id='word_1_350' title='bbox 638 4684 1006 4753; x_wconf 84' lang='lat' dir='ltr'>gratiﬁcatus</span> <span class='ocrx_word' id='word_1_351' title='bbox 1042 4681 1317 4737; x_wconf 88' lang='lat' dir='ltr'>omnium</span> <span class='ocrx_word' id='word_1_352' title='bbox 1356 4680 1658 4735; x_wconf 89' lang='lat' dir='ltr'>bonorum</span> <span class='ocrx_word' id='word_1_353' title='bbox 1688 4678 1857 4747; x_wconf 84' lang='lat' dir='ltr'>fonti,</span> <span class='ocrx_word' id='word_1_354' title='bbox 1890 4677 2055 4749; x_wconf 89' lang='lat' dir='ltr'>quod</span> 
     </span>
    </p>
   </div>
   <div class='ocr_carea' id='block_1_53' title="bbox 385 4766 2055 4843">
    <p class='ocr_par' dir='ltr' id='par_1_53' title="bbox 385 4766 2055 4843">
     <span class='ocr_line' id='line_1_53' title="bbox 385 4766 2055 4843; baseline -0.006 -12"><span class='ocrx_word' id='word_1_355' title='bbox 385 4775 608 4831; x_wconf 89' lang='lat' dir='ltr'>meritis</span> <span class='ocrx_word' id='word_1_356' title='bbox 636 4773 857 4829; x_wconf 88' lang='lat' dir='ltr'>nostris</span> <span class='ocrx_word' id='word_1_357' title='bbox 878 4786 1268 4843; x_wconf 88' lang='lat' dir='ltr'>nequaquam</span> <span class='ocrx_word' id='word_1_358' title='bbox 1299 4768 1492 4842; x_wconf 88' lang='lat' dir='ltr'>potuit</span> <span class='ocrx_word' id='word_1_359' title='bbox 1511 4767 1660 4834; x_wconf 75' lang='lat' dir='ltr'>fieri,</span> <span class='ocrx_word' id='word_1_360' title='bbox 1684 4766 2055 4838; x_wconf 88' lang='lat' dir='ltr'>deputabam</span> 
     </span>
    </p>
   </div>
   <div class='ocr_carea' id='block_1_54' title="bbox 381 4855 2056 4938">
    <p class='ocr_par' dir='ltr' id='par_1_54' title="bbox 381 4855 2056 4938">
     <span class='ocr_line' id='line_1_54' title="bbox 381 4855 2056 4938; baseline -0.007 -16"><span class='ocrx_word' id='word_1_361' title='bbox 381 4864 725 4938; x_wconf 85' lang='lat' dir='ltr'>patrociniis</span> <span class='ocrx_word' id='word_1_362' title='bbox 756 4860 1083 4917; x_wconf 85' lang='lat' dir='ltr'>beatissimi</span> <span class='ocrx_word' id='word_1_363' title='bbox 1130 4858 1408 4930; x_wconf 82' lang='lat' dir='ltr'>martyris</span> <span class='ocrx_word' id='word_1_364' title='bbox 1450 4855 1898 4911; x_wconf 86' lang='lat' dir='ltr'>Emmerammi.</span> <span class='ocrx_word' id='word_1_365' title='bbox 1950 4859 2056 4911; x_wconf 88' lang='lat' dir='ltr'>Per</span> 
     </span>
    </p>
   </div>
   <div class='ocr_carea' id='block_1_55' title="bbox 381 4944 2053 5026">
    <p class='ocr_par' dir='ltr' id='par_1_55' title="bbox 381 4944 2053 5026">
     <span class='ocr_line' id='line_1_55' title="bbox 381 4944 2053 5026; baseline -0.006 -16"><span class='ocrx_word' id='word_1_366' title='bbox 381 4970 565 5026; x_wconf 87' lang='lat' dir='ltr'>quem</span> <span class='ocrx_word' id='word_1_367' title='bbox 598 4952 837 5009; x_wconf 90' lang='lat' dir='ltr'>somnia</span> <span class='ocrx_word' id='word_1_368' title='bbox 857 4955 914 5005; x_wconf 90' lang='lat' dir='ltr'>et</span> <span class='ocrx_word' id='word_1_369' title='bbox 937 4947 1258 5013; x_wconf 90' lang='lat' dir='ltr'>insomnia,</span> <span class='ocrx_word' id='word_1_370' title='bbox 1292 4946 1394 5018; x_wconf 92' lang='lat' dir='ltr'>qui</span> <span class='ocrx_word' id='word_1_371' title='bbox 1422 4961 1545 5000; x_wconf 89' lang='lat' dir='ltr'>non</span> <span class='ocrx_word' id='word_1_372' title='bbox 1594 4944 1815 4999; x_wconf 91' lang='lat' dir='ltr'>dormit</span> <span class='ocrx_word' id='word_1_373' title='bbox 1858 4959 2053 5016; x_wconf 90' lang='lat' dir='ltr'>neque</span> 
     </span>
    </p>
   </div>
   <div class='ocr_carea' id='block_1_56' title="bbox 382 5033 2052 5105">
    <p class='ocr_par' dir='ltr' id='par_1_56' title="bbox 382 5033 2052 5105">
     <span class='ocr_line' id='line_1_56' title="bbox 382 5033 2052 5105; baseline -0.006 -5"><span class='ocrx_word' id='word_1_374' title='bbox 382 5042 666 5099; x_wconf 90' lang='lat' dir='ltr'>dormitat</span> <span class='ocrx_word' id='word_1_375' title='bbox 689 5040 907 5097; x_wconf 80' lang='lat' dir='ltr'>efﬁciat</span> <span class='ocrx_word' id='word_1_376' title='bbox 936 5037 1113 5095; x_wconf 88' lang='lat' dir='ltr'>nobis</span> <span class='ocrx_word' id='word_1_377' title='bbox 1143 5036 1408 5102; x_wconf 84' lang='lat' dir='ltr'>innoxia,</span> <span class='ocrx_word' id='word_1_378' title='bbox 1441 5039 1499 5089; x_wconf 89' lang='lat' dir='ltr'>et</span> <span class='ocrx_word' id='word_1_379' title='bbox 1539 5033 1831 5089; x_wconf 88' lang='lat' dir='ltr'>concedat</span> <span class='ocrx_word' id='word_1_380' title='bbox 1875 5050 2052 5105; x_wconf 89' lang='lat' dir='ltr'>posse</span> 
     </span>
    </p>
   </div>
   <div class='ocr_carea' id='block_1_57' title="bbox 381 5130 1164 5202">
    <p class='ocr_par' dir='ltr' id='par_1_57' title="bbox 381 5130 1164 5202">
     <span class='ocr_line' id='line_1_57' title="bbox 381 5130 1164 5202; baseline -0.009 -13"><span class='ocrx_word' id='word_1_381' title='bbox 381 5132 628 5201; x_wconf 86' lang='lat' dir='ltr'>vigilare</span> <span class='ocrx_word' id='word_1_382' title='bbox 658 5131 737 5188; x_wconf 90' lang='lat' dir='ltr'>ad</span> <span class='ocrx_word' id='word_1_383' title='bbox 769 5145 955 5202; x_wconf 89' lang='lat' dir='ltr'>opera</span> <span class='ocrx_word' id='word_1_384' title='bbox 983 5130 1164 5184; x_wconf 88' lang='lat' dir='ltr'>bona.</span> 
     </span>
    </p>
   </div>
   <div class='ocr_carea' id='block_1_58' title="bbox 453 5207 2051 5288">
    <p class='ocr_par' dir='ltr' id='par_1_58' title="bbox 453 5207 2051 5288">
     <span class='ocr_line' id='line_1_58' title="bbox 453 5207 2051 5288; baseline -0.008 -16"><span class='ocrx_word' id='word_1_385' title='bbox 453 5221 505 5271; x_wconf 89' lang='lat'>9.</span> <span class='ocrx_word' id='word_1_386' title='bbox 537 5215 850 5288; x_wconf 90' lang='lat' dir='ltr'>Superiore</span> <span class='ocrx_word' id='word_1_387' title='bbox 898 5212 1146 5285; x_wconf 88' lang='lat' dir='ltr'>quidem</span> <span class='ocrx_word' id='word_1_388' title='bbox 1199 5209 1461 5283; x_wconf 89' lang='lat' dir='ltr'>capitulo</span> <span class='ocrx_word' id='word_1_389' title='bbox 1492 5207 1832 5281; x_wconf 89' lang='lat' dir='ltr'>prescripsi,</span> <span class='ocrx_word' id='word_1_390' title='bbox 1884 5207 2051 5278; x_wconf 94' lang='lat' dir='ltr'>quod</span> 
     </span>
    </p>
   </div>
   <div class='ocr_carea' id='block_1_59' title="bbox 385 5296 2049 5363">
    <p class='ocr_par' dir='ltr' id='par_1_59' title="bbox 385 5296 2049 5363">
     <span class='ocr_line' id='line_1_59' title="bbox 385 5296 2049 5363; baseline -0.004 -4"><span class='ocrx_word' id='word_1_391' title='bbox 385 5303 680 5359; x_wconf 89' lang='lat' dir='ltr'>cucullato</span> <span class='ocrx_word' id='word_1_392' title='bbox 731 5307 787 5357; x_wconf 90' lang='lat' dir='ltr'>et</span> <span class='ocrx_word' id='word_1_393' title='bbox 826 5303 1128 5358; x_wconf 87' lang='lat' dir='ltr'>monacho</span> <span class='ocrx_word' id='word_1_394' title='bbox 1161 5305 1288 5355; x_wconf 88' lang='lat' dir='ltr'>erat</span> <span class='ocrx_word' id='word_1_395' title='bbox 1314 5296 1733 5363; x_wconf 87' lang='lat' dir='ltr'>consolationi,</span> <span class='ocrx_word' id='word_1_396' title='bbox 1762 5297 1877 5351; x_wconf 91' lang='lat' dir='ltr'>hoc</span> <span class='ocrx_word' id='word_1_397' title='bbox 1907 5310 2049 5352; x_wconf 89' lang='lat' dir='ltr'>vero</span> 
     </span>
    </p>
   </div>
   <div class='ocr_carea' id='block_1_60' title="bbox 382 5386 2048 5463">
    <p class='ocr_par' dir='ltr' id='par_1_60' title="bbox 382 5386 2048 5463">
     <span class='ocr_line' id='line_1_60' title="bbox 382 5386 2048 5463; baseline -0.002 -18"><span class='ocrx_word' id='word_1_398' title='bbox 382 5390 679 5445; x_wconf 89' lang='lat' dir='ltr'>innectere</span> <span class='ocrx_word' id='word_1_399' title='bbox 703 5391 863 5457; x_wconf 89' lang='lat' dir='ltr'>libet,</span> <span class='ocrx_word' id='word_1_400' title='bbox 896 5408 1032 5463; x_wconf 60' lang='lat' dir='ltr'>quae</span> <span class='ocrx_word' id='word_1_401' title='bbox 1064 5391 1180 5445; x_wconf 88' lang='lat' dir='ltr'>sint</span> <span class='ocrx_word' id='word_1_402' title='bbox 1204 5388 1500 5461; x_wconf 85' lang='lat' dir='ltr'>perversis</span> <span class='ocrx_word' id='word_1_403' title='bbox 1546 5386 1744 5443; x_wconf 90' lang='lat' dir='ltr'>timori</span> <span class='ocrx_word' id='word_1_404' title='bbox 1775 5403 1844 5442; x_wconf 90' lang='lat' dir='ltr'>ac</span> <span class='ocrx_word' id='word_1_405' title='bbox 1875 5386 2048 5441; x_wconf 87' lang='lat' dir='ltr'>nihil-</span> 
     </span>
    </p>
   </div>
   <div class='ocr_carea' id='block_1_61' title="bbox 383 5475 2049 5547">
    <p class='ocr_par' dir='ltr' id='par_1_61' title="bbox 383 5475 2049 5547">
     <span class='ocr_line' id='line_1_61' title="bbox 383 5475 2049 5547; baseline 0 -16"><span class='ocrx_word' id='word_1_406' title='bbox 383 5475 626 5531; x_wconf 88' lang='lat' dir='ltr'>ominus</span> <span class='ocrx_word' id='word_1_407' title='bbox 654 5479 940 5547; x_wconf 88' lang='lat' dir='ltr'>apostatis</span> <span class='ocrx_word' id='word_1_408' title='bbox 973 5479 1200 5535; x_wconf 88' lang='lat' dir='ltr'>terrori.</span> <span class='ocrx_word' id='word_1_409' title='bbox 1233 5478 1357 5534; x_wconf 88' lang='lat' dir='ltr'>Fuit</span> <span class='ocrx_word' id='word_1_410' title='bbox 1402 5477 1465 5533; x_wconf 92' lang='lat' dir='ltr'>in</span> <span class='ocrx_word' id='word_1_411' title='bbox 1492 5476 1819 5533; x_wconf 80' lang='lat' dir='ltr'>Ratisbona</span> <span class='ocrx_word' id='word_1_412' title='bbox 1865 5476 2049 5531; x_wconf 92' lang='lat' dir='ltr'>homo</span> 
     </span>
    </p>
   </div>
   <div class='ocr_carea' id='block_1_62' title="bbox 381 5560 2050 5637">
    <p class='ocr_par' dir='ltr' id='par_1_62' title="bbox 381 5560 2050 5637">
     <span class='ocr_line' id='line_1_62' title="bbox 381 5560 2050 5637; baseline 0.002 -21"><span class='ocrx_word' id='word_1_413' title='bbox 381 5560 657 5635; x_wconf 86' lang='lat' dir='ltr'>quidam,</span> <span class='ocrx_word' id='word_1_414' title='bbox 687 5563 931 5618; x_wconf 88' lang='lat' dir='ltr'>nomine</span> <span class='ocrx_word' id='word_1_415' title='bbox 963 5566 1308 5637; x_wconf 83' lang='lat' dir='ltr'>Sigibertus.</span> <span class='ocrx_word' id='word_1_416' title='bbox 1339 5566 1466 5635; x_wconf 86' lang='lat' dir='ltr'>lege</span> <span class='ocrx_word' id='word_1_417' title='bbox 1489 5566 1759 5620; x_wconf 87' lang='lat' dir='ltr'>humana</span> <span class='ocrx_word' id='word_1_418' title='bbox 1786 5581 1889 5619; x_wconf 88' lang='lat' dir='ltr'>seu</span> <span class='ocrx_word' id='word_1_419' title='bbox 1912 5581 2050 5620; x_wconf 86' lang='lat' dir='ltr'>con-</span> 
     </span>
    </p>
   </div>
   <div class='ocr_carea' id='block_1_63' title="bbox 382 5648 2047 5727">
    <p class='ocr_par' dir='ltr' id='par_1_63' title="bbox 382 5648 2047 5727">
     <span class='ocr_line' id='line_1_63' title="bbox 382 5648 2047 5727; baseline 0.004 -24"><span class='ocrx_word' id='word_1_420' title='bbox 382 5648 606 5706; x_wconf 81' lang='lat' dir='ltr'>ditione</span> <span class='ocrx_word' id='word_1_421' title='bbox 634 5648 947 5705; x_wconf 87' lang='lat' dir='ltr'>mundana</span> <span class='ocrx_word' id='word_1_422' title='bbox 973 5654 1142 5723; x_wconf 89' lang='lat' dir='ltr'>liber,</span> <span class='ocrx_word' id='word_1_423' title='bbox 1174 5655 1281 5709; x_wconf 72' lang='lat' dir='ltr'>sed</span> <span class='ocrx_word' id='word_1_424' title='bbox 1311 5655 1647 5711; x_wconf 69' lang='lat' dir='ltr'>Christianae</span> <span class='ocrx_word' id='word_1_425' title='bbox 1678 5671 1952 5727; x_wconf 76' lang='lat' dir='ltr'>veraeque</span> <span class='ocrx_word' id='word_1_426' title='bbox 1976 5654 2047 5710; x_wconf 92' lang='lat' dir='ltr'>li-</span> 
     </span>
    </p>
   </div>
   <div class='ocr_carea' id='block_1_64' title="bbox 379 5733 2046 5815">
    <p class='ocr_par' dir='ltr' id='par_1_64' title="bbox 379 5733 2046 5815">
     <span class='ocr_line' id='line_1_64' title="bbox 379 5733 2046 5815; baseline 0.004 -22"><span class='ocrx_word' id='word_1_427' title='bbox 379 5733 891 5801; x_wconf 79' lang='lat' dir='ltr'>bertatisindigus</span> <span class='ocrx_word' id='word_1_428' title='bbox 919 5743 976 5794; x_wconf 87' lang='lat' dir='ltr'>et</span> <span class='ocrx_word' id='word_1_429' title='bbox 1021 5757 1194 5809; x_wconf 67' lang='lat' dir='ltr'>aeger.</span> <span class='ocrx_word' id='word_1_430' title='bbox 1247 5742 1417 5799; x_wconf 83' lang='lat' dir='ltr'>Hunc</span> <span class='ocrx_word' id='word_1_431' title='bbox 1460 5743 1663 5815; x_wconf 87' lang='lat' dir='ltr'>accepi</span> <span class='ocrx_word' id='word_1_432' title='bbox 1718 5743 2046 5801; x_wconf 85' lang='lat' dir='ltr'>fantasticis</span> 
     </span>
    </p>
   </div>
   <div class='ocr_carea' id='block_1_65' title="bbox 2207 483 3893 560">
    <p class='ocr_par' dir='ltr' id='par_1_65' title="bbox 2207 483 3893 560">
     <span class='ocr_line' id='line_1_65' title="bbox 2207 483 3893 560; baseline 0.009 -23"><span class='ocrx_word' id='word_1_433' title='bbox 2207 483 2303 538; x_wconf 87' lang='lat' dir='ltr'>vel</span> <span class='ocrx_word' id='word_1_434' title='bbox 2332 484 2587 555; x_wconf 83' lang='lat' dir='ltr'>vigilans</span> <span class='ocrx_word' id='word_1_435' title='bbox 2615 487 2887 560; x_wconf 89' lang='lat' dir='ltr'>requiem</span> <span class='ocrx_word' id='word_1_436' title='bbox 2913 488 3135 544; x_wconf 89' lang='lat' dir='ltr'>habere</span> <span class='ocrx_word' id='word_1_437' title='bbox 3184 493 3405 560; x_wconf 89' lang='lat' dir='ltr'>posset,</span> <span class='ocrx_word' id='word_1_438' title='bbox 3439 489 3554 546; x_wconf 90' lang='lat' dir='ltr'>nisi</span> <span class='ocrx_word' id='word_1_439' title='bbox 3586 508 3647 548; x_wconf 90' lang='lat' dir='ltr'>se</span> <span class='ocrx_word' id='word_1_440' title='bbox 3678 495 3893 551; x_wconf 82' lang='lat' dir='ltr'>cucul-</span> 
     </span>
    </p>
   </div>
   <div class='ocr_carea' id='block_1_66' title="bbox 2207 572 3890 651">
    <p class='ocr_par' dir='ltr' id='par_1_66' title="bbox 2207 572 3890 651">
     <span class='ocr_line' id='line_1_66' title="bbox 2207 572 3890 651; baseline 0.009 -23"><span class='ocrx_word' id='word_1_441' title='bbox 2207 572 2397 630; x_wconf 87' lang='lat' dir='ltr'>latum</span> <span class='ocrx_word' id='word_1_442' title='bbox 2424 576 2589 648; x_wconf 89' lang='lat' dir='ltr'>apud</span> <span class='ocrx_word' id='word_1_443' title='bbox 2621 582 2901 633; x_wconf 91' lang='lat' dir='ltr'>sanctum</span> <span class='ocrx_word' id='word_1_444' title='bbox 2933 581 3447 635; x_wconf 88' lang='lat' dir='ltr'>Emmerammum</span> <span class='ocrx_word' id='word_1_445' title='bbox 3471 580 3727 639; x_wconf 83' lang='lat' dir='ltr'>fecisset.</span> <span class='ocrx_word' id='word_1_446' title='bbox 3750 587 3890 651; x_wconf 88' lang='lat' dir='ltr'>Quo</span> 
     </span>
    </p>
   </div>
   <div class='ocr_carea' id='block_1_67' title="bbox 2206 666 3888 739">
    <p class='ocr_par' dir='ltr' id='par_1_67' title="bbox 2206 666 3888 739">
     <span class='ocr_line' id='line_1_67' title="bbox 2206 666 3888 739; baseline 0.009 -23"><span class='ocrx_word' id='word_1_447' title='bbox 2206 668 2566 735; x_wconf 88' lang='lat' dir='ltr'>perpetrato,</span> <span class='ocrx_word' id='word_1_448' title='bbox 2619 666 2966 722; x_wconf 79' lang='lat' dir='ltr'>daemonum</span> <span class='ocrx_word' id='word_1_449' title='bbox 3016 668 3273 722; x_wconf 87' lang='lat' dir='ltr'>cessavit</span> <span class='ocrx_word' id='word_1_450' title='bbox 3315 667 3632 739; x_wconf 83' lang='lat' dir='ltr'>infestatio,</span> <span class='ocrx_word' id='word_1_451' title='bbox 3680 677 3738 729; x_wconf 87' lang='lat' dir='ltr'>et</span> <span class='ocrx_word' id='word_1_452' title='bbox 3790 675 3888 730; x_wconf 92' lang='lat' dir='ltr'>di-</span> 
     </span>
    </p>
   </div>
   <div class='ocr_carea' id='block_1_68' title="bbox 2206 753 3889 832">
    <p class='ocr_par' dir='ltr' id='par_1_68' title="bbox 2206 753 3889 832">
     <span class='ocr_line' id='line_1_68' title="bbox 2206 753 3889 832; baseline 0.01 -27"><span class='ocrx_word' id='word_1_453' title='bbox 2206 768 2380 808; x_wconf 84' lang='lat' dir='ltr'>versa</span> <span class='ocrx_word' id='word_1_454' title='bbox 2408 753 2657 823; x_wconf 90' lang='lat' dir='ltr'>maligni</span> <span class='ocrx_word' id='word_1_455' title='bbox 2706 755 3159 828; x_wconf 90' lang='lat' dir='ltr'>impedimenta,</span> <span class='ocrx_word' id='word_1_456' title='bbox 3206 758 3473 830; x_wconf 81' lang='lat' dir='ltr'>Martyris</span> <span class='ocrx_word' id='word_1_457' title='bbox 3513 776 3691 832; x_wconf 88' lang='lat' dir='ltr'>prece</span> <span class='ocrx_word' id='word_1_458' title='bbox 3737 769 3889 821; x_wconf 87' lang='lat' dir='ltr'>sunt</span> 
     </span>
    </p>
   </div>
   <div class='ocr_carea' id='block_1_69' title="bbox 2208 841 3886 925">
    <p class='ocr_par' dir='ltr' id='par_1_69' title="bbox 2208 841 3886 925">
     <span class='ocr_line' id='line_1_69' title="bbox 2208 841 3886 925; baseline 0.01 -31"><span class='ocrx_word' id='word_1_459' title='bbox 2208 841 2419 913; x_wconf 89' lang='lat' dir='ltr'>sopita.</span> <span class='ocrx_word' id='word_1_460' title='bbox 2479 845 2696 899; x_wconf 90' lang='lat' dir='ltr'>Verum</span> <span class='ocrx_word' id='word_1_461' title='bbox 2744 844 2839 900; x_wconf 90' lang='lat' dir='ltr'>ille</span> <span class='ocrx_word' id='word_1_462' title='bbox 2887 844 3068 900; x_wconf 90' lang='lat' dir='ltr'>miser</span> <span class='ocrx_word' id='word_1_463' title='bbox 3106 850 3161 902; x_wconf 89' lang='lat' dir='ltr'>et</span> <span class='ocrx_word' id='word_1_464' title='bbox 3213 845 3414 902; x_wconf 82' lang='lat' dir='ltr'>infelix</span> <span class='ocrx_word' id='word_1_465' title='bbox 3457 854 3595 921; x_wconf 90' lang='lat' dir='ltr'>post</span> <span class='ocrx_word' id='word_1_466' title='bbox 3646 850 3886 925; x_wconf 89' lang='lat' dir='ltr'>aliquot</span> 
     </span>
    </p>
   </div>
   <div class='ocr_carea' id='block_1_70' title="bbox 2204 930 3882 1006">
    <p class='ocr_par' dir='ltr' id='par_1_70' title="bbox 2204 930 3882 1006">
     <span class='ocr_line' id='line_1_70' title="bbox 2204 930 3882 1006; baseline 0.01 -23"><span class='ocrx_word' id='word_1_467' title='bbox 2204 930 2354 997; x_wconf 82' lang='lat' dir='ltr'>dies,</span> <span class='ocrx_word' id='word_1_468' title='bbox 2403 931 2732 988; x_wconf 87' lang='lat' dir='ltr'>defensoris</span> <span class='ocrx_word' id='word_1_469' title='bbox 2785 934 3030 1006; x_wconf 90' lang='lat' dir='ltr'>oblitus,</span> <span class='ocrx_word' id='word_1_470' title='bbox 3085 937 3573 1005; x_wconf 70' lang='lat' dir='ltr'>suggestionibus</span> <span class='ocrx_word' id='word_1_471' title='bbox 3625 943 3882 999; x_wconf 89' lang='lat' dir='ltr'>occultis</span> 
     </span>
    </p>
   </div>
   <div class='ocr_carea' id='block_1_71' title="bbox 2204 1020 3881 1104">
    <p class='ocr_par' dir='ltr' id='par_1_71' title="bbox 2204 1020 3881 1104">
     <span class='ocr_line' id='line_1_71' title="bbox 2204 1020 3881 1104; baseline 0.01 -31"><span class='ocrx_word' id='word_1_472' title='bbox 2204 1020 2510 1076; x_wconf 85' lang='lat' dir='ltr'>consensit</span> <span class='ocrx_word' id='word_1_473' title='bbox 2538 1021 2717 1086; x_wconf 84' lang='lat' dir='ltr'>illius,</span> <span class='ocrx_word' id='word_1_474' title='bbox 2747 1024 2852 1096; x_wconf 90' lang='lat' dir='ltr'>qui</span> <span class='ocrx_word' id='word_1_475' title='bbox 2882 1024 2944 1080; x_wconf 93' lang='lat' dir='ltr'>in</span> <span class='ocrx_word' id='word_1_476' title='bbox 2976 1041 3036 1080; x_wconf 91' lang='lat' dir='ltr'>se</span> <span class='ocrx_word' id='word_1_477' title='bbox 3079 1030 3282 1098; x_wconf 89' lang='lat' dir='ltr'>aperte</span> <span class='ocrx_word' id='word_1_478' title='bbox 3313 1026 3652 1086; x_wconf 90' lang='lat' dir='ltr'>dominium</span> <span class='ocrx_word' id='word_1_479' title='bbox 3678 1033 3881 1104; x_wconf 91' lang='lat' dir='ltr'>perdi-</span> 
     </span>
    </p>
   </div>
   <div class='ocr_carea' id='block_1_72' title="bbox 2202 1108 3876 1188">
    <p class='ocr_par' dir='ltr' id='par_1_72' title="bbox 2202 1108 3876 1188">
     <span class='ocr_line' id='line_1_72' title="bbox 2202 1108 3876 1188; baseline 0.01 -25"><span class='ocrx_word' id='word_1_480' title='bbox 2202 1108 2287 1163; x_wconf 90' lang='lat' dir='ltr'>dit</span> <span class='ocrx_word' id='word_1_481' title='bbox 2347 1108 2586 1167; x_wconf 87' lang='lat' dir='ltr'>invitus.</span> <span class='ocrx_word' id='word_1_482' title='bbox 2640 1114 2892 1178; x_wconf 86' lang='lat' dir='ltr'>Questus</span> <span class='ocrx_word' id='word_1_483' title='bbox 2949 1130 3092 1184; x_wconf 87' lang='lat' dir='ltr'>ergo</span> <span class='ocrx_word' id='word_1_484' title='bbox 3148 1132 3258 1188; x_wconf 90' lang='lat' dir='ltr'>pro</span> <span class='ocrx_word' id='word_1_485' title='bbox 3305 1117 3581 1174; x_wconf 88' lang='lat' dir='ltr'>carnium</span> <span class='ocrx_word' id='word_1_486' title='bbox 3637 1121 3760 1178; x_wconf 89' lang='lat' dir='ltr'>olla</span> <span class='ocrx_word' id='word_1_487' title='bbox 3814 1123 3876 1179; x_wconf 90' lang='lat' dir='ltr'>in</span> 
     </span>
    </p>
   </div>
   <div class='ocr_carea' id='block_1_73' title="bbox 2199 1201 3875 1286">
    <p class='ocr_par' dir='ltr' id='par_1_73' title="bbox 2199 1201 3875 1286">
     <span class='ocr_line' id='line_1_73' title="bbox 2199 1201 3875 1286; baseline 0.01 -33"><span class='ocrx_word' id='word_1_488' title='bbox 2199 1202 2453 1272; x_wconf 66' lang='lat' dir='ltr'>Egypto</span> <span class='ocrx_word' id='word_1_489' title='bbox 2482 1201 2683 1258; x_wconf 88' lang='lat' dir='ltr'>relicta</span> <span class='ocrx_word' id='word_1_490' title='bbox 2706 1209 2761 1258; x_wconf 90' lang='lat' dir='ltr'>et</span> <span class='ocrx_word' id='word_1_491' title='bbox 2791 1204 3088 1276; x_wconf 65' lang='lat' dir='ltr'>paenitens</span> <span class='ocrx_word' id='word_1_492' title='bbox 3117 1207 3511 1278; x_wconf 90' lang='lat' dir='ltr'>quorundam</span> <span class='ocrx_word' id='word_1_493' title='bbox 3551 1227 3613 1266; x_wconf 91' lang='lat' dir='ltr'>se</span> <span class='ocrx_word' id='word_1_494' title='bbox 3642 1216 3875 1286; x_wconf 89' lang='lat' dir='ltr'>perpeti</span> 
     </span>
    </p>
   </div>
   <div class='ocr_carea' id='block_1_74' title="bbox 2199 1291 3873 1370">
    <p class='ocr_par' dir='ltr' id='par_1_74' title="bbox 2199 1291 3873 1370">
     <span class='ocr_line' id='line_1_74' title="bbox 2199 1291 3873 1370; baseline 0.01 -27"><span class='ocrx_word' id='word_1_495' title='bbox 2199 1291 2516 1361; x_wconf 90' lang='lat' dir='ltr'>penuriam</span> <span class='ocrx_word' id='word_1_496' title='bbox 2547 1291 2604 1347; x_wconf 93' lang='lat' dir='ltr'>in</span> <span class='ocrx_word' id='word_1_497' title='bbox 2630 1295 3015 1361; x_wconf 88' lang='lat' dir='ltr'>monasterio,</span> <span class='ocrx_word' id='word_1_498' title='bbox 3058 1312 3320 1369; x_wconf 89' lang='lat' dir='ltr'>quorum</span> <span class='ocrx_word' id='word_1_499' title='bbox 3369 1314 3622 1370; x_wconf 88' lang='lat' dir='ltr'>parvam</span> <span class='ocrx_word' id='word_1_500' title='bbox 3673 1302 3873 1359; x_wconf 90' lang='lat' dir='ltr'>abun-</span> 
     </span>
    </p>
   </div>
   <div class='ocr_carea' id='block_1_75' title="bbox 2197 1379 3874 1456">
    <p class='ocr_par' dir='ltr' id='par_1_75' title="bbox 2197 1379 3874 1456">
     <span class='ocr_line' id='line_1_75' title="bbox 2197 1379 3874 1456; baseline 0.009 -23"><span class='ocrx_word' id='word_1_501' title='bbox 2197 1379 2464 1435; x_wconf 83' lang='lat' dir='ltr'>dantiam</span> <span class='ocrx_word' id='word_1_502' title='bbox 2499 1381 2650 1437; x_wconf 85' lang='lat' dir='ltr'>falso</span> <span class='ocrx_word' id='word_1_503' title='bbox 2681 1383 2919 1456; x_wconf 88' lang='lat' dir='ltr'>reliquit</span> <span class='ocrx_word' id='word_1_504' title='bbox 2946 1384 3007 1439; x_wconf 92' lang='lat' dir='ltr'>in</span> <span class='ocrx_word' id='word_1_505' title='bbox 3036 1386 3275 1456; x_wconf 57' lang='lat' dir='ltr'>saeculo,</span> <span class='ocrx_word' id='word_1_506' title='bbox 3332 1389 3743 1448; x_wconf 87' lang='lat' dir='ltr'>monastieum</span> <span class='ocrx_word' id='word_1_507' title='bbox 3771 1392 3874 1447; x_wconf 90' lang='lat' dir='ltr'>de-</span> 
     </span>
    </p>
   </div>
   <div class='ocr_carea' id='block_1_76' title="bbox 2195 1468 3873 1551">
    <p class='ocr_par' dir='ltr' id='par_1_76' title="bbox 2195 1468 3873 1551">
     <span class='ocr_line' id='line_1_76' title="bbox 2195 1468 3873 1551; baseline 0.01 -30"><span class='ocrx_word' id='word_1_508' title='bbox 2195 1468 2395 1539; x_wconf 91' lang='lat' dir='ltr'>posuit</span> <span class='ocrx_word' id='word_1_509' title='bbox 2422 1469 2702 1526; x_wconf 89' lang='lat' dir='ltr'>habitum</span> <span class='ocrx_word' id='word_1_510' title='bbox 2754 1488 2892 1527; x_wconf 91' lang='lat' dir='ltr'>cum</span> <span class='ocrx_word' id='word_1_511' title='bbox 2943 1472 3043 1528; x_wconf 91' lang='lat' dir='ltr'>illo</span> <span class='ocrx_word' id='word_1_512' title='bbox 3093 1473 3375 1543; x_wconf 87' lang='lat' dir='ltr'>ludibrio,</span> <span class='ocrx_word' id='word_1_513' title='bbox 3432 1478 3599 1550; x_wconf 90' lang='lat' dir='ltr'>quod</span> <span class='ocrx_word' id='word_1_514' title='bbox 3648 1480 3873 1551; x_wconf 87' lang='lat' dir='ltr'>vulgus</span> 
     </span>
    </p>
   </div>
   <div class='ocr_carea' id='block_1_77' title="bbox 2189 1552 3873 1632">
    <p class='ocr_par' dir='ltr' id='par_1_77' title="bbox 2189 1552 3873 1632">
     <span class='ocr_line' id='line_1_77' title="bbox 2189 1552 3873 1632; baseline 0.01 -27"><span class='ocrx_word' id='word_1_515' title='bbox 2189 1552 2319 1621; x_wconf 89' lang='lat' dir='ltr'>jam</span> <span class='ocrx_word' id='word_1_516' title='bbox 2350 1553 2533 1609; x_wconf 89' lang='lat' dir='ltr'>habet</span> <span class='ocrx_word' id='word_1_517' title='bbox 2554 1554 2617 1609; x_wconf 92' lang='lat' dir='ltr'>in</span> <span class='ocrx_word' id='word_1_518' title='bbox 2645 1555 2963 1627; x_wconf 89' lang='lat' dir='ltr'>proverbio</span> <span class='ocrx_word' id='word_1_519' title='bbox 2999 1574 3012 1611; x_wconf 92' lang='lat'><strong>:</strong></span> <span class='ocrx_word' id='word_1_520' title='bbox 3051 1558 3197 1614; x_wconf 85' lang='lat' dir='ltr'>Hinc</span> <span class='ocrx_word' id='word_1_521' title='bbox 3228 1560 3367 1615; x_wconf 88' lang='lat' dir='ltr'>hinc</span> <span class='ocrx_word' id='word_1_522' title='bbox 3401 1562 3873 1632; x_wconf 91' lang='lat' dir='ltr'>cucullum,non</span> 
     </span>
    </p>
   </div>
   <div class='ocr_carea' id='block_1_78' title="bbox 2194 1641 3873 1721">
    <p class='ocr_par' dir='ltr' id='par_1_78' title="bbox 2194 1641 3873 1721">
     <span class='ocr_line' id='line_1_78' title="bbox 2194 1641 3873 1721; baseline 0.01 -26"><span class='ocrx_word' id='word_1_523' title='bbox 2194 1641 2347 1696; x_wconf 89' lang='lat' dir='ltr'>ultra</span> <span class='ocrx_word' id='word_1_524' title='bbox 2374 1643 2654 1713; x_wconf 88' lang='lat' dir='ltr'>gravabis</span> <span class='ocrx_word' id='word_1_525' title='bbox 2686 1644 2907 1701; x_wconf 91' lang='lat' dir='ltr'>collum</span> <span class='ocrx_word' id='word_1_526' title='bbox 2936 1664 2948 1713; x_wconf 95' lang='lat'><strong>;</strong></span> <span class='ocrx_word' id='word_1_527' title='bbox 2981 1646 3060 1702; x_wconf 92' lang='lat' dir='ltr'>ob</span> <span class='ocrx_word' id='word_1_528' title='bbox 3089 1655 3510 1721; x_wconf 89' lang='lat' dir='ltr'>paupertatem</span> <span class='ocrx_word' id='word_1_529' title='bbox 3540 1655 3873 1710; x_wconf 90' lang='lat' dir='ltr'>monacho-</span> 
     </span>
    </p>
   </div>
   <div class='ocr_carea' id='block_1_79' title="bbox 2123 1731 3875 1812">
    <p class='ocr_par' dir='ltr' id='par_1_79' title="bbox 2123 1731 3875 1812">
     <span class='ocr_line' id='line_1_79' title="bbox 2123 1731 3875 1812; baseline 0.009 -28"><span class='ocrx_word' id='word_1_530' title='bbox 2123 1750 2163 1803; x_wconf 77' lang='grc' dir='ltr'><strong>Β</strong></span> <span class='ocrx_word' id='word_1_531' title='bbox 2194 1746 2329 1786; x_wconf 92' lang='lat' dir='ltr'>rum</span> <span class='ocrx_word' id='word_1_532' title='bbox 2361 1731 2624 1787; x_wconf 89' lang='lat' dir='ltr'>celeriter</span> <span class='ocrx_word' id='word_1_533' title='bbox 2652 1733 2801 1789; x_wconf 80' lang='lat' dir='ltr'>mihi</span> <span class='ocrx_word' id='word_1_534' title='bbox 2827 1736 3247 1793; x_wconf 89' lang='lat' dir='ltr'>revertendum</span> <span class='ocrx_word' id='word_1_535' title='bbox 3280 1738 3357 1794; x_wconf 90' lang='lat' dir='ltr'>ad</span> <span class='ocrx_word' id='word_1_536' title='bbox 3388 1739 3653 1812; x_wconf 88' lang='lat' dir='ltr'>lapidem</span> <span class='ocrx_word' id='word_1_537' title='bbox 3680 1744 3875 1799; x_wconf 88' lang='lat' dir='ltr'>corio-</span> 
     </span>
    </p>
   </div>
   <div class='ocr_carea' id='block_1_80' title="bbox 2192 1820 3869 1900">
    <p class='ocr_par' dir='ltr' id='par_1_80' title="bbox 2192 1820 3869 1900">
     <span class='ocr_line' id='line_1_80' title="bbox 2192 1820 3869 1900; baseline 0.009 -27"><span class='ocrx_word' id='word_1_538' title='bbox 2192 1835 2348 1874; x_wconf 91' lang='lat' dir='ltr'>rum.</span> <span class='ocrx_word' id='word_1_539' title='bbox 2379 1820 2501 1875; x_wconf 87' lang='lat' dir='ltr'>Hoc</span> <span class='ocrx_word' id='word_1_540' title='bbox 2532 1826 2732 1877; x_wconf 88' lang='lat' dir='ltr'>autem</span> <span class='ocrx_word' id='word_1_541' title='bbox 2764 1822 2932 1890; x_wconf 85' lang='lat' dir='ltr'>dixit,</span> <span class='ocrx_word' id='word_1_542' title='bbox 2965 1825 3110 1896; x_wconf 87' lang='lat' dir='ltr'>quia</span> <span class='ocrx_word' id='word_1_543' title='bbox 3155 1827 3319 1898; x_wconf 90' lang='lat' dir='ltr'>prius</span> <span class='ocrx_word' id='word_1_544' title='bbox 3367 1834 3493 1885; x_wconf 81' lang='lat' dir='ltr'>erat</span> <span class='ocrx_word' id='word_1_545' title='bbox 3544 1831 3869 1900; x_wconf 87' lang='lat' dir='ltr'>coriarius,</span> 
     </span>
    </p>
   </div>
   <div class='ocr_carea' id='block_1_81' title="bbox 2194 1909 3872 1993">
    <p class='ocr_par' dir='ltr' id='par_1_81' title="bbox 2194 1909 3872 1993">
     <span class='ocr_line' id='line_1_81' title="bbox 2194 1909 3872 1993; baseline 0.008 -31"><span class='ocrx_word' id='word_1_546' title='bbox 2194 1923 2297 1962; x_wconf 92' lang='lat' dir='ltr'>seu</span> <span class='ocrx_word' id='word_1_547' title='bbox 2337 1909 2883 1967; x_wconf 89' lang='lat' dir='ltr'>calceamentorum</span> <span class='ocrx_word' id='word_1_548' title='bbox 2936 1918 3100 1969; x_wconf 86' lang='lat' dir='ltr'>sutor</span> <span class='ocrx_word' id='word_1_549' title='bbox 3148 1915 3411 1972; x_wconf 90' lang='lat' dir='ltr'>dolosus.</span> <span class='ocrx_word' id='word_1_550' title='bbox 3466 1919 3577 1974; x_wconf 89' lang='lat' dir='ltr'>Sed</span> <span class='ocrx_word' id='word_1_551' title='bbox 3629 1935 3872 1993; x_wconf 84' lang='lat' dir='ltr'>nequa-</span> 
     </span>
    </p>
   </div>
   <div class='ocr_carea' id='block_1_82' title="bbox 2189 1998 3864 2073">
    <p class='ocr_par' dir='ltr' id='par_1_82' title="bbox 2189 1998 3864 2073">
     <span class='ocr_line' id='line_1_82' title="bbox 2189 1998 3864 2073; baseline 0.008 -21"><span class='ocrx_word' id='word_1_552' title='bbox 2189 2014 2378 2070; x_wconf 90' lang='lat' dir='ltr'>quam</span> <span class='ocrx_word' id='word_1_553' title='bbox 2422 1998 2527 2054; x_wconf 92' lang='lat' dir='ltr'>diu</span> <span class='ocrx_word' id='word_1_554' title='bbox 2554 2002 2800 2069; x_wconf 83' lang='lat' dir='ltr'>gavisus</span> <span class='ocrx_word' id='word_1_555' title='bbox 2827 2007 2915 2057; x_wconf 89' lang='lat' dir='ltr'>est</span> <span class='ocrx_word' id='word_1_556' title='bbox 2945 2019 3006 2057; x_wconf 90' lang='lat' dir='ltr'>se</span> <span class='ocrx_word' id='word_1_557' title='bbox 3060 2006 3395 2073; x_wconf 89' lang='lat' dir='ltr'>monachis,</span> <span class='ocrx_word' id='word_1_558' title='bbox 3448 2007 3530 2064; x_wconf 90' lang='lat' dir='ltr'>ita</span> <span class='ocrx_word' id='word_1_559' title='bbox 3574 2008 3864 2067; x_wconf 88' lang='lat' dir='ltr'>illusisse.</span> 
     </span>
    </p>
   </div>
   <div class='ocr_carea' id='block_1_83' title="bbox 2190 2088 3861 2167">
    <p class='ocr_par' dir='ltr' id='par_1_83' title="bbox 2190 2088 3861 2167">
     <span class='ocr_line' id='line_1_83' title="bbox 2190 2088 3861 2167; baseline 0.008 -26"><span class='ocrx_word' id='word_1_560' title='bbox 2190 2088 2337 2141; x_wconf 87' lang='lat' dir='ltr'>Nam</span> <span class='ocrx_word' id='word_1_561' title='bbox 2369 2103 2490 2143; x_wconf 92' lang='lat' dir='ltr'>non</span> <span class='ocrx_word' id='word_1_562' title='bbox 2521 2088 2711 2145; x_wconf 88' lang='lat' dir='ltr'>multo</span> <span class='ocrx_word' id='word_1_563' title='bbox 2742 2096 2878 2162; x_wconf 89' lang='lat' dir='ltr'>post</span> <span class='ocrx_word' id='word_1_564' title='bbox 2905 2092 3174 2163; x_wconf 87' lang='lat' dir='ltr'>maligno</span> <span class='ocrx_word' id='word_1_565' title='bbox 3206 2094 3435 2167; x_wconf 91' lang='lat' dir='ltr'>spiritui</span> <span class='ocrx_word' id='word_1_566' title='bbox 3465 2101 3556 2152; x_wconf 90' lang='lat' dir='ltr'>est</span> <span class='ocrx_word' id='word_1_567' title='bbox 3584 2098 3861 2155; x_wconf 91' lang='lat' dir='ltr'>traditus.</span> 
     </span>
    </p>
   </div>
   <div class='ocr_carea' id='block_1_84' title="bbox 2190 2177 3861 2255">
    <p class='ocr_par' dir='ltr' id='par_1_84' title="bbox 2190 2177 3861 2255">
     <span class='ocr_line' id='line_1_84' title="bbox 2190 2177 3861 2255; baseline 0.008 -25"><span class='ocrx_word' id='word_1_568' title='bbox 2190 2177 2318 2241; x_wconf 88' lang='lat' dir='ltr'>Quo</span> <span class='ocrx_word' id='word_1_569' title='bbox 2360 2184 2605 2246; x_wconf 82' lang='lat' dir='ltr'>urgente</span> <span class='ocrx_word' id='word_1_570' title='bbox 2636 2179 2812 2234; x_wconf 87' lang='lat' dir='ltr'>nimis</span> <span class='ocrx_word' id='word_1_571' title='bbox 2840 2180 3223 2253; x_wconf 89' lang='lat' dir='ltr'>furibundus,</span> <span class='ocrx_word' id='word_1_572' title='bbox 3274 2189 3329 2239; x_wconf 89' lang='lat' dir='ltr'>et</span> <span class='ocrx_word' id='word_1_573' title='bbox 3372 2185 3499 2255; x_wconf 88' lang='lat' dir='ltr'>jam</span> <span class='ocrx_word' id='word_1_574' title='bbox 3548 2190 3861 2242; x_wconf 85' lang='lat' dir='ltr'>catenatus</span> 
     </span>
    </p>
   </div>
   <div class='ocr_carea' id='block_1_85' title="bbox 2189 2265 3859 2341">
    <p class='ocr_par' dir='ltr' id='par_1_85' title="bbox 2189 2265 3859 2341">
     <span class='ocr_line' id='line_1_85' title="bbox 2189 2265 3859 2341; baseline 0.008 -22"><span class='ocrx_word' id='word_1_575' title='bbox 2189 2265 2268 2320; x_wconf 90' lang='lat' dir='ltr'>ad</span> <span class='ocrx_word' id='word_1_576' title='bbox 2298 2272 2574 2323; x_wconf 89' lang='lat' dir='ltr'>sanctum</span> <span class='ocrx_word' id='word_1_577' title='bbox 2608 2272 3119 2327; x_wconf 82' lang='lat' dir='ltr'>Emmerammum</span> <span class='ocrx_word' id='word_1_578' title='bbox 3171 2273 3441 2341; x_wconf 87' lang='lat' dir='ltr'>trahitur,</span> <span class='ocrx_word' id='word_1_579' title='bbox 3481 2290 3551 2331; x_wconf 89' lang='lat' dir='ltr'>ac</span> <span class='ocrx_word' id='word_1_580' title='bbox 3579 2275 3642 2331; x_wconf 91' lang='lat' dir='ltr'>in</span> <span class='ocrx_word' id='word_1_581' title='bbox 3672 2277 3859 2332; x_wconf 90' lang='lat' dir='ltr'>choro</span> 
     </span>
    </p>
   </div>
   <div class='ocr_carea' id='block_1_86' title="bbox 2189 2355 3855 2433">
    <p class='ocr_par' dir='ltr' id='par_1_86' title="bbox 2189 2355 3855 2433">
     <span class='ocr_line' id='line_1_86' title="bbox 2189 2355 3855 2433; baseline 0.007 -23"><span class='ocrx_word' id='word_1_582' title='bbox 2189 2355 2268 2410; x_wconf 91' lang='lat' dir='ltr'>ad</span> <span class='ocrx_word' id='word_1_583' title='bbox 2294 2356 2642 2413; x_wconf 81' lang='lat' dir='ltr'>cohimnam</span> <span class='ocrx_word' id='word_1_584' title='bbox 2672 2358 2909 2428; x_wconf 87' lang='lat' dir='ltr'>ligatur,</span> <span class='ocrx_word' id='word_1_585' title='bbox 2942 2377 3065 2433; x_wconf 92' lang='lat' dir='ltr'>quo</span> <span class='ocrx_word' id='word_1_586' title='bbox 3102 2378 3242 2417; x_wconf 90' lang='lat' dir='ltr'>cum</span> <span class='ocrx_word' id='word_1_587' title='bbox 3288 2363 3499 2419; x_wconf 88' lang='lat' dir='ltr'>fratres</span> <span class='ocrx_word' id='word_1_588' title='bbox 3543 2366 3855 2421; x_wconf 87' lang='lat' dir='ltr'>convenis-</span> 
     </span>
    </p>
   </div>
   <div class='ocr_carea' id='block_1_87' title="bbox 2189 2449 3857 2518">
    <p class='ocr_par' dir='ltr' id='par_1_87' title="bbox 2189 2449 3857 2518">
     <span class='ocr_line' id='line_1_87' title="bbox 2189 2449 3857 2518; baseline 0.008 -20"><span class='ocrx_word' id='word_1_589' title='bbox 2189 2449 2340 2509; x_wconf 87' lang='lat' dir='ltr'>sent,</span> <span class='ocrx_word' id='word_1_590' title='bbox 2373 2450 2429 2501; x_wconf 89' lang='lat' dir='ltr'>et</span> <span class='ocrx_word' id='word_1_591' title='bbox 2454 2462 2563 2517; x_wconf 85' lang='lat' dir='ltr'>pro</span> <span class='ocrx_word' id='word_1_592' title='bbox 2596 2464 2667 2502; x_wconf 83' lang='lat' dir='ltr'>eo</span> <span class='ocrx_word' id='word_1_593' title='bbox 2717 2449 2991 2505; x_wconf 84' lang='lat' dir='ltr'>ﬂebiliter</span> <span class='ocrx_word' id='word_1_594' title='bbox 3041 2457 3337 2518; x_wconf 90' lang='lat' dir='ltr'>orassent,</span> <span class='ocrx_word' id='word_1_595' title='bbox 3388 2453 3691 2510; x_wconf 90' lang='lat' dir='ltr'>interdum</span> <span class='ocrx_word' id='word_1_596' title='bbox 3743 2455 3857 2512; x_wconf 90' lang='lat' dir='ltr'>cla-</span> 
     </span>
    </p>
   </div>
   <div class='ocr_carea' id='block_1_88' title="bbox 2186 2536 3858 2612">
    <p class='ocr_par' dir='ltr' id='par_1_88' title="bbox 2186 2536 3858 2612">
     <span class='ocr_line' id='line_1_88' title="bbox 2186 2536 3858 2612; baseline 0.007 -24"><span class='ocrx_word' id='word_1_597' title='bbox 2186 2548 2353 2589; x_wconf 90' lang='lat' dir='ltr'>more</span> <span class='ocrx_word' id='word_1_598' title='bbox 2377 2536 2687 2592; x_wconf 81' lang='lat' dir='ltr'>adstantes</span> <span class='ocrx_word' id='word_1_599' title='bbox 2715 2540 3102 2611; x_wconf 85' lang='lat' dir='ltr'>perterrendo</span> <span class='ocrx_word' id='word_1_600' title='bbox 3128 2541 3404 2612; x_wconf 87' lang='lat' dir='ltr'>saltabat,</span> <span class='ocrx_word' id='word_1_601' title='bbox 3428 2542 3733 2599; x_wconf 84' lang='lat' dir='ltr'>interdum</span> <span class='ocrx_word' id='word_1_602' title='bbox 3759 2561 3858 2600; x_wconf 88' lang='lat' dir='ltr'>su-</span> 
     </span>
    </p>
   </div>
   <div class='ocr_carea' id='block_1_89' title="bbox 2184 2623 3861 2696">
    <p class='ocr_par' dir='ltr' id='par_1_89' title="bbox 2184 2623 3861 2696">
     <span class='ocr_line' id='line_1_89' title="bbox 2184 2623 3861 2696; baseline 0.007 -18"><span class='ocrx_word' id='word_1_603' title='bbox 2184 2623 2362 2696; x_wconf 90' lang='lat' dir='ltr'>pinus</span> <span class='ocrx_word' id='word_1_604' title='bbox 2384 2625 2643 2695; x_wconf 81' lang='lat' dir='ltr'>jacebat.</span> <span class='ocrx_word' id='word_1_605' title='bbox 2678 2628 3007 2683; x_wconf 76' lang='lat' dir='ltr'>Novissime</span> <span class='ocrx_word' id='word_1_606' title='bbox 3038 2646 3179 2685; x_wconf 91' lang='lat' dir='ltr'>eum</span> <span class='ocrx_word' id='word_1_607' title='bbox 3209 2630 3489 2687; x_wconf 90' lang='lat' dir='ltr'>diabolus</span> <span class='ocrx_word' id='word_1_608' title='bbox 3518 2632 3576 2688; x_wconf 93' lang='lat' dir='ltr'>in</span> <span class='ocrx_word' id='word_1_609' title='bbox 3609 2648 3746 2688; x_wconf 89' lang='lat' dir='ltr'>aere</span> <span class='ocrx_word' id='word_1_610' title='bbox 3763 2650 3861 2689; x_wconf 86' lang='lat' dir='ltr'>su-</span> 
     </span>
    </p>
   </div>
   <div class='ocr_carea' id='block_1_90' title="bbox 2185 2716 3859 2793">
    <p class='ocr_par' dir='ltr' id='par_1_90' title="bbox 2185 2716 3859 2793">
     <span class='ocr_line' id='line_1_90' title="bbox 2185 2716 3859 2793; baseline 0.006 -26"><span class='ocrx_word' id='word_1_611' title='bbox 2185 2729 2476 2786; x_wconf 89' lang='lat' dir='ltr'>spensum</span> <span class='ocrx_word' id='word_1_612' title='bbox 2508 2720 2631 2771; x_wconf 90' lang='lat' dir='ltr'>tam</span> <span class='ocrx_word' id='word_1_613' title='bbox 2660 2716 2764 2771; x_wconf 91' lang='lat' dir='ltr'>diu</span> <span class='ocrx_word' id='word_1_614' title='bbox 2793 2718 2998 2777; x_wconf 82' lang='lat' dir='ltr'>tenuit.</span> <span class='ocrx_word' id='word_1_615' title='bbox 3029 2736 3347 2793; x_wconf 89' lang='lat' dir='ltr'>quousque</span> <span class='ocrx_word' id='word_1_616' title='bbox 3386 2720 3657 2777; x_wconf 87' lang='lat' dir='ltr'>ﬁdelium</span> <span class='ocrx_word' id='word_1_617' title='bbox 3700 2723 3859 2779; x_wconf 89' lang='lat' dir='ltr'>votis</span> 
     </span>
    </p>
   </div>
   <div class='ocr_carea' id='block_1_91' title="bbox 2183 2802 3861 2880">
    <p class='ocr_par' dir='ltr' id='par_1_91' title="bbox 2183 2802 3861 2880">
     <span class='ocr_line' id='line_1_91' title="bbox 2183 2802 3861 2880; baseline 0.006 -24"><span class='ocrx_word' id='word_1_618' title='bbox 2183 2806 2239 2856; x_wconf 91' lang='lat' dir='ltr'>et</span> <span class='ocrx_word' id='word_1_619' title='bbox 2268 2802 2530 2858; x_wconf 80' lang='lat' dir='ltr'>maxime</span> <span class='ocrx_word' id='word_1_620' title='bbox 2564 2806 2620 2859; x_wconf 91' lang='lat' dir='ltr'>B.</span> <span class='ocrx_word' id='word_1_621' title='bbox 2660 2807 3083 2862; x_wconf 83' lang='lat' dir='ltr'>Emmerammi</span> <span class='ocrx_word' id='word_1_622' title='bbox 3109 2808 3456 2880; x_wconf 90' lang='lat' dir='ltr'>patrociniis</span> <span class='ocrx_word' id='word_1_623' title='bbox 3482 2809 3531 2864; x_wconf 91' lang='lat' dir='ltr'>ei</span> <span class='ocrx_word' id='word_1_624' title='bbox 3548 2826 3861 2866; x_wconf 90' lang='lat' dir='ltr'>succurre-</span> 
     </span>
    </p>
   </div>
   <div class='ocr_carea' id='block_1_92' title="bbox 2181 2892 3865 2973">
    <p class='ocr_par' dir='ltr' id='par_1_92' title="bbox 2181 2892 3865 2973">
     <span class='ocr_line' id='line_1_92' title="bbox 2181 2892 3865 2973; baseline 0.007 -28"><span class='ocrx_word' id='word_1_625' title='bbox 2181 2895 2269 2945; x_wconf 87' lang='lat' dir='ltr'>ret</span> <span class='ocrx_word' id='word_1_626' title='bbox 2300 2892 2585 2963; x_wconf 87' lang='lat' dir='ltr'>majestas</span> <span class='ocrx_word' id='word_1_627' title='bbox 2614 2893 2830 2949; x_wconf 67' lang='lat' dir='ltr'>divina:</span> <span class='ocrx_word' id='word_1_628' title='bbox 2862 2895 3113 2966; x_wconf 89' lang='lat' dir='ltr'>pietatis.</span> <span class='ocrx_word' id='word_1_629' title='bbox 3152 2898 3314 2951; x_wconf 90' lang='lat' dir='ltr'>Tunc</span> <span class='ocrx_word' id='word_1_630' title='bbox 3368 2896 3617 2954; x_wconf 90' lang='lat' dir='ltr'>demum</span> <span class='ocrx_word' id='word_1_631' title='bbox 3664 2898 3865 2973; x_wconf 87' lang='lat' dir='ltr'>relap-</span> 
     </span>
    </p>
   </div>
   <div class='ocr_carea' id='block_1_93' title="bbox 2185 2980 3862 3061">
    <p class='ocr_par' dir='ltr' id='par_1_93' title="bbox 2185 2980 3862 3061">
     <span class='ocr_line' id='line_1_93' title="bbox 2185 2980 3862 3061; baseline 0.008 -28"><span class='ocrx_word' id='word_1_632' title='bbox 2185 2997 2290 3034; x_wconf 89' lang='lat' dir='ltr'>sus</span> <span class='ocrx_word' id='word_1_633' title='bbox 2315 2980 2375 3035; x_wconf 93' lang='lat' dir='ltr'>in</span> <span class='ocrx_word' id='word_1_634' title='bbox 2416 2982 2829 3054; x_wconf 90' lang='lat' dir='ltr'>pavimentum</span> <span class='ocrx_word' id='word_1_635' title='bbox 2861 3000 2968 3055; x_wconf 92' lang='lat' dir='ltr'>per</span> <span class='ocrx_word' id='word_1_636' title='bbox 3011 2983 3451 3041; x_wconf 78' lang='lat' dir='ltr'>daemoniacam</span> <span class='ocrx_word' id='word_1_637' title='bbox 3502 2987 3862 3061; x_wconf 87' lang='lat' dir='ltr'>discerptio-</span> 
     </span>
    </p>
   </div>
   <div class='ocr_carea' id='block_1_94' title="bbox 2181 3072 3863 3144">
    <p class='ocr_par' dir='ltr' id='par_1_94' title="bbox 2181 3072 3863 3144">
     <span class='ocr_line' id='line_1_94' title="bbox 2181 3072 3863 3144; baseline 0.008 -21"><span class='ocrx_word' id='word_1_638' title='bbox 2181 3084 2322 3125; x_wconf 91' lang='lat' dir='ltr'>nem</span> <span class='ocrx_word' id='word_1_639' title='bbox 2348 3076 2542 3127; x_wconf 89' lang='lat' dir='ltr'>erecto</span> <span class='ocrx_word' id='word_1_640' title='bbox 2572 3072 2725 3128; x_wconf 92' lang='lat' dir='ltr'>collo</span> <span class='ocrx_word' id='word_1_641' title='bbox 2756 3072 2933 3144; x_wconf 79' lang='lat' dir='ltr'>coepit</span> <span class='ocrx_word' id='word_1_642' title='bbox 2953 3089 3229 3129; x_wconf 88' lang='lat' dir='ltr'>evomere</span> <span class='ocrx_word' id='word_1_643' title='bbox 3260 3090 3535 3131; x_wconf 88' lang='lat' dir='ltr'>cruorem</span> <span class='ocrx_word' id='word_1_644' title='bbox 3566 3094 3708 3135; x_wconf 89' lang='lat' dir='ltr'>cum</span> <span class='ocrx_word' id='word_1_645' title='bbox 3764 3095 3863 3136; x_wconf 90' lang='lat' dir='ltr'>sa-</span> 
     </span>
    </p>
   </div>
   <div class='ocr_carea' id='block_1_95' title="bbox 2180 3157 3931 3237">
    <p class='ocr_par' dir='ltr' id='par_1_95' title="bbox 2180 3157 3931 3237">
     <span class='ocr_line' id='line_1_95' title="bbox 2180 3157 3931 3237; baseline 0.007 -25"><span class='ocrx_word' id='word_1_646' title='bbox 2180 3157 2295 3212; x_wconf 90' lang='lat' dir='ltr'>nie.</span> <span class='ocrx_word' id='word_1_647' title='bbox 2332 3161 2461 3223; x_wconf 86' lang='lat' dir='ltr'>Qua</span> <span class='ocrx_word' id='word_1_648' title='bbox 2490 3177 2630 3215; x_wconf 91' lang='lat' dir='ltr'>cum</span> <span class='ocrx_word' id='word_1_649' title='bbox 2651 3159 2945 3233; x_wconf 89' lang='lat' dir='ltr'>plastrum</span> <span class='ocrx_word' id='word_1_650' title='bbox 2967 3160 3325 3218; x_wconf 88' lang='lat' dir='ltr'>horribiliter</span> <span class='ocrx_word' id='word_1_651' title='bbox 3348 3169 3504 3220; x_wconf 88' lang='lat' dir='ltr'>esset</span> <span class='ocrx_word' id='word_1_652' title='bbox 3527 3166 3859 3237; x_wconf 88' lang='lat' dir='ltr'>pollutum,</span> <span class='ocrx_word' id='word_1_653' title='bbox 3924 3186 3931 3193; x_wconf 90' lang='grc'><strong>·</strong></span> 
     </span>
    </p>
   </div>
   <div class='ocr_carea' id='block_1_96' title="bbox 2180 3250 3861 3326">
    <p class='ocr_par' dir='ltr' id='par_1_96' title="bbox 2180 3250 3861 3326">
     <span class='ocr_line' id='line_1_96' title="bbox 2180 3250 3861 3326; baseline 0.007 -25"><span class='ocrx_word' id='word_1_654' title='bbox 2180 3263 2537 3319; x_wconf 88' lang='lat' dir='ltr'>spurcorum</span> <span class='ocrx_word' id='word_1_655' title='bbox 2554 3250 2835 3322; x_wconf 90' lang='lat' dir='ltr'>princeps</span> <span class='ocrx_word' id='word_1_656' title='bbox 2855 3250 3051 3306; x_wconf 89' lang='lat' dir='ltr'>subito</span> <span class='ocrx_word' id='word_1_657' title='bbox 3074 3267 3319 3308; x_wconf 89' lang='lat' dir='ltr'>omnem</span> <span class='ocrx_word' id='word_1_658' title='bbox 3343 3254 3691 3326; x_wconf 89' lang='lat' dir='ltr'>spurcitiam</span> <span class='ocrx_word' id='word_1_659' title='bbox 3707 3257 3861 3314; x_wconf 87' lang='lat' dir='ltr'>inde</span> 
     </span>
    </p>
   </div>
   <div class='ocr_carea' id='block_1_97' title="bbox 2178 3336 3855 3414">
    <p class='ocr_par' dir='ltr' id='par_1_97' title="bbox 2178 3336 3855 3414">
     <span class='ocr_line' id='line_1_97' title="bbox 2178 3336 3855 3414; baseline 0.006 -22"><span class='ocrx_word' id='word_1_660' title='bbox 2178 3336 2475 3406; x_wconf 89' lang='lat' dir='ltr'>auferens,</span> <span class='ocrx_word' id='word_1_661' title='bbox 2528 3356 2733 3394; x_wconf 89' lang='lat' dir='ltr'>secum</span> <span class='ocrx_word' id='word_1_662' title='bbox 2781 3339 2859 3394; x_wconf 92' lang='lat' dir='ltr'>ad</span> <span class='ocrx_word' id='word_1_663' title='bbox 2898 3339 3149 3396; x_wconf 86' lang='lat' dir='ltr'>vitream</span> <span class='ocrx_word' id='word_1_664' title='bbox 3207 3341 3529 3398; x_wconf 87' lang='lat' dir='ltr'>fenestram</span> <span class='ocrx_word' id='word_1_665' title='bbox 3585 3346 3855 3414; x_wconf 90' lang='lat' dir='ltr'>sustulit,</span> 
     </span>
    </p>
   </div>
   <div class='ocr_carea' id='block_1_98' title="bbox 2176 3428 3862 3508">
    <p class='ocr_par' dir='ltr' id='par_1_98' title="bbox 2176 3428 3862 3508">
     <span class='ocr_line' id='line_1_98' title="bbox 2176 3428 3862 3508; baseline 0.006 -27"><span class='ocrx_word' id='word_1_666' title='bbox 2176 3442 2362 3499; x_wconf 90' lang='lat' dir='ltr'>quam</span> <span class='ocrx_word' id='word_1_667' title='bbox 2389 3428 2468 3482; x_wconf 93' lang='lat' dir='ltr'>ob</span> <span class='ocrx_word' id='word_1_668' title='bbox 2498 3428 2689 3483; x_wconf 83' lang='lat' dir='ltr'>exitus</span> <span class='ocrx_word' id='word_1_669' title='bbox 2717 3429 2957 3499; x_wconf 83' lang='lat' dir='ltr'>signum</span> <span class='ocrx_word' id='word_1_670' title='bbox 2978 3432 3352 3499; x_wconf 89' lang='lat' dir='ltr'>comminuit,</span> <span class='ocrx_word' id='word_1_671' title='bbox 3369 3438 3426 3489; x_wconf 88' lang='lat' dir='ltr'>et</span> <span class='ocrx_word' id='word_1_672' title='bbox 3450 3433 3533 3488; x_wconf 92' lang='lat' dir='ltr'>sic</span> <span class='ocrx_word' id='word_1_673' title='bbox 3550 3434 3702 3490; x_wconf 90' lang='lat' dir='ltr'>inter</span> <span class='ocrx_word' id='word_1_674' title='bbox 3729 3436 3862 3508; x_wconf 82' lang='lat' dir='ltr'>spi-</span> 
     </span>
    </p>
   </div>
   <div class='ocr_carea' id='block_1_99' title="bbox 2176 3517 3857 3589">
    <p class='ocr_par' dir='ltr' id='par_1_99' title="bbox 2176 3517 3857 3589">
     <span class='ocr_line' id='line_1_99' title="bbox 2176 3517 3857 3589; baseline 0.006 -18"><span class='ocrx_word' id='word_1_675' title='bbox 2176 3517 2375 3572; x_wconf 90' lang='lat' dir='ltr'>ritales</span> <span class='ocrx_word' id='word_1_676' title='bbox 2400 3518 2721 3589; x_wconf 89' lang='lat' dir='ltr'>nequitias,</span> <span class='ocrx_word' id='word_1_677' title='bbox 2749 3520 3008 3575; x_wconf 88' lang='lat' dir='ltr'>evanuit.</span> <span class='ocrx_word' id='word_1_678' title='bbox 3049 3520 3142 3576; x_wconf 91' lang='lat' dir='ltr'>Ille</span> <span class='ocrx_word' id='word_1_679' title='bbox 3174 3526 3375 3578; x_wconf 87' lang='lat' dir='ltr'>autem</span> <span class='ocrx_word' id='word_1_680' title='bbox 3405 3522 3589 3579; x_wconf 92' lang='lat' dir='ltr'>homo</span> <span class='ocrx_word' id='word_1_681' title='bbox 3620 3525 3857 3581; x_wconf 88' lang='lat' dir='ltr'>multos</span> 
     </span>
    </p>
   </div>
   <div class='ocr_carea' id='block_1_100' title="bbox 2175 3603 3854 3686">
    <p class='ocr_par' dir='ltr' id='par_1_100' title="bbox 2175 3603 3854 3686">
     <span class='ocr_line' id='line_1_100' title="bbox 2175 3603 3854 3686; baseline 0.007 -28"><span class='ocrx_word' id='word_1_682' title='bbox 2175 3603 2311 3660; x_wconf 89' lang='lat' dir='ltr'>fecit</span> <span class='ocrx_word' id='word_1_683' title='bbox 2340 3621 2531 3660; x_wconf 69' lang='lat' dir='ltr'>annos</span> <span class='ocrx_word' id='word_1_684' title='bbox 2562 3606 2621 3661; x_wconf 91' lang='lat' dir='ltr'>in</span> <span class='ocrx_word' id='word_1_685' title='bbox 2651 3608 2817 3675; x_wconf 85' lang='lat' dir='ltr'>gravi</span> <span class='ocrx_word' id='word_1_686' title='bbox 2849 3609 3220 3680; x_wconf 75' lang='lat' dir='ltr'>pienitcntia,</span> <span class='ocrx_word' id='word_1_687' title='bbox 3255 3626 3537 3666; x_wconf 88' lang='lat' dir='ltr'>exercens</span> <span class='ocrx_word' id='word_1_688' title='bbox 3586 3612 3854 3686; x_wconf 90' lang='lat' dir='ltr'>nudipe-</span> 
     </span>
    </p>
   </div>
   <div class='ocr_carea' id='block_1_101' title="bbox 2174 3694 3853 3761">
    <p class='ocr_par' dir='ltr' id='par_1_101' title="bbox 2174 3694 3853 3761">
     <span class='ocr_line' id='line_1_101' title="bbox 2174 3694 3853 3761; baseline 0.006 -13"><span class='ocrx_word' id='word_1_689' title='bbox 2174 3694 2355 3761; x_wconf 89' lang='lat' dir='ltr'>dalia,</span> <span class='ocrx_word' id='word_1_690' title='bbox 2389 3695 2449 3749; x_wconf 90' lang='lat' dir='ltr'>in</span> <span class='ocrx_word' id='word_1_691' title='bbox 2491 3712 2731 3752; x_wconf 89' lang='lat' dir='ltr'>summa</span> <span class='ocrx_word' id='word_1_692' title='bbox 2774 3714 2976 3753; x_wconf 88' lang='lat' dir='ltr'>rerum</span> <span class='ocrx_word' id='word_1_693' title='bbox 3035 3698 3298 3755; x_wconf 86' lang='lat' dir='ltr'>miseria.</span> <span class='ocrx_word' id='word_1_694' title='bbox 3345 3702 3555 3756; x_wconf 86' lang='lat' dir='ltr'>Sancte</span> <span class='ocrx_word' id='word_1_695' title='bbox 3605 3704 3853 3758; x_wconf 83' lang='lat' dir='ltr'>Emme-</span> 
     </span>
    </p>
   </div>
   <div class='ocr_carea' id='block_1_102' title="bbox 2173 3787 3852 3859">
    <p class='ocr_par' dir='ltr' id='par_1_102' title="bbox 2173 3787 3852 3859">
     <span class='ocr_line' id='line_1_102' title="bbox 2173 3787 3852 3859; baseline 0.006 -21"><span class='ocrx_word' id='word_1_696' title='bbox 2173 3800 2405 3840; x_wconf 90' lang='lat' dir='ltr'>ramme</span> <span class='ocrx_word' id='word_1_697' title='bbox 2432 3801 2467 3839; x_wconf 91' lang='lat' dir='ltr'>a</span> <span class='ocrx_word' id='word_1_698' title='bbox 2494 3791 2700 3841; x_wconf 86' lang='lat' dir='ltr'>sancta</span> <span class='ocrx_word' id='word_1_699' title='bbox 2740 3787 3016 3843; x_wconf 88' lang='lat' dir='ltr'>Trinitate</span> <span class='ocrx_word' id='word_1_700' title='bbox 3051 3788 3261 3859; x_wconf 90' lang='lat' dir='ltr'>triplici</span> <span class='ocrx_word' id='word_1_701' title='bbox 3309 3789 3600 3845; x_wconf 90' lang='lat' dir='ltr'>miraculo</span> <span class='ocrx_word' id='word_1_702' title='bbox 3648 3791 3852 3848; x_wconf 88' lang='lat' dir='ltr'>hono-</span> 
     </span>
    </p>
   </div>
   <div class='ocr_carea' id='block_1_103' title="bbox 2172 3876 3845 3953">
    <p class='ocr_par' dir='ltr' id='par_1_103' title="bbox 2172 3876 3845 3953">
     <span class='ocr_line' id='line_1_103' title="bbox 2172 3876 3845 3953; baseline 0.005 -24"><span class='ocrx_word' id='word_1_703' title='bbox 2172 3878 2316 3942; x_wconf 87' lang='lat' dir='ltr'>rate,</span> <span class='ocrx_word' id='word_1_704' title='bbox 2335 3890 2445 3946; x_wconf 90' lang='lat' dir='ltr'>pro</span> <span class='ocrx_word' id='word_1_705' title='bbox 2467 3876 2683 3930; x_wconf 87' lang='lat' dir='ltr'>nostris</span> <span class='ocrx_word' id='word_1_706' title='bbox 2706 3878 3003 3932; x_wconf 71' lang='lat' dir='ltr'>inter-cede</span> <span class='ocrx_word' id='word_1_707' title='bbox 3031 3878 3423 3948; x_wconf 80' lang='lat' dir='ltr'>negligentiis,</span> <span class='ocrx_word' id='word_1_708' title='bbox 3483 3881 3649 3953; x_wconf 89' lang='lat' dir='ltr'>apud</span> <span class='ocrx_word' id='word_1_709' title='bbox 3678 3898 3845 3951; x_wconf 90' lang='lat' dir='ltr'>eum,</span> 
     </span>
    </p>
   </div>
   <div class='ocr_carea' id='block_1_104' title="bbox 2173 3962 3842 4041">
    <p class='ocr_par' dir='ltr' id='par_1_104' title="bbox 2173 3962 3842 4041">
     <span class='ocr_line' id='line_1_104' title="bbox 2173 3962 3842 4041; baseline 0.006 -25"><span class='ocrx_word' id='word_1_710' title='bbox 2173 3963 2346 4033; x_wconf 91' lang='lat' dir='ltr'>cujus</span> <span class='ocrx_word' id='word_1_711' title='bbox 2366 3962 2745 4020; x_wconf 88' lang='lat' dir='ltr'>clementiam</span> <span class='ocrx_word' id='word_1_712' title='bbox 2758 3965 2925 4021; x_wconf 90' lang='lat' dir='ltr'>nulla</span> <span class='ocrx_word' id='word_1_713' title='bbox 2942 3966 3285 4021; x_wconf 89' lang='lat' dir='ltr'>mortalium</span> <span class='ocrx_word' id='word_1_714' title='bbox 3303 3969 3842 4041; x_wconf 87' lang='lat' dir='ltr'>superantdelicta.</span> 
     </span>
    </p>
   </div>
   <div class='ocr_carea' id='block_1_105' title="bbox 2246 4053 3844 4115">
    <p class='ocr_par' dir='ltr' id='par_1_105' title="bbox 2246 4053 3844 4115">
     <span class='ocr_line' id='line_1_105' title="bbox 2246 4053 3844 4115; baseline 0.006 -10"><span class='ocrx_word' id='word_1_715' title='bbox 2246 4055 2329 4106; x_wconf 83' lang='lat' dir='ltr'>lO.</span> <span class='ocrx_word' id='word_1_716' title='bbox 2394 4056 2545 4106; x_wconf 90' lang='lat' dir='ltr'>Inter</span> <span class='ocrx_word' id='word_1_717' title='bbox 2600 4053 2918 4109; x_wconf 81' lang='lat' dir='ltr'>innumera</span> <span class='ocrx_word' id='word_1_718' title='bbox 2974 4071 3230 4109; x_wconf 88' lang='lat' dir='ltr'>casuum</span> <span class='ocrx_word' id='word_1_719' title='bbox 3284 4057 3694 4113; x_wconf 87' lang='lat' dir='ltr'>humanorum</span> <span class='ocrx_word' id='word_1_720' title='bbox 3748 4059 3844 4115; x_wconf 92' lang='lat' dir='ltr'>in-</span> 
     </span>
    </p>
   </div>
   <div class='ocr_carea' id='block_1_106' title="bbox 2170 4138 3845 4215">
    <p class='ocr_par' dir='ltr' id='par_1_106' title="bbox 2170 4138 3845 4215">
     <span class='ocr_line' id='line_1_106' title="bbox 2170 4138 3845 4215; baseline 0.006 -21"><span class='ocrx_word' id='word_1_721' title='bbox 2170 4138 2428 4195; x_wconf 86' lang='lat' dir='ltr'>fortunia</span> <span class='ocrx_word' id='word_1_722' title='bbox 2482 4141 2655 4196; x_wconf 87' lang='lat' dir='ltr'>valde</span> <span class='ocrx_word' id='word_1_723' title='bbox 2688 4143 3024 4199; x_wconf 87' lang='lat' dir='ltr'>miserabile</span> <span class='ocrx_word' id='word_1_724' title='bbox 3074 4161 3144 4199; x_wconf 87' lang='lat' dir='ltr'>ac</span> <span class='ocrx_word' id='word_1_725' title='bbox 3188 4144 3384 4215; x_wconf 87' lang='lat' dir='ltr'>magis</span> <span class='ocrx_word' id='word_1_726' title='bbox 3430 4146 3623 4202; x_wconf 86' lang='lat' dir='ltr'>ﬂebile</span> <span class='ocrx_word' id='word_1_727' title='bbox 3679 4147 3845 4204; x_wconf 87' lang='lat' dir='ltr'>vide-</span> 
     </span>
    </p>
   </div>
   <div class='ocr_carea' id='block_1_107' title="bbox 2169 4230 3844 4308">
    <p class='ocr_par' dir='ltr' id='par_1_107' title="bbox 2169 4230 3844 4308">
     <span class='ocr_line' id='line_1_107' title="bbox 2169 4230 3844 4308; baseline 0.007 -26"><span class='ocrx_word' id='word_1_728' title='bbox 2169 4231 2263 4282; x_wconf 89' lang='lat' dir='ltr'>tur</span> <span class='ocrx_word' id='word_1_729' title='bbox 2292 4232 2485 4295; x_wconf 85' lang='lat' dir='ltr'>etest,</span> <span class='ocrx_word' id='word_1_730' title='bbox 2533 4230 2696 4300; x_wconf 89' lang='lat' dir='ltr'>quod</span> <span class='ocrx_word' id='word_1_731' title='bbox 2744 4230 2806 4285; x_wconf 94' lang='lat' dir='ltr'>in</span> <span class='ocrx_word' id='word_1_732' title='bbox 2854 4232 3149 4299; x_wconf 90' lang='lat' dir='ltr'>homines,</span> <span class='ocrx_word' id='word_1_733' title='bbox 3199 4250 3459 4306; x_wconf 89' lang='lat' dir='ltr'>quorum</span> <span class='ocrx_word' id='word_1_734' title='bbox 3517 4252 3844 4308; x_wconf 91' lang='lat' dir='ltr'>possessor</span> 
     </span>
    </p>
   </div>
   <div class='ocr_carea' id='block_1_108' title="bbox 2168 4316 3845 4392">
    <p class='ocr_par' dir='ltr' id='par_1_108' title="bbox 2168 4316 3845 4392">
     <span class='ocr_line' id='line_1_108' title="bbox 2168 4316 3845 4392; baseline 0.007 -22"><span class='ocrx_word' id='word_1_735' title='bbox 2168 4330 2295 4371; x_wconf 89' lang='lat' dir='ltr'>esse</span> <span class='ocrx_word' id='word_1_736' title='bbox 2329 4316 2506 4371; x_wconf 87' lang='lat' dir='ltr'>debet</span> <span class='ocrx_word' id='word_1_737' title='bbox 2538 4320 2712 4387; x_wconf 89' lang='lat' dir='ltr'>Deus,</span> <span class='ocrx_word' id='word_1_738' title='bbox 2762 4324 2826 4374; x_wconf 90' lang='lat' dir='ltr'>ut</span> <span class='ocrx_word' id='word_1_739' title='bbox 2863 4320 3107 4392; x_wconf 90' lang='lat' dir='ltr'>propria</span> <span class='ocrx_word' id='word_1_740' title='bbox 3156 4321 3457 4378; x_wconf 88' lang='lat' dir='ltr'>domicilia</span> <span class='ocrx_word' id='word_1_741' title='bbox 3505 4323 3686 4380; x_wconf 91' lang='lat' dir='ltr'>intrat</span> <span class='ocrx_word' id='word_1_742' title='bbox 3732 4325 3845 4381; x_wconf 87' lang='lat' dir='ltr'>hu-</span> 
     </span>
    </p>
   </div>
   <div class='ocr_carea' id='block_1_109' title="bbox 2166 4405 3840 4475">
    <p class='ocr_par' dir='ltr' id='par_1_109' title="bbox 2166 4405 3840 4475">
     <span class='ocr_line' id='line_1_109' title="bbox 2166 4405 3840 4475; baseline 0.007 -17"><span class='ocrx_word' id='word_1_743' title='bbox 2166 4405 2331 4459; x_wconf 89' lang='lat' dir='ltr'>mani</span> <span class='ocrx_word' id='word_1_744' title='bbox 2360 4406 2591 4475; x_wconf 88' lang='lat' dir='ltr'>generis</span> <span class='ocrx_word' id='word_1_745' title='bbox 2622 4406 2920 4464; x_wconf 86' lang='lat' dir='ltr'>inimicus.</span> <span class='ocrx_word' id='word_1_746' title='bbox 2976 4409 3092 4466; x_wconf 90' lang='lat' dir='ltr'>Sed</span> <span class='ocrx_word' id='word_1_747' title='bbox 3134 4410 3195 4465; x_wconf 91' lang='lat' dir='ltr'>id</span> <span class='ocrx_word' id='word_1_748' title='bbox 3242 4427 3450 4468; x_wconf 83' lang='lat' dir='ltr'>revera</span> <span class='ocrx_word' id='word_1_749' title='bbox 3493 4414 3727 4469; x_wconf 90' lang='lat' dir='ltr'>occulto</span> <span class='ocrx_word' id='word_1_750' title='bbox 3781 4419 3840 4470; x_wconf 79' lang='lat' dir='ltr'>et</span> 
     </span>
    </p>
   </div>
   <div class='ocr_carea' id='block_1_110' title="bbox 2160 4495 3843 4565">
    <p class='ocr_par' dir='ltr' id='par_1_110' title="bbox 2160 4495 3843 4565">
     <span class='ocr_line' id='line_1_110' title="bbox 2160 4495 3843 4565; baseline 0.007 -18"><span class='ocrx_word' id='word_1_751' title='bbox 2160 4495 2322 4564; x_wconf 90' lang='lat' dir='ltr'>justo</span> <span class='ocrx_word' id='word_1_752' title='bbox 2349 4495 2415 4550; x_wconf 82' lang='lat' dir='ltr'>iit</span> <span class='ocrx_word' id='word_1_753' title='bbox 2441 4496 2543 4550; x_wconf 90' lang='lat' dir='ltr'>Dei</span> <span class='ocrx_word' id='word_1_754' title='bbox 2567 4496 2815 4565; x_wconf 86' lang='lat' dir='ltr'>judicio.</span> <span class='ocrx_word' id='word_1_755' title='bbox 2849 4499 3188 4555; x_wconf 87' lang='lat' dir='ltr'>Traduntur</span> <span class='ocrx_word' id='word_1_756' title='bbox 3216 4500 3379 4556; x_wconf 90' lang='lat' dir='ltr'>enim</span> <span class='ocrx_word' id='word_1_757' title='bbox 3403 4501 3706 4558; x_wconf 88' lang='lat' dir='ltr'>interdum</span> <span class='ocrx_word' id='word_1_758' title='bbox 3732 4503 3843 4558; x_wconf 82' lang='lat' dir='ltr'>hu-</span> 
     </span>
    </p>
   </div>
   <div class='ocr_carea' id='block_1_111' title="bbox 2159 4584 3842 4659">
    <p class='ocr_par' dir='ltr' id='par_1_111' title="bbox 2159 4584 3842 4659">
     <span class='ocr_line' id='line_1_111' title="bbox 2159 4584 3842 4659; baseline 0.007 -21"><span class='ocrx_word' id='word_1_759' title='bbox 2159 4584 2428 4655; x_wconf 86' lang='lat' dir='ltr'>jusmodi</span> <span class='ocrx_word' id='word_1_760' title='bbox 2457 4591 2699 4658; x_wconf 81' lang='lat' dir='ltr'>propter</span> <span class='ocrx_word' id='word_1_761' title='bbox 2725 4593 2973 4659; x_wconf 86' lang='lat' dir='ltr'>peccata</span> <span class='ocrx_word' id='word_1_762' title='bbox 3004 4591 3200 4645; x_wconf 88' lang='lat' dir='ltr'>carnis</span> <span class='ocrx_word' id='word_1_763' title='bbox 3231 4591 3292 4645; x_wconf 90' lang='lat' dir='ltr'>in</span> <span class='ocrx_word' id='word_1_764' title='bbox 3342 4592 3648 4648; x_wconf 77' lang='lat' dir='ltr'>interitum</span> <span class='ocrx_word' id='word_1_765' title='bbox 3675 4598 3842 4649; x_wconf 87' lang='lat' dir='ltr'>sata-</span> 
     </span>
    </p>
   </div>
   <div class='ocr_carea' id='block_1_112' title="bbox 2164 4676 3839 4749">
    <p class='ocr_par' dir='ltr' id='par_1_112' title="bbox 2164 4676 3839 4749">
     <span class='ocr_line' id='line_1_112' title="bbox 2164 4676 3839 4749; baseline 0.005 -21"><span class='ocrx_word' id='word_1_766' title='bbox 2164 4690 2272 4741; x_wconf 79' lang='lat' dir='ltr'>nae,</span> <span class='ocrx_word' id='word_1_767' title='bbox 2308 4680 2371 4730; x_wconf 92' lang='lat' dir='ltr'>ut</span> <span class='ocrx_word' id='word_1_768' title='bbox 2402 4676 2549 4730; x_wconf 86' lang='lat' dir='ltr'>salvi</span> <span class='ocrx_word' id='word_1_769' title='bbox 2583 4677 2699 4732; x_wconf 88' lang='lat' dir='ltr'>sint</span> <span class='ocrx_word' id='word_1_770' title='bbox 2729 4677 2973 4749; x_wconf 89' lang='lat' dir='ltr'>spiritus</span> <span class='ocrx_word' id='word_1_771' title='bbox 2994 4678 3053 4733; x_wconf 91' lang='lat' dir='ltr'>in</span> <span class='ocrx_word' id='word_1_772' title='bbox 3084 4679 3179 4733; x_wconf 90' lang='lat' dir='ltr'>die</span> <span class='ocrx_word' id='word_1_773' title='bbox 3206 4679 3491 4735; x_wconf 90' lang='lat' dir='ltr'>dominici</span> <span class='ocrx_word' id='word_1_774' title='bbox 3517 4680 3839 4738; x_wconf 85' lang='lat' dir='ltr'>adventus.</span> 
     </span>
    </p>
   </div>
   <div class='ocr_carea' id='block_1_113' title="bbox 2167 4766 3841 4842">
    <p class='ocr_par' dir='ltr' id='par_1_113' title="bbox 2167 4766 3841 4842">
     <span class='ocr_line' id='line_1_113' title="bbox 2167 4766 3841 4842; baseline 0.004 -23"><span class='ocrx_word' id='word_1_775' title='bbox 2167 4766 2205 4819; x_wconf 88' lang='lat' dir='ltr'><strong>E</strong></span> <span class='ocrx_word' id='word_1_776' title='bbox 2255 4781 2516 4837; x_wconf 90' lang='lat' dir='ltr'>quorum</span> <span class='ocrx_word' id='word_1_777' title='bbox 2574 4783 2731 4822; x_wconf 90' lang='lat' dir='ltr'>unus</span> <span class='ocrx_word' id='word_1_778' title='bbox 2791 4768 3072 4824; x_wconf 82' lang='lat' dir='ltr'>Gestiliub</span> <span class='ocrx_word' id='word_1_779' title='bbox 3130 4770 3445 4838; x_wconf 89' lang='lat' dir='ltr'>vocitatus,</span> <span class='ocrx_word' id='word_1_780' title='bbox 3492 4770 3841 4842; x_wconf 89' lang='lat' dir='ltr'>hospitibus</span> 
     </span>
    </p>
   </div>
   <div class='ocr_carea' id='block_1_114' title="bbox 2164 4854 3841 4930">
    <p class='ocr_par' dir='ltr' id='par_1_114' title="bbox 2164 4854 3841 4930">
     <span class='ocr_line' id='line_1_114' title="bbox 2164 4854 3841 4930; baseline 0.005 -23"><span class='ocrx_word' id='word_1_781' title='bbox 2164 4854 2440 4925; x_wconf 88' lang='lat' dir='ltr'>pessimis</span> <span class='ocrx_word' id='word_1_782' title='bbox 2490 4856 2844 4928; x_wconf 90' lang='lat' dir='ltr'>permissus,</span> <span class='ocrx_word' id='word_1_783' title='bbox 2901 4858 3117 4913; x_wconf 90' lang='lat' dir='ltr'>nobilis</span> <span class='ocrx_word' id='word_1_784' title='bbox 3158 4875 3393 4927; x_wconf 86' lang='lat' dir='ltr'>genere,</span> <span class='ocrx_word' id='word_1_785' title='bbox 3446 4857 3552 4913; x_wconf 90' lang='lat' dir='ltr'>sed</span> <span class='ocrx_word' id='word_1_786' title='bbox 3607 4857 3841 4930; x_wconf 90' lang='lat' dir='ltr'>ubique</span> 
     </span>
    </p>
   </div>
   <div class='ocr_carea' id='block_1_115' title="bbox 2164 4943 3841 5018">
    <p class='ocr_par' dir='ltr' id='par_1_115' title="bbox 2164 4943 3841 5018">
     <span class='ocr_line' id='line_1_115' title="bbox 2164 4943 3841 5018; baseline 0.005 -21"><span class='ocrx_word' id='word_1_787' title='bbox 2164 4943 2345 4998; x_wconf 90' lang='lat' dir='ltr'>miser</span> <span class='ocrx_word' id='word_1_788' title='bbox 2400 4945 2712 5018; x_wconf 89' lang='lat' dir='ltr'>multiplici</span> <span class='ocrx_word' id='word_1_789' title='bbox 2788 4947 3086 5017; x_wconf 65' lang='lat' dir='ltr'>daemone,</span> <span class='ocrx_word' id='word_1_790' title='bbox 3151 4949 3308 5004; x_wconf 90' lang='lat' dir='ltr'>intus</span> <span class='ocrx_word' id='word_1_791' title='bbox 3372 4946 3616 5015; x_wconf 88' lang='lat' dir='ltr'>diaboli,</span> <span class='ocrx_word' id='word_1_792' title='bbox 3690 4948 3841 5005; x_wconf 84' lang='lat' dir='ltr'>foris</span> 
     </span>
    </p>
   </div>
   <div class='ocr_carea' id='block_1_116' title="bbox 2166 5033 3843 5109">
    <p class='ocr_par' dir='ltr' id='par_1_116' title="bbox 2166 5033 3843 5109">
     <span class='ocr_line' id='line_1_116' title="bbox 2166 5033 3843 5109; baseline 0.005 -22"><span class='ocrx_word' id='word_1_793' title='bbox 2166 5037 2377 5088; x_wconf 88' lang='lat' dir='ltr'>catena</span> <span class='ocrx_word' id='word_1_794' title='bbox 2434 5033 2650 5104; x_wconf 90' lang='lat' dir='ltr'>ligatus</span> <span class='ocrx_word' id='word_1_795' title='bbox 2694 5035 2850 5103; x_wconf 90' lang='lat' dir='ltr'>ferri,</span> <span class='ocrx_word' id='word_1_796' title='bbox 2912 5052 3019 5109; x_wconf 91' lang='lat' dir='ltr'>per</span> <span class='ocrx_word' id='word_1_797' title='bbox 3069 5038 3247 5109; x_wconf 89' lang='lat' dir='ltr'>plura</span> <span class='ocrx_word' id='word_1_798' title='bbox 3300 5039 3654 5094; x_wconf 85' lang='lat' dir='ltr'>Sanctorum</span> <span class='ocrx_word' id='word_1_799' title='bbox 3700 5036 3843 5095; x_wconf 89' lang='lat' dir='ltr'>loca</span> 
     </span>
    </p>
   </div>
   <div class='ocr_carea' id='block_1_117' title="bbox 2162 5122 3841 5195">
    <p class='ocr_par' dir='ltr' id='par_1_117' title="bbox 2162 5122 3841 5195">
     <span class='ocr_line' id='line_1_117' title="bbox 2162 5122 3841 5195; baseline 0.005 -19"><span class='ocrx_word' id='word_1_800' title='bbox 2162 5122 2556 5178; x_wconf 90' lang='lat' dir='ltr'>mundandus</span> <span class='ocrx_word' id='word_1_801' title='bbox 2585 5124 2919 5195; x_wconf 87' lang='lat' dir='ltr'>deducitur,</span> <span class='ocrx_word' id='word_1_802' title='bbox 2950 5127 3053 5181; x_wconf 91' lang='lat' dir='ltr'>sed</span> <span class='ocrx_word' id='word_1_803' title='bbox 3084 5126 3333 5183; x_wconf 89' lang='lat' dir='ltr'>minime</span> <span class='ocrx_word' id='word_1_804' title='bbox 3383 5126 3697 5182; x_wconf 89' lang='lat' dir='ltr'>absolutus</span> <span class='ocrx_word' id='word_1_805' title='bbox 3740 5143 3841 5185; x_wconf 85' lang='lat' dir='ltr'>re-</span> 
     </span>
    </p>
   </div>
   <div class='ocr_carea' id='block_1_118' title="bbox 2161 5210 3838 5287">
    <p class='ocr_par' dir='ltr' id='par_1_118' title="bbox 2161 5210 3838 5287">
     <span class='ocr_line' id='line_1_118' title="bbox 2161 5210 3838 5287; baseline 0.004 -22"><span class='ocrx_word' id='word_1_806' title='bbox 2161 5210 2417 5267; x_wconf 88' lang='lat' dir='ltr'>ducitur.</span> <span class='ocrx_word' id='word_1_807' title='bbox 2455 5215 2705 5268; x_wconf 89' lang='lat' dir='ltr'>Demum</span> <span class='ocrx_word' id='word_1_808' title='bbox 2738 5213 2943 5268; x_wconf 84' lang='lat' dir='ltr'>divina</span> <span class='ocrx_word' id='word_1_809' title='bbox 2972 5214 3353 5271; x_wconf 89' lang='lat' dir='ltr'>miseratione</span> <span class='ocrx_word' id='word_1_810' title='bbox 3385 5214 3500 5270; x_wconf 89' lang='lat' dir='ltr'>hoc</span> <span class='ocrx_word' id='word_1_811' title='bbox 3515 5214 3599 5270; x_wconf 90' lang='lat' dir='ltr'>uti</span> <span class='ocrx_word' id='word_1_812' title='bbox 3622 5213 3838 5287; x_wconf 88' lang='lat' dir='ltr'>voluit,</span> 
     </span>
    </p>
   </div>
   <div class='ocr_carea' id='block_1_119' title="bbox 2161 5299 3840 5371">
    <p class='ocr_par' dir='ltr' id='par_1_119' title="bbox 2161 5299 3840 5371">
     <span class='ocr_line' id='line_1_119' title="bbox 2161 5299 3840 5371; baseline 0.004 -18"><span class='ocrx_word' id='word_1_813' title='bbox 2161 5299 2442 5367; x_wconf 82' lang='lat' dir='ltr'>dictante,</span> <span class='ocrx_word' id='word_1_814' title='bbox 2462 5302 2692 5356; x_wconf 88' lang='lat' dir='ltr'>venitur</span> <span class='ocrx_word' id='word_1_815' title='bbox 2714 5301 2790 5357; x_wconf 88' lang='lat' dir='ltr'>ad</span> <span class='ocrx_word' id='word_1_816' title='bbox 2808 5304 2863 5357; x_wconf 90' lang='lat' dir='ltr'>S.</span> <span class='ocrx_word' id='word_1_817' title='bbox 2887 5306 3425 5371; x_wconf 86' lang='lat' dir='ltr'>Emmerammum,</span> <span class='ocrx_word' id='word_1_818' title='bbox 3448 5303 3656 5359; x_wconf 90' lang='lat' dir='ltr'>talium</span> <span class='ocrx_word' id='word_1_819' title='bbox 3669 5304 3840 5361; x_wconf 88' lang='lat' dir='ltr'>dono</span> 
     </span>
    </p>
   </div>
   <div class='ocr_carea' id='block_1_120' title="bbox 2162 5388 3842 5462">
    <p class='ocr_par' dir='ltr' id='par_1_120' title="bbox 2162 5388 3842 5462">
     <span class='ocr_line' id='line_1_120' title="bbox 2162 5388 3842 5462; baseline 0.004 -18"><span class='ocrx_word' id='word_1_820' title='bbox 2162 5388 2385 5444; x_wconf 61' lang='lat' dir='ltr'>orelesti</span> <span class='ocrx_word' id='word_1_821' title='bbox 2412 5388 2790 5447; x_wconf 84' lang='lat' dir='ltr'>liberatorem</span> <span class='ocrx_word' id='word_1_822' title='bbox 2826 5393 3238 5457; x_wconf 83' lang='lat' dir='ltr'>magniﬁcum.</span> <span class='ocrx_word' id='word_1_823' title='bbox 3274 5393 3382 5449; x_wconf 91' lang='lat' dir='ltr'>Ubi</span> <span class='ocrx_word' id='word_1_824' title='bbox 3433 5393 3689 5462; x_wconf 84' lang='lat' dir='ltr'>geminis</span> <span class='ocrx_word' id='word_1_825' title='bbox 3729 5395 3842 5451; x_wconf 87' lang='lat' dir='ltr'>de-</span> 
     </span>
    </p>
   </div>
   <div class='ocr_carea' id='block_1_121' title="bbox 2160 5478 3840 5551">
    <p class='ocr_par' dir='ltr' id='par_1_121' title="bbox 2160 5478 3840 5551">
     <span class='ocr_line' id='line_1_121' title="bbox 2160 5478 3840 5551; baseline 0.004 -19"><span class='ocrx_word' id='word_1_826' title='bbox 2160 5478 2390 5532; x_wconf 90' lang='lat' dir='ltr'>vinctus</span> <span class='ocrx_word' id='word_1_827' title='bbox 2418 5480 2662 5549; x_wconf 85' lang='lat' dir='ltr'>catcnis,</span> <span class='ocrx_word' id='word_1_828' title='bbox 2697 5480 2848 5535; x_wconf 90' lang='lat' dir='ltr'>adeo</span> <span class='ocrx_word' id='word_1_829' title='bbox 2875 5481 3060 5537; x_wconf 85' lang='lat' dir='ltr'>extitit</span> <span class='ocrx_word' id='word_1_830' title='bbox 3106 5481 3372 5538; x_wconf 89' lang='lat' dir='ltr'>bestialis</span> <span class='ocrx_word' id='word_1_831' title='bbox 3422 5486 3480 5538; x_wconf 90' lang='lat' dir='ltr'>et</span> <span class='ocrx_word' id='word_1_832' title='bbox 3525 5482 3840 5551; x_wconf 89' lang='lat' dir='ltr'>immanis,</span> 
     </span>
    </p>
   </div>
   <div class='ocr_carea' id='block_1_122' title="bbox 2159 5565 3846 5644">
    <p class='ocr_par' dir='ltr' id='par_1_122' title="bbox 2159 5565 3846 5644">
     <span class='ocr_line' id='line_1_122' title="bbox 2159 5565 3846 5644; baseline 0.005 -25"><span class='ocrx_word' id='word_1_833' title='bbox 2159 5570 2225 5621; x_wconf 89' lang='lat' dir='ltr'>ut</span> <span class='ocrx_word' id='word_1_834' title='bbox 2253 5582 2289 5621; x_wconf 87' lang='lat' dir='ltr'>a</span> <span class='ocrx_word' id='word_1_835' title='bbox 2316 5565 2493 5621; x_wconf 89' lang='lat' dir='ltr'>trium</span> <span class='ocrx_word' id='word_1_836' title='bbox 2524 5568 2664 5622; x_wconf 89' lang='lat' dir='ltr'>viris</span> <span class='ocrx_word' id='word_1_837' title='bbox 2686 5569 2895 5625; x_wconf 82' lang='lat' dir='ltr'>dextra</span> <span class='ocrx_word' id='word_1_838' title='bbox 2923 5570 3196 5643; x_wconf 66' lang='lat' dir='ltr'>laevaque</span> <span class='ocrx_word' id='word_1_839' title='bbox 3226 5571 3359 5644; x_wconf 90' lang='lat' dir='ltr'>pari</span> <span class='ocrx_word' id='word_1_840' title='bbox 3405 5587 3662 5627; x_wconf 89' lang='lat' dir='ltr'>numero</span> <span class='ocrx_word' id='word_1_841' title='bbox 3695 5572 3846 5630; x_wconf 86' lang='lat' dir='ltr'>divi-</span> 
     </span>
    </p>
   </div>
   <div class='ocr_carea' id='block_1_123' title="bbox 2161 5655 3845 5734">
    <p class='ocr_par' dir='ltr' id='par_1_123' title="bbox 2161 5655 3845 5734">
     <span class='ocr_line' id='line_1_123' title="bbox 2161 5655 3845 5734; baseline 0.005 -25"><span class='ocrx_word' id='word_1_842' title='bbox 2161 5657 2259 5723; x_wconf 86' lang='lat' dir='ltr'>sis,</span> <span class='ocrx_word' id='word_1_843' title='bbox 2316 5655 2411 5711; x_wconf 78' lang='lat' dir='ltr'>vix</span> <span class='ocrx_word' id='word_1_844' title='bbox 2457 5655 2535 5710; x_wconf 89' lang='lat' dir='ltr'>ab</span> <span class='ocrx_word' id='word_1_845' title='bbox 2583 5656 2821 5713; x_wconf 88' lang='lat' dir='ltr'>interitu</span> <span class='ocrx_word' id='word_1_846' title='bbox 2874 5659 2984 5727; x_wconf 88' lang='lat' dir='ltr'>sui,</span> <span class='ocrx_word' id='word_1_847' title='bbox 3047 5676 3156 5715; x_wconf 89' lang='lat' dir='ltr'>nec</span> <span class='ocrx_word' id='word_1_848' title='bbox 3211 5676 3336 5716; x_wconf 90' lang='lat' dir='ltr'>non</span> <span class='ocrx_word' id='word_1_849' title='bbox 3381 5659 3639 5717; x_wconf 90' lang='lat' dir='ltr'>aliorum</span> <span class='ocrx_word' id='word_1_850' title='bbox 3700 5677 3845 5734; x_wconf 90' lang='lat' dir='ltr'>pos-</span> 
     </span>
    </p>
   </div>
   <div class='ocr_carea' id='block_1_124' title="bbox 2160 5744 3843 5824">
    <p class='ocr_par' dir='ltr' id='par_1_124' title="bbox 2160 5744 3843 5824">
     <span class='ocr_line' id='line_1_124' title="bbox 2160 5744 3843 5824; baseline 0.007 -24"><span class='ocrx_word' id='word_1_851' title='bbox 2160 5748 2243 5801; x_wconf 86' lang='lat' dir='ltr'>sct</span> <span class='ocrx_word' id='word_1_852' title='bbox 2271 5744 2555 5803; x_wconf 89' lang='lat' dir='ltr'>cohiberi.</span> <span class='ocrx_word' id='word_1_853' title='bbox 2600 5748 2870 5822; x_wconf 85' lang='lat' dir='ltr'>Cumque</span> <span class='ocrx_word' id='word_1_854' title='bbox 2917 5748 3022 5806; x_wconf 90' lang='lat' dir='ltr'>diu</span> <span class='ocrx_word' id='word_1_855' title='bbox 3072 5754 3311 5808; x_wconf 89' lang='lat' dir='ltr'>oratum</span> <span class='ocrx_word' id='word_1_856' title='bbox 3367 5754 3527 5809; x_wconf 87' lang='lat' dir='ltr'>esset</span> <span class='ocrx_word' id='word_1_857' title='bbox 3580 5766 3695 5824; x_wconf 90' lang='lat' dir='ltr'>pro</span> <span class='ocrx_word' id='word_1_858' title='bbox 3742 5768 3843 5822; x_wconf 85' lang='lat' dir='ltr'>eo,</span> 
     </span>
    </p>
   </div>
  </div>
