3980 6418
98 330 185 378 201

1111 325 1268 381 νιΤΑ
1407 327 1874 391 CUNEGUMHS,
1919 328 2034 382 UBI
2077 329 2164 382 DE
2207 331 2261 382 ὃ.
2309 330 2626 385 llENRlCO.

3521 337 3626 388 202

99 451 358 503 lumitate
390 451 544 519 regis
571 450 754 520 gavisi
807 455 958 503 sunt.
1021 451 1386 519 Rursumque
1435 465 1529 502 rex
1561 449 1630 501 ad
1660 467 1756 502 eos
1791 466 1802 502 :
1837 453 1883 504 A
1926 455 2181 504 mortuus
2213 467 2468 522 unquam
2528 451 2614 503 sui
2662 453 2914 522 corporis
2963 455 3268 522 praesentia
3307 455 3624 508 illustrave-

98 547 264 607 (mas,
325 539 540 610 inquit,
602 541 910 606 gratiarum
953 541 1338 604 actioncs,uut
1403 554 1521 606 qua:
1585 554 1813 594 munera

96 630 265 679 tantis
339 627 609 696 bmcﬁciis
677 628 948 694 condigna
1017 625 1221 679 medico
1288 632 1468 679 nostro
1532 627 1813 679 Benedicto

92 732 380 782 possumus
404 717 736 784 rependere?
763 721 833 768 At
864 714 946 768 illi
988 730 1189 766 omnes
1230 714 1632 783 jndicaverunt
1679 731 1810 768 eum

92 806 250 870 regia
304 804 706 858 munificentia
753 804 991 872 dignum
1031 819 1174 855 esse.
1215 804 1327 855 Rex
1375 819 1512 870 ergo
1562 819 1628 855 ex
1681 820 1814 855 con-

90 895 221 945 silio
263 893 596 963 principum
631 909 866 945 suorum
902 891 1158 959 ingentia
1197 907 1437 944 munera
1468 891 1525 943 in
1556 891 1811 960 prmdiis,

93 984 151 1034 in
185 999 352 1046 auro,
388 983 448 1036 in
491 988 752 1051 argento,
780 983 836 1034 in
883 980 1233 1033 ornamentis
1267 978 1531 1048 plurimis
1563 980 1812 1033 ecclesiae

91 1071 275 1124 sancti
344 1071 633 1124 Benedicti
695 1070 954 1124 contulit.
1022 1069 1089 1122 Et
1147 1068 1483 1122 valefaciens
1543 1068 1814 1122 fratribus

92 1161 192 1228 qui
256 1159 453 1213 eidem
511 1160 763 1212 eCelesize
810 1158 1213 1228 praesidebant,
1261 1175 1291 1210 a
1355 1157 1559 1210 Casino
1617 1163 1811 1210 monte

94 1249 298 1300 hilaris
337 1254 393 1300 et
417 1265 592 1301 sanus
653 1247 932 1300 discessit.
969 1246 1052 1298 Ab
1110 1263 1176 1298 eo
1233 1251 1423 1298 autem
1465 1251 1724 1314 tempore
1756 1250 1813 1298 et

95 1336 395 1406 deinceps,
434 1336 687 1406 quadam
721 1334 955 1404 speciali
1006 1333 1314 1388 dilectione
1347 1340 1404 1386 et
1443 1333 1811 1386 veneratione

93 1431 292 1477 saneto
351 1425 664 1478 Benedicto
718 1430 769 1475 et
829 1423 1096 1476 omnibus
1141 1422 1471 1475 monasticre,
1512 1421 1811 1490 religionis

91 1514 423 1566 cultoribus
474 1513 1022 1570 sluduitdeservire,
1057 1517 1112 1563 et
1161 1512 1216 1563 in
1276 1511 1695 1580 aniplilicandis
1749 1528 1811 1562 ac

95 1602 476 1671 protegendis
509 1602 680 1654 rebus
733 1600 1125 1653 «ecclesiasticis
1159 1599 1444 1667 benignus
1475 1615 1538 1650 ac
1575 1600 1810 1651 devotos

95 1694 266 1744 Pater
295 1691 563 1744 existere.
604 1691 734 1743 Hinc
780 1690 838 1742 in
898 1689 1101 1742 Casino
1156 1694 1350 1740 monte
1409 1688 1618 1756 scripta
1652 1688 1808 1740 inve-

94 1781 362 1842 niuntur,
403 1783 551 1832 utet
600 1777 860 1831 moderni
923 1777 1206 1844 umgnalia
1265 1776 1362 1829 Dei
1416 1775 1470 1828 in
1531 1776 1809 1829 memoria

95 1869 368 1933 habeant,
428 1873 482 1919 et
516 1867 666 1938 apud
723 1874 979 1936 posteros
1038 1881 1140 1935 per
1196 1865 1599 1934 antiquitatem
1656 1869 1806 1917 tem-

97 1959 251 2023 poris
295 1958 352 2010 in
408 1956 754 2009 oblivionem
807 1972 920 2008 non
959 1954 1210 2008 veniant.
1249 1974 1275 2003 ι)
1313 1953 1585 2006 l-lenricus
1617 1953 1807 2006 statim

99 2050 345 2100 Romam
408 2047 583 2104 venit,
644 2047 729 2098 uti
791 2049 985 2097 narrat
1043 2043 1193 2096 idem
1256 2043 1392 2095 Vitae
1472 2048 1686 2103 auctor,
1749 2058 1810 2093 ac

103 2135 478 2187 Benedictum
539 2149 750 2204 papam
809 2134 877 2184 de
926 2131 1168 2184 sanitate
1217 2137 1442 2200 recepta
1494 2131 1629 2184 fecit
1689 2145 1810 2181 cer-

99 2226 332 2276 tiorem.

163 2315 215 2366 8.
275 2309 505 2380 Scripta
555 2326 686 2380 quae
742 2309 834 2362 hic
883 2309 1007 2360 V'ita
1075 2307 1254 2360 sancti
1317 2305 1546 2359 Hem-iri
1616 2309 1812 2357 auctor

103 2402 300 2454 laudat
331 2399 391 2452 in
438 2398 738 2452 Casinensi
800 2396 1145 2450 monasterio
1200 2401 1506 2458 asservata,
1557 2393 1668 2446 alia
1694 2409 1810 2444 non

102 2494 272 2545 fuisse
309 2509 338 2544 a
372 2489 580 2544 Leonis
624 2487 919 2542 Marsicani
973 2485 1253 2539 Chronico
1286 2485 1427 2538 milii
1487 2483 1647 2537 facile
1682 2499 1808 2552 per-

103 2582 432 2643 suaderem,
474 2578 585 2631 nisi
646 2576 986 2630 miraculum
1039 2581 1233 2627 sancto
1295 2575 1456 2626 Patre
1513 2572 1812 2624 Benedicto

103 2673 418 2738 patratum,
463 2666 615 2736 quod
685 2665 744 2718 in
792 2665 902 2716 illis
959 2663 1186 2732 scriptis
1244 2681 1310 2714 eo
1359 2661 1527 2714 modo
1575 2677 1639 2713 ac
1693 2659 1811 2728 ipse

106 2764 297 2810 auctor
326 2756 586 2809 narravit
611 2753 956 2824 descriptum
1004 2751 1200 2820 procul
1236 2749 1410 2802 dubio
1467 2753 1592 2801 erat
1650 2747 1815 2800 aliter

105 2864 134 2898 a
187 2847 376 2899 Leone
447 2844 786 2906 referretur;
849 2840 947 2911 qui
988 2841 1203 2892 scilicet
1253 2838 1402 2890 istud
1469 2837 1810 2890 miraculum

104 2937 175 2987 sic
205 2934 494 2998 narravit,
559 2939 620 2984 ut
649 2938 796 2983 esset
842 2929 1255 2982 validissimum
1314 2927 1381 2978 ad
1441 2925 1810 2978 asserendam

1851 1729 1890 1782 Β

1925 545 2030 592 rat.
2069 540 2242 609 Cujus
2298 539 2378 592 rei
2434 541 2761 609 exemplum
2792 540 2911 609 ipse.
2967 541 3073 593 Leo
3107 541 3269 593 nobis
3299 544 3628 612 suppeditat

1923 627 2108 697 capite
2142 631 2230 692 45,
2282 627 2379 680 ubi
2412 628 2586 681 refert
2626 629 2893 681 eumdem
2947 634 3207 681 sanctum
3263 631 3626 684 Benedictum

1922 716 2057 769 olim
2097 717 2498 770 minitabundo
2531 717 2692 769 vultu
2735 717 2996 777 Henrico.
3036 719 3371 787 priusquam
3408 719 3477 770 ad
3519 719 3626 771 ini-

1924 805 2149 875 pcrium
2181 805 2383 858 fuisset
2409 811 2656 863 evectus,
2683 806 3036 875 apparuisse,
3069 807 3222 876 quod
3248 807 3305 859 in
3329 807 3625 876 cujusdam

1924 895 2258 946 monasterii
2316 895 2563 946 claustro
2626 910 2803 964 equos
2852 911 2986 946 suos
3033 901 3373 964 pernoctare
3431 912 3626 966 passus

1921 981 2176 1036 fuisset:
2231 1001 2257 1031 «
2320 984 2516 1047 Nocte,
2559 982 2769 1053 inquit,
2829 983 3029 1035 eadem
3086 984 3421 1036 Benedictus
3461 985 3630 1037 Pater

1922 1069 2108 1124 eidem
2141 1070 2291 1136 duci,
2316 1075 2476 1124 torvo
2493 1089 2557 1124 ac
2581 1071 2820 1124 terribili
2857 1071 3017 1124 valde
3049 1071 3266 1125 intuitu
3320 1088 3624 1141 apparens,

1922 1159 2091 1228 eique
2122 1159 2305 1212 multa
2344 1159 2499 1229 quod
2528 1159 2607 1213 ita
2640 1161 2876 1212 domum
2915 1175 3076 1212 suam
3136 1165 3406 1213 tractaret
3471 1177 3622 1213 com-

1923 1246 2219 1314 minitans,
2253 1247 2434 1317 virga,
2493 1264 2663 1318 quam
2718 1265 2890 1301 manu
2943 1248 3224 1317 gestabat,
3284 1249 3438 1302 illius
3479 1250 3624 1303 latus

1922 1335 2219 1405 percussit,
2250 1341 2306 1388 et
2334 1353 2397 1389 ex
2447 1340 2584 1389 tunc
2643 1336 2837 1389 dolore
2887 1336 2969 1388 ilii
3012 1336 3268 1406 torqueri
3323 1337 3624 1390 vehemen-

1920 1423 2141 1476 tissime
2172 1425 2362 1494 cmpit.
2401 1446 2426 1473 ι»
2485 1426 2648 1478 Certe
2705 1426 2808 1478 hoc
2839 1424 3024 1493 ipsum
3060 1425 3239 1477 sanati
3275 1425 3424 1494 apud
3457 1442 3622 1479 mon-

1924 1517 2036 1563 tem
2100 1514 2396 1565 tlassiuum
2477 1513 2698 1566 Henrici
2765 1513 3106 1564 miraculum
3183 1519 3378 1565 narrat
3429 1520 3625 1565 auctor

1923 1601 2060 1652 Vita‘
2103 1601 2280 1653 sancti
2331 1602 2674 1662 Meinwerci;
2709 1601 2805 1653 sed
2868 1618 2982 1653 non
3029 1601 3195 1653 habet
3229 1618 3293 1653 ea
3333 1618 3460 1671 qum
3494 1618 3620 1654 san-

1921 1695 2042 1760 ctus
2067 1691 2233 1742 Pater
2258 1691 2326 1742 de
2358 1690 2445 1742 sui
2492 1690 2746 1760 corporis
2794 1690 3097 1759 praesentia
3129 1689 3262 1742 dicit
3299 1689 3450 1760 apud
3486 1691 3622 1743 Leo-

1919 1758 2072 1844 nein,
2108 1794 2237 1847 quin
2279 1777 2517 1846 proinde
2563 1794 2626 1830 ac
2675 1778 2800 1847 ipso
2865 1778 3046 1829 Leone
3086 1778 3402 1847 excogitata
3450 1777 3622 1831 fuisse

1919 1865 2276 1933 conjicimus.

1989 1955 2077 2006 40.
2116 1954 2425 2006 Enumerat
2454 1953 2602 2006 idem
2641 1954 2768 2015 Leo,
2800 1970 2922 2022 cap.
2977 1955 3064 2015 43,
3101 1954 3347 2024 pretiosa
3378 1971 3622 2007 munera

1920 2059 2049 2113 quas
2101 2043 2376 2096 llenricus
2437 2043 2508 2095 ob
2544 2049 2935 2112 recuperatam
2971 2044 3270 2096 sanitatem
3306 2050 3440 2096 tunc
3476 2049 3620 2096 tem-

1920 2133 2076 2201 poris
2122 2131 2288 2184 beato
2324 2133 2628 2185 Benedicto
2677 2132 2930 2184 obtulit:
2969 2155 2993 2179 ‹‹
3057 2133 3321 2198 'l‘extum,
3384 2132 3619 2195 scilicet,

1923 2219 2229 2290 Evangelii,
2283 2220 2496 2272 deforis
2549 2219 2782 2289 quidem
2815 2237 2878 2273 ex
2931 2237 3046 2272 uno
3082 2221 3254 2272 latere
3282 2221 3620 2288 adopertam

1921 2324 2060 2360 auro
2105 2309 2414 2378 purissimo
2455 2325 2519 2360 ac
2549 2309 2794 2378 gemmis
2843 2307 3298 2377 pretiosissimis,
3352 2308 3422 2359 ab
3472 2305 3622 2359 intus

1921 2414 2053 2451 vero
2088 2397 2429 2462 uncialibns,
2476 2402 2540 2450 ut
2595 2398 2770 2450 aiunt.
2814 2397 3016 2450 litteris
3059 2403 3233 2467 atque
3291 2397 3490 2467 figuris
3521 2413 3622 2448 au-

1921 2487 2029 2539 reis
2055 2487 2290 2539 miritice
2321 2487 2682 2548 decoratum;
2718 2487 2950 2538 calicem
2985 2502 3223 2538 aureum
3257 2502 3384 2538 cum
3419 2491 3624 2554 patena

1921 2591 2020 2628 sua
2054 2575 2298 2644 gemmis
2327 2580 2383 2627 et
2423 2575 2748 2643 margaritis
2777 2590 2840 2626 ac
2863 2575 3080 2627 smaltis
3105 2574 3343 2644 optimis
3374 2575 3626 2627 adorna-

1921 2668 1978 2716 tu
1991 2680 2065 2720 In:
2084 2664 2371 2732 planetam
2385 2663 2658 2731 diapistin
2677 2663 2816 2715 listis
2830 2663 3019 2716 aureis
3040 2663 3398 2728 adornatam,
3418 2663 3622 2715 stolam

1922 2768 2150 2823 quoque
2166 2757 2222 2803 et
2244 2751 2600 2821 manipulum
2617 2749 3187 2823 [mappulani]atque
3202 2752 3498 2822 cingulum
3516 2750 3626 2802 sin-

1922 2841 2805 2910 gulasintextamauro.Pluviale
2821 2839 2990 2892 etiam
3013 2840 3173 2908 diasp
3187 2857 3312 2892 rum
3331 2857 3462 2892 cum
3482 2839 3626 2891 listis

1923 2946 2063 2982 auro
2094 2928 2279 2993 textis,
2315 2945 2542 2982 necnon
2571 2934 2629 2982 et
2667 2928 2916 2982 tunicam
2952 2929 3211 2997 ejusdem
3245 2928 3625 2998 subtegminis

105 3021 516 3076 llasinensibus
574 3019 753 3072 sancti
820 3019 1004 3071 Patris
1068 3015 1329 3084 corporis
1397 3013 1812 3084 possessionem
1848 3014 1887 3065 C
1926 3018 2114 3072 aureis
2165 3017 2438 3086 operibus
2471 3017 3029 3076 exornatam,simul
3081 3021 3293 3068 etcum
3351 3017 3626 3085 mappula

108 3115 539 3181 argumentum.
576 3107 786 3162 Scribit
837 3106 992 3159 enim
1025 3105 1169 3157 libro
1202 3119 1258 3169 ll,
1301 3120 1424 3173 cap.
1488 3103 1553 3155 42
1612 3107 1667 3154 et
1719 3118 1812 3153 se-

109 3201 444 3271 quentibus,
480 3198 787 3252 llenricum
845 3195 1252 3264 imperatorem
1315 3192 1484 3244 simul
1521 3207 1650 3243 cum
1714 3191 1812 3244 Be-

107 3290 327 3342 nedicto
359 3287 486 3339 Vlll
509 3301 737 3339 summo
759 3283 1028 3354 pontifice
1048 3279 1460 3332 monasterium
1508 3279 1813 3330 (lasinense

106 3379 328 3442 adiisse,
364 3377 427 3429 in
460 3390 711 3446 quorum
773 3370 1074 3443 praisentia
1103 3369 1462 3423 Theobaldus
1502 3367 1674 3420 abbas
1706 3368 1815 3420 Ca-

107 3467 343 3520 sinensis
386 3465 620 3530 electus,
664 3463 736 3516 ab
788 3462 910 3531 ipso
953 3459 1227 3530 pontifice
1275 3462 1635 3510 consecratus
1686 3456 1810 3509 fuit.

106 3557 251 3608 Tunc
284 3551 578 3622 temporis
609 3550 695 3604 uti
729 3549 1118 3619 prosequitur,
1157 3545 1429 3599 Henricus
1489 3544 1816 3598 acutissimo

111 3644 184 3696 ilii
211 3644 414 3697 dolore
451 3639 782 3693 vexabatur.
839 3637 932 3690 cui
987 3652 1092 3689 nec
1121 3636 1292 3705 plene
1323 3633 1651 3697 dormienti,
1714 3649 1817 3685 nec

113 3750 335 3794 prorsus
388 3728 661 3798 vigilanti
702 3727 970 3798 apparuit
999 3726 1197 3779 beatus
1231 3723 1591 3784 Benedictus,
1647 3722 1816 3792 eique

110 3823 171 3888 de
195 3839 325 3874 vera
361 3821 421 3872 in
455 3835 615 3870 sacro
649 3822 844 3869 monte
877 3813 1135 3884 corporis
1181 3813 1268 3866 sui
1301 3812 1603 3865 existentia
1647 3811 1816 3865 dubi-

111 3912 244 3964 tanti
277 3911 402 3963 bzec
471 3908 654 3960 dixit:
696 3904 817 3960 Scio
870 3907 1128 3972 quoniam
1190 3908 1246 3954 tu
1302 3918 1383 3954 me
1427 3903 1683 3954 hactenus
1733 3901 1817 3952 hic

115 3999 377 4052 dubitasti
439 3998 743 4063 quiescere;
769 3993 863 4045 sed
890 4009 955 4045 ne
985 4007 1148 4060 super
1177 3991 1271 4044 hoc
1321 3991 1558 4058 amplius
1612 3990 1818 4056 aliqua-

115 4094 256 4141 tenus
308 4086 554 4149 dubites,
588 4098 868 4150 meumque
934 4083 992 4134 in
1051 4081 1162 4134 loco
1212 4081 1316 4132 isto
1345 4081 1639 4132 certissime
1676 4078 1814 4144 quie-

112 4193 244 4228 scere
263 4175 464 4228 credas
517 4171 917 4240 corpusculum,
973 4171 1067 4222 hoc
1103 4169 1204 4221 tibi
1259 4170 1476 4232 signum
1506 4168 1626 4220 erit.
1690 4167 1819 4220 Cum

112 4268 342 4333 primum
373 4261 542 4316 hodie
571 4262 898 4323 sura-exeris,
953 4260 1013 4311 in
1070 4258 1334 4323 egestione
1361 4257 1534 4308 urinae
1577 4260 1681 4308 tua:
1713 4261 1817 4308 tres
1853 4289 1892 4340 Ο

116 4355 323 4423 lapillos
354 4368 470 4405 non
527 4365 730 4418 parvos
776 4350 1015 4416 mingere
1067 4344 1312 4411 habebis,
1362 4349 1412 4397 et
1464 4359 1531 4396 ex
1562 4349 1687 4398 tunc
1738 4343 1824 4394 do-

115 4444 209 4496 lore
243 4445 347 4495 isto
369 4447 423 4494 et
457 4440 718 4507 amplius,
742 4453 847 4490 non
878 4423 1169 4490 laborabis.
1205 4433 1472 4488 Protinus
1499 4432 1691 4502 itaque
1714 4432 1824 4485 evi-

116 4532 288 4600 gilans
311 4529 600 4584 Henricus
616 4525 885 4592 surrexit,
918 4530 1089 4596 atque
1116 4540 1183 4578 eo
1204 4521 1376 4576 modo
1404 4538 1517 4592 quo
1539 4519 1822 4590 praedixe-

118 4625 195 4673 rat
223 4625 458 4673 sanctus
481 4619 672 4681 Pater,
707 4615 1007 4669 sanitatem
1050 4613 1290 4683 recepit;
1344 4627 1408 4664 ac
1450 4626 1616 4664 mane
1676 4610 1822 4662 facto

117 4709 169 4761 in
198 4708 525 4778 capitulum
589 4703 824 4756 veniens
854 4702 1071 4755 cunctis
1108 4699 1379 4754 fratribus
1438 4714 1555 4750 rem
1606 4702 1824 4766 gestam

121 4798 328 4861 retulit,
395 4801 455 4849 et
517 4794 633 4846 alia
701 4793 882 4845 multa
941 4807 1070 4862 qum
1123 4790 1246 4843 fuse
1306 4786 1674 4858 prosequitur
1730 4785 1824 4838 ille

119 4894 327 4952 auctor,
362 4890 527 4938 totus
559 4881 616 4935 in
661 4897 728 4935 co
758 4886 822 4933 ut
852 4896 916 4933 ex
959 4881 1064 4934 hoc
1117 4877 1394 4931 miraculo
1423 4875 1643 4928 evincat
1676 4873 1827 4927 beati

121 4975 290 5028 Patris
326 4972 614 5042 reliquias
658 4984 958 5038 nunquam
1003 4967 1063 5020 in
1093 4967 1333 5020 Galliam
1378 4964 1572 5017 allatas
1602 4961 1774 5015 fuisse
1810 4979 1825 5014 :

120 5065 262 5132 quod
299 5079 442 5117 sane
485 5077 551 5114 ex
608 5059 732 5111 Vita
782 5056 963 5110 sancti
1018 5053 1242 5109 Henrici
1301 5052 1464 5106 facile
1497 5067 1614 5105 non
1670 5049 1825 5103 colli-

121 5151 281 5218 gitur.

184 5244 233 5292 9.
266 5242 390 5294 Non
422 5233 961 5308 itaqueindubium
986 5230 1238 5286 revocari
1269 5230 1440 5284 velim
1461 5232 1578 5282 tam
1607 5227 1828 5281 illustre

126 5328 484 5382 miraculum.
552 5323 748 5379 Potuit
799 5323 952 5377 enim
1001 5326 1229 5376 sanctus
1269 5321 1455 5384 Pater,
1487 5317 1594 5371 etsi
1651 5316 1830 5387 ipsius

129 5433 243 5470 ossa
287 5418 343 5471 in
379 5414 587 5469 Galliis
617 5411 954 5483 jacuissent,
990 5427 1110 5465 sese
1149 5406 1485 5480 imperatori
1519 5405 1830 5461 dormienti

131 5506 399 5560 visibilem
434 5505 498 5558 in
543 5505 741 5556 monte
789 5501 993 5555 Casino
1041 5495 1317 5570 praebere,
1370 5500 1435 5550 ut
1463 5495 1604 5550 alias
1633 5493 1832 5550 fecisse

132 5593 323 5648 dicitur
385 5595 446 5647 in
528 5590 674 5645 locis
732 5587 1101 5660 quibusdam,
1161 5602 1307 5659 quos
1359 5600 1464 5639 nec
1512 5583 1672 5637 vivus
1729 5599 1833 5636 nec

479 5707 760 5770 Pnaon.
815 5703 986 5768 CXL.

1925 3107 2199 3178 diapistin
2235 3123 2373 3158 auro
2433 3105 2811 3158 nihilominus
2871 3106 3161 3169 decorata;
3216 3105 3446 3157 situlam
3478 3121 3621 3174 quo-

1926 3214 2036 3268 que
2071 3202 2125 3250 et
2155 3211 2397 3266 coppam
2432 3201 2756 3265 argenteam
2806 3195 3142 3264 quantitatis
3191 3211 3304 3247 non
3363 3193 3624 3258 ruodicm,

1926 3303 2056 3340 cum
2085 3302 2198 3355 qua
2257 3284 2519 3337 videlicet
2551 3284 2752 3336 fratres
2785 3283 2843 3336 in
2872 3281 3179 3353 praicipuis
3224 3283 3626 3336 festivitatibus

1926 3376 2208 3430 biberent.
2246 3372 2555 3441 Recollegit
2593 3377 2872 3442 praeterea
2898 3389 2928 3424 a
2957 3372 3170 3425 Judazis
3201 3376 3410 3425 vestem
3455 3388 3624 3424 unam

1926 3465 1995 3517 de
2043 3461 2246 3516 altario
2305 3461 2484 3514 sancti
2540 3460 2848 3521 Benedicti,
2909 3477 3036 3530 quae
3094 3460 3388 3530 quondam
3448 3461 3629 3512 fuerat

1928 3550 2116 3606 Caroli
2155 3550 2326 3619 regis,
2364 3565 2536 3618 quam
2596 3548 2772 3601 iidem
2835 3548 3016 3602 Judaei
3070 3547 3398 3601 retinebant
3446 3547 3502 3600 in
3535 3547 3627 3616 pi—

1927 3653 2105 3706 gnore
2137 3653 2240 3707 pro
2275 3637 2606 3706 quingentis
2646 3637 2857 3701 aureis,
2896 3653 3117 3689 necnon
3159 3644 3216 3688 et
3251 3636 3484 3688 calicem
3533 3652 3626 3688 ar-

1927 3733 2198 3796 genteum
2224 3728 2562 3780 Saxonicum
2597 3726 2872 3792 majorem
2897 3742 3025 3778 cum
3062 3730 3267 3794 patena
3299 3741 3420 3789 sua,
3455 3740 3627 3794 quem

1926 3817 2310 3870 Theodericus
2369 3816 2657 3869 Saxonum
2719 3831 2815 3868 rex
2894 3815 3060 3868 beato
3127 3815 3432 3868 Benedicto
3491 3815 3627 3867 olim

1929 3906 2347 3958 transmiserat.
2383 3904 2517 3968 Qua:
2543 3904 2736 3957 omnia
2768 3905 2981 3974 pariter
3011 3904 3063 3955 in
3089 3904 3327 3956 fratrum
3371 3920 3628 3972 patescu-

1929 3994 2011 4047 tia.
2056 4010 2231 4064 super
2288 3995 2466 4047 altare
2525 3993 2676 4046 beati
2758 3992 3050 4045 Benedicti
3118 4008 3339 4061 ponens
3395 3991 3629 4057 obtulit;

1929 4082 2390 4153 prtedictumque
2441 4099 2650 4153 papam
2701 4098 2816 4154 sua:
2849 4081 3204 4134 auctoritatis
3262 4079 3631 4150 scriptionem

1931 4171 1999 4225 de
2057 4171 2196 4240 ipsis
2248 4171 2515 4224 omnibus
2565 4171 2622 4224 in
2683 4171 2792 4223 hoc
2844 4171 3026 4223 facere
3094 4171 3334 4240 rogavit,
3412 4174 3636 4239 aposto-

1932 4260 2026 4314 1ἱιιί
2079 4260 2458 4313 anathematis
2507 4259 2880 4314 innodatione
2917 4259 3104 4312 eidem
3139 4259 3435 4328 scriptioni
3466 4275 3637 4330 appo-

1935 4349 2060 4414 sita,
2096 4366 2163 4402 ne
2189 4348 2317 4418 quis
2349 4365 2602 4418 unquam
2629 4349 2712 4401 vel
2750 4349 2855 4401 lioc
2887 4349 3004 4400 loco
3039 4363 3166 4418 qua:
3226 4347 3492 4411 diximus,
3551 4349 3634 4400 vel

1934 4438 2045 4492 alia
2077 4454 2205 4508 qua:
2240 4439 2298 4490 in
2351 4446 2518 4491 antea
2550 4436 2704 4490 idem
2759 4437 3068 4506 imperator
3125 4435 3257 4489 huic
3290 4437 3636 4488 monasterio

1933 4526 2298 4589 concesserit,
2341 4525 2564 4577 auferre
2603 4528 2928 4594 praesumat.
2967 4545 2992 4569 ››

2010 4618 2096 4668 ll.
2129 4614 2276 4678 Quin
2310 4619 2367 4666 et
2416 4612 2753 4666 Benedictus
2779 4611 3027 4681 pontifex
3085 4615 3139 4664 et
3186 4610 3496 4679 Piligrinus
3528 4613 3636 4665 Co-

1936 4701 2286 4756 loniensium
2317 4701 2574 4764 antistes,
2631 4716 2734 4752 sua
2767 4699 2982 4768 pariter
3013 4715 3251 4751 munera
3283 4699 3637 4763 obtulerunt,

1935 4807 2064 4862 quae
2102 4791 2210 4843 Leo
2246 4793 2498 4841 recenset
2521 4787 2722 4841 eodem
2759 4787 2877 4840 loco
2913 4803 2924 4839 :
2957 4806 2982 4836 «
3018 4787 3171 4840 Idem
3232 4804 3462 4857 quoque
3501 4802 3640 4856 apo-

1935 4877 2189 4942 stolicus,
2237 4875 2596 4946 imperatoris
2643 4877 2812 4929 saluti
2844 4875 3006 4929 valde
3057 4876 3480 4945 eongratulans,
3536 4875 3642 4929 ob—

1935 4965 2071 5020 tulit
2123 4969 2181 5018 et
2211 4963 2331 5034 ipse
2373 4963 2540 5018 beato
2611 4963 2913 5016 Benedicto
2945 4963 3148 5016 eodem
3206 4963 3296 5017 die
3353 4963 3642 5034 planetam

1938 5054 2219 5124 optimam
2279 5051 2468 5105 veneti
2525 5052 2754 5118 coloris,
2819 5051 2963 5105 listis
3024 5051 3400 5106 nihilominus
3459 5051 3645 5105 aureis

1939 5143 2208 5197 decenter
2261 5147 2544 5207 ornatam,
2584 5151 2640 5194 et
2689 5141 2892 5194 stolam
2942 5157 3112 5194 unam
3172 5143 3448 5212 Optimam
3507 5155 3645 5192 auro

1940 5231 2198 5286 brustam
2223 5247 2354 5284 cum
2384 5230 2683 5300 manipulo
2713 5246 2837 5282 suo.
2870 5229 2976 5281 Sed
3008 5235 3065 5281 et
3102 5229 3400 5298 Belgrinus
3461 5227 3644 5280 archi-

1941 5321 2270 5391 episcopus,
2294 5319 2367 5373 ob
2397 5319 2642 5388 gratiam
2671 5318 3058 5387 imperatoriae
3081 5317 3358 5378 sanitatis,
3385 5315 3649 5369 similiter

1943 5408 2153 5462 obtulit
2201 5407 2370 5460 beato
2429 5406 2731 5460 Benedicto
2791 5406 3082 5475 planetam
3141 5420 3490 5474 purpuream
3543 5420 3645 5473 op-

1942 5496 2168 5563 timam,
2227 5494 2420 5549 aureis
2501 5495 2647 5548 listis
2725 5493 3007 5548 mensium
3094 5491 3394 5546 duodecim
3486 5491 3651 5561 signa

1950 5584 2299 5639 habentibus
2347 5583 2403 5636 in
2459 5582 2698 5637 circuitu
2755 5582 3106 5648 adornatam,
3142 5585 3194 5634 ct
3256 5581 3462 5634 stolam
3519 5597 3649 5634 cum

3311 5694 3347 5758 7
