3968 6416
151 305 308 359 1009

955 308 1044 360 DE
1085 309 1454 364 MIRACULIS
1495 309 1550 362 S.
1594 308 2012 365 EMMERAMMI
2057 312 2234 365 LIBRI
2273 312 2438 366 DUO.
2477 340 2545 349 -——
2591 309 2716 364 LIB.
2763 313 2802 364 l.

3470 313 3604 363 1010

140 430 210 482 et
244 426 456 482 multis
481 425 629 482 foret
654 428 885 483 horrori
930 435 986 485 et
1013 431 1311 504 exemplo,
1349 437 1485 487 ante
1512 432 1831 488 confessio-
1868 438 1913 488 A
1944 433 2143 489 liceret
2169 434 2252 489 eis
2300 434 2532 506 absque
2563 433 2802 505 publica
2834 433 3182 488 confusione
3232 432 3602 488 domicilium

138 532 302 572 nem
336 515 663 571 beatissimi
695 519 974 590 martyris
1013 521 1234 592 hospes
1261 523 1532 594 hispidus
1563 528 1618 577 et
1647 523 1834 578 horri-

141 606 277 661 dus
310 620 535 660 nomen
568 606 880 661 confessus
910 607 1182 678 legionis.
1215 611 1439 681 ejectus
1472 616 1560 667 est
1587 612 1664 667 ab
1695 612 1833 666 hos-

140 696 278 767 pite
309 700 487 750 antea
517 695 628 749 sibi
675 696 879 765 charo,
916 699 1020 752 sed
1051 704 1190 754 tunc
1225 701 1503 771 martyris
1553 701 1834 772 precibus

142 783 500 840 admodum
527 788 920 840 amaro.Tum
952 787 1442 856 videres,mirum
1467 791 1526 844 in
1557 792 1830 852 modum,

145 873 203 926 si
234 873 505 938 adesses,
549 872 858 928 hominem
890 875 1071 946 paulo
1108 881 1244 932 ante
1284 894 1390 949 per
1421 878 1646 934 alienas
1677 877 1832 933 vires

143 961 402 1016 ossibus
429 966 485 1016 et
510 963 708 1016 nervis
735 963 1081 1029 distentum,
1117 966 1316 1021 subito
1346 967 1634 1022 mediocri
1666 972 1835 1034 gestu

143 1051 432 1122 corporis
461 1056 828 1117 contentum,
863 1069 984 1108 uno
1011 1055 1345 1126 eodemque
1370 1061 1675 1111 momento
1707 1057 1834 1110 des-

143 1139 398 1195 titutum
430 1140 688 1211 propriis
719 1141 942 1195 viribus
970 1147 1026 1197 et
1052 1143 1405 1198 restitutum.
1446 1148 1494 1198 ls
1515 1161 1656 1213 ergo
1692 1147 1833 1200 San-

143 1233 418 1295 ctorum,
475 1245 629 1299 quos
683 1246 790 1301 pro
848 1231 1088 1286 miseria
1145 1233 1465 1289 relevanda
1520 1234 1829 1305 petiverat,

146 1319 471 1384 charitate,
517 1318 692 1374 beato
742 1323 1187 1376 Emmerammo
1217 1322 1496 1392 donatus,
1541 1340 1646 1396 per
1693 1340 1834 1379 eun-

145 1407 301 1462 dem
356 1407 776 1464 dulcissimum
826 1415 1150 1481 patronum
1190 1413 1558 1481 gratificatur
1605 1418 1720 1469 Deo
1755 1415 1831 1469 si-

146 1497 414 1568 mulque
430 1498 627 1552 omnis
647 1499 817 1570 plebs
829 1502 1319 1570 Hiatospolz'lana
1344 1504 1475 1574 conj
1487 1503 1673 1558 ubilat
1693 1521 1829 1559 cum

148 1603 249 1642 eo.
291 1590 398 1640 Pro
428 1588 562 1652 hoc,
594 1588 838 1644 Domine
865 1589 1274 1657 dominorum,
1310 1597 1365 1647 et
1394 1593 1524 1647 aliis
1557 1595 1831 1665 potentiae

150 1681 277 1731 tuae
315 1676 640 1744 miraculis,
672 1680 972 1745 generatio
1016 1697 1279 1751 praesens
1311 1687 1366 1736 et
1395 1683 1595 1738 t'utura
1624 1683 1833 1739 lauda-

1940 524 2324 595 requietionis
2356 524 2484 594 ejus
2509 524 2749 577 intrare.
2786 523 2956 586 Quod
2989 539 3127 578 cum
3162 523 3460 577 videretur
3499 522 3604 576 im-

1942 617 2262 683 petratum,
2307 616 2371 668 ut
2393 612 2666 667 venirent
2697 611 2855 666 bona
2889 611 3000 665 sub
3052 629 3177 683 spe,
3213 613 3286 666 ad
3339 612 3469 666 illos
3518 616 3605 665 est

1941 701 2258 773 perlatum.
2291 703 2396 768 Qui
2428 702 2726 757 venientes
2745 718 2884 755 cuni
2908 701 3233 756 humilitate
3263 706 3602 756 actremore

1945 796 2085 846 sunt
2113 791 2441 846 intromissi
2475 797 2528 844 et
2575 807 2694 845 non
2727 790 3090 845 infructuose
3125 790 3394 845 admissi.
3455 795 3602 846 Nam

1942 880 2140 950 capita
2181 895 2319 935 cum
2351 880 2633 935 manibus
2675 879 2945 947 religiose
2987 879 3156 934 altari
3198 879 3600 951 imponentes,

1940 969 2193 1040 professi
2224 974 2362 1024 sunt
2392 987 2452 1022 se
2480 968 2704 1023 martiri
2719 972 3038 1040 perpetuos
3068 968 3602 1040 censualesAliqui

1941 1058 2313 1113 tradiderunt
2337 1075 2542 1113 servos
2567 1063 2620 1113 et
2642 1057 2908 1124 ancillas,
2935 1062 2994 1112 ut
3016 1057 3077 1111 in
3108 1062 3432 1129 conspectu
3456 1058 3602 1113 tanti

1938 1147 2178 1218 patroni
2216 1146 2549 1203 invenirent
2589 1147 2834 1216 gratias.
2884 1147 2994 1201 Alii
3042 1163 3182 1201 vero
3227 1145 3605 1201 contulerunt

1937 1236 2356 1306 possessiones
2385 1235 2754 1307 prediorum,
2788 1252 2862 1290 ne
2909 1236 3061 1289 ultra
3094 1239 3317 1290 starent
3345 1235 3405 1289 in
3438 1239 3603 1306 parte

1938 1339 2198 1379 reorum.
2237 1325 2398 1379 Alius
2447 1323 2541 1379 hic
2595 1324 2830 1397 reliquit
2881 1323 3172 1379 triennem
3224 1323 3601 1393 languorem,

1939 1411 2090 1466 alius
2116 1412 2394 1483 deposuit
2419 1412 2649 1466 bimam
2680 1411 3068 1480 debilitatem,
3103 1410 3254 1466 alius
3280 1411 3490 1481 jugem
3513 1427 3606 1464 su-

1938 1500 2165 1572 peravit
2194 1501 2442 1569 maligni
2470 1501 2709 1572 spiritus
2740 1500 3197 1555 infestationem.
3232 1500 3330 1554 His
3363 1500 3604 1554 tandem

1939 1595 1992 1646 et
2026 1591 2372 1661 hujusmodi
2418 1590 2724 1644 beneficiis
2770 1590 2988 1657 refecti,
3028 1589 3172 1661 quia
3220 1593 3395 1644 antea
3432 1590 3606 1644 malis

1938 1679 2269 1734 innumeris
2310 1685 2478 1734 erant
2527 1680 2740 1744 att'ccti,
2791 1679 2852 1733 in
2894 1679 3137 1751 propria
3185 1683 3323 1733 sunt
3364 1679 3603 1734 reversi.

149 1763 246 1818 bit
296 1780 484 1836 opera
541 1770 658 1820 tua.
704 1767 1200 1833 Maguiticentiam
1251 1769 1451 1837 gloriae
1507 1771 1832 1827 sanctitatis
1863 1791 1900 1844 Β
1941 1771 2103 1823 Unus
2137 1775 2337 1823 autem
2367 1769 2642 1838 ejusdem
2683 1768 2879 1840 stirpis
2906 1767 3179 1839 perdura:
3211 1767 3476 1834 cervicis,
3503 1784 3607 1823 no-

152 1857 275 1906 tua:
309 1852 651 1924 loquentur,
693 1860 747 1909 et
782 1855 1079 1911 mirabilia
1117 1861 1219 1911 tua
1250 1859 1586 1914 narrabunt
1620 1864 1674 1914 et
1723 1860 1832 1914 vir-

150 1945 349 1996 tutem
381 1943 732 1998 terribilium
785 1950 1024 2000 tuorum
1057 1945 1274 2002 dicent.
1331 1951 1478 2004 Cum
1522 1949 1743 2020 quibus
1776 1955 1833 2004 et

149 2046 268 2084 nos
323 2032 626 2087 humiliter
658 2050 727 2088 ac
757 2035 1147 2106 supplicative
1175 2036 1430 2092 dicimus
1467 2056 1479 2092 :
1533 2060 1559 2086 ‹‹
1595 2042 1830 2093 Emme-

148 2136 396 2175 rammo
429 2122 562 2176 testi
614 2128 715 2177 tuo
746 2123 907 2179 ﬁdeli
953 2125 1212 2179 concede
1265 2127 1514 2182 salutem
1557 2128 1829 2184 omnium

159 2210 372 2264 nostri.

233 2303 318 2354 11.
353 2301 551 2355 Merita
577 2300 733 2356 beati
763 2304 1189 2358 Emmerammi
1217 2307 1497 2377 martyris
1528 2311 1828 2378 quantum

150 2387 395 2443 valeant
416 2388 474 2442 in
494 2389 790 2461 presentia
814 2392 1526 2463 Omnipotentis,testatur
1543 2396 1671 2464 jam
1694 2396 1829 2468 plus

151 2494 342 2548 quam
383 2495 491 2550 per
532 2484 826 2534 trecentos
859 2498 1052 2536 annos
1085 2484 1378 2554 Lautperti
1406 2485 1622 2540 misera
1655 2501 1828 2554 gene-

153 2566 310 2622 ratio
360 2571 619 2640 tyranni.
670 2569 851 2638 Cujus
904 2587 933 2625 e
994 2571 1174 2642 stirpe
1226 2589 1383 2627 unus
1433 2574 1528 2628 die
1559 2575 1829 2646 quadam

152 2672 294 2711 cum
324 2656 453 2712 aliis
487 2659 723 2729 patroni
749 2659 934 2715 nostri
970 2666 1177 2732 petens
1210 2662 1543 2728 ecclesiam,
1575 2680 1713 2718 cum
1745 2664 1830 2718 in-

155 2750 309 2800 trare
353 2750 665 2813 tentarent,
708 2747 769 2802 in
809 2748 995 2819 ipsius
1029 2750 1160 2804 atrii
1195 2752 1361 2821 quod
1392 2751 1529 2806 huic
1570 2753 1831 2808 adhaeret

151 2836 492 2901 medietate,
525 2837 721 2893 subita
758 2839 1098 2911 prohibitus
1131 2857 1193 2895 es
1233 2842 1516 2912 czecitate,
1550 2842 1630 2896 ibi
1682 2843 1829 2898 dum

152 2925 456 2981 deviando
479 2927 759 2982 manibus
786 2928 1080 3001 palparet,
1105 2946 1174 2984 ac
1197 2931 1454 3002 pedibus
1477 2933 1824 2999 offenderet,

155 3032 192 3071 a
219 3016 666 3072 transeuntibus
694 3017 829 3088 quis
860 3024 1031 3087 esset,
1065 3020 1210 3091 quid
1238 3025 1558 3092 pateretur,
1586 3022 1830 3076 interro-

157 3108 350 3173 gatus,
386 3111 441 3160 et
468 3121 657 3173 genus
683 3105 1085 3174 info'elix,cum
1113 3126 1260 3164 casu
1283 3109 1827 3181 professus,eorum
1865 3146 1904 3197 (ἶ

159 3192 409 3248 consilio
449 3199 505 3248 et
548 3195 771 3250 ducatu
803 3197 1020 3251 atrium
1071 3202 1159 3252 est
1188 3214 1482 3268 egressus.
1523 3199 1631 3264 Qui
1684 3217 1827 3254 mox

150 3283 343 3337 visum
388 3284 702 3356 recipiens,
758 3301 867 3340 nec
915 3301 1039 3340 non
1072 3301 1180 3357 pro
1212 3304 1282 3342 eo
1313 3288 1477 3360 quod
1510 3288 1621 3343 sibi
1670 3289 1824 3343 acci-

153 3371 340 3438 derat,
391 3373 538 3428 haut
570 3373 711 3429 satis
763 3374 1076 3444 diligenter
1117 3392 1176 3431 se
1205 3376 1548 3442 discutiens,
1593 3382 1656 3432 ut
1687 3382 1823 3449 pote

157 3461 410 3531 alicujus
461 3464 658 3517 oneris
707 3465 1040 3535 expeditus,
1096 3466 1449 3521 intrantium
1504 3467 1688 3521 turbis
1741 3472 1829 3521 est

159 3546 550 3616 conjunctus:
603 3552 744 3602 tunc
800 3549 964 3603 miris
1017 3549 1170 3604 mira
1229 3551 1709 3619 succedentibus,
1765 3550 1824 3603 in

157 3634 286 3706 ipso
320 3640 629 3706 portarum
662 3635 904 3690 introitu
954 3637 1154 3692 denuo
1185 3639 1444 3692 caecitate
1474 3655 1820 3709 percussus.

158 3723 319 3779 Unde
349 3729 405 3779 et
443 3741 479 3779 a
508 3725 735 3796 populo
784 3725 1076 3780 honorem
1104 3727 1284 3781 dante
1319 3730 1436 3781 Deo
1477 3727 1706 3798 absque
1739 3727 1830 3780 di-

152 3812 368 3867 latione
437 3812 597 3867 foras
667 3813 915 3882 ejicitur,
985 3813 1088 3884 qui
1147 3830 1254 3885 per
1306 3815 1822 3869 evidentissimum

156 3902 391 3970 signum
439 3918 475 3957 a
518 3901 746 3956 cunctis
778 3901 1054 3956 inimicus
1097 3904 1260 3958 testis
1301 3920 1430 3958 esse
1487 3904 1819 3974 conjicitur.

154 3993 335 4062 Hujus
367 3993 448 4047 rei
481 3992 887 4047 testimonium
933 4009 1072 4047 cum
1109 3993 1353 4064 publico
1387 3993 1605 4049 rubore
1633 3995 1819 4049 homo

153 4085 398 4154 portans
445 4099 670 4150 secum,
715 4089 770 4138 et
800 4083 973 4138 valde
1004 4083 1253 4139 miratus
1394 4084 1487 4138 bis
1530 4091 1819 4140 caecatum

155 4176 329 4242 atque
372 4171 796 4238 illuminatum,
831 4172 1142 4244 repedavit
1182 4173 1260 4228 ad
1298 4173 1563 4245 propria,
1609 4175 1819 4243 hujus-

153 4260 314 4315 modi
345 4277 620 4317 sermone
655 4262 803 4317 inter
852 4261 1184 4317 conrivales
1231 4269 1287 4318 et
1335 4265 1820 4333 consanguineos

155 4353 420 4404 exeunte.
454 4350 732 4405 Noverint
761 4366 993 4421 omnes,
1015 4350 1161 4405 nulli
1179 4368 1248 4405 ex
1272 4352 1615 4422 posteritate
1645 4353 1818 4407 Lam-

149 4440 306 4509 perti
355 4429 671 4493 accessum
715 4440 882 4510 apud
917 4442 970 4495 S.
1008 4442 1523 4495 Emmerammum
1573 4441 1640 4495 iri
1673 4457 1815 4496 con-

155 4544 403 4595 cessum,
461 4529 575 4583 nisi
624 4546 762 4583 cum
810 4545 1034 4597 magna
1078 4530 1410 4586 humilitate
1458 4535 1514 4585 et
1559 4530 1816 4587 multum

155 4617 381 4672 valente
433 4617 821 4690 impetratum
896 4618 1071 4674 fuerit
1113 4635 1307 4691 prece.
1358 4623 1441 4674 Tu
1488 4636 1654 4687 vero,
1686 4636 1815 4676 ma-

155 4703 366 4776 gniﬁca
420 4704 522 4758 lux
576 4705 808 4771 mundi,
869 4721 976 4778 per
1031 4707 1482 4763 intercessiones
1537 4708 1817 4779 martyris

155 4793 235 4850 tui
273 4791 546 4848 illumina
586 4793 863 4849 tenebras
908 4796 1104 4850 cordis
1157 4796 1364 4862 nostri,
1424 4813 1496 4851 ne
1552 4802 1815 4853 extorres

158 4883 334 4938 simus
375 4881 638 4960 caelestis
672 4885 862 4954 regni,
913 4885 1018 4939 sed
1075 4885 1543 4941 intromittamur
1594 4887 1817 4959 nuptiis

157 4973 308 5041 agni.

227 5065 305 5116 12.
340 5062 574 5118 Nobiles
591 5062 843 5134 quidam
861 5063 990 5130 viri,
1016 5063 1371 5132 cognatione
1388 5063 1563 5119 nobis
1593 5069 1649 5119 et
1671 5070 1814 5120 tem-

155 5165 289 5222 pore
316 5152 458 5214 noti,
492 5169 753 5224 quorum
780 5153 1029 5208 nomina
1061 5153 1325 5222 silemus,
1359 5153 1501 5225 quia
1532 5171 1815 5230 verecun-

155 5238 320 5294 datur
351 5241 608 5312 quisque
634 5242 947 5312 proximus
977 5242 1055 5297 ob
1091 5243 1363 5297 timorem
1390 5244 1608 5316 pariter
1631 5250 1686 5299 et
1712 5263 1813 5300 an-

155 5345 350 5398 gorem
374 5329 740 5385 calamitosae
772 5331 978 5402 pestis,
1002 5347 1137 5402 q'uaa
1168 5331 1270 5386 diu
1301 5333 1677 5406 multumque
1701 5351 1810 5389 sae-

152 5417 298 5473 vitin
336 5418 685 5473 hominibus
717 5420 1042 5490 tyrannicae
1075 5422 1456 5492 posteritatis,
1490 5439 1596 5494 per
1621 5424 1812 5479 diver-

155 5522 245 5561 sas
279 5522 478 5561 rerum
511 5524 758 5564 suarum
810 5509 1146 5566 oblationes
1201 5515 1378 5584 atque
1426 5512 1806 5569 sacerdotum

154 5595 440 5651 orationes
485 5601 895 5656 ceterorumve
939 5601 1408 5674 supplicationes
1451 5605 1568 5658 Deo
1615 5602 1808 5660 famu-

153 5685 390 5742 lantium
422 5686 714 5744 miserunt
740 5688 820 5744 ad
838 5689 1088 5746 beatum
1115 5693 1652 5762 Emmerammum,
1681 5709 1804 5771 quo

221 5777 327 5844 (68)
351 5778 428 5832 De
457 5775 589 5848 ipso
615 5794 670 5833 v.
706 5777 960 5836 Thietm.
996 5779 1175 5846 IL”;
1211 5778 1302 5846 lll,
1334 5785 1385 5834 ‘7.

1942 1857 2100 1912 mine
2132 1857 2579 1924 Adalrammus,
2623 1857 2758 1912 fecit
2800 1857 2965 1928 quod
3016 1855 3208 1911 noluit
3237 1855 3448 1911 beatus
3482 1859 3611 1911 Em-

1938 1965 2332 2003 merammus.
2364 1948 2790 2002 Vendicaverat
2807 1947 2966 2002 enim
2989 1947 3099 2002 sibi
3123 1946 3338 2016 injuste
3360 1948 3610 2019 praedio-

1938 2051 2072 2088 rum
2105 2041 2356 2107 partem,
2391 2052 2527 2105 quae
2558 2050 2746 2106 nepos
2771 2035 2901 2105 ejus
2935 2034 3162 2088 martiri
3195 2034 3307 2089 sub
3362 2034 3608 2089 testibus

1938 2123 2102 2179 dedit
2132 2124 2191 2178 in
2222 2124 2631 2179 hereditatem.
2669 2128 2776 2178 Pro
2817 2140 2937 2195 qua
2964 2128 3295 2179 conventus
3321 2139 3355 2177 a
3382 2124 3606 2196 primo-

1937 2214 2104 2268 ribus
2136 2219 2192 2268 et
2217 2214 2625 2285 interpellatus
2657 2230 2691 2268 a
2723 2213 3250 2280 defensoribus,ob
3273 2214 3469 2268 cordis
3496 2214 3608 2268 du-

1937 2304 2135 2359 ritiam
2188 2303 2428 2376 penitus
2458 2303 2696 2358 rennuit
2726 2303 2918 2358 facere
2966 2301 3294 2373 justiciam.
3339 2306 3610 2358 Ceterum

1939 2393 2152 2449 beatus
2184 2397 2687 2458 Emmerammus,
2719 2411 2966 2448 suorum
3017 2393 3296 2448 defensor
3324 2394 3607 2465 optimus,

1941 2497 2120 2552 super
2149 2483 2474 2536 temeritate
2523 2498 2592 2536 ac
2634 2481 2860 2536 malitia
2909 2481 3062 2536 adeo
3116 2497 3255 2535 eum
3287 2480 3513 2547 afflixit,
3549 2485 3612 2536 ut

1939 2585 2045 2640 per
2085 2569 2313 2640 aliquot
2359 2570 2725 2641 septimanas
2774 2569 3065 2638 aegritudo
3113 2570 3243 2639 ejus
3293 2569 3529 2625 sibimet
3555 2576 3611 2626 et

1939 2663 2092 2712 esset
2118 2674 2313 2729 poenae
2347 2664 2526 2729 atque
2558 2658 2809 2726 horrori,
2845 2658 3054 2712 amicis
3087 2674 3230 2712 vero
3268 2659 3606 2714 inconsola—

1937 2745 2042 2801 bili
2086 2749 2346 2802 moerori.
2383 2747 2547 2801 Unde
2579 2747 2842 2816 contigit,
2879 2751 2942 2801 ut
2984 2747 3324 2819 frequenter
3354 2751 3607 2801 mortem

1938 2841 2189 2908 optaret,
2221 2837 2326 2891 sed
2372 2841 2576 2909 optata
2606 2837 2853 2891 minimc
2884 2837 3130 2892 veniret.
3165 2841 3325 2892 Tunc
3357 2837 3605 2892 demum

1937 2927 2364 2998 proculdubio
2414 2927 2545 2999 ipsa
2595 2943 2796 2981 rerum
2839 2926 2986 2982 facie
3043 2927 3414 2999 perdiscens,
3462 2926 3607 2999 quia

1937 3016 2103 3070 illum
2138 3016 2908 3086 haberetotl'ensum,cujus
2950 3017 3257 3072 martirem
3287 3017 3607 3071 inhonora-

1938 3110 2103 3159 verat
2164 3105 2634 3172 sanctissimum,
2696 3121 2878 3176 seque
2936 3105 3145 3161 dolens
3204 3105 3606 3160 infelicissime

1938 3194 2229 3261 vivere,et
2255 3195 2643 3249 nihilominus
2675 3193 3026 3264 liujusmodi
3059 3195 3179 3250 vita
3202 3198 3390 3249 morte
3410 3194 3606 3249 saltim

1937 3282 2103 3337 haud
2131 3298 2311 3354 posse
2353 3283 2541 3349 finire,
2577 3282 2824 3338 consilio
2853 3299 3003 3348 sero,
3039 3283 3142 3336 sed
3192 3287 3392 3338 tamen
3420 3282 3603 3349 bono,

1939 3387 2189 3425 uxorem
2222 3371 2335 3424 sub
2374 3370 2747 3426 festinatione
2798 3387 2935 3425 cum
2985 3371 3168 3426 filiolo
3196 3371 3273 3426 ad
3302 3371 3607 3426 martirem

1938 3460 2120 3528 misit,
2151 3463 2392 3530 neptem
2445 3460 2663 3514 scilicet
2692 3475 2892 3514 meam
2923 3476 3063 3514 cum
3115 3465 3329 3532 nepote
3361 3460 3499 3515 illuc
3530 3459 3606 3514 ad

1937 3547 2302 3602 restituenda
2334 3547 2543 3618 predia
2574 3562 2808 3600 currere
2850 3546 3000 3600 fecit.
3037 3547 3145 3610 Qui
3178 3552 3349 3601 nocte
3380 3547 3606 3615 vigilia-

1936 3653 2066 3690 rum
2099 3636 2227 3705 ejus
2250 3635 2571 3700 venientes,
2606 3641 2662 3689 et
2691 3651 2869 3689 mane
2914 3635 3188 3689 ordinem
3215 3635 3298 3690 rei
3328 3635 3474 3690 mihi
3500 3653 3602 3690 ex-

1937 3728 2247 3795 ponentes,
2272 3739 2306 3776 a
2325 3739 2419 3777 me
2439 3727 2683 3794 accepto
2707 3722 2874 3794 quod
2901 3723 2979 3777 ad
3010 3723 3264 3778 salutem
3286 3725 3452 3795 pueri
3477 3740 3605 3795 per-

1935 3811 2107 3866 tinuit
2136 3811 2383 3866 consilio
2411 3811 2560 3866 hora
2599 3810 2716 3865 diei
2742 3811 2955 3866 natalis
2985 3811 3314 3867 beatissimi
3344 3812 3604 3867 martiris

1933 3901 2108 3974 quasi
2149 3899 2414 3955 secunda
2453 3905 2646 3956 mater
2670 3901 2746 3956 ad
2787 3900 2970 3956 altare
3021 3901 3293 3972 accessit,
3326 3907 3382 3957 et
3406 3903 3601 3974 primo

1932 3990 2193 4045 ﬁliorum
2228 3995 2438 4044 sancto
2481 3993 2928 4045 Emmerammo
2955 3990 3186 4045 solvere
3215 3991 3436 4046 faciens
3469 4008 3602 4046 cen-

1933 4097 2091 4149 sum,
2118 4079 2334 4135 deinde
2366 4096 2504 4135 cum
2537 4080 2808 4150 ejusdem
2841 4080 3125 4136 manibus
3151 4081 3413 4136 attractis
3434 4097 3600 4136 more

1933 4171 2244 4241 Bajoarico
2273 4170 2522 4226 testibus
2547 4170 2858 4226 retradidit
2897 4171 3124 4242 predia,
3161 4171 3240 4225 uti
3268 4176 3443 4226 antea
3473 4171 3599 4226 fue-

1931 4265 2066 4316 rant
2103 4261 2337 4327 tradita,
2385 4260 2760 4332 domumque
2810 4265 2900 4314 est
2947 4276 3204 4315 reversa.
3254 4260 3396 4314 Inde
3451 4260 3599 4316 mihi

1931 4354 2141 4420 postea
2162 4349 2408 4403 nuntius
2427 4348 2606 4414 venit,
2623 4348 2725 4419 qui
2744 4348 3088 4420 juravitper
3107 4348 3352 4402 beatum
3367 4349 3598 4402 Emme-

1929 4455 2255 4504 rammum,
2303 4437 2811 4509 praenominatum
2867 4437 3326 4492 Adalrammum
3383 4436 3596 4492 eadem

1928 4529 2079 4582 hora
2130 4525 2450 4598 tranquilla
2497 4525 2849 4598 pausatione
2888 4525 3239 4580 defunctam
3270 4541 3417 4594 esse,
3473 4541 3596 4597 qua

1927 4618 2055 4672 haec
2102 4615 2338 4671 traditio
2378 4614 2536 4669 facta
2584 4619 2672 4669 est
2728 4614 3085 4669 Ratisbonaa.
3146 4618 3263 4669 Nos
3316 4615 3590 4686 proinde,

1925 4711 2223 4780 quotquot
2270 4722 2480 4760 sumus
2511 4705 2653 4760 tanti
2693 4705 2930 4778 patroni
2974 4704 3249 4771 cultores,
3284 4707 3401 4760 Deo
3431 4709 3488 4759 et
3511 4704 3593 4760 illi

1927 4797 2227 4866 gratiﬁcas
2260 4795 2651 4851 concinamus
2688 4793 2899 4849 laudes
2929 4795 2941 4848 !

2003 4892 2086 4942 l3.
2116 4885 2407 4956 Magnalia
2434 4884 2532 4940 Dei
2559 4885 2942 4940 vehementer
2964 4888 3103 4938 sunt
3123 4883 3586 4951 consideranda,

1924 4983 1978 5032 et
2010 4981 2356 5032 sanctorum
2395 4975 2484 5030 ira
2515 4991 2619 5030 seu
2647 4973 2937 5046 patientia
2968 4973 3144 5028 nimis
3167 4972 3454 5028 timenda.
3489 4973 3586 5028 His
3612 5031 3620 5037 _

1923 5067 2142 5122 etenim
2173 5063 2978 5138 patrocinantibus,clemens
2995 5062 3170 5117 nobis
3193 5061 3588 5118 eritAltithro-

1921 5173 2057 5222 nus,
2085 5155 2328 5211 offensis
2359 5171 2497 5208 vero
2524 5158 2579 5208 et
2604 5153 2836 5225 spretis,
2872 5169 2978 5223 per
3003 5151 3253 5221 longum
3282 5156 3386 5207 aut
3410 5152 3587 5208 breve

1922 5261 2042 5300 non
2077 5243 2526 5298 stabitinultum
2549 5247 2604 5297 et
2624 5241 2952 5307 leve.Quod
2975 5241 3138 5314 apud
3160 5246 3436 5297 sanctum
3459 5244 3587 5297 Em-

1923 5350 2326 5389 merammum
2346 5332 2460 5387 sub
2474 5330 2791 5388 Michahele
2811 5331 3094 5403 episcopo
3108 5331 3249 5386 satis
3260 5330 3584 5404 probatum

1921 5423 2183 5479 seniores
2212 5422 2539 5477 retulerunt
2557 5419 2752 5486 nobis,
2781 5419 2884 5492 qui
2913 5420 3407 5476 memorabantur
3431 5419 3586 5475 illius

1922 5512 2224 5583 temporis.
2259 5515 2310 5565 Is
2337 5526 2479 5580 ergo
2507 5526 2615 5582 pro
2646 5509 2828 5564 rebus
2862 5510 3143 5579 martiris,
3166 5509 3583 5566 defensoribus

1921 5601 2248 5674 assumptis
2259 5645 2272 5670 ,
2287 5617 2426 5656 cum
2453 5599 2722 5655 Pertoldo
2753 5600 3099 5657 marchione
3117 5601 3228 5671 (68)
3241 5599 3580 5657 conﬂictum

1918 5691 2131 5748 habuit
2150 5690 2742 5764 magnum.Cumque
2765 5689 2869 5747 diu
2891 5695 3181 5748 certatum
3203 5695 3356 5748 esset
3376 5687 3578 5742 utrim-
