3910 6410
356 291 484 349 t0“

1396 284 1710 345 ABNOLDI
1749 283 2334 346 EMlERAMIENSlS
2373 289 2710 349 MONACHI.

3621 289 3783 347 1052

351 431 489 489 que,
520 413 761 471 tandem
793 414 852 470 in
891 413 950 469 id
977 413 1235 486 partium
1265 413 1435 486 paria
1463 413 1884 472 convenerunt,
1937 413 2002 464 ut
2037 414 2082 464 A
2113 413 2321 468 scerni.
2359 415 2422 470 Hi
2451 421 2514 472 ut
2540 415 2640 470 ﬁlii
2673 415 2896 470 diaboli
2926 429 3064 470 cum
3093 415 3382 488 perversis
3413 429 3484 469 ac
3515 413 3783 471 scelera-

351 503 671 560 duodecim
699 503 965 558 virorum
994 501 1289 558 nobilium
1313 502 1675 574 juramento,
1697 499 1860 572 quod
1884 497 2000 553 exi-

351 593 527 662 gebat
549 591 863 665 prefectus,
888 589 1115 648 tolleret
1131 591 1310 648 beato
1340 590 2000 659 Emmerammo.Super

349 682 522 753 cujus
563 681 745 736 altare
775 679 1057 736 cambota
1093 679 1226 751 (68‘)
1253 679 1442 753 ipsius
1479 679 1692 752 posita,
1725 676 1999 732 homines

347 770 580 827 numeri
617 769 947 842 praescripti
967 769 1318 825 accedentes
1341 769 1712 839 juraverunt.
1758 765 1871 822 Sed
1915 765 2000 820 ul-

347 859 504 916 tione
547 859 751 916 divina
793 858 1082 931 percussi,
1134 857 1361 928 grande
1409 871 1612 912 secum
1658 855 1998 910 recedentes

346 947 573 1004 malum
597 951 999 1020 portaverant.
1026 947 1208 1018 Cujus
1237 945 1452 1002 talione
1483 944 1905 1002 saumatizatus
1925 958 1997 996 ex

345 1037 512 1111 patre
533 1047 683 1094 avus
710 1051 880 1092 meus
896 1035 1212 1106 Arnoldus,
1227 1035 1438 1092 eodem
1464 1039 1768 1090 momento
1789 1033 1997 1087 dextro

345 1125 683 1182 debilitatus
710 1125 977 1196 brachio,
1017 1129 1154 1197 post
1183 1139 1411 1198 paucos
1440 1135 1634 1180 annos
1664 1123 1721 1178 in
1749 1121 1995 1178 ﬂumine

344 1212 508 1272 Naba
539 1215 723 1282 solus,
749 1214 1033 1271 comitatu
1060 1214 1246 1284 salvo,
1281 1214 1478 1270 subita
1505 1219 1692 1270 morte
1721 1213 1905 1268 vitam
1934 1211 1999 1265 ﬁ-

345 1303 510 1362 nivit.
533 1305 718 1361 Ceteri
736 1319 898 1372 vero,
917 1303 1022 1376 qui
1047 1305 1180 1375 conj
1192 1308 1526 1371 uraverant,
1556 1303 1702 1375 quid
1732 1301 1997 1374 perpessi

345 1393 480 1465 sint,
511 1390 768 1450 breviter
795 1396 1063 1462 tangam.
1096 1391 1257 1448 Alius
1302 1392 1466 1464 atqui
1515 1396 1789 1459 crecatus,
1847 1389 1994 1444 alius

343 1481 928 1554 strangulatus,alius
939 1481 1457 1549 insensatus,alius
1471 1480 1731 1554 paralysi
1746 1479 1994 1548 solutus,

343 1571 492 1629 alius
545 1567 924 1641 evisceratus,
980 1569 1132 1626 alius
1187 1569 1434 1625 fulmine
1488 1573 1802 1635 ustulatus,
1845 1567 1996 1623 alius

341 1655 618 1717 incendio
634 1660 889 1733 propriae
916 1657 1134 1715 domus
1147 1663 1558 1730 consumptus,
1576 1658 1724 1714 alius
1746 1673 1996 1712 mancus

341 1751 398 1804 et
426 1745 936 1820 monophtalmus,
971 1745 1122 1802 alius
1165 1747 1364 1802 cancri
1392 1746 1604 1802 morbo
1652 1761 1992 1818 percussus,

341 1835 492 1894 alius
547 1835 836 1892 elefantis:
891 1838 1059 1908 peste
1118 1834 1398 1903 foedatus,
1453 1835 1605 1890 alius
1662 1832 1994 1906 hydropica

340 1922 644 1980 inﬂatione
684 1923 982 1994 gravatus,
1015 1921 1300 1977 miseram
1346 1922 1529 1978 vitam
1558 1922 1778 1978 misera
1807 1925 1994 1976 m'orte

339 2013 638 2070 ﬁnierunt.
660 2009 823 2070 Unde
845 2027 1017 2068 meus
1045 2022 1119 2067 ex
1147 2015 1336 2067 matre
1365 2011 1995 2084 avus,prenominalus

341 2099 562 2158 scilicet
585 2115 786 2156 comes
819 2097 1228 2169 Peratholdus,
1250 2099 1502 2155 terriﬁca
1531 2099 1995 2154 commonitione

343 2189 752 2256 tactus,beato
783 2191 1226 2245 Emmerammo
1248 2189 1522 2260 predium
1555 2188 1992 2256 suburbanum,

341 2275 505 2352 quod
537 2275 751 2333 dicitur
798 2277 1078 2345 lsininga,
1106 2291 1214 2349 per
1241 2278 1289 2311 ²⁰
1326 2275 1728 2332 venerabilem
1761 2278 1808 2310 ευ
1843 2275 1919 2347 pii
1951 2276 1995 2309 ³ο

341 2363 574 2422 abbatis
589 2367 637 2400 ³ο
653 2352 1036 2420 Ramdoldi"0
1057 2364 1636 2420 ordinationem....“
1657 2363 1926 2433 ejusdem
1947 2365 1995 2398 ⁸ο

339 2451 531 2530 predii
552 2451 621 2522 '°,
654 2452 900 2508 donavit
934 2452 1066 2524 (69),
1108 2451 1262 2508 illius
1305 2453 1608 2508 ascribens
1637 2453 1996 2524 obsequium

341 2541 660 2600 duodecies
672 2540 943 2598 dandum
959 2541 1273 2598 karitativo
1285 2541 1422 2596 usui
1436 2541 1869 2597 monachorum
1887 2555 1995 2596 nec

342 2644 465 2689 non
513 2630 816 2688 refectioni
854 2629 1236 2687 duodenariae
1275 2630 1482 2687 Christi
1516 2630 1994 2686 eleemosinario-

339 2733 502 2778 rum.
529 2718 618 2776 Tu
650 2723 872 2790 autem,
907 2719 1276 2776 sanctissime
1297 2720 1502 2776 martir
1534 2721 1993 2783 Emmeramme,

337 2808 710 2868 duodenario
723 2808 1011 2864 miraculo
1034 2807 1370 2874 clarificate,
1398 2823 1506 2880 pro
1525 2808 1699 2863 nobis
1725 2813 1996 2880 peccato-

337 2899 528 2972 ribus,
559 2899 848 2955 hactenus
870 2899 1074 2954 abasis
1095 2898 1414 2954 duodecim
1441 2897 1994 2969 irreligiositatibus,

339 3003 546 3065 preces
576 2987 774 3057 largas
803 2986 985 3043 funde
1002 3001 1206 3042 coram
1235 2985 1473 3058 illo,qui
1493 2987 1654 3042 hunc
1676 3000 1995 3041 numerum

340 3075 668 3152 apostolico
698 3074 1076 3131 dedicaverat
1104 3074 1320 3130 choro!

415 3165 500 3224 14.
515 3169 664 3224 Cum
679 3164 795 3220 hoc
817 3163 1214 3220 certissimum
1235 3161 1452 3218 habeat
1469 3161 1800 3218 Christiana
1822 3161 1992 3230 ﬁdes,

341 3253 486 3330 quia
510 3253 571 3312 hi
593 3253 697 3326 qui
721 3249 783 3308 in
812 3251 1055 3308 nomine
1085 3249 1321 3306 Domini
1348 3249 1496 3318 largi
1521 3254 1658 3305 sunt
1685 3250 1745 3304 in
1774 3264 1997 3322 paupe-

341 3355 459 3412 res,
489 3342 550 3400 in
582 3341 770 3398 Deum
809 3339 926 3397 dici
957 3340 1216 3396 debeant
1241 3347 1310 3395 ac
1342 3335 1455 3394 sint
1485 3351 1594 3412 per
1621 3339 1825 3394 omnia
1854 3338 1997 3394 divi-

343 3435 430 3490 tes
457 3449 469 3499 ;
501 3436 558 3488 et
582 3430 725 3504 quia
752 3429 880 3502 ipse
911 3426 1076 3484 dives
1116 3432 1204 3484 est
1231 3428 1292 3483 in
1323 3441 1553 3497 omnes,
1583 3427 1998 3499 universisque

345 3515 426 3578 ad
447 3517 863 3576 sufﬁcientiam
891 3513 1149 3573 tribuere
1165 3519 1380 3589 potest,
1399 3520 1598 3572 tamen
1626 3532 1698 3572 ne
1725 3516 1916 3570 desint
1940 3516 1998 3570 in

345 3605 596 3676 mundo,
626 3604 688 3664 in
711 3606 933 3680 quibus
953 3604 1238 3676 fragilitas
1265 3605 1534 3662 humana
1565 3618 1672 3662 sua
1701 3605 1892 3678 possit
1915 3621 2000 3661 re-

346 3693 572 3754 dimere
600 3699 866 3771 peccata,
894 3694 1017 3750 suis
1044 3693 1332 3750 membris
1357 3694 1418 3749 in
1443 3694 1707 3750 minimis
1737 3693 1999 3766 quotidie

347 3785 595 3842 sustinet
617 3797 773 3840 onus
799 3781 1168 3856 paupertatis
1192 3783 1428 3852 (Ephcs.
1461 3787 1542 3847 ιι).
1577 3782 1802 3844 Quibus
1829 3781 1888 3836 id
1917 3782 2000 3838 le-

347 3871 528 3930 vandi
573 3870 785 3942 gratia,
833 3870 1362 3944 percursitantibus
1391 3870 1656 3926 ﬁdelium
1701 3871 1918 3926 domus
1947 3876 2002 3927 et

347 3957 626 4034 hospitia,
657 3959 810 4016 adeo
853 3959 1237 4032 quorundam
1284 3959 1541 4030 parcitas
1582 3959 1915 4016 obduratur
1945 3965 2003 4016 et

349 4047 634 4124 nequitia,
665 4049 729 4104 ut
772 4059 896 4120 pra;
925 4045 1100 4103 famis
1130 4061 1200 4102 ac
1239 4047 1472 4117 frigoris
1517 4048 1814 4117 angustia,
1855 4049 2002 4104 inci-

351 4135 492 4196 dere
515 4141 807 4208 cogantur
834 4149 1040 4192 amare
1077 4135 1282 4191 mortis
1313 4137 1640 4206 gurgustia.
1675 4140 1836 4206 Quae,
1865 4151 2003 4193 con-

351 4225 572 4286 ditione
597 4227 709 4283 sub
741 4224 872 4293 hac,
891 4236 1014 4298 quo
1037 4223 1238 4298 plures
1259 4224 1674 4282 miserabiliter
1699 4226 2000 4290 absumat,

352 4311 669 4374 multitudo
717 4311 1003 4370 falsorum
1040 4311 1291 4369 fratrum
1339 4313 1624 4370 violenter
1653 4315 2003 4370 sententiam

354 4405 554 4464 dictat.
589 4403 656 4461 Hi
688 4401 982 4472 siquidem
1013 4415 1135 4459 non
1168 4403 1374 4476 spiritu
1395 4405 1670 4475 humiles,
1705 4405 1807 4460 sed
1825 4405 2003 4460 rebus

353 4497 411 4554 et
447 4492 598 4552 vitiis
638 4507 958 4568 pauperes,
1005 4507 1110 4565 per
1150 4491 1548 4549 clandestinus
1593 4509 1662 4550 ac
1702 4494 2002 4552 evidentes

354 4582 599 4658 rapinas
646 4579 854 4640 Christi
885 4581 1256 4654 praepediant
1285 4582 1649 4654 pauperibus
1679 4599 1752 4638 ne
1795 4584 2005 4642 solatia

356 4671 652 4746 accipiant
679 4667 1006 4744 aliquando
1034 4669 1212 4726 etiam
1242 4683 1278 4726 a
1298 4671 1472 4727 bonis
1493 4671 1790 4739 ﬁdelibus,
1818 4687 1854 4728 a
1877 4673 2004 4746 qui-

357 4761 474 4818 bus
503 4759 647 4817 boni
672 4773 970 4832 pauperes
1008 4759 1066 4814 et
1087 4757 1230 4830 mali
1269 4758 1433 4815 haud
1463 4759 1634 4816 facile
1662 4765 1889 4832 queunt
1913 4762 2003 4819 di-

2108 501 2178 556 tis
2207 502 2472 562 foederati
2508 506 2724 579 partim
2766 509 3038 560 exercent
3065 503 3374 560 latrocinia
3398 504 3460 559 in
3491 503 3660 560 silvis
3719 508 3785 560 et

2109 591 2256 646 villis
2288 593 2462 648 nimis
2484 595 2762 660 crudelia,
2794 593 3010 667 partim
3040 609 3146 666 per
3169 593 3302 649 loca
3331 592 3614 663 sacraria,
3637 608 3788 649 mo-

2105 679 2328 736 liuntur
2376 699 2511 755 quae
2557 684 2792 756 penitus
2840 682 3086 739 nefaria.
3146 682 3403 748 Quidam
3459 697 3607 738 vero
3663 683 3782 756 qui

2106 769 2256 825 inter
2281 786 2383 826 eos
2413 772 2689 828 videntur
2735 773 2908 845 quasi
2936 771 3282 841 sanctiores,
3329 771 3626 827 Ecclesiae
3659 784 3780 844 per

2106 858 2491 932 bypocrysim
2522 861 3068 934 frequentantes,ac
3099 861 3398 932 sacrilegis
3426 861 3509 916 ibi
3529 860 3775 916 lucellis

2103 947 2418 1015 inhiantes,
2468 951 2665 1014 velint,
2721 951 2928 1020 nolint,
2978 951 3257 1006 evolvunt
3306 951 3367 1006 in
3423 950 3772 1022 publicum,

2104 1052 2288 1108 quam
2317 1038 2486 1092 vacui
2512 1040 2626 1094 sint
2655 1039 2997 1094 divitiarum
3026 1055 3324 1094 veraium.
3360 1038 3511 1105 Quid
3541 1038 3776 1112 plura?

2106 1125 2270 1182 Locis
2300 1126 2362 1180 in
2392 1127 2610 1182 sanctis
2667 1127 2777 1199 ipsi
2805 1143 2926 1182 non
2955 1128 3078 1181 sine
3104 1127 3394 1182 miraculo
3426 1139 3588 1198 saepe
3611 1125 3772 1180 vidi-

2105 1231 2240 1270 mus
2271 1215 2697 1286 deprehensos,
2745 1231 3002 1287 quorum
3036 1215 3190 1270 furta
3221 1232 3324 1270 seu
3355 1221 3567 1271 caetera
3597 1215 3774 1284 ﬂagi~

2108 1303 2186 1359 tia
2215 1303 2327 1358 hoc
2359 1303 2498 1358 satis
2526 1304 2930 1373 declarabant,
2972 1305 3138 1376 quod
3167 1319 3290 1359 non
3336 1305 3398 1360 in
3445 1304 3658 1378 spiritu
3713 1307 3774 1358 et

2104 1393 2346 1448 veritate
2377 1393 2492 1447 veri
2525 1393 2871 1448 advenerint
2893 1393 3256 1458 adoratores,
3291 1393 3374 1448 sel
3403 1392 3628 1448 falsarii
3659 1404 3772 1447 seu

2104 1481 2425 1552 deceptorii
2447 1481 2782 1536 adulatores
2813 1483 3003 1551 (.lcan.
3032 1483 3125 1550 ιγ).
3149 1481 3373 1535 Horum
3402 1481 3500 1536 alii
3527 1480 3770 1536 miseri-

2106 1571 2308 1626 cordia
2334 1571 2557 1634 donati,
2583 1575 2636 1624 et
2666 1571 2748 1624 sic
2781 1569 2995 1624 suntin
3023 1569 3502 1642 spiritulenitatis
3525 1569 3767 1624 salvati.

2106 1657 2266 1712 Alios
2295 1659 2573 1730 vero,qui
2610 1659 2962 1713 videbantur
2988 1658 3165 1713 corde
3195 1658 3770 1731 duriores,public&e

2107 1747 2513 1802 emendabant
2528 1747 2965 1816 castigationes,
2985 1763 3059 1800 ne
3081 1747 3406 1818 impunitas
3425 1746 3571 1802 tales
3605 1746 3771 1802 face-

2104 1840 2189 1891 ret
2237 1837 2575 1916 deteriores.
2635 1840 2774 1891 Pars
2806 1841 3003 1891 autem
3053 1835 3410 1891 abscondita
3457 1836 3769 1908 patientiae

2108 1927 2457 1979 Sanctorum
2508 1925 2942 1990 reservabatur,
2973 1925 3114 1996 quia
3155 1923 3402 1979 omnino
3431 1937 3468 1980 a
3495 1923 3768 1979 mortali-

2104 2013 2240 2078 bus,
2272 2013 2374 2083 qui
2406 2019 2460 2067 et
2490 2013 2697 2083 quales
2729 2014 2965 2067 fuerunt.
2994 2013 3462 2082 ignorabantur:
3497 2014 3768 2084 exceptis

2105 2101 2218 2162 bis,
2239 2101 2342 2172 qui
2373 2101 2484 2156 sibi
2507 2106 2673 2156 erant
2699 2101 2918 2156 conscii
2949 2101 3300 2171 hujusmodi
3324 2101 3766 2166 facti.0uorum

2105 2206 2175 2243 ex
2216 2205 2467 2243 numero
2523 2189 2801 2260 quaedam
2843 2189 3190 2242 muliercula
3242 2189 3474 2257 Reginae
3506 2187 3768 2243 civitatis

2105 2279 2407 2350 indigena,
2442 2278 2519 2334 ad
2541 2279 2977 2334 confessionem
3001 2278 3206 2334 Christi
3229 2279 3507 2350 martyris
3530 2279 3770 2334 Emme-

2104 2369 2341 2436 rammi,
2375 2367 2469 2423 cui
2499 2368 2856 2422 vocabulum
2892 2373 2976 2422 est
3020 2368 3094 2422 de
3125 2367 3399 2438 pedibus,
3442 2367 3631 2439 ipsius
3665 2366 3768 2422 die

2106 2458 2373 2530 quadam
2402 2457 2574 2528 quasi
2615 2457 2936 2512 adoratura
2964 2457 3228 2512 accessit.
3264 2457 3348 2511 lbi
3385 2471 3528 2527 ergo
3559 2455 3769 2511 calicis

2105 2551 2280 2618 raptu
2312 2545 2526 2600 furtivo
2556 2560 2736 2617 quem
2762 2561 2940 2617 super
2963 2545 3142 2600 altare
3168 2547 3226 2600 Β.
3254 2547 3499 2600 Joannis
3521 2544 3768 2617 reperit,

2107 2640 2170 2690 ut
2195 2636 2699 2706 circumspectans
2733 2649 2792 2688 se
2841 2633 3030 2688 solam
3079 2633 3244 2703 vidit,
3297 2633 3472 2690 saluti
3505 2644 3628 2688 suae
3681 2633 3774 2688 ni-

2107 2725 2296 2780 mium
2326 2724 2550 2778 invidit.
2606 2726 2733 2788 Quo
2763 2728 2826 2777 ut
2875 2739 3081 2778 secum
3107 2721 3269 2778 domi
3301 2722 3618 2792 occultato,
3651 2737 3772 2778 nec

2106 2827 2228 2868 non
2259 2813 2387 2883 ejus
2419 2817 2664 2879 argento
2691 2811 2942 2882 plumbo
2972 2810 3199 2882 peccati
3231 2816 3773 2882 commutato,pro—

2104 2901 2266 2974 prios
2295 2901 2354 2955 in
2386 2916 2530 2954 usus
2560 2900 2750 2954 abusa
2779 2904 2884 2965 est,
2918 2899 3232 2954 manifesto
3266 2899 3362 2954 Dei
3409 2898 3638 2970 judicio
3661 2915 3775 2971 pa-

2103 2989 2320 3060 ralysis
2349 2987 2562 3042 morbo
2589 2987 2780 3042 soluta
2809 2992 2913 3041 est.
2950 2989 3128 3057 Cujus
3161 2986 3429 3042 molestia
3456 3001 3566 3058 per
3596 2987 3774 3041 bien-

2033 3103 2076 3160 α
2106 3079 2274 3133 nium
2305 3078 2570 3146 gravata,
2610 3075 2848 3130 tandem
2878 3076 3188 3147 protractis
3219 3080 3275 3129 et
3313 3075 3612 3130 continuis
3658 3075 3774 3131 do-

2100 3161 2535 3229 loribus,discit
2563 3177 2741 3232 quem
2776 3162 2835 3216 in
2857 3162 2990 3216 loco
3012 3163 3290 3235 martyris
3317 3161 3652 3230 oii'enderit;
3684 3163 3774 3219 ob

2103 3254 2274 3324 cujus
2323 3251 2670 3322 despectum
2717 3251 3150 3306 confessionem
3194 3252 3321 3321 jam
3369 3251 3671 3306 evidenter
3702 3253 3774 3308 in

2103 3357 2350 3414 corpore
2408 3355 2515 3394 suo
2565 3339 2799 3410 pertulit
2845 3339 3276 3396 confusionem.
3307 3341 3470 3396 Unde
3510 3345 3567 3394 et
3604 3341 3668 3396 in
3702 3359 3776 3398 se

2103 3447 2360 3499 reversa,
2407 3433 2584 3500 atque
2641 3444 2746 3500 per
2788 3428 3080 3501 paenitens
3123 3445 3225 3484 cor
3275 3430 3396 3485 suis
3427 3430 3776 3499 angoribus

2105 3519 2410 3576 consulere
2436 3533 2665 3585 annisa,
2683 3517 3047 3590 pauperculo
3066 3523 3526 3590 sumptu,quem
3547 3521 3780 3575 ammi-

2104 3608 2314 3665 niculis
2331 3607 2742 3680 proximorum
2761 3606 3031 3674 colligere
3049 3607 3508 3678 potuit,calicem
3528 3619 3777 3664 not/um

2105 3711 2317 3770 parare
2361 3695 2604 3751 curavit.
2655 3698 2797 3750 'l‘um
2847 3695 3254 3749 sacerdotibus
3298 3695 3569 3750 confessa
3613 3695 3777 3752 deli-

2107 3793 2288 3848 ctum,
2321 3785 2463 3858 quia
2502 3785 2780 3840 destituta
2809 3789 2964 3838 esset
2992 3783 3188 3838 cilicio
3233 3785 3670 3851 membrorum,
3705 3787 3778 3843 in

2108 3876 2288 3948 qualo
2327 3875 2670 3946 deportatur
2704 3873 2777 3928 ad
2823 3875 2876 3928 S.
2913 3877 3441 3929 Emmerammum.
3477 3874 3581 3928 Cui
3611 3875 3779 3931 dum

2107 3964 2352 4038 propria
2382 3962 2769 4032 manu,altius
2797 3967 2996 4016 tamen
3019 3962 3278 4033 suffulta,
3311 3963 3558 4018 calicem
3587 3965 3779 4022 resti-

2111 4054 2364 4120 tuissset,
2402 4056 2580 4124 atque
2609 4051 2848 4106 intimas
2884 4065 3086 4122 preces
3116 4067 3253 4106 cum
3287 4052 3590 4107 lachrimis
3619 4054 3783 4112 etfu-

2109 4142 2308 4206 disset,
2325 4137 2521 4194 subito
2550 4138 2780 4193 reddita
2812 4139 3045 4194 sanitati
3073 4139 3232 4194 exilit
3253 4139 3326 4193 de
3350 4140 3636 4212 sportatio
3664 4157 3784 4200 cu-

2109 4230 2303 4296 bili,et
2325 4228 2542 4297 gratias
2569 4227 2790 4282 clamat
2811 4229 2928 4282 Deo
2959 4245 3026 4282 ac
3054 4228 3230 4283 beato
3256 4229 3597 4301 martyri.Et
3615 4233 3783 4302 quia

2110 4318 2362 4373 libenter
2407 4323 2592 4386 quam
2645 4314 2934 4378 attulerat,
2993 4315 3116 4370 imo
3164 4329 3285 4387 qua
3339 4315 3519 4372 allata
3548 4316 3781 4392 fuerat,

2117 4405 2336 4462 chorbe
2355 4420 2490 4459 cum
2503 4403 2806 4458 doloribus
2831 4405 3067 4458 carebat
3077 4420 3228 4468 ,eam
3240 4405 3370 4459 laeta
3382 4421 3550 4461 secus
3566 4405 3784 4466 basim

2117 4491 2860 4564 altarisreliquet‘at.Quam
2881 4493 3178 4564 extemplo
3198 4492 3404 4548 ﬁdeles
3422 4499 3556 4549 ante
3575 4497 3789 4554 Eccle-

2112 4586 2264 4641 siam
2287 4598 2396 4654 pro
2410 4579 2779 4636 monimento
2799 4583 3258 4653 suspendere,ac
3284 4596 3522 4638 summo
3540 4587 3785 4652 gaudio

2109 4672 2327 4742 legioni
2375 4671 2682 4740 signorum
2736 4685 2807 4724 ea
2843 4669 2957 4724 loci
2987 4670 3374 4741 pendentium
3423 4671 3536 4726 hoc
3586 4671 3788 4732 inter-

2110 4758 2545 4818 miscuere.Sed
2565 4758 2792 4814 ccelitus
2819 4758 3150 4814 ministrato
3180 4764 3301 4814 tam
3345 4758 3553 4830 grandi
3583 4761 3788 4822 mira.

1732 4887 1960 4950 νΑΒΙΑε
1998 4895 2279 4954 LECTION
2287 4894 2386 4948 ES.

433 5001 484 5036 '°
507 5002 654 5058 Post
675 5001 816 5058 add.
849 5003 900 5055 4.
975 5001 1022 5036 ²¹
1053 5000 1128 5057 de
1154 4998 1266 5056 hoc
1290 5000 1578 5057 vocabulo
1603 5015 1726 5056 non
1755 5007 2030 5075 constat;
2055 5003 2348 5072 Foringer
2376 5001 2634 5071 fortasse
2663 4997 2948 5055 addicens
2979 4999 3096 5068 tegi
3121 4998 3370 5055 monuit.

1971 5125 2150 5183 ΝΟιΕ.

435 5223 582 5352 ςθεθὲ
605 5225 738 5314 Fuit
768 5223 1022 5310 baculus
1051 5227 1146 5284 cui
1197 5221 1604 5314 innitebantur
1642 5227 1868 5309 claudi.
1922 5229 2013 5286 Sic

435 5321 442 5351 ι
467 5311 524 5352 m
584 5301 1078 5352 etrusDiaconus:
1111 5322 1138 5349 «
1163 5298 1442 5352 Eiusdem
1459 5296 1654 5352 claudi
1678 5301 2012 5352 cambuttas

366 5309 524 5353 enim

367 5369 504 5444 ante
515 5368 669 5444 fores
684 5370 944 5444 coelestia
965 5368 1459 5444 suspici-idemnth
1488 5371 1602 5428 Sed
1633 5371 1883 5444 sumitur
1901 5389 2011 5444 pro

367 5438 526 5515 pado
536 5439 838 5515 pastorali:
857 5441 1020 5515 illam
1041 5443 1262 5515 quippe
1281 5442 1592 5515 gestabant
1614 5447 1736 5498 tum
1749 5438 2014 5515 episcbpi

368 5507 496 5588 tum
527 5507 798 5588 abbatcs,
822 5507 1167 5588 mittebatur
1189 5507 1560 5588 absentibus,
1573 5507 1807 5588 hocque
1833 5507 2012 5588 veluti

370 5579 543 5650 signo
555 5579 818 5650 regimen
834 5579 1099 5635 Ecclesiae
1116 5582 1636 5650 suscipiebant.Sic
1654 5579 1810 5640 enim
1835 5585 2012 5641 Orde-

369 5645 526 5730 riéus
569 5645 833 5730 Vitalisll,
859 5659 927 5727 in
957 5666 970 5704 :
1012 5645 1714 5730 per‘cambutamlmnis
1743 5656 2012 5730 episcopi

373 5718 672 5794 Sagiensis
693 5717 1039 5774 exteriorem
1056 5720 1310 5777 abbatiaa
1327 5727 1677 5793 potestatem
1703 5717 2008 5784 tra‘diditf»

584 5299 1078 5356 etrusDiaconus:
1111 5322 1138 5349 «
1163 5298 1442 5369 Ejusdem
1459 5296 1654 5354 claudi
1678 5301 2012 5358 cambuttas
2052 5364 2057 5369 η

2122 5230 2444 5306 Utebantur
2468 5227 2645 5306 etiam
2657 5226 2940 5306 cambuta
2951 5222 3219 5306 adﬂdem
3233 5222 3786 5306 j‘uralnen‘tumque

2119 5300 2529 5374 praestandum
2550 5304 2606 5354 et
2619 5299 2958 5374 eaemplum
2976 5298 3070 5352 hic
3087 5297 3630 5374 habeturDeniqne
3648 5297 3789 5362 siis-

2164 5372 2492 5426 endebatur
2507 5370 2779 5442 sepulcro
2794 5369 3232 5442 defunctorum;
3252 5369 3333 5442 sic
3354 5371 3513 5424 enim
3530 5369 3702 5440 legas
3716 5377 3785 5434 in

2164 5389 2492 5426 enaenatur
2507 5389 2779 5442 sepurero
2794 5389 3232 5433 ueiuncwrum;
3252 5389 3333 5423 Sic
3354 5389 3513 5424 enim
3533 5389 3702 5440 tegas
3716 5393 3784 5434 in

2119 5389 2246 5512 ΒΗΘ.
2281 5441 2556 5497 Desiderii
2585 5441 2982 5512 Cadurcensis
3012 5439 3297 5512 episcopi,
3327 5457 3378 5496 c.
3409 5444 3506 5495 t9:
3555 5463 3581 5493 α
3614 5445 3784 5506 Dum

2119 5510 2370 5570 baculus
2401 5515 2460 5568 Β.
2489 5512 2616 5580 viri,
2646 5511 2748 5576 qui
2775 5528 2809 5565 a
2835 5511 3014 5565 Gallis
3049 5510 3383 5567 Cambucca
3398 5517 3669 5581 vocatur,
3691 5520 3782 5576 ad

2120 5588 2300 5664 caput
2321 5581 2572 5664 sepulcri
2599 5577 2761 5664 illius
2777 5581 2976 5662 sedule
3007 5582 3326 5664 penderet._
3345 5577 3780 5664 »__Ca_mbtica,

2122 5653 2411 5713 Cdmbutd
2435 5658 2492 5709 et
2520 5654 2802 5710 Cambeta
2823 5653 3162 5710 enimidem
3195 5656 3350 5710 sunt.
3384 5653 3556 5712 Bisn.

2188 5726 2301 5800 (69)
2331 5728 2392 5780 V.
2421 5725 2655 5783 chartas
2678 5741 2775 5802 ap.
2805 5728 2909 5781 Pcz
2937 5728 2978 5793 l,
3013 5728 3064 5792 3,
3097 5740 3156 5798 p.
3189 5728 3368 5795 92,99.
