3968 6404
143 278 286 329 1013

954 278 1040 329 DE
1082 277 1453 332 MIRACULlS
1493 277 1548 332 S.
1594 273 2004 331 EMMERAMMI
2048 274 2222 328 LIBRI
2267 277 2535 331 DUO..—
2568 278 2694 331 LIB.
2738 277 2778 330 Ι.

3448 279 3582 332 1014

134 397 303 464 eulo,
332 402 419 453 est
446 397 617 452 valde
633 399 1018 470 pensandum
1039 401 1183 455 tanti
1212 403 1490 474 martyris
1516 400 1814 467 meritum,
1857 401 1901 451 Α
1929 397 2289 453 Christianos
2316 405 2566 463 constat,
2591 400 2758 456 factis
2779 401 3102 472 majorum,
3132 404 3187 454 et
3213 399 3382 455 dictis
3413 399 3588 456 valde

135 487 247 558 qui
286 487 596 542 mulierem
653 488 881 560 absque
937 489 1263 544 ministerio
1316 507 1561 546 suorum
1590 491 1814 562 pedum

132 576 347 631 venire
379 576 566 631 voluit
595 577 670 632 ad
706 593 872 632 aram
900 595 1020 632 suae
1044 580 1429 650 requietionis
1462 579 1814 651 antipodam

135 682 212 720 eo
243 665 463 720 scilicet
494 670 713 728 tenore,
736 672 798 721 ut
828 667 929 721 ubi
953 672 1129 723 antea
1154 670 1458 726 tenebrata
1489 669 1812 742 impietate,

135 755 550 810 conticescens
584 756 922 811 occultabat
961 757 1264 828 delictum,
1321 759 1401 814 ibi
1433 764 1642 833 postea
1703 757 1814 811 sub

135 843 275 898 luce
305 843 416 915 piae
448 844 863 910 confessionis,
891 862 959 900 ac
992 849 1441 919 recuperatione
1470 847 1816 919 salutisipsa

136 950 286 988 cum
319 934 543 989 caeteris
575 935 823 989 disceret
858 936 1165 1008 scriptum,
1198 939 1340 1010 quia
1372 938 1659 993 Dominus
1695 953 1814 991 ser-

135 1023 312 1078 vabit
333 1025 517 1096 pedes
546 1031 888 1080 sanctorum
924 1043 1190 1082 suorum.
1225 1032 1289 1084 lit
1318 1028 1461 1083 illud
1487 1029 1648 1083 Isaiae
1683 1044 1830 1100 pros

138 1112 384 1183 phetae:
444 1135 469 1159 ‹‹
507 1115 698 1177 Quam
751 1114 1006 1185 speciosi
1035 1116 1218 1187 pedes
1278 1117 1812 1185 evangelizantium

137 1217 384 1272 pacem,
421 1203 960 1271 evangelizantium
1018 1204 1178 1261 bona
1237 1207 1398 1276 (lsai.
1443 1210 1556 1278 LII).
1594 1231 1619 1256 ››
1657 1211 1813 1272 Quo-

133 1307 281 1345 rum
315 1307 428 1346 nos
460 1292 780 1364 participes
839 1309 944 1365 per
1001 1295 1340 1352 cliarissimi
1384 1297 1475 1352 sui
1535 1297 1813 1368 martyris

138 1395 356 1450 preces
389 1381 619 1436 eﬁ‘icere
653 1382 952 1452 dignetur,
986 1385 1089 1455 qui
1132 1386 1345 1441 sedens
1382 1403 1560 1458 super
1601 1387 1814 1442 Cheru-

137 1467 250 1524 bin
284 1471 541 1542 abys'sos
575 1472 833 1527 intuetur
864 1476 1042 1544 (Dan.
1073 1481 1172 1544 In).
1209 1482 1415 1531 Amen.

219 1563 306 1612 15.
344 1559 489 1623 Quia
513 1559 802 1614 beneficia
837 1561 1039 1616 divina
1099 1581 1284 1634 usque
1317 1564 1375 1618 in
1407 1566 1590 1619 tinem
1619 1564 1815 1619 saeculi

138 1647 474 1702 multorum
505 1649 616 1703 sint
670 1652 1022 1706 resurrectio
1054 1658 1107 1706 et
1143 1653 1332 1723 ruina,
1367 1654 1631 1725 quotidie
1658 1671 1816 1709 crea-

139 1735 290 1789 toris
323 1735 659 1792 declaratur
689 1740 1145 1810 omnipotentia,
1173 1759 1307 1813 quae
1343 1743 1605 1798 fidelium
1629 1743 1814 1800 corda

137 1824 409 1892 dirigens
439 1826 862 1881 mandatorum
900 1830 1224 1885 suorumin
1261 1831 1489 1896 semita,
1521 1832 1814 1905 populum

137 1913 433 1969 humilem
469 1915 678 1985 salvat,
713 1921 767 1971 et
808 1917 1012 1971 oculos
1069 1920 1463 1990 superborum
1516 1922 1810 1977 humiliat-

140 2003 408 2071 Castigat
449 2021 590 2072 ergo
632 2004 770 2059 fidei
803 2022 986 2061 sacra:
1029 2007 1180 2062 ﬁlios
1238 2009 1694 2064 misericorditer
1753 2017 1815 2067 ut

137 2091 420 2159 corrigat,
451 2092 788 2147 incredulos
819 2099 1018 2149 autem
1046 2101 1100 2150 et
1124 2095 1340 2167 impios
1373 2097 1452 2150 ob
1469 2097 1690 2152 durum
1713 2115 1814 2153 cor

137 2180 606 2251 etimpoenitens
660 2182 819 2251 justa
865 2185 1155 2239 sententia
1211 2184 1483 2241 damnat.
1547 2187 1709 2241 Unde
1759 2194 1816 2242 et

133 2267 311 2339 plebs
345 2269 672 2325 Christiana
704 2271 796 2325 Dei
819 2287 874 2326 in
901 2272 1573 2344 omnipotentislzetatur
1601 2276 1810 2347 gratia,

140 2357 217 2411 de
249 2374 439 2413 manu
491 2359 751 2414 ﬁliorum
785 2361 1116 2418 alienarum
1169 2369 1499 2432 segregata,
1550 2382 1812 2437 quorum

142 2446 244 2501 ﬁlii
274 2447 425 2502 sicut
456 2448 855 2520 plantationes
887 2451 1153 2514 novellae,
1176 2453 1309 2508 tiliae
1334 2455 1808 2522 circumornatze,

139 2538 559 2608 promptuaria
590 2539 765 2610 plena
799 2557 868 2595 ex
903 2542 1016 2597 hoc
1047 2542 1105 2597 in
1152 2543 1296 2598 illud
1329 2546 1678 2617 eructantia,
1711 2547 1811 2602 fce-

143 2632 289 2682 tosae
325 2644 488 2697 oves,
525 2645 737 2683 crassae
776 2629 982 2687 boves.
1017 2636 1143 2688 Non
1172 2639 1259 2690 est
1314 2634 1489 2691 ruina
1539 2638 1808 2692 maceriae

141 2733 343 2788 neque
385 2718 666 2773 transitus
723 2736 917 2792 neque
949 2721 1177 2776 clamor
1231 2723 1289 2777 in
1338 2723 1548 2795 plateis
1599 2742 1807 2782 eorum

138 2807 331 2874 (Psal.
385 2808 592 2877 cxuu).
647 2808 769 2863 Hac
823 2809 1000 2877 igitur
1047 2810 1196 2867 falsa
1245 2813 1514 2870 felicitate
1561 2815 1807 2884 deliniti,

140 2895 496 2952 Christianis
526 2896 936 2969 improperare
997 2899 1189 2954 solent
1236 2902 1453 2972 Pagani
1496 2908 1551 2960 et
1599 2905 1806 2970 Judaei,

135 2983 306 3056 quod
365 3000 503 3038 cum
534 2984 596 3038 hi
649 2986 1006 3043 multimoda
1065 2994 1329 3045 terantur
1382 2997 1437 3046 et
1487 2999 1809 3062 graventur

1925 487 2274 542 eertiticatos
2304 488 2361 544 in
2399 489 2535 557 title,
2585 491 2678 545 cui
2737 490 2933 546 adhuc
2985 490 3162 546 etiam
3195 489 3344 545 inter
3375 494 3589 546 caetera

1925 576 2183 631 veritatis
2223 578 2462 646 indicia,
2493 579 2748 636 multum
2801 579 3242 651 adstipulantur
3297 579 3589 635 miracula

1926 665 2152 720 ccrlitus
2180 668 2254 721 ad
2309 671 2663 724 Sanctorum
2719 668 3043 725 memorias
3072 668 3416 725 declarata:
3450 685 3589 741 quae

1926 772 2034 827 pro
2059 757 2145 810 sui
2179 759 2590 825 magnitudine
2623 775 2690 814 ac
2723 757 3092 824 assiduitate,
3153 774 3261 813 nec
3311 758 3587 813 inimicos

1926 844 2103 914 hujus
2136 846 2394 901 nominis
2428 851 2483 902 et
2534 846 2836 915 religionis
2885 847 3247 903 arbitramur
3273 862 3449 919 posse
3501 845 3589 904 la-

1926 937 2062 989 tere.
2105 960 2128 983 ››
2163 936 2391 1001 Quibus
2435 941 2643 992 nostra
2671 941 2839 1009 parte
2894 936 3162 1009 prolatis,
3213 935 3457 992 obviare
3489 951 3590 992 co-

1926 1029 2136 1078 nantes
2165 1025 2352 1080 Judzei
2407 1025 2624 1080 duritia
2679 1025 2874 1081 cordis
2934 1025 3173 1098 lapidei,
3233 1025 3498 1081 clamant
3535 1029 3593 1081 et

1925 1119 2304 1186 prestrepunt
2333 1115 2595 1170 dicentes
2627 1133 2638 1169 :
2676 1138 2702 1164 ‹‹
2739 1115 2970 1187 Optime
3003 1115 3289 1170 novimus
3317 1131 3440 1188 quo
3470 1119 3596 1170 ten-

1925 1203 2219 1259 ditvester
2249 1206 2542 1278 epilogus.
2600 1211 2661 1261 In
2721 1205 2968 1260 ecclesia
3016 1205 3263 1278 quidem
3310 1204 3592 1277 martyris

1925 1293 2097 1348 vestri
2135 1295 2578 1360 Emmerammi,
2609 1294 2754 1366 quia
2784 1299 2992 1350 notum
3034 1298 3125 1348 est
3154 1293 3438 1350 omnibus
3486 1297 3594 1349 Ra-

1929 1382 2174 1438 tisbonae
2229 1384 2665 1450 habitantibus,
2725 1382 2973 1439 claudos
3024 1387 3352 1454 reparatos,
3409 1386 3593 1456 atque

1925 1474 2150 1527 caeteris
2181 1473 2466 1528 molestiis
2515 1476 2783 1542 atl'ectos,
2819 1489 2856 1529 a
2900 1489 3037 1530 vero
3066 1471 3303 1528 medico
3330 1476 3590 1542 curatos,

1924 1561 2170 1617 minime
2199 1562 2543 1618 difﬁtemur.
2599 1563 2710 1618 Sed
2740 1579 2844 1635 per
2865 1561 3157 1631 Messiam,
3182 1577 3367 1634 quem
3396 1561 3592 1617 nomi-

1923 1650 2075 1706 natis
2099 1651 2414 1719 Christum,
2440 1657 2495 1708 et
2522 1668 2662 1708 eum
2685 1669 2868 1726 quem
2899 1651 3089 1707 dicitis
3110 1655 3434 1724 patronum
3462 1666 3590 1706 ves-

1853 1744 2102 1811 Btrum,
2134 1740 2351 1796 horum
2405 1740 2633 1813 aliquid
2685 1741 2910 1798 factum
2939 1756 3256 1813 nunquam
3310 1738 3587 1796 fatemur.

1928 1833 2075 1884 Nam
2106 1830 2486 1902 omnipotens
2513 1829 2573 1885 in
2604 1831 2771 1886 omni
2791 1831 2926 1887 loco
2976 1828 3404 1886 dominationis
3461 1829 3591 1900 ejus

1925 1935 2302 1991 quaecunque
2352 1919 2603 1975 voluerit
2632 1919 2771 1976 facit
2797 1923 2864 1976 ut
2891 1921 3064 1975 Deus.
3098 1921 3292 1974 Potest
3320 1917 3498 1974 etiam
3528 1917 3590 1973 in

1924 2007 2135 2079 plateis
2163 2007 2427 2063 conferre
2460 2007 2777 2065 sanitatem
2831 2008 3106 2074 inﬁrmis,
3140 2012 3197 2064 et
3226 2006 3420 2063 facere
3451 2005 3592 2062 talia

1924 2096 1983 2150 in
2011 2097 2340 2168 synagogis
2364 2097 2481 2151 sive
2509 2096 2726 2152 nostris
2743 2096 2805 2152 in
2829 2094 3280 2168 scholis,qualia
3301 2093 3588 2151 investris

1923 2185 2261 2255 gloriamini
2290 2184 2446 2242 facta
2473 2185 2756 2242 ecclesiis.
2778 2209 2806 2236 »
2829 2189 2975 2243 Tum
2994 2201 3062 2242 os
3091 2200 3302 2240 eorum
3326 2183 3501 2257 quasi
3512 2184 3592 2240 ad

1924 2275 2054 2330 caeli
2077 2291 2381 2330 cameram
2420 2291 2812 2347 suspensum,
2867 2279 2925 2332 et
2961 2275 3233 2345 linguam
3262 2272 3592 2348 procaciter

1920 2369 2327 2421 transeuntem
2357 2363 2417 2420 in
2466 2369 2704 2432 terram,
2763 2364 3164 2438 oppilavimus
3206 2378 3482 2420 sermone
3528 2361 3591 2419 in

1920 2455 2081 2510 hunc
2105 2455 2356 2510 modum
2383 2470 2444 2510 se
2465 2454 2803 2512 continente
2830 2471 2844 2509 :
2877 2476 2905 2504 ‹‹
2925 2454 3077 2520 Quia
3105 2452 3359 2510 Domino
3380 2457 3589 2508 nostro

1919 2547 2056 2599 Jesu
2086 2543 2314 2599 Christo
2343 2542 2729 2616 corporaliter
2761 2559 2901 2600 cum
2948 2541 3300 2599 hominibus
3347 2555 3591 2597 conver-

1921 2637 2070 2703 sato,
2105 2650 2173 2689 ac
2205 2649 2458 2690 munera
2502 2649 2624 2688 suae
2658 2632 2892 2705 pietatis
2917 2632 3074 2690 intra
3103 2635 3160 2688 et
3214 2635 3380 2688 extra
3409 2646 3588 2703 syna-

1922 2739 2162 2793 gogam,
2195 2723 2467 2795 patribus
2497 2722 2708 2778 vestris
2730 2722 3052 2792 magniﬁce
3090 2720 3410 2794 impertita,
3463 2735 3583 2777 non

1923 2812 2117 2868 solum
2147 2828 2285 2867 cum
2317 2811 2400 2866 eis
2436 2811 2652 2881 ingrati
2705 2809 3031 2878 exstitistis,
3088 2810 3195 2866 sed
3249 2808 3588 2866 miserrima

1918 2901 2320 2972 vosmetipsos
2358 2900 2776 2956 interﬁcientes
2801 2898 3105 2956 dementia
3135 2899 3315 2954 etiam
3351 2897 3468 2953 hoc
3523 2897 3586 2954 in

1921 2989 2148 3045 malum
2179 2994 2444 3044 vestrum
2485 2987 2912 3045 accumulastis
2963 3004 3143 3062 super
3170 2985 3585 3060 iniquitatibus

136 3067 443 3145 pressura,
477 3073 587 3146 ipsi
620 3090 650 3129 e
678 3076 976 3131 contrario
1031 3079 1503 3137 consolationem
1543 3083 1809 3139 habeant
1849 3109 1889 3164 ρ
1921 3096 2149 3145 eorum,
2184 3084 2250 3134 ut
2274 3079 2331 3134 in
2362 3096 2432 3134 eo
2459 3079 2637 3151 capiti
2668 3079 2942 3134 omnium
2968 3077 3291 3143 bonorum,
3324 3091 3435 3132 nec
3460 3091 3585 3131 non

137 3166 194 3217 et
223 3162 494 3218 levamen
527 3163 585 3217 in
618 3166 822 3220 omnia
852 3182 979 3221 sua.
1035 3171 1271 3224 Nostros
1324 3170 1481 3226 velut
1515 3189 1810 3246 pauperes

136 3269 207 3308 ac
239 3252 448 3306 inanes
482 3251 745 3308 afﬁciant
767 3255 1114 3326 pestilentiae
1145 3275 1214 3314 ac
1241 3259 1429 3314 fames
1462 3279 1474 3327 ;
1511 3261 1641 3317 illos
1669 3278 1808 3317 vero

141 3340 386 3409 reﬁciat,
420 3340 608 3396 immo
640 3342 942 3398 distendat
994 3347 1300 3418 superﬂua
1353 3365 1554 3406 rerum
1589 3367 1807 3419 conge-

136 3431 271 3499 ries,
305 3431 363 3484 in
387 3447 510 3503 qua
539 3435 630 3486 est
660 3432 933 3488 omnium
987 3435 1288 3492 malorum
1340 3440 1637 3496 materies.
1700 3444 1809 3497 Pro

136 3536 397 3592 quorum
430 3520 590 3575 inani
609 3521 898 3591 jactantia
945 3525 1291 3581 consolatur
1317 3543 1427 3582 nos
1455 3528 1722 3601 pleniter,
1759 3529 1808 3584 si

139 3609 302 3679 digni
338 3627 570 3680 sumus,
607 3611 852 3681 spiritali
893 3611 1270 3670 abundantia
1305 3634 1315 3670 :
1351 3634 1380 3670 e
1431 3618 1601 3688 cujus
1634 3619 1808 3691 copia

140 3698 325 3754 David
359 3704 636 3753 eructans
669 3703 724 3753 et
751 3715 852 3753 cor
882 3698 1192 3755 laboribus
1240 3702 1622 3760 humiliatum
1670 3723 1809 3761 eon-

141 3786 358 3853 solans,
395 3787 572 3841 dicit:
600 3809 626 3835 ‹‹
661 3786 848 3842 Multte
877 3786 1287 3844 tribulationes
1313 3791 1616 3862 justorum
1658 3794 1805 3849 etde

139 3877 230 3932 his
262 3877 543 3933 omnibus
566 3876 836 3932 liberavit
863 3893 965 3931 eos
993 3879 1279 3934 Dominus
1298 3882 1480 3952 (Psal.
1519 3888 1738 3951 χχχιιι).
1776 3909 1804 3935 ››

138 3970 286 4024 Mors
347 3971 546 4022 autem
605 3971 991 4040 peccatorum
1045 3969 1312 4039 pessima
1371 3972 1560 4042 (Psal.
1605 3979 1803 4045 Lxxn),

137 4073 290 4128 quos
325 4057 511 4112 tenuit
542 4057 823 4129 superbia
858 4075 870 4125 ;
904 4057 1047 4129 quia
1101 4076 1238 4114 cum
1276 4061 1623 4119 hominibus
1680 4081 1804 4122 non

137 4145 620 4213 ﬂagellabuntur.
649 4145 875 4210 Quibus
908 4163 1046 4202 eum
1073 4147 1332 4204 dicimus
1369 4170 1378 4205 :
1407 4173 1433 4200 ‹‹
1465 4155 1654 4218 Quare
1681 4169 1805 4210 non

139 4234 373 4289 creditis
430 4234 489 4290 in
543 4235 883 4296 Dominum,
942 4237 1115 4307 cujus
1155 4238 1304 4308 juga
1353 4240 1493 4297 ﬁdei
1525 4259 1703 4315 super
1743 4259 1804 4299 se

134 4322 384 4392 levasse,
428 4323 556 4393 jam
587 4327 745 4377 totus
794 4323 1059 4378 mundus
1111 4327 1497 4394 gratulatur?
1547 4333 1806 4403 Respon-

138 4413 296 4478 dent,
332 4413 391 4468 in
423 4430 622 4469 rerum
655 4413 1045 4485 prosperitate
1091 4432 1195 4470 seu
1225 4417 1582 4476 adversitate
1624 4421 1802 4476 utrin-

138 4517 253 4574 que
285 4501 666 4572 probandam
707 4502 832 4556 fore
887 4505 1298 4560 executionem
1355 4506 1490 4563 ﬁdei
1523 4513 1716 4576 rectre,
1749 4515 1805 4566 et

139 4593 271 4663 quis
301 4591 362 4645 in
394 4591 625 4646 mundo
659 4590 930 4646 videatur
961 4593 1269 4664 subjacere
1302 4597 1643 4654 maledicto.
1697 4602 1804 4654 No-

139 4681 229 4736 bis
257 4685 454 4736 autem
487 4698 517 4734 e
551 4684 758 4736 contra
787 4681 1235 4755 resultantibus,
1269 4687 1411 4758 quia
1463 4688 1803 4745 maledictio

141 4769 348 4825 mundi
367 4769 699 4826 mutabitur
739 4770 1155 4828 benedictione
1185 4775 1432 4839 coalesti,
1461 4778 1684 4834 esuries
1712 4795 1802 4834 sa-

142 4860 390 4924 turitate,
424 4859 618 4915 luctus
645 4859 1070 4916 exhilaratione
1106 4883 1117 4931 ;
1153 4869 1384 4936 oportet
1413 4883 1524 4922 nos
1553 4868 1804 4926 adversa

141 4951 349 5006 mundi
391 4951 683 5022 patienter
733 4949 999 5006 tolerare.
1038 4975 1064 4999 ‹‹
1086 4955 1222 5018 Vos,
1274 4955 1570 5028 inquiunt,
1629 4958 1802 5015 solito

140 5056 300 5094 more
333 5041 556 5096 incerta
589 5056 696 5112 pro
729 5040 902 5094 certis
957 5057 1193 5113 semper
1248 5045 1483 5101 habetis
1520 5064 1532 5113 ;
1574 5051 1630 5101 et
1668 5047 1802 5104 ideo

140 5130 403 5203 quadam
429 5131 703 5187 facilitate
727 5131 804 5186 ad
831 5132 958 5186 hrec
993 5149 1104 5188 nos
1161 5135 1494 5191 conducere
1544 5136 1799 5193 tentatis.

141 5246 168 5272 «
201 5225 358 5288 Quos
407 5223 720 5279 occasione
774 5223 975 5295 aliqua
1025 5225 1084 5280 in
1129 5225 1371 5282 nomine
1420 5227 1654 5282 Domini
1707 5243 1804 5282 eu-

138 5318 360 5389 pientes
426 5320 676 5388 lucrari,
748 5321 1038 5376 docemus
1117 5317 1310 5372 verbis
1377 5317 1726 5388 hujusmodi
1785 5333 1799 5374 :

1920 3170 2072 3226 illius
2103 3169 2392 3225 membris
2447 3169 2646 3225 electis
2676 3168 3080 3235 detraheretis,
3137 3166 3300 3224 unde
3331 3165 3586 3222 salutem

1920 3260 2100 3331 gratis
2133 3259 2396 3316 oblatam
2425 3259 2719 3315 attrahere
2751 3258 3078 3326 debuistis;
3112 3273 3249 3315 ecce
3297 3254 3584 3313 converti-

1918 3365 2055 3404 mur
2076 3348 2154 3403 ad
2186 3354 2414 3418 gentes,
2433 3365 2570 3420 quae
2599 3348 2923 3404 Dominum
2945 3347 3006 3402 in
3038 3346 3266 3404 Sanctis
3289 3347 3590 3402 noverunt

1916 3438 2163 3494 laudare
2187 3437 2415 3504 ﬁdeles,
2450 3442 2505 3494 et
2534 3437 2678 3510 quia
2701 3437 2986 3506 indignos
3017 3453 3125 3492 vos
3149 3436 3250 3492 Dei
3270 3433 3586 3506 judicastis

1919 3526 2126 3598 gratia,
2161 3542 2229 3582 ac
2261 3542 2439 3581 omne
2461 3526 2694 3582 bonum
2724 3541 2920 3597 usque
2958 3524 3138 3580 hodie
3165 3541 3203 3580 a
3233 3523 3424 3580 salute
3454 3540 3585 3579 ves-

1917 3619 2006 3671 tra
2033 3614 2312 3682 negativa
2351 3613 2718 3670 dissessione
2775 3611 3098 3684 repulistis,
3159 3611 3251 3668 his
3280 3610 3584 3668 fructuosa

1915 3702 2313 3776 proponimus
2363 3701 2740 3771 margaritas,
2798 3701 2903 3774 qui
2952 3700 3148 3757 sciunt
3177 3716 3316 3756 eum
3352 3700 3583 3756 honore

1917 3790 2219 3862 suscipere
2249 3790 2398 3847 illas.
2433 3790 2616 3846 Vobis
2647 3795 2847 3847 autem
2881 3794 2989 3846 erit
3033 3794 3257 3846 aeterna
3286 3787 3581 3858 confusio,

1913 3884 2168 3936 testante
2197 3881 2425 3937 Christo
2451 3883 2511 3936 in
2559 3897 2668 3936 suo
2715 3880 3036 3952 Evangelia
3067 3898 3080 3936 :
3116 3902 3144 3931 α
3179 3879 3331 3946 Quia
3354 3878 3457 3935 ﬁlii
3487 3895 3581 3935 re-

1917 3968 2017 4040 gni
2042 3969 2102 4026 in
2128 3969 2404 4026 tenebras
2461 3970 2781 4027 exteriores
2810 3974 2985 4026 erunt
3031 3968 3333 4038 trudendi,
3364 3973 3423 4025 et
3453 3968 3583 4025 sine

1915 4058 2033 4114 ﬁne
2067 4059 2355 4134 puniendi
2384 4060 2625 4130 (Matth.
2651 4066 2793 4130 vm).
2825 4084 2852 4111 ››
2900 4064 3189 4119 Caeterum
3241 4063 3306 4116 ut
3333 4063 3585 4116 reverta-

1916 4167 2052 4207 mur
2083 4150 2161 4207 ad
2191 4149 2544 4206 humilitatis
2578 4155 2796 4206 nostras
2835 4150 3238 4223 propositum,
3268 4165 3306 4205 ο
3333 4148 3582 4204 lectores

1916 4245 1972 4296 et
2003 4239 2325 4308 auditores,
2357 4238 2460 4310 qui
2488 4255 2639 4295 verae
2664 4238 2805 4295 ﬁdei
2847 4238 2987 4294 estis
3019 4238 3410 4302 oonfessores,
3441 4251 3581 4308 qua:

1915 4330 1989 4385 de
2018 4328 2225 4385 Christi
2267 4328 2458 4397 gratia
2507 4332 2975 4400 sanctorumque
3032 4327 3221 4398 gloria
3255 4325 3472 4382 Iudaeis
3500 4324 3582 4381 vi-

1916 4435 2050 4472 sum
2081 4422 2168 4471 est
2197 4415 2471 4482 dubium,
2500 4415 2802 4472 dilectioni
2830 4421 3042 4472 vestrae
3087 4429 3407 4471 monemus
3454 4428 3580 4470 non

1913 4506 2190 4571 dubium,
2217 4505 2322 4560 sed
2349 4520 2588 4577 semper
2618 4509 2866 4562 maneat
2912 4508 3162 4571 eertum,
3185 4503 3331 4575 quia
3359 4501 3580 4560 ostium

1914 4597 2036 4666 Dei,
2069 4595 2234 4668 quod
2265 4593 2397 4650 aliis
2429 4599 2517 4648 est
2546 4593 2842 4662 clausum,
2874 4592 3003 4649 aliis
3035 4593 3200 4664 justo
3231 4591 3333 4648 Dei
3350 4591 3580 4664 judicio

1914 4686 2021 4742 erit
2078 4688 2371 4759 apertum.
2425 4685 2575 4741 Ante
2632 4699 2817 4756 quem
2872 4686 2930 4740 et
2956 4683 3018 4739 in
3069 4698 3194 4756 quo
3222 4680 3580 4739 oordetenus

1914 4775 2237 4842 orandum,
2297 4789 2370 4829 ne
2430 4790 2568 4829 cum
2625 4773 2740 4830 hoc
2768 4772 3001 4828 mundo
3030 4771 3414 4841 damnemur,
3472 4768 3575 4826 sed

1914 4863 2328 4937 Redemptoris
2384 4863 2576 4934 gratia
2626 4861 2851 4935 potenti
2905 4860 3227 4918 salvemur.
3282 4860 3466 4932 Cujus
3516 4861 3579 4918 in

1915 4956 2196 5012 charitatte
2230 4969 2366 5026 spes
2422 4957 2628 5010 nostra
2678 4952 2964 5026 ponenda
2989 4967 3130 5008 cum
3158 4949 3300 5022 ﬁde,
3345 4965 3418 5006 ne
3442 4964 3577 5022 per-

1912 5046 2105 5102 mittat
2130 5045 2203 5100 de
2231 5047 2397 5116 parte
2415 5043 2716 5114 justorum
2740 5042 2954 5116 perire,
2986 5056 3096 5114 pro
3116 5039 3341 5113 quibus
3368 5039 3580 5110 digna-

1913 5141 2008 5192 tus
2035 5138 2122 5191 est
2145 5137 2403 5189 mortem
2433 5132 2628 5188 crueis
2657 5131 2879 5188 subire.

1988 5230 2071 5281 i6.
2097 5227 2235 5280 Erat
2257 5223 2508 5295 quidam
2530 5221 2618 5277 vir
2636 5220 3288 5292 ingenuus,Burchardi
3317 5219 3578 5277 marchi-

1912 5313 2145 5371 comitis
2169 5313 2274 5385 (70)
2299 5317 2355 5370 et
2372 5311 2616 5387 preteeti
2645 5309 3091 5369 Ratisbonensis
3114 5309 3579 5370 vasallusllunc

1753 5442 1795 5495 N
1804 5439 1976 5496 ΟΤᾹΞ.

208 5551 313 5619 (70)
366 5550 676 5606 Orientalis
722 5551 1030 5618 marchae;
1083 5550 1242 5605 ﬁlius
1288 5546 1587 5604 Bertholdi
1617 5562 1668 5601 c.
1737 5551 1803 5619 13

141 5617 470 5688 memorati,
503 5638 688 5692 quem
719 5617 1088 5678 Thietmarus
1119 5625 1180 5687 V,
1212 5622 1301 5689 2],
1341 5621 1681 5674 Bucconem
1715 5617 1802 5673 di-

142 5693 445 5772 cithfuisse
467 5693 722 5772 videtur.
752 5695 940 5772 Minus
968 5699 1124 5749 recte
1144 5697 1347 5772 tamen
1371 5705 1555 5772 supra.
1583 5705 1641 5770 p_.
1669 5692 1796 5769 415,

141 5783 198 5825 n.
229 5767 314 5823 66.
348 5764 844 5840 Arnulphi-ducis
870 5782 1181 5838 generum,
1229 5764 1488 5823 Heinrici
1535 5764 1802 5834 episcopi

1915 5542 2250 5614 Augustani
2301 5545 2556 5615 patrem,
2587 5541 2869 5598 eumdem
2899 5540 3106 5599 habui.
3151 5535 3257 5599 Hic
3288 5543 3442 5615 certe
3479 5537 3578 5615 _vir

1910 5611 2536 5686 fuit—majoris'aetatis,
2569 5629 2765 5686 neque
2788 5685 2793 5686 ί
2816 5630 2956 5670 eum
2987 5630 3125 5670 eum
3145 5611 3574 5686 riWidukindus

1910 5688 2069 5745 dicat
2099 5683 2207 5759 (ΠΙ,
2240 5689 2330 5759 36)
2359 5683 2688 5742 mediocris
2707 5685 3056 5759 substantiae
3073 5683 3441 5756 militem,ad
3458 5683 3570 5739 hoc

1910 5757 2114 5819 nobile
2142 5757 2430 5818 comitum
2461 5772 2654 5830 genus
2679 5757 2885 5817 referri
2908 5761 3123 5832 potest.
