3910 6406
364 304 500 362 {M5

1402 303 1705 357 ARNOLDI
1747 296 2330 355 EMMERAMMENSIS
2368 297 2701 354 MONACHI.

3620 299 3775 350 1016

357 426 564 484 divina
591 442 628 484 a
652 428 771 483 Deo
802 426 1214 501 corripuerunt
1251 424 1504 496 ﬂagella,
1535 429 1601 480 ut
1626 422 1823 479 nervis
1862 438 1997 476 con-
2034 422 2080 475 Α
2108 418 2347 490 prefecti
2376 425 2432 475 et
2461 421 2724 487 comites,
2756 420 2860 493 qui
2893 419 3115 476 mederi
3144 419 3475 475 debuerant
3503 424 3561 475 et
3589 424 3772 491 pote-

356 515 556 572 tractis
584 514 856 572 omnium
885 531 1037 588 pene
1066 513 1481 570 destitueretur
1509 511 1888 567 memborum
1919 508 2002 564 of-

356 603 523 659 ﬁciis.
554 604 821 675 Cumque
847 602 952 658 diu
998 600 1350 672 hujusmodi
1380 599 1766 669 castigatione
1798 602 2000 653 attere-

356 696 537 760 retur,
567 690 813 746 demum
841 690 918 746 ad
948 706 1101 763 opus
1133 689 1233 745 Dei
1262 689 1323 744 in
1353 688 1451 744 illo
1474 685 2000 753 manifestandum,

359 780 471 836 sub
499 795 604 852 spe
624 795 748 835 non
770 778 1202 835 confundunda
1226 777 1304 834 ad
1335 782 1609 834 sanctum
1640 779 2001 832 Emmeram-

358 884 527 923 mum
556 866 816 923 defertur
857 867 919 922 in
967 883 1142 930 cuna,
1173 865 1500 922 infantibus
1536 865 1724 934 magis
1757 868 2002 919 eatenus

357 958 499 1028 apta
525 970 710 1028 quam
736 955 895 1011 viris.
930 956 1109 1026 Cujus
1129 953 1402 1011 vehiculo
1433 959 1495 1009 ut
1527 954 1603 1009 ad
1631 953 1813 1009 altare
1843 950 2003 1006 testis

355 1047 728 1119 perventum,
780 1043 982 1116 ibique
1022 1043 1461 1117 aliquantisper
1513 1047 1600 1097 est
1650 1045 1904 1107 oratum,
1954 1040 2003 1094 is

358 1133 463 1206 qui
488 1131 722 1188 cunulie
748 1132 998 1194 adhaesit
1025 1137 1090 1188 ut
1117 1132 1565 1205 pusio,repeute
1591 1131 1872 1187 robustus
1898 1129 2003 1184 eri-

360 1223 515 1293 gitur
543 1237 612 1277 ac
643 1221 864 1283 sistitur
895 1226 959 1278 ut
999 1222 1201 1277 homo.
1237 1224 1383 1277 Tum
1411 1220 1674 1277 videntes
1712 1221 1814 1293 qui
1862 1219 2001 1275 ade-

358 1308 563 1364 rantin
586 1324 745 1365 novo
765 1309 1044 1382 martyris
1062 1308 1404 1380 mirigerulo
1429 1310 1670 1382 plenam
1693 1313 2001 1376 staturam,

356 1396 804 1452 resurrectionis
855 1396 934 1453 ad
985 1396 1173 1453 instar
1217 1397 1526 1466 generalis,
1572 1412 1903 1469 proceram.
1940 1398 2002 1449 In

359 1484 607 1541 ecclesia
657 1485 927 1557 ejusdem
965 1487 1125 1542 testis
1153 1486 1551 1542 immolabant
1598 1489 1715 1541 Deo
1743 1484 2003 1540 hostiam

358 1574 816 1643 vociferationis,
858 1575 1191 1631 secundum
1240 1575 1405 1641 illud,
1436 1576 1600 1648 quod
1655 1574 1837 1630 David
1880 1572 1998 1628 ait:

363 1686 390 1712 ‹‹
415 1666 537 1719 Vox
563 1663 938 1720 exultationis
967 1668 1025 1719 et
1053 1663 1257 1719 salutis
1295 1664 1354 1719 in
1402 1662 1796 1720 tabernaculis
1820 1662 2004 1732 justo~

358 1767 496 1807 rum
520 1752 706 1822 (Psal.
734 1753 924 1823 cxvu).
940 1776 968 1803 »
993 1754 1141 1810 Cum
1165 1752 1385 1825 quibus
1409 1752 1565 1807 idem
1587 1756 1873 1824 patronus
1895 1767 2001 1806 no-

361 1843 482 1895 ster
517 1839 922 1907 dulcissimus,
958 1845 1176 1896 aeterna
1225 1856 1335 1912 pro
1378 1840 1548 1895 exilio
1600 1839 1764 1895 brevi
1814 1838 2005 1911 patria

360 1926 619 1983 donatus
643 1931 700 1983 et
718 1942 828 1999 pro
844 1927 1108 1999 pondere
1132 1927 1409 1983 laborum
1430 1926 1832 1982 inaestimabili
1860 1942 2007 1999 prae-

360 2015 550 2071 mium
581 2015 841 2082 sortitus,
872 2032 982 2089 pro
1014 2021 1200 2072 morte
1229 2015 1487 2087 pretiosa
1516 2016 1798 2072 inusitato
1826 2031 2003 2085 gene-

358 2119 423 2160 re
448 2103 717 2176 martyrii
739 2104 1046 2177 acquisita,
1072 2104 1131 2159 in
1158 2109 1275 2171 tuo,
1299 2104 1542 2174 Christe,
1574 2120 1760 2174 regna
1790 2105 2003 2173 gloria-

362 2196 456 2248 tur
484 2207 727 2262 corona,
759 2209 945 2265 quam
967 2193 1196 2249 elucere
1222 2192 1361 2248 facit
1386 2193 1658 2266 specialis
1689 2193 1769 2248 tui
1800 2198 1856 2248 et
1878 2209 2007 2266 pro-

360 2277 507 2334 ximi
534 2278 862 2335 dilectionis
892 2295 1151 2349 gemma.
1187 2281 1314 2346 Qua
1343 2284 1398 2336 et
1444 2297 1575 2350 nos,
1607 2297 1716 2353 pro
1758 2278 2005 2335 modulo

359 2372 584 2436 nostro,
615 2367 926 2439 insignitos
955 2369 1280 2425 vocationis
1330 2369 1482 2427 hora
1528 2369 1827 2426 humiliter
1864 2368 2006 2441 peti-

361 2471 497 2511 mus
539 2472 575 2512 a
619 2460 675 2513 te
722 2456 990 2526 inveniri,
1022 2457 1194 2529 cujus
1222 2458 1631 2515 misericordia
1676 2475 1813 2532 quas
1843 2458 2006 2515 bona

361 2549 498 2600 sunt
526 2544 586 2600 in
618 2545 897 2601 cordibus
926 2562 1062 2601 vere
1091 2545 1361 2603 ﬁdelium
1388 2562 1512 2604 non
1539 2547 1824 2622 permittit
1852 2546 2007 2619 sopi-

356 2631 428 2700 ri,
473 2633 576 2689 sed
623 2634 802 2707 pleno
847 2636 1307 2708 perseverantiae
1364 2635 1559 2692 fructu
1608 2651 1818 2693 eorum
1868 2634 2008 2692 facit

358 2736 543 2792 opera
570 2720 745 2779 ﬁniri.

431 2815 514 2865 t7.
558 2811 752 2868 Gloria
800 2817 1144 2870 sanctorum
1199 2813 1429 2872 Christo
1488 2814 2004 2884 conregnantium,

355 2904 556 2972 patres
583 2904 640 2956 et
661 2900 891 2968 fratres,
920 2906 1007 2957 est
1050 2901 1224 2960 valde
1262 2903 1606 2971 reverenda,
1640 2903 1727 2959 ira
1765 2920 2007 2976 quoque

356 2986 721 3043 omnimodis
749 2990 1039 3058 cavenda,
1058 2991 1343 3063 patientia
1368 3008 1509 3047 vero
1535 2991 1700 3048 omni
1721 2992 1883 3048 sexui
1902 3009 2008 3048 seu

356 3074 552 3131 ordini
574 3075 1077 3173 pertimescenda.
1103 3079 1193 3134 Ad
1219 3080 1329 3136 hos
1358 3096 1622 3154 namque
1653 3081 1794 3137 dicit
1816 3082 2007 3138 Domi-
2045 3118 2085 3173 ρ

356 3180 507 3220 nus:
561 3166 677 3231 Qui
722 3169 916 3239 tangit
963 3183 1082 3236 ros,
1117 3171 1309 3241 tangit
1347 3172 1650 3240 pupillam
1700 3173 1861 3228 oculi
1897 3173 2007 3228 mei

356 3253 561 3321 (Zach.
607 3269 662 3319 ιι,
697 3255 780 3325 8);
812 3260 867 3309 et
900 3255 954 3311 in
992 3257 1306 3327 Evangelio
1333 3275 1345 3312 :
1380 3259 1494 3325 Qui
1522 3275 1619 3314 vos
1648 3261 1894 3331 spernit,
1919 3276 2008 3317 me

355 3341 582 3410 spernit
607 3341 768 3411 (Luc.
792 3359 850 3412 x,
890 3344 991 3413 l6).
1017 3346 1152 3409 Qute
1178 3345 1434 3402 tonitrua
1459 3346 1535 3402 ab
1563 3346 1694 3418 ipso
1721 3347 2006 3404 ccelorum

356 3427 572 3485 throno
600 3431 981 3503 procedentia
994 3448 1105 3488 nec
1126 3449 1248 3489 non
1276 3435 1524 3492 tcrritice
1549 3436 1900 3492 mortalibus
1922 3435 2007 3493 in-

357 3516 627 3574 tonantia
655 3519 808 3575 adeo
834 3525 1220 3595 contempnit,
1254 3523 1405 3579 heu!
1440 3523 1596 3580 male
1640 3525 1820 3581 surda
1845 3543 2009 3582 secu-

354 3605 573 3663 larium
614 3607 855 3680 duritia,
888 3613 953 3665 ut
1004 3610 1298 3668 inhiantes
1351 3614 1428 3668 ad
1482 3613 1864 3670 ecclesiarum
1904 3632 2007 3672 seu

354 3709 694 3768 pauperum
748 3712 869 3764 res,
929 3698 1334 3756 haereditatem
1386 3702 1617 3758 Domini
1674 3703 2008 3777 diripiendo

358 3794 532 3838 suam
563 3783 804 3853 faciant,
832 3784 1021 3841 immo
1050 3801 1111 3842 se
1143 3803 1211 3844 ac
1244 3805 1352 3845 sua
1382 3789 1606 3847 diaboli
1637 3796 1868 3865 partem
1890 3791 2009 3848 etii-

357 3869 535 3926 ciant.
567 3871 787 3927 Contra
811 3888 964 3945 quos
994 3874 1290 3931 invehitur
1318 3878 1699 3936 maledictum
1729 3897 1836 3953 per
1862 3880 2007 3936 illud

355 3958 813 4030 propheticum:
858 3963 952 4017 Vae
981 3964 1086 4034 qui
1120 3966 1378 4036 jungitis
1417 3983 1631 4038 agrum
1685 3969 1765 4024 ad
1793 3985 2007 4040 agrum

356 4048 560 4117 inique
583 4050 746 4114 ([sai.
777 4067 833 4119 v,
862 4052 935 4121 8).
972 4055 1010 4107 E
1036 4054 1258 4125 quibus
1278 4057 1552 4112 nonnulli
1582 4057 1684 4131 qui
1711 4058 2010 4114 honestio-

355 4150 450 4190 res
478 4138 535 4191 et
564 4137 1018 4196 continentiores
1042 4142 1321 4199 videntur
1350 4144 1411 4200 in
1450 4145 1704 4203 factione
1734 4147 2009 4218 hujusce-

358 4222 542 4291 modi,
575 4240 713 4281 cum
742 4225 998 4284 viderint
1026 4228 1258 4302 aliquos
1283 4230 1362 4287 ad
1390 4247 1481 4301 ea,
1515 4249 1651 4305 quae
1682 4249 1899 4306 parum
1930 4239 2007 4289 te-

358 4309 480 4380 tigi,
513 4314 913 4385 perpetranda
954 4317 1267 4388 proclives,
1301 4320 1510 4377 callide
1554 4338 1653 4377 eos
1682 4323 2003 4393 instigant;

360 4401 539 4471 atque
569 4404 631 4457 ut
659 4399 752 4455 his
780 4402 992 4459 reculis
1017 4405 1282 4461 tenacius
1305 4408 1651 4477 adhereant,
1677 4410 1895 4482 srepius
1916 4410 2005 4469 in-

360 4485 630 4556 culcant;
662 4489 1048 4560 pervicaciter
1078 4508 1139 4548 se
1171 4493 1516 4565 pollicentes
1547 4496 1628 4552 eis
1660 4498 1819 4570 apud
1844 4497 2005 4569 judi-

360 4591 457 4631 ces
476 4575 706 4634 futuros
734 4577 1057 4650 adjutores,
1090 4598 1199 4639 nec
1227 4599 1350 4640 non
1381 4586 1582 4651 etiam,
1615 4588 1663 4642 si
1688 4588 2010 4644 necessitas

362 4661 576 4733 exigat,
600 4665 1026 4737 conjuratores.
1047 4671 1193 4726 Tum
1214 4670 1274 4726 in
1304 4689 1365 4728 se
1390 4674 1845 4745 quodammodo
1866 4692 2012 4748 qua-

363 4750 413 4806 si
433 4755 812 4822 revertentes,
841 4754 1030 4812 immo
1051 4762 1377 4817 retrorsum
1410 4762 1484 4817 ad
1510 4762 1751 4819 malitias
1781 4768 2023 4837 cryptas

363 4838 739 4897 anfractuose
762 4842 1138 4915 divertentes,
1161 4862 1262 4903 eos
1284 4864 1395 4921 pro
1424 4854 1688 4922 tempore
1715 4851 2019 4924 deserunt,

363 4927 587 5000 quibus
606 4929 923 4988 consilium
948 4932 1274 5007 iniquitatis
1297 4937 1609 5003 dederunt,
1630 4945 1686 4996 et
1706 4958 1767 4996 se
1797 4942 2023 4998 subdo-

363 5015 418 5071 le
450 5018 527 5073 ad
570 5018 703 5089 hos,
734 5036 995 5093 quorum
1036 5023 1200 5082 bona
1246 5027 1465 5099 prtedaa
1494 5028 1590 5085 vel
1612 5031 1837 5103 rapinae
1870 5031 2021 5087 fece-

364 5110 505 5161 runt
530 5113 752 5180 patere,
772 5111 1183 5180 conferunt,ut
1202 5130 1312 5187 pro
1340 5118 1633 5175 mendacii
1660 5120 1891 5176 silentio
1915 5138 2021 5178 seu

366 5194 627 5252 veritatis
640 5198 835 5255 venali
850 5200 1189 5259 testimonio
1208 5205 1373 5277 apud
1386 5206 1656 5264 incautos
1671 5210 2022 5266 muneribus

369 5279 608 5371 dextras
637 5285 1023 5361 adimpleant,
1042 5292 1265 5366 talique
1296 5294 1479 5353 strofa
1507 5299 1672 5371 quod
1696 5299 1916 5355 habere
1943 5299 2024 5356 vi-

370 5366 586 5459 dentur
609 5388 646 5428 a
666 5373 1125 5448 simplicioribus
1141 5366 1551 5457 extorqueant:
1583 5389 1687 5446 Cui
1706 5392 1826 5445 tam
1848 5403 2023 5459 gran—

371 5454 435 5514 di
462 5458 624 5515 malo
650 5459 712 5516 in
739 5463 972 5534 plebeia
999 5470 1173 5529 turba
1220 5454 1416 5533 modis
1446 5475 1700 5535 millenis
1731 5454 2019 5547 crassato,

2107 513 2259 577 rant,
2278 524 2397 564 non
2418 510 2612 566 solum
2636 509 2881 565 obviare
2908 525 2977 564 ac
2999 508 3265 564 resistere
3292 513 3586 578 recusant,
3610 507 3772 581 quin

2108 596 2287 651 etiam
2316 596 2429 669 ipsi
2456 598 2570 653 hoc
2602 597 2759 652 idem
2789 596 3192 665 accumulant,
3224 612 3481 650 nec-non
3513 611 3766 652 omnem

2104 684 2353 754 justiciee
2396 685 2919 757 pulchritudinem,
2951 689 3247 757 quantum
3293 685 3352 739 in
3386 700 3465 749 se,
3500 684 3765 739 dedeco-

2109 776 2262 835 rant,
2295 789 2416 844 quo
2444 771 2846 827 insatiabilem
2874 771 3136 827 avaritiae
3182 771 3380 826 lacum
3420 787 3540 826 non
3568 770 3769 826 modo

2111 860 2395 932 nequiter,
2428 859 2529 914 sed
2568 859 2747 915 etiam
2788 860 3032 932 turpiter
3073 858 3437 930 adiupleant.
3469 860 3581 914 Pro
3610 874 3768 930 quo-

2112 964 2242 1002 rum
2266 947 2641 1002 contumacia
2654 946 2916 1003 celeriter
2936 946 3254 1002 sternenda
3266 946 3483 1002 clamat
3504 947 3770 1019 prophe-

2111 1042 2188 1103 ta,
2204 1037 2389 1091 immo
2411 1052 2549 1091 cum
2571 1051 2642 1091 eo
2662 1036 2878 1107 injuste
2899 1051 3324 1109 oppressorum
3344 1035 3633 1091 ultionem
3656 1050 3765 1107 po-

2112 1125 2287 1181 stulat
2307 1140 2562 1197 persona
2589 1142 2601 1180 :
2634 1126 2949 1191 Exaltare,
2973 1126 3079 1197 qui
3097 1126 3337 1196 judicas
3361 1131 3604 1194 terram,
3628 1122 3773 1181 red-

2111 1215 2184 1270 de
2212 1214 2658 1271 retributionem
2684 1215 2950 1284 superbis
2981 1216 3164 1286 (Psal.
3192 1230 3344 1283 xcm,
3368 1217 3443 1285 2).
3471 1215 3635 1269 Hanc
3657 1213 3771 1282 igi-

2110 1308 2203 1358 tur
2227 1319 2474 1357 causam
2498 1319 2619 1358 non
2646 1320 2916 1381 causam,
2943 1304 3047 1359 sed
3076 1309 3300 1376 pestem
3334 1303 3676 1367 dicendam,
3699 1301 3766 1357 id

2111 1394 2199 1445 est
2226 1396 2287 1445 ut
2307 1390 2604 1446 diabolica
2620 1391 3121 1447 commisceantur
3145 1391 3446 1461 humanis,
3472 1396 3526 1445 et
3551 1390 3769 1446 nihilo-

2110 1479 2309 1534 minus
2338 1479 2604 1534 humana
2632 1481 3002 1551 preferantur
3031 1480 3267 1549 divinis,
3299 1480 3359 1535 in
3390 1484 3622 1535 tantum
3653 1478 3764 1534 ali-

2110 1568 2210 1640 qui
2240 1584 2348 1640 pro
2370 1568 2704 1623 commodis
2733 1568 3011 1624 affectant
3035 1568 3300 1635 terrenis,
3320 1585 3442 1640 quo
3467 1567 3766 1624 adulatio—

2111 1674 2257 1713 num
2286 1657 2644 1713 liniamentis
2666 1658 2786 1713 sive
2813 1658 2940 1714 aliis
2960 1659 3124 1730 pravi
3150 1657 3378 1713 consilii
3408 1656 3767 1713 incitamen-

2043 1769 2081 1821 Β
2111 1748 2204 1816 tis,
2228 1748 2447 1821 quibus
2467 1748 2580 1820 ipsi
2602 1748 2977 1816 habundant,
3000 1756 3271 1821 pastores
3293 1750 3469 1805 etiam
3496 1747 3764 1804 ecclesiae

2114 1842 2399 1909 temptent
2422 1838 2681 1904 iniicere,
2701 1842 2880 1911 atque
2901 1838 3095 1909 gregis
3120 1835 3403 1894 dominici
3431 1838 3645 1893 arietes
3669 1854 3772 1893 co-

2112 1931 2327 1982 nentur
2350 1926 2523 1998 lupos
2554 1925 2802 1981 efﬁcere.
2823 1928 3089 1991 Quorum
3115 1925 3415 1981 sintichias
3441 1926 3550 1995 (71)
3579 1941 3766 1980 vene-

2112 2029 2293 2068 nosas
2322 2013 2425 2085 qui
2456 2030 2575 2068 non
2602 2013 3026 2085 observaverit,
3053 2012 3259 2086 procul
3288 2012 3473 2068 dubio
3496 2012 3632 2067 vitae
3664 2028 3772 2085 pe-

2111 2101 2364 2158 riculum
2394 2102 2657 2171 incurrit,
2687 2101 2853 2174 quod
2881 2102 2942 2157 in
2971 2118 3031 2157 se
3064 2102 3204 2158 satis
3233 2106 3321 2157 est
3358 2106 3638 2174 expertus
3670 2101 3769 2157 Mi-

2113 2190 2344 2259 chahel,
2397 2191 2629 2260 Regiute
2676 2190 2921 2247 civitatis
2977 2192 3294 2264 episcopus
3351 2190 3469 2261 (an.
3512 2192 3659 2259 972).
3714 2192 3770 2243 Is

2114 2281 2278 2353 atqui
2308 2297 2446 2336 cum
2471 2296 2579 2352 pro
2610 2281 2959 2353 episcopatu
3006 2280 3246 2336 cuidam
3301 2279 3497 2352 nepoti
3546 2295 3659 2334 suo
3686 2278 3773 2334 ab

2113 2369 2468 2442 imperatore
2485 2369 2845 2442 postulando
2866 2369 3067 2442 palatii
3094 2370 3411 2425 stationem
3434 2374 3637 2443 petere
3664 2367 3774 2423 de—

2114 2459 2407 2524 crevisset,
2452 2456 2767 2531 xeniaque,
2808 2458 3028 2531 quibus
3072 2459 3187 2514 hoc
3225 2474 3285 2514 se
3324 2458 3773 2530 inpetraturum

2118 2547 2415 2621 sperabat,
2449 2548 2800 2621 paravisset,
2831 2564 3189 2621 persuasum
3221 2552 3307 2603 est
3332 2547 3383 2603 ei
3413 2547 3490 2602 ab
3520 2547 3636 2613 his,
3663 2547 3779 2619 qui

2114 2637 2401 2710 optabant
2427 2636 2590 2709 apud
2619 2636 2916 2711 principes
2945 2636 3375 2693 ecclesiasticas
3410 2635 3652 2692 venales
3680 2636 3776 2691 fo-

2115 2743 2175 2781 re
2188 2726 2526 2796 diguitates,
2545 2726 2825 2799 quatinus
2847 2726 3209 2798 petitionem,
3234 2742 3420 2798 quam
3438 2724 3631 2780 facere
3650 2724 3779 2779 vel-

2113 2815 2211 2886 let,
2240 2816 2532 2871 thesauris
2564 2819 2681 2871 Deo
2709 2815 2906 2871 dilecti
2936 2815 3190 2871 martiris
3214 2813 3636 2870 Emmerammi
3671 2830 3779 2867 su-

2113 2904 2411 2961 bornaret.
2447 2908 2606 2970 Quos
2636 2904 2749 2968 ille,
2784 2900 3131 2960 consiliariis
3160 2902 3538 2959 consentiens
3568 2899 3689 2959 reis
3717 2907 3781 2958 et

2113 2993 2402 3067 perversis
2421 3010 2608 3067 prope
2624 2993 2783 3050 diem
2806 2993 3138 3049 natalitium
3158 2993 3424 3063 ejusdem
3450 2994 3465 3063 (
3473 2994 3663 3063 Sept.)
3693 2997 3781 3047 te-

2115 3082 2217 3139 stis
2242 3081 2489 3138 domino
2509 3100 2624 3150 suo
2647 3082 2949 3150 subduxit,
2978 3096 3087 3137 nec
3111 3097 3231 3136 non
3260 3081 3336 3136 ad
3359 3080 3779 3154 episcopalem

2112 3170 2313 3227 villam
2328 3171 2877 3227 Berabartashusim
2898 3179 2910 3239 ί
2916 3173 3005 3237 72)
3027 3168 3248 3226 dictam
3266 3186 3471 3225 secum
3493 3167 3784 3226 transduo

2113 3261 2344 3334 xit,quo
2362 3276 2508 3316 suus
2529 3259 2739 3317 eadem
2759 3258 2853 3316 die
2866 3256 3181 3315 comitatus
3202 3255 3440 3331 pestifer
3456 3256 3778 3317 confluxit.

2115 3350 2201 3405 lbi
2228 3364 2468 3422 quoque
2496 3348 2809 3405 subitanea
2824 3348 3089 3422 corporis
3120 3364 3441 3421 percussus
3472 3348 3779 3416 molestia,

2113 3456 2220 3513 per
2262 3442 2588 3494 extremam
2642 3443 2861 3493 sortem
2908 3438 3105 3507 urgeri
3153 3438 3333 3511 ccepit
3370 3438 3432 3493 in
3488 3442 3777 3505 mortem.

2116 3529 2306 3590 Quam
2336 3542 2473 3582 cum
2505 3525 2616 3582 sibi
2645 3526 2948 3582 turbidam
2977 3531 3033 3581 et
3058 3542 3331 3582 amaram
3362 3526 3650 3581 sensisset
3683 3527 3783 3583 in-

2116 3615 2363 3685 minere,
2383 3620 2559 3689 atque
2570 3615 2698 3687 jam
2713 3614 3057 3687 desperaret
3072 3613 3223 3670 infra
3237 3613 3483 3669 limitem
3496 3614 3684 3684 hujus
3697 3615 3787 3670 vi-

2118 3710 2187 3761 tae
2212 3703 2434 3760 diutius
2467 3703 2788 3759 consistere
2817 3720 3014 3775 posse,
3046 3702 3402 3758 vicedomno
3434 3708 3786 3774 assumpto,

2116 3809 2225 3850 nec
2255 3808 2378 3849 non
2408 3791 2692 3848 militibus
2720 3791 2920 3848 accitis
2950 3792 3009 3846 in
3042 3791 3471 3860 testimonium,
3496 3807 3636 3847 cum
3673 3792 3788 3847 ali-

2116 3881 2338 3955 quibus
2365 3880 2670 3947 ministris,
2702 3880 2838 3953 quis
2869 3881 3024 3936 circa
3054 3896 3191 3935 eum
3222 3879 3359 3952 plus
3392 3885 3520 3935 erat
3548 3881 3783 3935 amoris

2116 3988 2303 4045 quam
2331 3970 2582 4038 timoris,
2612 3986 2990 4043 quorumque
3021 3968 3343 4025 familiariti
3382 3968 3591 4025 sedulo
3622 3970 3783 4025 sole-

2116 4061 2221 4117 bat
2245 4060 2437 4131 inniti,
2469 4058 2686 4116 affatus
2719 4063 2807 4115 est
2843 4058 3024 4113 verba
3066 4058 3456 4128 hujusmodi:
3506 4059 3781 4130 Contigit

2116 4165 2209 4206 me
2237 4148 2566 4220 aliquando
2607 4163 2768 4203 secus
2795 4149 3000 4202 Linum
3025 4148 3250 4216 [lumen
3279 4147 3390 4202 sub
3424 4148 3637 4203 Ottone
3666 4149 3782 4205 Sa-

2115 4239 2413 4309 xonigena
2440 4238 2797 4307 imperatore
2822 4238 3016 4306 primo
3045 4239 3224 4306 gravi
3265 4238 3608 4307 interfuisse
3629 4252 3777 4306 pre—

2118 4329 2195 4382 tio
2225 4329 2360 4399 (73).
2398 4326 2510 4383 Ubi
2528 4342 2659 4381 cum
2685 4327 2843 4381 inter
2860 4332 3091 4380 nostros
3121 4331 3301 4396 atque
3326 4341 3597 4396 paganos
3614 4342 3787 4383 acer-

2122 4416 2270 4472 rime
2294 4416 2504 4485 fuisset
2525 4422 2885 4485 pugnatum,
2911 4420 2967 4469 et
2990 4414 3228 4470 Christo
3256 4416 3518 4484 propitio
3548 4430 3585 4470 a
3615 4415 3786 4470 chri-

2120 4505 2332 4560 stianis
2363 4510 2504 4560 esset
2538 4504 2994 4573 triumphatum,
3029 4504 3221 4573 Ungri
3250 4519 3436 4560 meam
3468 4504 3789 4559 absciden-

2122 4600 2205 4651 tes
2235 4594 2594 4661 auriculam,
2627 4594 2848 4664 gladiis
2879 4608 2949 4649 ac
2974 4594 3220 4662 spiculis
3254 4595 3409 4649 inter
3436 4598 3659 4648 ceteros
3696 4609 3792 4648 me

2130 4687 2471 4739 straverunt
2501 4696 2572 4737 ac
2601 4682 3068 4763 adaequqverant
3107 4682 3311 4751 glebis.
3353 4681 3447 4736 Ibi
3477 4682 3793 4749 insperato

2130 4778 2361 4843 raptus,
2380 4771 2462 4828 ad
2478 4773 2729 4828 salutem
2751 4776 2903 4828 sensi
2921 4772 3212 4841 beneﬁciis
3233 4772 3433 4827 adesse
3450 4775 3789 4838 patronum

2131 4862 2493 4928 clementem,
2512 4876 2679 4932 quem
2692 4875 2853 4916 nunc
2870 4861 3043 4916 timeo
3060 4861 3130 4915 ob
3145 4860 3528 4915 temeritatem
3540 4861 3799 4925 peccati

2129 4951 2246 5005 mei
2254 4950 2766 5017 irascentemﬂia,
2787 4964 2979 5021 quasso
2992 4949 3251 5018 ﬁdeliter
3265 4947 3422 5015 agite
3437 4960 3567 5015 quae
3579 4945 3795 5015 injun—

2128 5037 2445 5107 go.ToIlile
2466 5036 2909 5091 hinc—utinam
2927 5050 3231 5106 nunquam
3257 5033 3336 5089 ad
3355 5032 3602 5099 malum,
3620 5035 3799 5103 quod

2128 5128 2332 5196 facere
2347 5127 2509 5182 votui
2520 5158 2587 5165 —
2602 5140 2733 5182 mea
2750 5125 2858 5180 sub
2877 5131 3034 5181 certo
3052 5137 3294 5178 numero
3310 5123 3544 5191 integra
3567 5121 3800 5192 viginti

2126 5215 2321 5283 pallia
2344 5216 2716 5284 consignata,
2745 5220 2798 5270 et
2820 5214 3027 5283 offerte
3044 5227 3133 5281 ea,
3158 5210 3424 5283 quamvis
3447 5208 3529 5265 ad
3550 5213 3790 5281 magni-

2131 5301 2395 5358 tudinem
2404 5306 2789 5370 peccatorum
2806 5315 3067 5356 meorum
3078 5313 3295 5368 parva,
3312 5311 3529 5367 magno
3545 5302 3603 5352 et
3616 5297 3789 5355 beato

2129 5388 2210 5445 ad
2232 5388 2695 5445 subveniendum
2726 5389 2825 5443 cui
2848 5389 3104 5444 voluerit
3131 5387 3359 5443 Christi
3385 5386 3632 5441 martiri
3652 5389 3792 5443 Em-

2128 5490 2449 5532 merammo
2473 5493 2486 5543 ;
2518 5474 2890 5545 reddetisque
2910 5475 3007 5531 illi
3025 5479 3364 5543 reverenter
3381 5487 3626 5529 suorum
3644 5489 3792 5543 par-

1976 5566 2198 5629 NOTAE.

444 5617 560 5693 (7t)
598 5620 639 5693 l.
673 5632 725 5674 e.
754 5627 950 5693 pacta,
982 5632 1421 5693 conventiones.

448 5692 561 5753 (72)
600 5691 1027 5751 Reretzhausen
1060 5698 1134 5761 ad
1168 5691 1357 5759 Labor
1383 5705 1649 5767 ﬂuvium.

2207 5634 2318 5701 (73)
2358 5636 2424 5697 Α.
2460 5638 2585 5689 955.
