3910 6398
95 331 216 382 1017

863 327 954 381 DE
994 328 1366 383 MIRACULIS
1409 328 1463 383 S.
1510 319 1929 380 EMMERAMM‘I
1973 326 2150 382 LIBRI
2195 331 2354 386 DUO.
2399 361 2466 371 —-
2509 333 2633 387 ΗΒ.
2678 334 2718 387 Ι.

3368 337 3505 390 1018

88 458 192 508 tem
223 449 660 518 thesaurorum,
692 467 834 521 quos
866 453 1148 520 iﬂsipiens
1180 467 1252 508 ac
1283 467 1476 506 minus
1523 454 1732 505 cautus
1772 451 1814 501 Α
1847 453 1900 502 et
1932 451 2141 514 malos,
2173 470 2276 525 per
2301 471 2486 526 parva
2517 472 2586 511 ac
2635 457 3001 512 insensibilia
3053 457 3316 529 operaris
3373 475 3503 515 ma-

86 543 144 597 in
173 539 616 609 sugillationem
655 542 770 596 mei
796 541 1078 596 subtraxi
1126 545 1253 611 ejus
1307 542 1520 597 honori
1567 538 1745 594 servi-

85 629 461 687 tii.Calicem
495 636 692 686 autem
725 643 998 694 aureum,
1030 647 1200 702 quem
1235 647 1410 699 opere
1449 646 1519 685 ac
1543 632 1743 698 forma

87 721 241 784 satis,
299 723 365 772 ut
417 720 652 786 opinor,
709 720 941 774 decenti
993 720 1176 776 eidem
1232 721 1561 775 clarissimo
1612 703 1746 770 testi

85 809 417 879 passionum
449 809 681 863 Christi
705 811 972 878 patravi,
1005 826 1136 864 cum
1171 810 1260 864 his
1291 809 1581 876 omnibus,
1615 819 1744 876 quae

89 897 252 955 labiis
282 898 554 966 distinxi,
585 914 764 966 super
794 906 845 954 et
869 901 1029 954 circa
1063 901 1247 969 ipsius
1270 902 1466 955 altare
1486 899 1737 968 ponetis.

86 989 275 1057 sicque
297 1002 370 1041 ex
401 987 758 1042 humilitatis
789 1003 928 1042 mea:
963 989 1256 1057 legatione
1287 989 1492 1043 dicetis
1520 1004 1540 1042 ,ο
1573 1011 1597 1033 ‹‹
1637 987 1741 1040 Jli-

87 1076 290 1134 chahel
323 1075 426 1131 ille
448 1084 731 1145 peccator
762 1077 955 1146 homo,
984 1081 1254 1148 quamvis
1305 1081 1365 1132 in
1417 1085 1624 1132 sancta
1656 1092 1740 1131 ec-

87 1166 255 1221 clesia
279 1165 508 1220 ordinis
529 1168 675 1234 jure
724 1167 886 1221 sacri
930 1169 1234 1235 particeps
1273 1169 1456 1224 fuerit
1486 1166 1738 1220 nominis

85 1255 352 1325 angelici,
385 1256 745 1310 immeritum
791 1258 989 1311 tamen
1040 1261 1094 1311 et
1150 1258 1321 1326 longe
1369 1258 1639 1324 inparem
1680 1270 1739 1309 se

81 1343 441 1414 perpendens
475 1346 635 1399 tanti
665 1345 1009 1399 ministeriis
1041 1347 1246 1413 ofﬁcii,
1274 1361 1477 1400 servus
1508 1359 1739 1414 quoque

84 1439 232 1502 tuus,
267 1434 431 1488 beate
463 1434 916 1497 Emmeramme,
955 1435 1270 1503 adoptivus
1295 1436 1403 1489 sub
1432 1436 1570 1503 ipsis
1595 1450 1738 1502 pan-

86 1523 396 1590 tiﬁcalibus
427 1523 642 1591 infulis
671 1525 894 1592 factus,
920 1525 981 1579 in
1013 1525 1293 1579 extremis
1323 1525 1498 1579 etiam
1527 1527 1736 1578 consti-

85 1616 258 1676 tutus,
289 1627 432 1680 erga
467 1612 859 1666 reverentiam
890 1613 981 1666 tui
1006 1613 1270 1681 devotus,
1322 1612 1430 1666 tibi
1479 1613 1603 1667 haec
1633 1613 1736 1666 mi-

82 1701 151 1755 sit
177 1707 354 1772 atque
380 1702 623 1766 remisit,
666 1716 773 1756 nec
824 1718 941 1756 non
991 1704 1269 1757 ultimum
1299 1705 1574 1771 spiritum
1609 1708 1732 1757 ινα-

1855 553 1971 604 gna
2007 556 2111 594 nec
2140 559 2258 597 non
2294 544 2605 608 mirabilia,
2642 551 2702 600 ut
2728 545 3001 600 homines
3024 546 3299 602 cordatos
3327 548 3507 603 bene-

1853 628 2106 685 dictione
2140 638 2237 687 tua
2265 633 2485 689 etiicias
2519 639 2844 706 coaptatos.
2883 636 3046 691 Hauc
3075 636 3375 708 siquidem
3401 637 3508 710 qui

1853 734 1993 772 aure
2024 722 2218 775 cordis
2247 725 2633 795 perceperint,
2663 729 2719 779 et
2746 725 2804 779 in
2832 726 2961 794 ejus
2994 725 3379 781 obauditione
3411 743 3508 781 us-

1852 823 1967 878 que
1998 809 2056 863 in
2086 809 2267 866 ﬁnem
2297 814 2816 884 perseveraverint,
2844 815 3086 870 minime
3108 815 3417 886 pavebant
3445 816 3508 871 in

1852 896 1944 949 die
1977 899 2322 966 novissimo,
2348 917 2455 956 nec
2487 918 2661 957 aures
2689 919 2896 958 eorum
2921 904 3170 959 tinnient
3194 905 3270 959 ab
3297 905 3507 960 auditu

1850 987 2030 1050 malo,
2090 990 2337 1060 quando
2387 990 2662 1046 inimicus
2712 992 2983 1048 exultans
3039 1010 3219 1065 super
3266 994 3504 1049 interitu

1850 1075 2193 1146 impiorum,
2226 1095 2288 1133 se
2306 1081 2618 1148 jactaverit
2647 1080 2852 1136 dicens
2885 1084 2993 1151 (T7)
3031 1101 3042 1136 :
3089 1084 3380 1137 Prenalui
3404 1084 3507 1138 ad-

1849 1179 2049 1219 versus
2079 1182 2191 1221 eos.
2227 1170 2269 1223 Ο
2299 1170 2435 1223 Jesu
2465 1169 2642 1236 bone,
2674 1170 2817 1241 quid
2864 1185 2975 1224 nos
3030 1175 3372 1243 peccatores
3427 1170 3509 1225 ibi

1847 1253 2055 1308 dicturi
2090 1272 2322 1322 sumus,
2357 1257 2457 1312 ubi
2485 1258 2580 1312 vix
2609 1259 2753 1328 justi
2784 1258 3178 1314 salvabuntur
3207 1260 3235 1314 ?
3264 1263 3392 1315 Non
3421 1263 3510 1314 est

1845 1343 2020 1398 nobis
2051 1361 2185 1416 spes
2211 1347 2414 1413 altera,
2449 1347 2562 1402 nisi
2593 1364 2778 1420 quam
2818 1348 3024 1403 detinit
3068 1349 3162 1403 ille
3215 1355 3348 1404 tuus
3389 1349 3508 1404 ele-

1847 1435 1973 1485 ctus
2007 1433 2336 1503 psalmista,
2371 1435 2474 1506 qui
2507 1436 2614 1490 fuit
2637 1453 2737 1490 rex
2763 1441 2818 1490 et
2847 1437 3160 1509 propheta,
3213 1437 3345 1492 totis
3380 1453 3508 1492 mo-

1844 1520 2022 1575 dullis
2054 1521 2131 1576 ad
2163 1528 2214 1576 te
2246 1522 2560 1578 clamitans
2590 1524 2785 1579 cordis
2817 1528 2930 1592 (78)
2966 1526 3146 1594 :Spes
3173 1541 3302 1582 mea
3329 1540 3385 1581 es
3417 1532 3504 1593 tu,

1843 1612 2038 1679 portio
2068 1628 2196 1667 mea
2225 1614 2287 1666 in
2321 1618 2484 1668 terra
2516 1615 2837 1669 viventium
2865 1629 2888 1682 ;
2914 1631 3099 1686 quam
3131 1614 3191 1669 in
3241 1619 3344 1670 tuo
3393 1629 3503 1669 no-

1845 1699 2024 1764 mine,
2053 1701 2199 1756 dum
2232 1706 2466 1775 tempus
2498 1707 2584 1758 est
2623 1703 3062 1768 misericordiae,
3111 1720 3148 1759 a
3188 1707 3350 1758 Patre
3395 1719 3504 1775 po-

84 1790 218 1846 hens
237 1792 500 1846 animam
531 1805 663 1846 cum
699 1806 947 1860 corpore
987 1793 1323 1860 patrocinio
1348 1798 1448 1847 tuo
1471 1793 1733 1847 commis-
1772 1804 1815 1856 Β
1849 1789 2188 1846 stulandam
2216 1791 2535 1846 didicimus
2567 1809 2672 1864 per
2710 1793 3120 1863 evangelicam
3147 1793 3502 1848 doctrinam.

84 1881 233 1934 sit.»
273 1878 407 1934 Haec
469 1893 607 1935 vero
660 1880 815 1935 facta
869 1885 923 1934 et
972 1881 1131 1936 dicta
1170 1897 1309 1936 cum
1359 1897 1478 1936 non
1508 1897 1735 1953 paucos

84 1970 460 2024 convenirent
513 1986 582 2024 ac
639 1969 1001 2025 deterrerent
1055 1985 1164 2042 pro
1220 1969 1466 2025 abusive
1518 1971 1736 2026 usitata

83 2062 417 2113 sanctorum
448 2059 598 2114 inter
621 2059 900 2114 mortales
931 2059 1323 2127 neglegentia,
1368 2075 1734 2132 campanum

81 2146 382 2219 quoddam
414 2149 741 2220 quantitate
775 2148 1102 2214 modicum,
1138 2165 1173 2204 a
1216 2149 1422 2218 legatis
1468 2149 1734 2221 episcopi

83 2251 212 2290 cum
241 2236 369 2292 aliis
392 2237 574 2292 rebus
605 2238 664 2292 in
698 2237 947 2293 basilica
976 2239 1210 2310 patroni
1264 2239 1447 2292 nostri
1503 2238 1734 2310 exposi-

83 2331 220 2395 tum,
251 2327 480 2395 grande
511 2343 616 2399 per
645 2344 711 2382 os
752 2327 1078 2383 dicentium
1135 2327 1504 2399 praedicabat
1556 2327 1733 2382 mira-

83 2414 291 2471 culum.
328 2415 519 2487 Hujus
548 2433 690 2485 ergo
715 2434 852 2472 cum
882 2416 1206 2488 imperator
1254 2419 1383 2473 Otto
1436 2418 1733 2472 secundus

82 2501 401 2576 aliquando
434 2503 598 2578 apud
632 2508 912 2562 Sanctum
945 2508 1455 2560 Emmerammum
1503 2507 1735 2561 audiret

84 2593 348 2649 tinnitum
381 2595 750 2664 singularem
799 2601 855 2651 et
913 2611 1015 2666 pre
1075 2595 1278 2649 ceteris
1323 2596 1515 2661 magis
1564 2612 1735 2650 sono-

79 2698 222 2751 rum,
252 2683 439 2739 fertur
466 2684 705 2751 dixisse,
727 2689 829 2740 aut
849 2684 962 2739 hoc
985 2689 1088 2738 aut
1116 2685 1253 2739 huic
1285 2684 1471 2739 simile
1504 2702 1564 2740 se
1585 2684 1733 2738 velle

80 2772 307 2829 habere.
344 2776 477 2840 Qua
508 2775 821 2830 occasione
851 2775 1152 2848 predictus
1178 2775 1445 2846 pontifex
1472 2775 1608 2829 inde
1641 2793 1735 2830 su-

81 2861 296 2919 blatum
329 2865 494 2920 idem
529 2865 964 2938 campanulum
1009 2865 1069 2919 in
1103 2866 1196 2920 via
1222 2866 1399 2934 jussit
1428 2870 1733 2938 transpor-

82 2953 180 3008 tari
210 2969 438 3024 secum,
469 2955 789 3011 arbitratus
821 2955 961 3010 satis
1019 2972 1079 3009 se
1133 2955 1428 3011 facturum
1483 2956 1734 3028 principi

83 3041 368 3100 oblatione
402 3043 608 3116 cupiti.
645 3044 815 3110 Quod
865 3051 1189 3116 postquam
1238 3050 1328 3099 est
1375 3045 1448 3099 de
1482 3046 1735 3100 martiris

83 3132 316 3189 ecclesia
354 3134 604 3204 elatum,
657 3134 740 3190 uti
796 3135 1200 3206 comperimus
1260 3150 1366 3204 per
1419 3135 1735 3204 cujusdam

82 3221 398 3294 presbyteri
429 3222 708 3289 relatum,
769 3223 847 3279 ad
897 3223 996 3278 Dei
1039 3225 1462 3294 omnipotentis
1521 3229 1730 3278 nutum

81 3307 487 3368 immutatione
520 3313 650 3367 soni
681 3311 904 3368 factum
937 3316 1024 3366 est
1044 3317 1302 3380 mutum,
1331 3328 1436 3366 nec
1469 3312 1622 3366 illius
1652 3329 1734 3367 ar-

81 3397 246 3454 tiﬁcio
278 3400 474 3473 aptari
498 3401 689 3473 potuit
713 3401 1028 3474 euphoniae
1057 3401 1252 3455 ofﬁcio
1279 3418 1465 3473 usque
1495 3402 1551 3455 in
1575 3401 1732 3456 diem

81 3491 130 3542 et
156 3486 382 3558 horam,
411 3505 539 3562 qua
573 3492 689 3544 Deo
720 3489 915 3545 dilecti
977 3489 1232 3544 martiris
1291 3506 1443 3544 casze
1503 3491 1732 3545 restitu-

83 3578 215 3640 tum,
247 3578 352 3633 etsi
379 3577 756 3644 insensibile,
792 3578 1154 3650 presentiam
1188 3577 1417 3632 domini
1467 3578 1556 3632 sui
1607 3595 1734 3632 sen-

80 3664 232 3721 sibus
257 3668 514 3724 h'umani
546 3683 608 3722 se
641 3668 854 3723 sentire
886 3667 1118 3737 indidit,
1162 3683 1231 3722 ac
1274 3667 1524 3722 dulciter
1568 3667 1737 3721 tinui-

78 3754 163 3808 vit.
195 3757 332 3812 Vere
363 3763 490 3824 tua,
525 3757 769 3824 Christe,
802 3757 928 3812 haec
962 3762 1098 3812 sunt
1121 3772 1331 3829 \opera.
1385 3757 1487 3828 qui
1532 3757 1733 3811 crede-

76 3842 148 3896 ris
169 3849 223 3900 et
253 3863 314 3901 es
344 3845 559 3903 aeterni
591 3847 771 3902 Patris
798 3847 1090 3918 sapientia
1120 3865 1132 3913 ;
1177 3847 1270 3900 cui
1321 3846 1505 3900 David
1556 3845 1735 3901 corde

74 3931 325 4000 jubilans
352 3936 579 3992 clamat
606 3936 717 4005 (7i)
752 3954 764 3990 :
797 3937 984 4004 Quam
1008 3952 1228 4005 magna
1255 3937 1575 3990 multitudo
1603 3936 1735 3990 dul-

79 4023 290 4080 cedinis
321 4032 462 4096 tuae,
494 4027 763 4096 Domine,
797 4042 974 4096 quam
1008 4026 1372 4080 abscondisti
1397 4027 1736 4081 timentibus

80 4117 128 4166 te
143 4128 163 4180 ,'
181 4119 235 4168 et
265 4115 483 4171 iterum
516 4120 631 4183 (75)
667 4133 680 4170 :
711 4117 968 4170 Auditui
997 4131 1120 4171 meo
1161 4117 1328 4170 dabis
1360 4116 1649 4186 gaudium
1682 4123 1736 4170 et

81 4200 344 4260 lzeticiam
368 4221 392 4275 ,'
423 4212 478 4261 et
511 4206 872 4260 exultabant
903 4221 1032 4261 ossa
1065 4205 1384 4260 humiliata
1408 4206 1616 4275 .‘cujus
1642 4206 1739 4260 de-

81 4290 287 4349 siderio
338 4294 697 4365 delectatus,
751 4295 982 4350 nomini
1031 4300 1132 4350 tuo
1191 4295 1496 4350 credentes
1529 4295 1588 4349 in
1620 4296 1736 4350 line

78 4380 443 4449 psalmorum
476 4383 558 4439 ad
588 4384 965 4455 perfectionis
992 4384 1201 4439 laudes
1246 4401 1600 4456 provocans,
1658 4385 1738 4440 ait

1847 1879 1935 1934 Sic
1969 1879 2126 1933 enim
2171 1885 2360 1947 tuum,
2390 1897 2426 1936 ο
2455 1882 2694 1948 veritas,
2727 1882 2907 1937 habet
2932 1881 3310 1951 evangelium
3341 1882 3450 1950 (79)
3488 1898 3501 1936 :

1843 1969 2163 2024 Ambulate
2192 1971 2330 2025 dum
2373 1972 2495 2026 dies
2524 1977 2626 2036 est,
2684 1987 2757 2027 ne
2812 1972 3070 2028 tenebrae
3111 1987 3208 2026 vos
3239 1986 3504 2040 compre-

1845 2058 2109 2113 hendant
2130 2072 2150 2126 ,'
2183 2063 2240 2113 et
2265 2059 2478 2114 iterum
2509 2078 2520 2114 :
2556 2062 2709 2115 Dum
2746 2062 2942 2116 lumen
2976 2061 3223 2129 habetis,
3283 2061 3509 2115 credite

1845 2146 1904 2200 in
1940 2147 2149 2213 lucem,
2185 2153 2248 2202 ut
2271 2149 2389 2216 ﬁlii
2413 2149 2560 2203 lucis
2589 2149 2736 2203 sit-is.
2802 2151 2864 2203 Et
2911 2148 3056 2203 illud
3107 2146 3507 2202 excusationis

1844 2235 2125 2290 humanae
2185 2236 2588 2292 exclusorium
2647 2237 3097 2306 diligentissime
3181 2237 3509 2292 adtenden-

1844 2325 2012 2393 dum,
2043 2342 2150 2381 nec
2182 2342 2303 2381 non
2335 2327 2558 2382 intimis
2609 2327 2878 2400 suspiriis
2927 2326 3321 2382 annitendum
3349 2328 3459 2396 (80)
3492 2343 3504 2380 :

1845 2416 2266 2486 Quodcumque
2292 2419 2581 2486 petieritis
2611 2419 2854 2473 Patrem
2891 2419 2950 2472 in
2984 2419 3219 2473 nomine
3239 2433 3381 2483 meo,
3407 2415 3510 2472 da-

1845 2505 1934 2559 bet
1963 2505 2140 2560 vobis.
2179 2506 2435 2560 Petimus
2465 2521 2607 2574 ergo
2638 2506 2716 2560 ad
2750 2510 2800 2561 te
2833 2506 3124 2574 conversi,
3176 2509 3344 2560 Pater
3397 2506 3508 2558 Do-

1843 2593 1990 2647 mini
2021 2594 2202 2648 nostri
2233 2596 2369 2648 Jesu
2415 2594 2648 2658 Christi,
2709 2598 2772 2650 ut
2827 2594 2888 2648 in
2945 2594 3188 2648 nomine
3233 2593 3506 2663 ejusdem

1844 2682 2128 2749 unigeniti
2158 2683 2261 2748 tui,
2292 2683 2465 2753 cujus
2491 2682 2758 2737 karitatis
2783 2682 2994 2737 beatus
3024 2685 3507 2736 Emmerammus‘

1845 2771 2050 2826 martir
2076 2776 2211 2826 tuus
2254 2771 2404 2827 inter
2435 2774 2480 2805 ²²
2513 2771 2772 2843 plurales
2805 2774 2849 2805 ²¹
2879 2776 3054 2826 testes
3086 2773 3131 2805 ²²
3162 2771 3426 2825 imitator
3455 2771 3505 2804 η

1843 2861 2298 2932 quodammodo
2325 2863 2371 2894 ²²
2404 2861 2587 2916 extitit
2619 2859 2958 2930 singularis,
2993 2859 3275 2916 ineffabili
3307 2864 3360 2914 et
3407 2874 3506 2914 so-

1842 2950 1943 3005 lita
1973 2951 2128 3006 circa
2159 2955 2499 3022 peccatores
2530 2966 2678 3004 usus
2709 2949 3043 3014 clementia,
3080 2947 3505 3003 conﬁtentibus

1845 3045 1900 3093 et
1929 3039 2214 3094 confessis
2241 3039 2502 3093 dimittas
2527 3038 2892 3110 impietatem
2939 3037 3135 3092 cordis
3186 3054 3254 3092 ac
3306 3035 3506 3091 infun-

1776 3135 1816 3209 ὁ
1846 3129 1954 3183 das
2007 3128 2373 3194 unctionem.
2401 3134 2512 3183 tuae
2542 3127 2859 3182 uberrima:
2905 3125 3354 3191 consolationis,
3398 3140 3508 3180 nec

1843 3235 1964 3273 non
1998 3219 2318 3273 confirmes
2349 3217 2410 3272 in
2432 3217 2606 3272 nobis
2632 3233 2816 3289 opera
2833 3216 3050 3272 divinae
3076 3214 3504 3281 miserationis;

1844 3313 1907 3363 ut
1936 3308 2102 3379 quod
2130 3307 2186 3361 in
2219 3309 2332 3361 hoc
2365 3307 2564 3361 seculo
2596 3306 2767 3362 dulce
2787 3323 2855 3362 ac
2875 3305 3222 3361 delectabile
3255 3304 3507 3371 videtur,

1843 3398 2070 3453 timoris
2101 3397 2178 3452 tui
2210 3397 2536 3452 reverenda
2567 3395 3040 3451 consideratione
3070 3397 3420 3459 amarescat,
3454 3395 3513 3446 et

1841 3487 2007 3559 quod
2034 3502 2334 3553 amarum,
2368 3485 2697 3540 dilectionis
2740 3490 2850 3539 tuae
2897 3483 3257 3538 suavissima
3303 3496 3516 3554 specu-

1843 3577 2058 3632 latione
2086 3575 2408 3629 dulcescat.
2447 3575 2656 3646 Sicque
2688 3573 2836 3627 dum
2862 3573 2988 3643 ipse
3039 3571 3290 3626 volvitur
3339 3585 3514 3623 mun-

1842 3666 1977 3734 dus,
2010 3682 2044 3719 a
2073 3664 2249 3736 lapsu
2278 3669 2334 3718 et
2359 3678 2562 3718 amore
2595 3665 2999 3734 peccatorum,
3030 3665 3080 3715 te
3098 3658 3507 3723 resuscitante,

1846 3771 2188 3824 surgamus,
2221 3769 2294 3807 ne
2327 3753 2386 3808 in
2417 3753 2533 3807 ﬁne
2567 3751 2926 3812 seculorum,
2967 3766 3106 3804 cum
3152 3763 3362 3803 omnes
3398 3747 3506 3800 ho-

1843 3845 2036 3901 mines
2070 3843 2498 3898 resurrexerint
2538 3858 2674 3896 cum
2707 3839 3080 3912 corporibus,
3114 3838 3173 3892 in
3221 3842 3511 3892 aeternum

1845 3933 2288 3989 confundamur
2344 3949 2412 3986 ac
2467 3931 2820 4003 puniamur;
2886 3929 2990 3984 sed
3051 3927 3303 3999 emptitii
3359 3924 3512 3980 servi

1845 4040 2004 4078 nunc
2036 4039 2175 4078 cum
2199 4020 2518 4076 collibertis
2553 4019 2741 4088 gratia
2769 4023 2870 4074 tua
2900 4017 3068 4086 digni
3109 4015 3317 4082 effecti,
3373 4019 3514 4070 tunc

1846 4113 2024 4168 etiam
2055 4111 2171 4166 tuis
2208 4127 2346 4166 cum
2373 4109 2581 4164 amicis
2628 4124 2866 4180 semper
2898 4106 3197 4161 mansuris
3247 4101 3516 4176 deputati

1847 4202 2105 4273 gaudiis,
2137 4200 2332 4255 securi
2362 4199 2677 4254 videamus
2715 4198 3034 4252 Dominum
3072 4199 3272 4250 Jesum
3307 4192 3515 4248 Filium

1848 4296 2015 4346 tuum
2046 4290 2425 4345 liberatorem
2460 4291 2514 4342 et
2549 4287 2900 4358 episcopum
2933 4285 3273 4340 animarum
3305 4286 3360 4335 et
3391 4296 3518 4334 cor-

1848 4398 2064 4454 porum
2124 4385 2489 4446 nostrorum,
2539 4377 2806 4445 judicem
2861 4375 3094 4444 justum
3144 4372 3417 4427 vivorum
3459 4374 3516 4424 et

79 4472 182 4541 (76)
215 4489 226 4525 :
258 4475 541 4530 Laudate
571 4475 884 4529 Dominum
918 4475 975 4528 in
1012 4475 1298 4542 cymbalis
1332 4475 1472 4529 bene
1517 4491 1735 4530 sonan-
1776 4508 1820 4562 Β
1853 4477 2246 4534 mortuorum,
2277 4473 2471 4522 tecum
2499 4466 2798 4520 viventem
2827 4468 3008 4534 atque
3048 4463 3108 4516 in
3141 4460 3360 4562 unitate
3389 4456 3515 4529 Spi-

83 4557 262 4629 tibus;
299 4563 552 4619 laudate
578 4578 710 4618 eum
737 4564 798 4617 in
831 4563 1120 4632 cymbalis
1141 4563 1546 4632 jubilationis.
1591 4568 1735 4619 Ecce

80 4648 350 4706 humanae
384 4653 601 4709 salutis
643 4659 897 4724 amator,
932 4653 1164 4722 generis
1210 4654 1393 4708 nostri
1453 4653 1639 4710 factor
1687 4661 1743 4712 et

81 4745 398 4809 reparator,
431 4742 537 4814 qui
573 4743 752 4798 etiam
791 4742 1089 4813 benignus
1147 4759 1210 4797 es
1266 4759 1444 4813 super
1471 4743 1739 4814 ingratos

1850 4562 1994 4617 ritus
2023 4559 2208 4614 sancti
2234 4559 2609 4625 regnantem,
2641 4569 2748 4624 per
2775 4551 3138 4607 immortalia
3170 4548 3514 4604 seculorum

1851 4649 2067 4704 secula.
2101 4653 2308 4703 Amen.

189 4838 709 4910 PROOEMIUM
763 4841 1005 4908 LIBRI
1057 4841 1172 4907 DE
1225 4841 1643 4909 MEMORIA
1694 4845 1771 4912 B.
1822 4835 2382 4910 EMMERAMMI
2431 4833 2541 4899 ET
2589 4830 2801 4900 EJUS
2850 4824 3379 4895 AMATORUM.
3435 4907 3437 4910 ι

146 4945 294 4999 inter
312 4951 535 5003 caetera
559 4947 979 5017 mysteriorum
998 4947 1326 5002 caelestium
1345 4952 1742 5017 sacramenta,

83 5033 288 5089 Veteris
299 5036 475 5106 Legis
491 5041 782 5092 testantur
794 5037 1011 5110 scripta
1025 5037 1190 5110 quod
1203 5037 1275 5093 ad
1292 5036 1745 5092 rediticationem

83 5120 446 5180 tabernaculi
468 5127 768 5200 principes
799 5127 1063 5182 tribuum
1090 5132 1145 5182 et
1175 5127 1412 5181 ditiores
1435 5127 1658 5198 quique
1685 5127 1744 5181 in

84 5213 298 5284 populo
317 5216 420 5271 Dei
441 5217 705 5289 pretiosa
721 5217 924 5273 divino
935 5217 1114 5288 jussu
1134 5215 1477 5272 obtulerunt
1491 5215 1744 5270 donaria

1857 4946 2074 5018 (Exod.
2095 4942 2572 5011 xxxv).Quorum
2595 4938 2706 5010 piae
2729 4934 3014 4992 oblationi
3046 4937 3100 4988 et
3129 4930 3524 5004 pauperiores

1856 5036 2067 5091 eodem
2090 5036 2385 5106 praecepto
2408 5024 2946 5092 conducti,indices
2978 5021 3268 5077 mentium
3282 5020 3520 5075 devota-

1855 5142 2012 5192 rum,
2031 5125 2208 5178 etiam
2223 5120 2374 5193 pilos
2388 5118 2746 5174 addiderunt
2761 5129 3080 5184 caprarum
3109 5111 3326 5180 (Ibid).
3365 5108 3519 5174 Quid

1854 5220 2056 5270 autem
2101 5216 2263 5268 Nova
2303 5213 2416 5265 Lex
2443 5223 2621 5279 super
2665 5206 2774 5259 hac
2804 5219 2866 5257 re
2897 5202 3221 5268 contineat,
3253 5216 3360 5255 seu
3397 5216 3522 5270 qua

1461 5320 1696 5375 VARIrE
1736 5320 2137 5375 LECTIONES.
2539 5357 2546 5369 .

1461 5322 1696 5375 VARIE
1736 5322 2137 5376 LECTIONES.
2539 5357 2546 5369 .

151 5408 194 5441 ”
220 5410 480 5481 Reliqua
516 5412 579 5465 in
614 5416 662 5466 1.
697 5428 879 5469 manu
910 5426 1040 5467 saec.
1080 5412 1208 5466 XV.
1241 5412 1469 5478 scripta
1496 5416 1656 5477 sunt,
1687 5409 1836 5478 folio
1866 5409 2133 5479 sequenti
2155 5421 2288 5461 cum
2317 5405 2499 5472 hujus
2527 5400 2669 5455 libri
2691 5398 2811 5465 ﬁne
2836 5400 3086 5470 antiquo
3117 5398 3337 5452 exciso.

1488 5501 1492 5506 ’
1691 5497 1911 5551 NOTAE.

173 5569 255 5639 74)
297 5569 453 5626 Psal.
487 5585 632 5635 xxx,
664 5574 753 5626 20.

174 5640 262 5711 75)
302 5639 458 5696 Psal.
491 5657 548 5711 L,
584 5644 666 5696 tO.

172 5709 266 5850 76g
303 5711 458 5768 Psal.
498 5709 587 5778 CL,
616 5716 667 5766 5.

172 5785 238 5835 77
303 5781 462 5838 Psal.
491 5798 596 5844 Ill,
631 5787 659 5836 5

172 5781 266 5844 77)
303 5781 462 5838 Psal.
491 5798 596 5844 Ill,
631 5787 679 5840 5.

1931 5565 2046 5637 (78)
2086 5561 2243 5618 Psal.
2277 5578 2428 5637 cm,
2457 5565 2509 5616 6.

1932 5635 2044 5705 (79)
2086 5639 2252 5691 Joan.
2280 5650 2381 5700 xu,
2415 5636 2504 5704 35,
2539 5635 2626 5688 36.

1932 5708 2044 5778 (80)
2082 5710 2249 5762 Joan.
2284 5721 2382 5774 xv,
2421 5708 2502 5758 16.
