3968 6406
402 278 542 335 1019

1457 280 1765 336 ARNOLDI
1806 277 2399 335 EMMERAIMENSIS
2436 279 2771 337 MONACHI.

3710 284 3851 341 ιοπο
3912 226 3923 367 ξ

399 400 815 458 convenientia
838 401 1045 458 Priscae
1073 402 1456 474 respondeat,
1492 403 1757 459 Christus
1787 405 1848 458 in
1874 405 2061 457 Evan-
2098 401 2149 455 Α
2179 401 2336 457 dinis
2361 406 2496 469 tuae,
2554 405 2823 473 Domine,
2875 420 3064 477 quam
3093 402 3464 460 abscondisti
3494 405 3849 462 timentibus

401 490 555 562 gelio
585 506 695 546 suo
726 489 1008 564 paliﬁcat,
1035 491 1139 565 qui
1164 491 1285 546 duo
1302 492 1586 564 pauperis
1613 492 1806 548 viduae
1833 492 2065 548 minuta

396 580 659 656 praetulit
684 580 776 636 his
804 597 937 654 quae
960 581 1169 637 divites
1183 581 1513 653 jactabant,
1539 599 1643 639 seu
1669 583 1727 639 in
1762 584 2065 655 gazophy-

397 670 620 728 lacium
649 670 967 727 mittebant
998 671 1211 738 (Marc.
1238 688 1321 727 xu
1347 690 1360 740 ;
1392 675 1535 729 Luc.
1569 675 1709 746 xxx).
1737 673 1910 741 Quod
1938 672 2067 745 qui-

397 761 543 816 dam
572 757 662 814 vir
690 758 889 815 ofﬁcio
916 760 1281 833 apostolicus
1303 766 1360 817 et
1387 763 1620 829 merito,
1650 764 1890 835 egregia
1918 780 2067 836 prae-

398 847 696 905 dicatione
716 849 892 922 quasi
922 849 997 905 de
1054 850 1206 907 coelo
1265 851 1572 923 intonans,
1626 854 1882 909 breviter
1934 869 2066 925 per-

398 938 747 1008 stringendo
778 940 1072 1012 exposuit,
1102 940 1308 996 dicens
1344 959 1355 995 :
1389 961 1418 995 ‹
1458 942 1737 1011 Regnum
1776 943 2065 999 caelorum

397 1027 571 1096 valet,
631 1033 929 1101 quantum
977 1029 1190 1087 habes.
1237 1054 1291 1089 n,
1322 1031 1427 1087 Cui
1480 1032 1697 1088 scilicet
1762 1033 2065 1088 sententiae

399 1119 727 1177 concordat
782 1120 949 1193 quod
1008 1138 1178 1177 sacra
1238 1122 1541 1196 Scriptura
1590 1124 1739 1179 alias
1794 1124 2061 1179 clamat:

402 1232 431 1260 «
465 1210 571 1267 Cui
600 1209 735 1282 plus
762 1210 1171 1281 committitur,
1219 1212 1356 1284 plus
1386 1212 1464 1269 ab
1495 1229 1566 1269 eo
1597 1214 1850 1284 exigitur
1900 1214 2083 1307 (Luc:

398 1301 523 1371 XII).
572 1322 598 1349 ))

476 1387 639 1444 Unde
671 1387 719 1443 is
744 1387 849 1462 qui
874 1388 1133 1445 multum
1164 1390 1347 1446 habet
1374 1395 1431 1447 et
1460 1390 1607 1447 illud
1638 1392 1905 1464 Apostoli
1934 1391 2065 1447 dili-

402 1481 608 1545 genter
636 1477 940 1533 attendere
966 1478 1144 1534 debet
1200 1498 1211 1534 :
1254 1480 1421 1545 «Qui
1480 1480 1788 1549 gloriatur,
1835 1482 1895 1535 in
1955 1484 2065 1536 Do-

402 1564 568 1621 mino
598 1563 882 1634 glorietur
914 1568 967 1623 {I
992 1570 1129 1623 Cor.
1163 1572 1221 1635 1).
1270 1591 1295 1617 ››
1338 1570 1449 1634 Qui
1480 1586 1620 1625 vero
1649 1569 1848 1625 minus
1898 1585 2065 1625 acce-

400 1654 506 1728 pit,
534 1652 594 1710 id
619 1654 818 1727 ipsum
853 1656 1099 1712 minime
1130 1657 1311 1713 ducat
1342 1657 1770 1727 negligendum
1796 1677 1808 1727 ;
1859 1658 1963 1714 sed
1991 1660 2065 1716 de

2176 495 2228 546 te
2259 492 2269 545 l
2301 493 2487 559 (Psal.
2522 496 2684 565 xxx).
2722 518 2747 543 ››
2784 498 2844 549 Et
2873 495 3091 550 iterum
3127 511 3139 548 :
3170 515 3198 541 ‹‹
3231 492 3473 550 Auditui
3497 510 3636 552 meo
3664 494 3843 555 dabis

2176 580 2467 651 gaudium
2499 588 2555 639 et
2583 584 2871 653 Laetitiam,
2922 590 2979 640 et
3029 582 3417 639 exsultabunt
3464 601 3600 641 ossa
3636 584 3838 640 humi-

2173 670 2315 727 liata
2344 673 2589 743 (Psalm.
2622 676 2693 745 1.).
2742 697 2767 723 ››
2809 675 2991 745 Cujus
3030 672 3327 729 desiderio
3357 672 3695 739 delectatus,
3728 689 3832 729 no-

2175 761 2321 816 mini
2351 765 2454 817 tuo
2481 763 2808 829 credentes,
2842 764 2901 819 in
2928 763 3047 818 ﬁne
3073 762 3473 829 Psalmorum,
3501 763 3577 817 ad
3606 762 3835 835 perfec-

2174 849 2350 906 tionis
2380 851 2591 907 laudes
2622 869 2981 925 provocans,
3015 852 3097 908 ait
3126 870 3138 907 :
3174 876 3198 900 ‹‹
3234 849 3494 908 Laudate
3518 849 3842 907 Dominum

2173 940 2236 994 in
2270 940 2566 1012 cymbalis
2620 940 2772 997 bene
2832 941 3234 1008 sonantibus;
3293 939 3533 996 laudate
3591 956 3731 994 eum
3779 937 3842 993 in

2176 1029 2469 1101 cymbalis
2519 1030 2889 1101 jubilationis
2941 1032 3128 1098 (Psal.
3172 1032 3279 1093 CL).
3316 1053 3342 1078 »
3388 1032 3530 1085 Ecce
3558 1029 3840 1084 humanae

2176 1118 2383 1173 salutis
2411 1125 2672 1187 Amator,
2688 1120 2921 1187 generis
2951 1119 3140 1176 nOstri
3173 1122 3379 1175 Factor
3407 1124 3464 1175 et
3495 1121 3840 1192 Reparator,

2175 1208 2280 1279 qui
2311 1208 2490 1263 etiam
2522 1209 2820 1279 benignus
2852 1227 2916 1266 es
2962 1226 3142 1282 super
3199 1208 3466 1278 ingratos
3514 1212 3571 1263 et
3625 1206 3842 1273 malos,

2174 1314 2281 1371 per
2306 1315 2497 1370 parva
2527 1316 2596 1355 ac
2628 1300 2999 1355 insensibilia
3024 1299 3293 1372 cperaris
3325 1314 3688 1369 magna,nec
3719 1311 3843 1351 non

2176 1387 2491 1453 mirabilia,
2524 1393 2590 1444 ut
2619 1389 2894 1445 homines
2930 1390 3208 1445 cordatos
3266 1387 3682 1445 benedictione
3745 1389 3848 1441 tua

2176 1476 2401 1533 efﬁcias
2436 1484 2766 1551 coaptatos.
2804 1481 2967 1536 Hanc
2998 1481 3298 1552 siquidem
3326 1479 3432 1553 qui
3472 1493 3616 1534 aure
3643 1474 3846 1533 cordis

2175 1571 2571 1641 perceperint,
2602 1574 2659 1624 et
2687 1568 2747 1624 in
2779 1571 2912 1640 ejus
2937 1570 3324 1625 obauditione
3356 1585 3545 1642 usque
3571 1568 3633 1624 in
3660 1565 3849 1621 tinem

2176 1659 2705 1730 perseveraverint,
2740 1659 2985 1715 minime
3015 1659 3325 1731 pavebunt
3366 1659 3425 1714 in
3458 1658 3554 1714 die
3585 1653 3846 1713 novissi-

400 1760 473 1799 eo
503 1759 613 1817 pro
639 1761 816 1818 posse
846 1750 903 1801 et
946 1763 1121 1802 nosse
1176 1753 1424 1803 conetur
1476 1748 1783 1805 elaborare
1839 1748 2065 1821 aliquid
2104 1756 2147 1810 Β
2177 1763 2298 1815 mo,
2326 1763 2434 1803 nec
2491 1764 2667 1803 aures
2717 1764 2927 1803 eorum
2985 1749 3236 1804 tinnient
3287 1748 3365 1804 ab
3420 1747 3629 1803 auditu
3684 1742 3851 1800 malo

401 1832 568 1907 quod
602 1833 743 1891 utile
771 1836 860 1890 sit.
898 1839 959 1891 In
991 1853 1114 1909 quo
1159 1837 1326 1892 haud
1374 1838 1631 1906 segniter
1682 1838 2069 1911 exsequendo

401 1924 749 1996 quicunque
776 1924 980 1982 divino
1013 1927 1247 1982 muneri
1285 1928 1683 1984 reverentiam
1713 1928 2065 1993 exhibuerit,

401 2011 673 2068 debitum
703 2013 1027 2070 exactionis
1082 2016 1370 2087 persolvit
1420 2017 1754 2089 Scripturae,
1803 2035 1937 2089 quae
1983 2018 2070 2072 di-

403 2101 481 2157 cit
513 2119 525 2157 :
560 2123 587 2152 α
616 2105 831 2158 Vovete
858 2109 914 2159 et
938 2103 1164 2159 reddite
1198 2106 1450 2161 Domino
1476 2110 1595 2161 Deo
1624 2113 2068 2170 vestro,omnes

402 2190 505 2262 qui
536 2190 597 2245 in
628 2190 876 2247 circuitu
906 2193 1037 2263 ejus
1070 2194 1291 2248 ati‘ertis
1325 2211 1576 2249 munera
1610 2197 1793 2265 (Psal.
1820 2197 2015 2265 LXXV).
2038 2221 2063 2243 ›ι

406 2280 490 2334 Ex
517 2278 709 2349 ipsius
738 2282 961 2353 quippe
993 2281 1190 2350 donis,
1221 2283 1322 2355 qui
1358 2284 1622 2352 Largitor
1664 2289 1751 2339 est
1793 2286 2067 2340 omnium

403 2366 728 2434 bonorum,
759 2370 1125 2442 accepimus,
1154 2371 1202 2426 si
1228 2371 1375 2443 quid
1406 2372 1456 2427 ei
1484 2373 1578 2445 pie
1608 2373 1908 2446 digneque
1931 2374 2069 2430 affe-

403 2453 612 2521 rimus,
642 2456 736 2512 vel
765 2457 812 2512 si
842 2458 900 2514 in
933 2458 1136 2531 aliqua
1166 2476 1227 2515 re
1258 2466 1530 2516 votorum
1560 2468 1903 2517 nostrorum
1932 2463 2067 2518 red-

404 2543 694 2601 ditionem
753 2546 1057 2604 exsolvere
1110 2549 1461 2620 poterimus.
1515 2551 1659 2606 Hinc
1713 2556 1769 2607 et
1811 2552 2071 2607 Jacobus

403 2634 733 2706 apostolus,
800 2637 1154 2693 eorumdcm
1233 2640 1682 2710 processionem
1766 2642 2067 2697 donorum

404 2723 862 2790 commendans,
899 2724 979 2781 ait
1011 2742 1024 2780 :
1062 2749 1088 2775 «
1122 2729 1309 2782 Omne
1337 2728 1568 2784 donum
1599 2730 1919 2786 desursum
1957 2736 2065 2801 est,

402 2810 775 2868 descendens
801 2830 836 2868 a
865 2816 1029 2870 Patre
1059 2814 1355 2872 luminum
1387 2818 1536 2885 (Jac.
1569 2823 1627 2885 ι).
1676 2842 1701 2865 ››
1755 2820 1844 2874 Ad
1895 2820 2067 2890 cujus

403 2897 902 2957 illuminationem
931 2903 1243 2960 Psalmista
1283 2921 1393 2960 nos
1424 2907 1913 2980 appropinquare
1966 2926 2066 2965 ex-

402 2987 676 3043 hortatur
704 2988 909 3045 dicens
940 3008 952 3044 :
999 3015 1025 3040 ‹‹
1058 2993 1329 3049 Accedite
1366 2995 1439 3050 ad
1480 2996 1798 3053 Dominum
1844 3004 1901 3054 et
1943 2998 2070 3053 illu-

2177 1837 2367 1907 (Psal.
2402 1840 2502 1907 ui),
2534 1837 2782 1909 quando
2812 1838 3115 1901 inimicus,
3151 1837 3456 1893 exsultans
3481 1852 3664 1907 super
3695 1834 3850 1890 inte-

2178 1927 2290 1981 ritu
2339 1926 2685 1998 impiorum,
2746 1944 2806 1983 se
2856 1926 3185 1999 jactaverit.
3214 1925 3420 1981 dicens
3454 1944 3466 1979 :
3504 1948 3527 1972 ‹‹
3556 1921 3851 1978 Praevalui

2177 2017 2467 2071 adversus
2499 2034 2602 2072 eos
2635 2019 2821 2086 (Psal.
2851 2020 2972 2087 xu).
3009 2040 3035 2065 »
3070 2019 3112 2072 Ο
3142 2020 3282 2071 Jesu
3311 2016 3490 2079 bone,
3538 2013 3689 2084 quid
3737 2028 3854 2068 nos

2177 2110 2520 2177 peccatores
2552 2105 2631 2160 ibi
2663 2106 2874 2161 dicturi
2908 2123 3136 2172 sumus,
3172 2105 3273 2159 ubi
3304 2103 3399 2158 vix
3451 2102 3597 2173 justi
3647 2100 3851 2157 salva-

2174 2194 2400 2249 buntur
2431 2194 2458 2247 ?
2500 2198 2625 2249 Non
2651 2199 2738 2249 est
2768 2194 2939 2251 nobis
2968 2211 3104 2267 spes
3130 2194 3333 2258 altera,
3380 2191 3494 2245 nisi
3525 2205 3709 2262 quam
3742 2188 3851 2243 de-

2176 2283 2307 2338 ﬁnit
2334 2283 2426 2339 ille
2460 2288 2598 2339 tuus
2628 2285 2847 2340 electus
2878 2285 3215 2349 Psalmista,
3244 2281 3347 2354 qui
3370 2280 3478 2335 fuit
3501 2296 3604 2335 rex
3630 2282 3687 2333 et
3707 2294 3855 2350 pro-

2175 2372 2375 2445 pheta,
2410 2372 2543 2427 totis
2574 2373 2849 2427 medullis
2881 2372 2958 2427 ad
2991 2376 3042 2427 te
3061 2370 3377 2426 clamitans
3399 2367 3669 2424 cordism
3697 2367 3849 2438 Spes

2177 2480 2313 2519 mea
2350 2479 2413 2517 es
2446 2468 2545 2527 tu;
2578 2463 2771 2535 portio
2797 2480 2933 2517 mea
2964 2462 3022 2517 in
3068 2466 3221 2516 terra
3268 2457 3594 2515 viventium
3648 2456 3824 2527 (Psal

2177 2556 2345 2621 cxu).
2392 2576 2417 2599 ››
2461 2560 2653 2618 Quam
2686 2552 2745 2607 in
2796 2557 2895 2607 tuo
2939 2551 3203 2617 nomine,
3262 2549 3409 2604 dum
3465 2551 3703 2619 tempus
3759 2549 3854 2598 est

2175 2642 2617 2705 misericordim,
2653 2658 2688 2697 a
2722 2644 2889 2696 Patre
2918 2639 3344 2713 postulandam
3384 2636 3706 2693 didicimus
3737 2650 3852 2706 per

2177 2730 2586 2798 evangelicum
2618 2730 2975 2785 doctrinam.
3010 2730 3099 2785 Sic
3132 2728 3293 2783 enim
3323 2732 3566 2792 tuum,o
3596 2723 3853 2789 Veritas,

2176 2818 2357 2874 habet
2391 2818 2824 2888 Evangelium:
2888 2841 2915 2866 ‹‹
2969 2816 3305 2881 Ambulate,
3357 2814 3506 2869 dum
3553 2811 3681 2867 dies
3735 2814 3854 2875 est,

2178 2926 2251 2963 ne
2285 2907 2543 2963 tenebrae
2576 2924 2683 2963 vos
2714 2906 3250 2980 comprehendant.
3284 2908 3450 2960 .Dum
3488 2901 3692 2957 lumen
3734 2899 3858 2954 ha-

2182 2998 2353 3066 betis,
2383 2997 2600 3052 credite
2630 2996 2689 3052 in
2721 2997 2941 3067 lucem,
2992 3000 3057 3051 ut
3109 2995 3213 3050 tilii
3272 2992 3422 3049 lucis
3480 2990 3607 3046 sitis
3640 2990 3855 3061 (Joan.

402 3073 739 3144 minamini,
796 3083 850 3133 et
902 3078 1083 3135 facies
1162 3087 1371 3137 vestrm
1425 3100 1547 3139 non
1628 3086 2071 3142 confundentur
2108 3102 2151 3161 ο
2180 3088 2301 3157 xu).
2338 3109 2364 3133 ››
2410 3089 2473 3142 Et
2502 3084 2649 3140 illud
2679 3083 3079 3141 excusationis
3110 3084 3393 3138 humanae
3439 3077 3861 3136 exclusorium

403 3161 595 3233 (Psal.
626 3166 851 3237 xxxiii).
898 3188 925 3215 ››
968 3169 1108 3223 Vere
1135 3169 1213 3225 ad
1244 3186 1383 3226 eum
1410 3179 1791 3230 accesserunt
1813 3176 1917 3248 qui
1957 3176 2056 3231 do-

401 3266 482 3307 no
511 3251 667 3308 illius
694 3252 1033 3326 illuminati,
1089 3257 1487 3318 ecclesiastica
1540 3262 1711 3318 factis
1768 3270 1825 3321 et
1876 3266 2067 3322 verbis

401 3343 718 3399 tractando
753 3351 1152 3413 sacramenta,
1178 3348 1340 3404 illam
1370 3350 1537 3407 faciei
1569 3362 1913 3411 meruerunt
1941 3356 2066 3425 glo-

400 3429 554 3486 riam
583 3447 772 3504 quam
797 3432 928 3506 ipse
977 3434 1073 3490 Sol
1112 3436 1353 3507 justitiae
1408 3440 1635 3498 visione
1681 3460 1791 3499 sua
1837 3446 2070 3517 paravit

401 3518 599 3575 electis
631 3523 1078 3595 sempiternam.
1114 3525 1340 3583 Horum
1393 3530 1618 3604 quippe
1677 3535 1967 3607 exemplis
2014 3543 2071 3592 et

400 3608 693 3681 doctrina,
725 3612 871 3667 dum
904 3613 1161 3670 volvitur
1186 3617 1367 3688 hujus
1397 3622 1609 3677 mundi
1640 3626 2068 3694 rota,Cliristus

399 3703 639 3767 gratum
669 3699 731 3755 in
763 3702 887 3755 suis
920 3702 1239 3760 arboribus
1272 3707 1534 3764 inveniet
1553 3710 1831 3768 fructum.
1855 3716 2064 3783 Quem,

398 3788 542 3861 quia
569 3789 732 3845 velut
760 3789 983 3845 inutilis
1034 3794 1229 3867 stirps.
1281 3795 1342 3852 in
1390 3815 1525 3855 mea
1566 3801 1779 3859 arbore
1809 3820 1932 3860 non
1964 3806 2066 3861 ha-

397 3874 535 3948 beo,
567 3878 749 3934 timeo
778 3879 923 3935 mihi
953 3880 1124 3937 valde
1156 3899 1230 3940 ne
1272 3887 1719 3958 Paterfamilias,
1768 3894 2066 3951 sterilitate

399 3963 709 4054 pravitatis
734 3982 883 4021 meae
915 3968 1201 4037 offensus,
1235 3972 1395 4029 dicat
1430 3992 1442 4029 :
1474 3998 1517 4023 «ιι
1538 3979 1606 4034 Ut
1634 3979 1783 4051 quid
1812 3989 2069 4054 occupat

400 4055 622 4108 terram
643 4052 672 4107 ‘I
701 4054 993 4111 Succidite
1024 4073 1161 4113 eum
1194 4066 1251 4115 et
1278 4062 1488 4118 mittite
1541 4065 1600 4121 in
1645 4067 1848 4135 ignem
1894 4052 2062 4139 (Luc.

400 4140 548 4211 xm).
589 4163 619 4191 »
663 4143 850 4207 Quem
892 4146 1163 4217 reprobis
1196 4150 1528 4208 terribiliter
1570 4162 1871 4227 paratum,
1923 4166 1979 4216 et
2031 4179 2066 4217 a

398 4234 659 4303 peccatis
686 4233 857 4301 meis,
887 4236 1040 4306 proh
1071 4237 1280 4294 dolor!
1317 4257 1476 4314 saepe
1509 4253 1949 4317 comparatum,
2008 4258 2067 4308 ut

398 4319 661 4390 effugere
689 4323 1104 4394 possim,inter
1119 4326 1335 4384 ﬂuctus
1362 4333 1790 4400 cogitationum
1813 4345 2064 4397 aestuan-

2176 3175 2625 3245 diligentissime
2656 3174 3111 3243 atteudendum,
3162 3188 3272 3228 nec
3314 3186 3438 3226 non
3487 3166 3712 3225 intimis
3747 3183 3860 3221 su-

2175 3266 2369 3338 spiriis
2402 3264 2797 3321 adnitendum
2831 3281 2842 3320 :
2881 3286 2906 3312 ‹‹
2942 3262 3357 3334 Quodcunque
3404 3257 3689 3332 petieritis
3745 3259 3862 3312 Pa-

2177 3360 2326 3412 trem
2359 3356 2416 3409 in
2444 3354 2688 3410 nomine
2738 3370 2895 3422 meo,
2946 3353 3113 3408 dabit
3174 3351 3341 3407 vobis
3399 3348 3640 3420 (Matth.
3699 3362 3857 3411 xxr;

2173 3448 2351 3501 Joan.
2381 3449 2499 3511 xv).
2546 3468 2572 3492 ››
2616 3443 2872 3499 Petimus
2900 3458 3042 3512 ergo
3086 3441 3166 3497 ad
3214 3446 3267 3496 te
3320 3436 3615 3501 conversi,
3673 3438 3861 3491 Pater

2178 3536 2412 3590 Domini
2438 3534 2624 3592 nostri
2647 3537 2784 3589 Jesu
2817 3533 3051 3602 Christi,
3084 3536 3147 3588 ut
3175 3532 3238 3587 in
3283 3529 3528 3586 nomine
3568 3526 3858 3599 ejusdem

2177 3625 2468 3693 Unigeniti
2501 3624 2603 3689 tui,
2639 3625 2811 3693 cujus
2856 3622 3159 3677 charitatis
3207 3620 3419 3676 beatus
3468 3621 3855 3673 Emmeram-

2174 3729 2311 3767 mus
2343 3718 2571 3784 martyr
2604 3717 2738 3765 tuus
2766 3710 3027 3766 imitator
3056 3708 3273 3765 exstitit
3302 3705 3643 3776 singularis,
3693 3702 3854 3758 inef-

2175 3802 2339 3857 fabili
2370 3806 2427 3856 et
2472 3801 2645 3856 solita
2697 3800 2854 3856 circa
2908 3804 3251 3872 peccatores
3306 3812 3451 3851 usus
3504 3792 3849 3859 clementia,

2176 3889 2597 3945 confitentibus
2624 3894 2679 3944 et
2709 3887 2995 3943 confessis
3025 3886 3290 3941 dimittas
3320 3883 3688 3956 impietatem
3721 3896 3853 3935 cor-

2174 3979 2287 4045 dis,
2313 3996 2382 4034 ac
2408 3978 2691 4034 infundas
2723 3976 3068 4033 unctionem
3102 3981 3215 4031 tute
3260 3972 3577 4029 uberrimae
3626 3986 3849 4026 conso-

2173 4068 2433 4135 lationis,
2464 4084 2571 4123 nec
2600 4083 2721 4122 non
2755 4067 3077 4121 contirmes
3104 4065 3163 4120 in
3193 4063 3370 4119 nobis
3405 4078 3590 4135 opera
3620 4058 3848 4116 divinae

2174 4158 2594 4225 miserationis,
2622 4161 2684 4212 ut
2714 4156 2881 4229 quod
2924 4156 2983 4211 in
3038 4156 3151 4210 hoc
3193 4152 3415 4209 saeculo
3446 4150 3618 4207 dulce
3650 4166 3718 4204 ac
3746 4149 3852 4204 de-

2173 4247 2443 4303 lectabile
2472 4245 2721 4313 videtur,
2757 4245 2983 4301 timoris
3016 4244 3099 4300 tui
3124 4242 3452 4299 reverenda
3504 4238 3851 4296 considera-

2176 4340 2332 4393 tione
2363 4342 2715 4405 amarescat,
2749 4341 2806 4391 et
2833 4336 2999 4409 quod
3038 4350 3315 4390 amarum
3365 4330 3697 4389 dilectionis
3727 4333 3847 4385 tua:

398 4408 722 4466 tioccurrit
750 4412 973 4481 animo,
1008 4415 1122 4470 hoc
1175 4418 1471 4490 optimum
1529 4421 1653 4479 fore
1704 4428 2060 4497 remedium,
2097 4450 2146 4517 υ
2179 4426 2535 4482 suavissima
2570 4408 2977 4497 speculatione
3026 4424 3348 4479 dulcescat.
3408 4422 3641 4494 Sicque,
3692 4419 3848 4475 dum

397 4515 521 4572 quo
550 4516 673 4555 non
700 4518 932 4558 cessem
961 4519 1227 4576 quaerere
1258 4510 1540 4581 praesidia
1571 4519 1936 4586 sanctorum,
1972 4537 2061 4576 se-

398 4587 543 4682 dulo
571 4589 853 4682 laudibus
874 4593 1223 4652 inhaerendo
1253 4613 1482 4667 eorum,
1534 4606 1599 4657 ut
1643 4609 1698 4660 et
1746 4605 1858 4678 ipsi
1898 4610 2064 4682 apud

397 4677 1029 4736 misericordissimum
1060 4686 1383 4743 Dominum
1413 4689 1735 4760 dignentur
1771 4677 2063 4755 mihi-ve-

398 4764 566 4821 niam
592 4767 912 4840 impetrare
943 4772 1319 4833 delictorum.

474 4853 589 4948 sed
618 4856 886 4948 fortassis
914 4858 1057 4916 dicit
1081 4861 1297 4936 aliquis
1350 4883 1363 4921 :
1417 4868 1570 4933 Quid
1597 4872 1675 4926 ad
1706 4876 1762 4928 te
1794 4874 1822 4928 ?
1877 4878 2068 4948 potuit

399 4944 715 5016 euphoniae
747 4946 947 5004 ofﬁcio
981 4966 1174 5024 usque
1204 4954 1265 5007 in
1296 4953 1456 5011 diem
1478 4961 1535 5013 et
1556 4957 1769 5017 horam
1794 4944 1916 5035 qua
1948 4969 2066 5023 Deo

399 5031 596 5090 dilecti
624 5037 910 5110 martyris
952 5056 1105 5095 casae
1160 5043 1499 5101 restitutum
1558 5050 1667 5105 etsi
1720 5031 2065 5111 insensibile

397 5124 787 5194 praesentiam
818 5128 1053 5184 Domini
1084 5130 1176 5187 sui
1208 5133 1489 5190 sensibus
1516 5136 1798 5195 humanis
1839 5160 1899 5197 se
1932 5161 2065 5199 sen-

401 5209 507 5267 tire
536 5213 771 5281 indidit,
801 5231 872 5272 ac
898 5214 1149 5275 dulciter
1180 5222 1383 5280 univit.

472 5300 614 5355 Vere
648 5308 768 5371 tua,
804 5306 1049 5379 Christe,
1072 5308 1201 5366 haec
1245 5318 1383 5370 sunt
1409 5331 1609 5392 opera,
1658 5319 1763 5391 qui
1809 5322 2066 5378 crederis

403 5387 549 5482 etes
582 5392 783 5482 aeterni
812 5396 996 5451 Patris
1026 5400 1348 5471 Sapientia.
1381 5404 1485 5459 Cui
1518 5387 1705 5463 David
1752 5411 1930 5465 corde
1965 5412 2065 5482 ju-

403 5470 600 5528 bilans
630 5476 852 5537 clamat
882 5502 895 5538 :
933 5506 960 5533 ‹‹
995 5470 1186 5551 Quam
1228 5507 1452 5563 magna
1497 5497 1819 5555 multitudo
1862 5470 2064 5557 dulce-

2176 4517 2302 4589 ipse
2334 4516 2586 4571 volvitur
2615 4514 2906 4581 mundus,
2941 4530 2976 4569 a
3004 4513 3181 4586 lapsu
3225 4518 3283 4570 et
3328 4528 3533 4569 amore
3562 4514 3847 4584 peccato—

2176 4623 2330 4671 rum,
2366 4611 2417 4661 te
2442 4605 2850 4669 resuscitante,
2883 4620 3225 4675 surgamus,
3259 4619 3333 4658 ne
3362 4602 3421 4657 in
3447 4600 3566 4657 ﬁne
3599 4598 3844 4655 saeculo-

2176 4714 2333 4763 rum,
2363 4714 2501 4752 cum
2528 4712 2739 4752 omnes
2762 4695 3035 4752 homines
3066 4694 3499 4751 resurrexerint
3546 4708 3686 4747 cum
3717 4707 3845 4746 cor-

2175 4786 2446 4860 poribus,
2480 4786 2541 4841 in
2572 4791 2861 4842 aeternum
2913 4784 3360 4841 confundamur
3391 4799 3460 4840 ac
3491 4780 3845 4855 puniamur.

2178 4878 2290 4933 Sed
2323 4877 2572 4950 emptitii
2604 4880 2750 4933 servi
2782 4894 2943 4932 nunc
2975 4894 3113 4933 cum
3146 4875 3484 4939 eollibertis,
3518 4871 3706 4943 gratia
3739 4875 3849 4925 tua

2175 4966 2341 5034 digni
2385 4966 2577 5023 effecti
2622 4971 2762 5022 tunc
2794 4967 2973 5022 etiam
3025 4966 3143 5021 tuis
3174 4981 3313 5020 cum
3343 4962 3551 5019 amicis
3606 4976 3851 5033 semper

2175 5057 2476 5112 mansuris
2501 5057 2767 5129 deputati
2799 5057 3055 5127 gaudiis,
3086 5055 3281 5110 securi
3310 5053 3621 5108 videamus
3650 5051 3851 5106 Domi-

2174 5163 2323 5202 num
2351 5149 2552 5201 Jesum
2583 5146 2789 5201 Filium
2822 5151 2992 5202 tuum
3008 5145 3390 5200 liberatorem
3412 5147 3469 5198 et
3488 5141 3847 5213 episcopum

2175 5237 2521 5291 animarum
2548 5240 2604 5290 et
2647 5252 2968 5307 corporum
3022 5238 3387 5301 nostrorum,
3435 5228 3707 5302 judicem
3758 5230 3852 5300 ju-

2175 5330 2333 5379 stum
2394 5324 2667 5380 vivorum
2725 5330 2782 5378 et
2837 5328 3235 5390 mortuorum,
3291 5325 3489 5376 tecum
3541 5318 3848 5374 viventem

2174 5411 2445 5484 atquein
2478 5411 2701 5467 unitate
2752 5411 3002 5483 Spiritus
3063 5410 3255 5466 sancti
3310 5413 3689 5478 regnantem,
3743 5424 3850 5481 per

2174 5499 2539 5557 immortalia
2571 5500 2792 5556 saecula
2824 5500 3204 5556 saeculorum.
3224 5505 3434 5555 Amen.
3467 5498 3532 5553 ⁸³.

1787 5652 2019 5711 νΑιιιΑΞ
2060 5652 2460 5712 LECTIONES.

479 5722 526 5756 "
573 5728 705 5789 νεά.
729 5744 871 5803 pag.
908 5751 1031 5810 seq.
