3968 6420
113 310 253 365 1021

909 318 996 370 DE
1047 318 1419 375 MIRACULIS
1462 319 1516 375 S.
1562 320 1976 376 EMMERAMMI
2018 320 2199 375 LIBRI
2243 324 2403 378 DUO.
2434 352 2503 365 ο·-
2542 324 2673 379 LIB.
2718 321 2782 378 II.

3423 330 3560 386 1022

118 440 3550 472 _____________—_______—____________

1305 612 1715 697 INCIPIT
1820 611 2159 699 LIBER
2258 616 2371 700 ΙΙ.

874 808 961 859 DE
1004 809 1321 863 MEMORIA
1366 812 1566 864 BEATI
1612 813 2025 867 EMMERAMMI
2068 815 2151 867 ET
2202 815 2365 869 EJUS
2406 816 2798 871 CULTOHUM.

184 993 480 1048 Humanis
510 995 690 1050 rebus
726 1004 1003 1070 exempto
1034 1001 1155 1068 (an.
1190 1005 1333 1073 972),

99 1082 246 1136 libri
291 1083 503 1154 prioris
530 1086 979 1158 descripsimus,
1036 1091 1354 1147 Miclialiele
1408 1095 1779 1166 Reginopoli-

99 1175 256 1226 tano
292 1173 599 1245 episcopo,
634 1177 889 1248 qualiter
924 1179 1021 1233 Dei
1081 1180 1505 1253 omnipotentis
1559 1185 1779 1239 miseri-

98 1262 320 1317 cordia
353 1280 532 1335 super
562 1265 744 1336 hujus
784 1268 1047 1324 ecclesite
1098 1271 1319 1327 elerum
1371 1278 1425 1328 et
1484 1276 1777 1346 populum

94 1349 462 1419 vigilaverit,
498 1370 755 1424 quemve
790 1357 1065 1430 princeps
1112 1365 1421 1431 pastorum
1485 1363 1606 1418 suis
1659 1364 1777 1419 ovi-

96 1439 220 1491 bus
256 1456 495 1510 preesse
536 1444 806 1509 voluerit,
836 1463 1139 1519 quemque
1174 1451 1251 1504 ad
1282 1452 1644 1521 pastoralem
1678 1470 1775 1507 cu-

96 1544 237 1582 ram
269 1529 329 1583 in
362 1538 586 1586 secreto
621 1550 751 1600 suo,
788 1535 883 1589 cui
926 1552 1105 1591 omne
1156 1556 1258 1593 cor
1286 1545 1467 1610 patet,
1516 1541 1770 1606 elegerit,

96 1619 534 1673 occasionibus
570 1622 919 1691 hujusmodi
972 1628 1265 1698 patefecit.
1335 1633 1464 1684 Erat
1521 1631 1770 1701 quidam

94 1706 191 1759 vir
228 1724 445 1769 genere
476 1709 791 1777 ingenuus,
820 1714 1029 1769 virtute
1055 1721 1349 1781 strenuus,
1378 1719 1616 1773 natione.
1644 1719 1772 1773 Ala-

98 1813 390 1863 mannus,
427 1800 669 1855 nomine
698 1803 945 1873 quidem
982 1804 1398 1875 \R’olfganaus,
1427 1808 1618 1877 cujus,
1646 1810 1769 1880 ipse

96 1884 654 1959 interpretationem
702 1892 977 1946 vocabuli
1035 1893 1091 1947 in
1144 1897 1413 1966 quodam
1472 1898 1604 1951 loco
1669 1901 1769 1953 Lu-

95 1975 632 2047 pambulusjussit
664 1980 926 2035 inscribi.
964 1983 1012 2035 Is
1038 1984 1297 2054 primum
1334 1986 1481 2039 inter
1522 1988 1765 2043 canoni-

98 2081 208 2119 cos
235 2066 359 2120 sive
382 2067 625 2123 clericos
658 2070 1023 2127 laudabilem
1053 2079 1107 2127 et
1137 2080 1361 2129 castam
1404 2076 1655 2132 duxerat
1697 2080 1769 2133 vi-

100 2153 400 2219 tam,dein
436 2159 751 2213 artioribus
786 2162 1004 2229 regulis
1029 2164 1297 2235 inplicari
1329 2166 1763 2227 desiderans,in

98 2242 322 2299 Suevia
383 2248 543 2318 apud
598 2249 947 2315 eernobitas,
1012 2253 1112 2323 qui
1166 2255 1417 2310 Solitarii
1478 2262 1766 2312 vocantur

1396 1012 1459 1059 ut
1508 1005 1569 1059 in
1625 1006 1784 1061 calce
1825 1013 1869 1062 A
1903 1006 2006 1061 sed
2064 1008 2336 1063 stabilem
2381 1024 2536 1062 verte
2590 1006 2727 1061 ﬁdei
2786 1006 3203 1062 domesticum.
3258 1005 3421 1062 Unde
3494 1009 3552 1062 et

1826 1096 1829 1097 ⁷
1891 1097 2191 1167 quosdam
2222 1098 2294 1151 de
2325 1097 2448 1150 suis
2512 1095 2875 1151 familiariter
2930 1111 3041 1167 pro
3094 1112 3164 1149 eo
3209 1095 3549 1167 alloquitur,

1890 1184 2095 1237 dicens
2131 1204 2141 1239 :
2176 1187 2222 1239 0
2250 1202 2427 1254 quam
2458 1186 2613 1253 felix
2653 1186 2919 1253 ecclesia,
2972 1199 3102 1253 quae
3151 1185 3268 1239 Deo
3320 1186 3552 1240 volente

1888 1275 1998 1327 isto
2026 1276 2351 1330 donaln'tur
2380 1276 2706 1329 sacerdote.
2740 1275 2905 1343 Ergo
2936 1276 3331 1329 necessarium
3374 1275 3551 1330 valde

1891 1365 2367 1418 vir/ctm'mi/iiet
2401 1366 2564 1427 utile,
2604 1369 2667 1417 ut
2702 1364 2842 1418 huic
2895 1364 3132 1432 famulo
3186 1364 3297 1417 Dei
3344 1368 3547 1431 petam

1888 1456 2145 1521 regimen
2182 1454 2628 1509 Batisbonensis
2660 1454 2943 1521 episcopii
2957 1464 2976 1517 ,°
3004 1454 3147 1523 quia
3175 1454 3395 1521 optime
3413 1468 3546 1507 con.

1888 1546 2064 1611 venit,
2096 1544 2574 1597 sicubiabundat
2605 1544 2755 1597 bona
2781 1544 3079 1603 voluntas,
3110 1547 3175 1596 ut
3206 1556 3333 1597 eam
3364 1542 3542 1597 etiam

1884 1634 1963 1683 ad
1996 1633 2145 1685 bona
2180 1649 2358 1701 opera
2385 1633 2705 1700 procedere
2734 1632 2925 1700 faciat
2982 1631 3124 1687 bene
3172 1631 3398 1685 collata
3443 1631 3543 1699 fa-

1883 1723 2097 1776 cultas.
2138 1723 2363 1775 Bonum
2394 1724 2627 1792 quippe,
2662 1722 2821 1791 quod
2853 1722 2948 1776 hic
2980 1722 3072 1775 vir
3101 1721 3397 1775 seminare
3452 1734 3546 1775 ro-

1886 1810 1995 1862 luit
2024 1812 2080 1863 in
2104 1810 2337 1878 paratis
2362 1811 2406 1843 3"
2438 1810 2713 1865 cordibus
2738 1825 3115 1879 paganorum
3144 1809 3224 1863 ad
3254 1809 3301 1841 ²⁶
3326 1808 3541 1863 salutis

1881 1898 2238 1968 obsequium,
2270 1899 2429 1969 quod
2460 1900 2681 1966 repulit
2715 1900 2946 1952 czec'itas
2980 1898 3243 1962 illorum,
3273 1897 3541 1966 quando-

1879 2003 1989 2057 quc
2017 1990 2295 2056 fortassis
2330 1988 2453 2055 hoc,
2490 1989 2685 2042 eodem
2708 2002 2921 2057 agrum
2960 1987 3321 2041 dominicum
3373 2000 3541 2041 exco-

1882 2076 2054 2145 lente,
2086 2076 2248 2131 dabit
2280 2078 2549 2145 fructum
2578 2092 2748 2130 suum
2782 2077 2841 2130 in
2899 2076 3139 2143 populis
3186 2075 3541 2129 christiano-

1878 2184 2030 2220 runi.
2064 2166 2147 2220 Ad
2172 2167 2296 2220 haec.
2328 2166 2576 2237 quidam
2611 2165 3041 2236 respondentes
3067 2164 3345 2218 dixerunt
3377 2181 3390 2217 :
3426 2164 3541 2231 Qui

1873 2260 2010 2325 fieri
2032 2265 2245 2325 potest,
2273 2266 2331 2309 ut
2366 2260 2473 2311 iste
2492 2272 2727 2325 pauper
2751 2262 2803 2310 et
2838 2257 3074 2325 ignotus
3119 2255 3199 2309 ad
3256 2255 3537 2310 honorem

93 2332 330 2403 (81-88),
366 2339 733 2393 monachum
766 2342 1075 2411 professus
1106 2348 1210 2398 est.
1248 2348 1431 2409 Quem
1468 2365 1603 2401 cum
1642 2364 1763 2402 non
1805 2362 1843 2414 Β
1876 2347 2118 2400 accedat
2145 2349 2299 2401 tanti
2346 2348 2740 2414 episcopatus,
2780 2360 2911 2398 cum
2959 2346 3093 2412 jam
3152 2344 3373 2414 aliqua?
3425 2344 3541 2398 alti

93 2421 294 2476 solum
332 2424 555 2482 fortiter
586 2429 738 2481 Vitiis
768 2431 1061 2499 resistere,
1097 2430 1196 2485 sed
1228 2434 1405 2488 etiam
1448 2437 1760 2491 virtutibus

90 2511 495 2569 assuefaceret
580 2516 761 2571 libere
848 2519 1134 2585 insistere,
1188 2528 1382 2577 acrius
1444 2526 1758 2581 intendens

90 2594 286 2654 aciem
346 2606 562 2659 mentis
614 2606 673 2660 in
727 2608 1039 2678 speculum
1096 2613 1349 2677 geminae
1406 2615 1756 2677 dilectionis,

88 2691 414 2748 videbatur
442 2694 549 2749 sibi
586 2714 719 2751 cum
764 2699 979 2771 simplo
1012 2706 1067 2755 et
1120 2704 1478 2760 abscondito
1538 2708 1758 2763 talento

82 2780 263 2851 quasi
296 2799 524 2837 vacuus
553 2802 842 2857 apparere
890 2789 949 2841 in
998 2798 1319 2861 conspectu
1369 2795 1615 2851 Domini.
1648 2796 1759 2849 nisi

86 2886 160 2921 eo
191 2872 462 2942 exposito
486 2877 540 2927 et
571 2873 876 2945 duplicato
911 2878 1163 2933 aliorum
1195 2898 1437 2952 quoque
1483 2884 1756 2938 consule-

88 2961 175 3011 ret
210 2960 404 3014 saluti.
442 2964 621 3031 tlujns
649 2963 730 3017 rei
757 2965 946 3031 gratia
982 2971 1411 3025 monasterium
1442 2976 1495 3026 et
1542 2990 1659 3027 non
1710 2975 1755 3007 3‘

92 3047 461 3103 monachum
505 3050 804 3113 deserens,
868 3052 1054 3109 immo
1116 3059 1445 3113 ςσξτριιηὼηι]
1509 3066 1760 3133 Aposto-

91 3134 217 3189 lum
244 3140 351 3205 (89)
383 3140 615 3209 majora
647 3143 915 3198 aemulari
961 3146 1279 3203 carismata
1326 3152 1594 3222 cupiens,
1653 3170 1757 3225 per

92 3225 512 3283 Alamanniam
546 3230 783 3286 devenit
822 3235 959 3288 exul
988 3235 1043 3289 in
1094 3239 1392 3294 Noricum.
1441 3242 1525 3295 Ad
1587 3245 1756 3313 cujus

90 3314 442 3371 orientalem
476 3324 707 3387 partem
743 3339 881 3376 cum
920 3324 1129 3380 humili
1186 3330 1471 3384 comitatu
1528 3337 1756 3403 perten-

89 3404 261 3474 dens,
288 3406 635 3475 predicandi
668 3412 855 3479 gratia
894 3416 1209 3471 Pannonia!
1258 3420 1417 3490 petiit
1472 3425 1749 3477 conﬁnia.

95 3496 132 3547 Ε
164 3510 283 3564 qua
310 3512 416 3567 per
443 3498 789 3568 Piligrinum
817 3506 1091 3559 Patavien
1104 3524 1224 3560 sem
1248 3510 1596 3581 episcOpiun
1619 3530 1751 3565 evo-

90 3588 280 3643 catus,
316 3586 449 3655 pia),
480 3588 776 3656 utdecuit,
812 3592 1199 3648 humanitatis
1254 3598 1329 3649 ab
1381 3615 1449 3651 eo
1506 3601 1750 3671 suscipi-

1872 2436 2182 2504 sanguinis
2204 2452 2473 2503 persona?
2501 2435 2659 2489 hunc
2682 2434 2847 2502 apud
2866 2434 3280 2501 imperatorem
3306 2433 3536 2500 prediis

1871 2530 1923 2580 et
1952 2527 2206 2593 pecunia
2239 2529 2681 2593 compensantes
2708 2524 2824 2577 sibi
2851 2523 3270 2590 temptaverint
3336 2522 3535 2590 acqui-

1872 2630 2004 2669 rere
2023 2618 2049 2667 ?
2077 2614 2304 2676 Quibus
2338 2613 2429 2667 ille
2456 2614 2629 2666 refert
2660 2612 2844 2665 verba
2872 2611 3235 2681 ponderosa,
3271 2609 3373 2663 sed
3406 2624 3529 2664 non

1870 2704 2021 2757 adeo
2054 2718 2296 2756 morosa
2332 2719 2343 2754 ε
2385 2704 2597 2755 Divina
2628 2706 2681 2755 et
2740 2702 3003 2754 liuinana
3052 2699 3226 2752 valde
3267 2699 3425 2751 inter
3474 2711 3534 2753 se

1866 2792 2207 2859 probantur
2240 2792 2465 2845 distare
2468 2790 2724 2857 judicia.
2752 2789 2909 2841 Hinc
2936 2791 3239 2841 scrutator
3262 2785 3531 2840 cordium

1869 2887 1921 2935 et
1954 2896 2160 2934 renum
2195 2880 2268 2933 ab
2292 2881 2457 2933 initio
2488 2878 2701 2932 mundi
2728 2877 2904 2945 elegit
2926 2874 3396 2942 contemptibilia
3424 2888 3531 2929 nec

1868 2984 1985 3022 mn
2022 2968 2328 3035 ignobilia,
2353 2974 2412 3021 ut
2442 2967 2833 3035 confunderet
2861 2966 3051 3032 fortia
3078 2962 3228 3031 (9t);
3257 2968 3309 3017 et
3342 2977 3373 3016 e
3396 2976 3529 3016 eon-

1870 3060 2058 3112 trario
2090 3060 2347 3111 muni/us
2380 3057 2539 3126 quod
2568 3071 2737 3109 suum
2772 3060 2852 3107 est
2904 3051 3154 3120 superbe
3194 3052 3274 3105 ad
3319 3051 3529 3105 horam

1868 3150 2120 3213 extollit,
2147 3164 2216 3202 ac
2246 3150 2305 3201 in
2343 3146 2506 3201 brevi
2532 3162 2660 3200 cum
2698 3145 3044 3213 confusione
3060 3141 3334 3195 distollit.
3368 3140 3530 3196 Unde

1867 3257 2058 3309 operte
2089 3240 2351 3308 precimn
2386 3253 2606 3295 censeo.
2636 3252 2748 3306 quo
2775 3236 3007 3289 mittam
3065 3230 3147 3287 ad
3200 3232 3527 3287 marchico-

1865 3333 2085 3399 mitem,
2111 3332 2281 3395 cujus
2311 3329 2557 3383 consilio
2590 3327 2779 3380 multa
2816 3326 2961 3379 solet
3018 3325 3221 3391 facere
3276 3323 3529 3389 impera-

1867 3425 1978 3481 tor,
2014 3424 2075 3471 ut
2110 3423 2391 3487 suggerat
2426 3418 2498 3477 ei,
2534 3431 2604 3470 ne
2622 3431 2733 3482 per
2771 3413 3150 3468 ambitionem
3204 3415 3308 3465 aut
3357 3410 3527 3465 simo-

1864 3511 2097 3562 niacam
2133 3508 2379 3561 heresim
2410 3519 2761 3575 quemquam.
2785 3500 3177 3569 epis'cOpalem
3229 3500 3389 3552 sinat
3432 3512 3526 3553 ac-

1863 3599 2057 3665 cipere
2088 3598 2438 3662 dignitatem
2466 3608 2489 3664 ;
2519 3593 2620 3647 sed
2642 3592 2710 3644 ob
2749 3596 3032 3644 :eternam
3089 3588 3522 3641 remuneratio-

88 3678 185 3727 tur
212 3679 265 3727 et
291 3674 515 3729 fovetur
538 3677 753 3733 ofﬁcio.
800 3682 975 3751 Apud
1032 3700 1211 3754 quem
1270 3686 1446 3739 etiam
1506 3695 1751 3757 rogatus
1790 3709 1833 3763 ο
1864 3701 2200 3755 ncm,qucm
2238 3685 2516 3738 humilem
2548 3686 2600 3735 et
2632 3680 2955 3734 modestum
2998 3692 3070 3731 ac
3106 3673 3407 3730 eruditum
3437 3675 3522 3730 in-

91 3762 369 3831 etjussus
416 3766 635 3820 mansit
690 3767 917 3839 aliquot
971 3770 1229 3832 diebus:
1290 3775 1401 3828 hoc
1455 3777 1605 3831 inter
1654 3796 1748 3831 cc-

93 3854 215 3905 tera
242 3852 521 3924 prudenti
553 3871 755 3909 secum
786 3861 1045 3913 tractans
1096 3866 1313 3927 mente,
1361 3881 1545 3934 quare
1608 3883 1745 3937 pro-

88 3936 308 3996 hibitus
336 3943 407 3997 sit
437 3943 514 3998 ab
546 3945 906 4002 adducenda
939 3949 1015 4003 ad
1054 3950 1237 4005 Deum
1295 3936 1746 4011 Pannoniorum

92 4033 280 4098 gente.

163 4213 280 4273 Quo
312 4214 802 4269 commorationis
836 4220 1098 4289 tempore
1120 4218 1276 4274 idem
1300 4222 1617 4295 cpiscopus
1640 4239 1743 4295 op-

92 4300 225 4354 time
261 4317 423 4372 usus,
458 4308 660 4375 utpote
693 4306 795 4377 qui
828 4312 952 4361 erat
982 4309 1252 4381 adprime
1284 4313 1549 4367 eruditus
1574 4318 1627 4367 et
1651 4330 1744 4383 ge-

90 4406 224 4443 nere
257 4388 682 4459 nobiltssimus,
716 4395 887 4465 juxta
920 4396 1032 4452 hoc
1055 4398 1220 4470 quod
1262 4404 1577 4473 Apostolus
1604 4403 1743 4457 dicit

91 4478 220 4549 (90).
256 4480 513 4535 l’robale
543 4484 791 4550 spiritus
818 4486 867 4539 si
894 4502 967 4541 ex
1002 4488 1116 4542 Deo
1151 4495 1309 4559 sunt,
1371 4486 1743 4547 clandestina

92 4572 145 4621 et
170 4566 480 4624 manifesta
510 4570 694 4625 divini
753 4574 971 4629 servitii
1029 4577 1444 4633 observatione
1499 4582 1745 4636 assidua

94 4674 268 4713 sacrae
306 4658 620 4728 Scripturaa
654 4661 1018 4729 indigatione
1053 4667 1191 4720 satis
1226 4668 1519 4739 probavit.
1582 4671 1740 4725 hunc

91 4761 267 4818 quem
290 4752 632 4817 susceperat
648 4751 1033 4822 peregrinum
1048 4770 1169 4809 non
1188 4774 1313 4810 esse
1340 4774 1738 4827 gyrovagum,

1862 3776 2085 3829 venerit
2120 3789 2223 3827 nec
2251 3789 2367 3827 non
2393 3771 2608 3839 ofﬁciis
2667 3766 3077 3823 ecclesiasticis
3136 3769 3343 3831 aptum
3401 3777 3522 3818 esse

1852 3864 2222 3933 probaverit,
2255 3863 2435 3927 hunc,
2464 3862 2889 3928 cujuscumque
2928 3856 3000 3910 sit
3042 3852 3397 3909 conditionis
3431 3853 3522 3908 vel

1853 3954 2203 4023 parenteta’,
2234 3949 2577 4020 promoveri
2619 3948 2810 4016 faciat
2844 3946 2923 4001 ad
2970 3942 3205 3999 culmen
3237 3942 3517 3997 ecclesite.

1859 4043 1967 4108 Qui
2040 4042 2269 4115 plura?
2330 4044 2433 4094 Per
2487 4038 2847 4105 legationem
2908 4032 3172 4106 episcopi
3249 4047 3319 4087 ac
3388 4045 3524 4099 sug-

1858 4132 2186 4201 gestionem
2240 4127 2561 4185 consiliarii
2605 4142 2774 4182 cesar
2822 4140 2945 4179 suae
3004 4126 3060 4178 et
3108 4120 3519 4177 ecclesiasticae

1856 4222 2119 4277 utilitatis
2153 4220 2521 4277 admonitus,
2555 4216 2763 4284 immo,
2792 4214 2955 4286 quod
2987 4211 3180 4267 verius
3206 4213 3311 4273 est,
3369 4213 3519 4263 nutu

1856 4312 1978 4380 Dei,
2013 4312 2182 4379 cujus
2216 4310 2271 4364 in
2298 4325 2481 4363 manu
2510 4323 2610 4361 cor
2635 4303 2812 4373 regis,
2836 4301 3113 4375 princeps
3133 4300 3333 4355 bonus
3362 4299 3517 4352 Otto-

1856 4399 2155 4454 secundus
2188 4398 2392 4452 animo
2439 4398 2725 4457 mutatus,
2760 4406 2992 4452 omnes,
3026 4389 3130 4460 qui
3161 4402 3270 4458 pro
3300 4384 3515 4440 eodem

1854 4489 2203 4560 episcopatu
2236 4483 2627 4557 adipiscendo
2656 4480 3039 4541 laborabant,
3067 4475 3294 4539 avertit,
3344 4477 3401 4528 et
3452 4488 3513 4528 se

1855 4584 2043 4632 totum
2073 4577 2147 4631 ad
2168 4574 2516 4629 electionem
2534 4566 2865 4625 venerandi
2888 4566 2997 4620 viri
3018 4562 3351 4632 Wolfgangi
3374 4576 3513 4617 con-

1853 4668 2040 4732 vertit,
2073 4664 2274 4735 sicque
2298 4662 2524 4729 legatos
2554 4664 2687 4732 post
2713 4672 2849 4713 eum
2880 4654 3141 4710 celeriter
3175 4653 3365 4706 mittit.

1927 4756 2125 4821 Quiut
2149 4752 2301 4825 jussi
2341 4752 2533 4806 ferant
2588 4750 2922 4821 pergentes,
2968 4744 3323 4798 invenerunt
3370 4756 3510 4795 eum

1452 4901 1689 4955 νΛΒΙίΕ
1738 4903 2029 4958 LECTION
2036 4902 2132 4955 ES.

162 4996 207 5029 ‘3
239 4994 385 5051 Can.
422 4998 591 5053 addit
625 5000 733 5055 hoc
760 5001 885 5055 loco
906 5016 929 5057 .'
960 5000 1291 5067 QUATUOR
1332 5006 1471 5063 HOS
1510 5010 1773 5064 VERSUS
1811 5009 2145 5065 ANTISTES
2186 5006 2321 5060 DAT
2362 5001 2797 5059 HERIBERTUS
2829 5016 2840 5052 :

1186 5093 1439 5167 Diversis
1470 5096 1631 5151 horis
1662 5097 1951 5153 laudandi
1983 5097 2205 5167 scripta
2234 5093 2455 5167 laboris

1187 5166 1613 5243 Eesiteerlesi,
1645 5169 1857 5243 crebro
1890 5166 2373 5243 ρετιεριὲλιιτειίξςέν
2429 5235 2440 5243 .
2537 5233 2547 5243 .

1186 5238 1248 5312 Εἰ
1282 5235 1427 5291 nihil
1458 5235 1657 5312 inveni
1691 5235 1907 5295 vitium
1922 5240 2088 5312 quod
2126 5235 2569 5312 possitliaberi.

803 5373 812 5383 .
868 5373 876 5383 ,
914 5377 1114 5383 “MM
1140 5308 1306 5383 “Hoc
1340 5314 1571 5383 tantum
1602 5311 1755 5378 dico,
1791 5316 1891 5367 tua
1917 5307 2095 5382 tuque
2127 5307 2371 5383 placetis
2411 5307 2639 5383 amico._
2732 5374 2741 5383 .
3114 5369 3128 5383 1

91 5376 140 5453 et
170 5375 358 5449 postea
390 5386 413 5453 ς
442 5375 618 5453 Anno
649 5373 878 5453 Domini
914 5377 1229 5432 MCCCICV.
1267 5381 1627 5436 reverendus
1660 5382 1717 5436 in
1745 5368 1977 5439 'Christo
1997 5368 2179 5453 ‘pater
2201 5380 2484 5453 dominus
2522 5374 2855 5453 Ludovicus
2895 5369 3248 5453 venerabilis
3309 5368 3500 5453 abbas

91 5438 257 5519 huius
288 5441 548 5519 QQClesiu’.
573 5446 709 5519 ab.
744 5451 911 5515 pater
944 5462 1298 5519 pauperum,
1334 5469 1557 5507 corona
1590 5438 2027 5509 monachoruni
2052 5458 2107 5507 et
2130 5450 2488 5506 venerabilis
2518 5448 2942 5503 dominus......
2968 5442 3162 5499 abbas
3215 5439 3503 5497 successit

90 5514 133 5549 ³⁸
162 5513 307 5566 deest
328 5516 416 5579 2.;
450 5529 524 5569 ea:
557 5513 802 5570 0thloni
840 5513 966 5573 Vita
1023 5513 1368 5592 Wolf/tangi
1397 5525 1690 5596 supplevi.
1768 5526 1813 5565 ’⁵
1841 5525 2069 5580 duratis
2103 5525 2262 5579 Otiil.
2341 5523 2385 5554 ²⁶
2417 5526 2474 5576 et
2504 5520 2664 5575 0thl.

1677 5628 1898 5687 ΝΟΤᾹΞ.

159 5706 365 5785 (ξι-δελ
380 5710 442 5762 In
467 5711 833 5769 monasterio
854 5713 1207 5773 Einsiedeln.

160 5782 253 5845 (89‘)
283 5783 295 5833 l
331 5782 457 5835 Cor.
490 5798 589 5847 xu,
622 5786 707 5839 31.

1908 5721 2020 5791 (90)
2054 5720 2074 5771 Ι
2103 5720 2276 5773 Joan.
2312 5733 2384 5783 VI,
2414 5720 2466 5773 I.

1911 5791 2019 5863 (91)
2054 5795 2093 5846 l.
2129 5791 2259 5846 Cor.
2291 5805 2330 5855 1,
2358 5792 2445 5844 28.
