  <div class='ocr_page' id='page_1' title='image "/cluster/home/n/w/nwhite01/storage/ocr_20150623/140-141/uc1.31175018559917/1087.png"; bbox 0 0 3910 6388; ppageno 0'>
   <div class='ocr_carea' id='block_1_1' title="bbox 470 283 603 334">
    <p class='ocr_par' dir='ltr' id='par_1_1' title="bbox 470 283 603 334">
     <span class='ocr_line' id='line_1_1' title="bbox 470 283 603 334; baseline 0 0"><span class='ocrx_word' id='word_1_1' title='bbox 470 283 603 334; x_wconf 70' lang='grc'>4023</span> 
     </span>
    </p>
   </div>
   <div class='ocr_carea' id='block_1_2' title="bbox 1506 279 2817 339">
    <p class='ocr_par' dir='ltr' id='par_1_2' title="bbox 1506 279 2817 339">
     <span class='ocr_line' id='line_1_2' title="bbox 1506 279 2817 339; baseline -0.002 -2"><span class='ocrx_word' id='word_1_2' title='bbox 1506 283 1816 339; x_wconf 80' lang='lat' dir='ltr'>ARNOLDI</span> <span class='ocrx_word' id='word_1_3' title='bbox 1856 280 2435 338; x_wconf 73' lang='lat' dir='ltr'>EMMERAMMENSIS</span> <span class='ocrx_word' id='word_1_4' title='bbox 2472 279 2817 337; x_wconf 76' lang='lat' dir='ltr'>MONACHI.</span> 
     </span>
    </p>
   </div>
   <div class='ocr_carea' id='block_1_3' title="bbox 3801 283 3864 334">
    <p class='ocr_par' dir='ltr' id='par_1_3' title="bbox 3801 283 3864 334">
     <span class='ocr_line' id='line_1_3' title="bbox 3801 283 3864 334; baseline 0.016 -1"><span class='ocrx_word' id='word_1_5' title='bbox 3801 283 3864 334; x_wconf 71' lang='grc'>101</span> 
     </span>
    </p>
   </div>
   <div class='ocr_carea' id='block_1_4' title="bbox 467 391 3864 477">
    <p class='ocr_par' dir='ltr' id='par_1_4' title="bbox 467 391 3864 477">
     <span class='ocr_line' id='line_1_4' title="bbox 467 391 3864 477; baseline -0.001 -19"><span class='ocrx_word' id='word_1_6' title='bbox 467 402 666 458; x_wconf 90' lang='lat' dir='ltr'>adhuc</span> <span class='ocrx_word' id='word_1_7' title='bbox 698 419 835 457; x_wconf 91' lang='lat' dir='ltr'>cum</span> <span class='ocrx_word' id='word_1_8' title='bbox 868 405 1281 475; x_wconf 88' lang='lat' dir='ltr'>prenominato</span> <span class='ocrx_word' id='word_1_9' title='bbox 1307 405 1591 477; x_wconf 89' lang='lat' dir='ltr'>episcopo</span> <span class='ocrx_word' id='word_1_10' title='bbox 1615 409 2108 471; x_wconf 89' lang='lat' dir='ltr'>commorantem,</span> <span class='ocrx_word' id='word_1_11' title='bbox 2148 409 2194 460; x_wconf 80' lang='grc' dir='ltr'><strong>Α</strong></span> <span class='ocrx_word' id='word_1_12' title='bbox 2296 403 2403 459; x_wconf 90' lang='lat' dir='ltr'>Ubi</span> <span class='ocrx_word' id='word_1_13' title='bbox 2432 420 2568 459; x_wconf 90' lang='lat' dir='ltr'>cum</span> <span class='ocrx_word' id='word_1_14' title='bbox 2599 391 2926 459; x_wconf 83' lang='lat' dir='ltr'>multorum</span> <span class='ocrx_word' id='word_1_15' title='bbox 2947 402 3108 458; x_wconf 81' lang='lat' dir='ltr'>ﬁdeli</span> <span class='ocrx_word' id='word_1_16' title='bbox 3131 397 3565 457; x_wconf 87' lang='lat' dir='ltr'>etfavorabili</span> <span class='ocrx_word' id='word_1_17' title='bbox 3599 401 3864 472; x_wconf 56' lang='lat' dir='ltr'>susciper.</span> 
     </span>
    </p>
   </div>
   <div class='ocr_carea' id='block_1_5' title="bbox 470 491 2106 564">
    <p class='ocr_par' dir='ltr' id='par_1_5' title="bbox 470 491 2106 564">
     <span class='ocr_line' id='line_1_5' title="bbox 470 491 2106 564; baseline 0.001 -19"><span class='ocrx_word' id='word_1_18' title='bbox 470 491 575 545; x_wconf 92' lang='lat' dir='ltr'>sed</span> <span class='ocrx_word' id='word_1_19' title='bbox 599 492 726 561; x_wconf 90' lang='lat' dir='ltr'>jam</span> <span class='ocrx_word' id='word_1_20' title='bbox 750 492 827 546; x_wconf 91' lang='lat' dir='ltr'>ad</span> <span class='ocrx_word' id='word_1_21' title='bbox 856 493 1107 564; x_wconf 88' lang='lat' dir='ltr'>patriam</span> <span class='ocrx_word' id='word_1_22' title='bbox 1136 494 1417 564; x_wconf 81' lang='lat' dir='ltr'>repedare</span> <span class='ocrx_word' id='word_1_23' title='bbox 1443 495 1820 563; x_wconf 75' lang='lat' dir='ltr'>cogitantem.</span> <span class='ocrx_word' id='word_1_24' title='bbox 1862 500 2106 561; x_wconf 83' lang='lat' dir='ltr'>Ignarus</span> 
     </span>
    </p>
   </div>
   <div class='ocr_carea' id='block_1_6' title="bbox 469 579 2105 653">
    <p class='ocr_par' dir='ltr' id='par_1_6' title="bbox 469 579 2105 653">
     <span class='ocr_line' id='line_1_6' title="bbox 469 579 2105 653; baseline -0.001 -19"><span class='ocrx_word' id='word_1_25' title='bbox 469 579 626 634; x_wconf 89' lang='lat' dir='ltr'>enim</span> <span class='ocrx_word' id='word_1_26' title='bbox 654 584 778 633; x_wconf 88' lang='lat' dir='ltr'>erat</span> <span class='ocrx_word' id='word_1_27' title='bbox 826 579 1135 648; x_wconf 75' lang='lat' dir='ltr'>legationis</span> <span class='ocrx_word' id='word_1_28' title='bbox 1187 586 1240 635; x_wconf 92' lang='lat' dir='ltr'>et</span> <span class='ocrx_word' id='word_1_29' title='bbox 1296 588 1624 637; x_wconf 79' lang='lat' dir='ltr'>ceterarum</span> <span class='ocrx_word' id='word_1_30' title='bbox 1679 599 1873 636; x_wconf 89' lang='lat' dir='ltr'>rerum</span> <span class='ocrx_word' id='word_1_31' title='bbox 1907 598 2015 653; x_wconf 91' lang='lat' dir='ltr'>pro</span> <span class='ocrx_word' id='word_1_32' title='bbox 2046 597 2105 633; x_wconf 90' lang='lat' dir='ltr'>se</span> 
     </span>
    </p>
   </div>
   <div class='ocr_carea' id='block_1_7' title="bbox 468 668 2103 737">
    <p class='ocr_par' dir='ltr' id='par_1_7' title="bbox 468 668 2103 737">
     <span class='ocr_line' id='line_1_7' title="bbox 468 668 2103 737; baseline 0.001 -16"><span class='ocrx_word' id='word_1_33' title='bbox 468 672 790 737; x_wconf 85' lang='lat' dir='ltr'>gestarum,</span> <span class='ocrx_word' id='word_1_34' title='bbox 822 674 877 721; x_wconf 89' lang='lat' dir='ltr'>et</span> <span class='ocrx_word' id='word_1_35' title='bbox 902 668 1121 722; x_wconf 87' lang='lat' dir='ltr'>idcirco</span> <span class='ocrx_word' id='word_1_36' title='bbox 1144 670 1409 723; x_wconf 85' lang='lat' dir='ltr'>animum</span> <span class='ocrx_word' id='word_1_37' title='bbox 1430 671 1770 725; x_wconf 80' lang='lat' dir='ltr'>intendebat</span> <span class='ocrx_word' id='word_1_38' title='bbox 1800 671 2103 725; x_wconf 80' lang='lat' dir='ltr'>aliorsum.</span> 
     </span>
    </p>
   </div>
   <div class='ocr_carea' id='block_1_8' title="bbox 468 755 2111 831">
    <p class='ocr_par' dir='ltr' id='par_1_8' title="bbox 468 755 2111 831">
     <span class='ocr_line' id='line_1_8' title="bbox 468 755 2111 831; baseline 0.002 -21"><span class='ocrx_word' id='word_1_39' title='bbox 468 758 732 827; x_wconf 87' lang='lat' dir='ltr'>Cumque</span> <span class='ocrx_word' id='word_1_40' title='bbox 763 755 958 826; x_wconf 87' lang='lat' dir='ltr'>legati,</span> <span class='ocrx_word' id='word_1_41' title='bbox 991 773 1175 828; x_wconf 90' lang='lat' dir='ltr'>quare</span> <span class='ocrx_word' id='word_1_42' title='bbox 1197 760 1477 825; x_wconf 80' lang='lat' dir='ltr'>venerint,</span> <span class='ocrx_word' id='word_1_43' title='bbox 1511 760 1561 815; x_wconf 92' lang='lat' dir='ltr'>ei</span> <span class='ocrx_word' id='word_1_44' title='bbox 1590 761 1937 830; x_wconf 75' lang='lat' dir='ltr'>indicarent,</span> <span class='ocrx_word' id='word_1_45' title='bbox 1998 760 2111 831; x_wconf 88' lang='lat' dir='ltr'>pri-</span> 
     </span>
    </p>
   </div>
   <div class='ocr_carea' id='block_1_9' title="bbox 464 843 2107 918">
    <p class='ocr_par' dir='ltr' id='par_1_9' title="bbox 464 843 2107 918">
     <span class='ocr_line' id='line_1_9' title="bbox 464 843 2107 918; baseline 0.003 -22"><span class='ocrx_word' id='word_1_46' title='bbox 464 858 633 897; x_wconf 90' lang='lat' dir='ltr'>mum</span> <span class='ocrx_word' id='word_1_47' title='bbox 663 843 913 898; x_wconf 82' lang='lat' dir='ltr'>recurrit</span> <span class='ocrx_word' id='word_1_48' title='bbox 940 845 1015 898; x_wconf 89' lang='lat' dir='ltr'>ad</span> <span class='ocrx_word' id='word_1_49' title='bbox 1070 847 1447 901; x_wconf 87' lang='lat' dir='ltr'>secretarium</span> <span class='ocrx_word' id='word_1_50' title='bbox 1497 848 1712 915; x_wconf 80' lang='lat' dir='ltr'>cordis,</span> <span class='ocrx_word' id='word_1_51' title='bbox 1770 864 1830 901; x_wconf 90' lang='lat' dir='ltr'>se</span> <span class='ocrx_word' id='word_1_52' title='bbox 1881 863 2107 918; x_wconf 88' lang='lat' dir='ltr'>suaque</span> 
     </span>
    </p>
   </div>
   <div class='ocr_carea' id='block_1_10' title="bbox 466 932 2106 1009">
    <p class='ocr_par' dir='ltr' id='par_1_10' title="bbox 466 932 2106 1009">
     <span class='ocr_line' id='line_1_10' title="bbox 466 932 2106 1009; baseline 0.003 -24"><span class='ocrx_word' id='word_1_53' title='bbox 466 934 584 986; x_wconf 91' lang='lat' dir='ltr'>Deo</span> <span class='ocrx_word' id='word_1_54' title='bbox 610 932 1045 986; x_wconf 86' lang='lat' dir='ltr'>commendans</span> <span class='ocrx_word' id='word_1_55' title='bbox 1070 932 1129 987; x_wconf 92' lang='lat' dir='ltr'>in</span> <span class='ocrx_word' id='word_1_56' title='bbox 1152 934 1371 989; x_wconf 79' lang='lat' dir='ltr'>intimis</span> <span class='ocrx_word' id='word_1_57' title='bbox 1406 954 1418 1001; x_wconf 86' lang='lat'><strong>;</strong></span> <span class='ocrx_word' id='word_1_58' title='bbox 1443 936 1578 991; x_wconf 91' lang='lat' dir='ltr'>dein</span> <span class='ocrx_word' id='word_1_59' title='bbox 1602 937 1904 1009; x_wconf 75' lang='lat' dir='ltr'>episcopo,</span> <span class='ocrx_word' id='word_1_60' title='bbox 1936 937 2106 1006; x_wconf 88' lang='lat' dir='ltr'>cujus</span> 
     </span>
    </p>
   </div>
   <div class='ocr_carea' id='block_1_11' title="bbox 463 1018 2104 1098">
    <p class='ocr_par' dir='ltr' id='par_1_11' title="bbox 463 1018 2104 1098">
     <span class='ocr_line' id='line_1_11' title="bbox 463 1018 2104 1098; baseline 0.004 -25"><span class='ocrx_word' id='word_1_61' title='bbox 463 1018 713 1075; x_wconf 85' lang='lat' dir='ltr'>karitate</span> <span class='ocrx_word' id='word_1_62' title='bbox 742 1020 823 1074; x_wconf 86' lang='lat' dir='ltr'>ibi</span> <span class='ocrx_word' id='word_1_63' title='bbox 843 1021 1112 1076; x_wconf 79' lang='lat' dir='ltr'>detentus</span> <span class='ocrx_word' id='word_1_64' title='bbox 1142 1029 1280 1087; x_wconf 88' lang='lat' dir='ltr'>erat,</span> <span class='ocrx_word' id='word_1_65' title='bbox 1306 1041 1549 1080; x_wconf 87' lang='lat' dir='ltr'>causam</span> <span class='ocrx_word' id='word_1_66' title='bbox 1579 1042 1748 1081; x_wconf 89' lang='lat' dir='ltr'>suam</span> <span class='ocrx_word' id='word_1_67' title='bbox 1780 1042 2104 1098; x_wconf 78' lang='lat' dir='ltr'>exponens,</span> 
     </span>
    </p>
   </div>
   <div class='ocr_carea' id='block_1_12' title="bbox 468 1106 2110 1184">
    <p class='ocr_par' dir='ltr' id='par_1_12' title="bbox 468 1106 2110 1184">
     <span class='ocr_line' id='line_1_12' title="bbox 468 1106 2110 1184; baseline 0.004 -23"><span class='ocrx_word' id='word_1_68' title='bbox 468 1106 531 1162; x_wconf 89' lang='lat' dir='ltr'>id</span> <span class='ocrx_word' id='word_1_69' title='bbox 559 1124 681 1178; x_wconf 92' lang='lat' dir='ltr'>quo</span> <span class='ocrx_word' id='word_1_70' title='bbox 706 1109 1064 1177; x_wconf 78' lang='lat' dir='ltr'>gravabatur</span> <span class='ocrx_word' id='word_1_71' title='bbox 1085 1116 1547 1182; x_wconf 84' lang='lat' dir='ltr'>temperamento</span> <span class='ocrx_word' id='word_1_72' title='bbox 1566 1113 1862 1181; x_wconf 81' lang='lat' dir='ltr'>levigabat</span> <span class='ocrx_word' id='word_1_73' title='bbox 1886 1114 2110 1184; x_wconf 82' lang='lat' dir='ltr'>simpli-</span> 
     </span>
    </p>
   </div>
   <div class='ocr_carea' id='block_1_13' title="bbox 469 1196 2109 1275">
    <p class='ocr_par' dir='ltr' id='par_1_13' title="bbox 469 1196 2109 1275">
     <span class='ocr_line' id='line_1_13' title="bbox 469 1196 2109 1275; baseline 0.004 -24"><span class='ocrx_word' id='word_1_74' title='bbox 469 1196 655 1251; x_wconf 86' lang='lat' dir='ltr'>citatis</span> <span class='ocrx_word' id='word_1_75' title='bbox 685 1197 1040 1253; x_wconf 70' lang='lat' dir='ltr'>columbinte</span> <span class='ocrx_word' id='word_1_76' title='bbox 1069 1216 1136 1254; x_wconf 92' lang='lat' dir='ltr'>ac</span> <span class='ocrx_word' id='word_1_77' title='bbox 1167 1202 1495 1271; x_wconf 70' lang='lat' dir='ltr'>pl‘llthlllltH</span> <span class='ocrx_word' id='word_1_78' title='bbox 1532 1204 1905 1275; x_wconf 77' lang='lat' dir='ltr'>serpentime,</span> <span class='ocrx_word' id='word_1_79' title='bbox 1933 1208 2109 1274; x_wconf 91' lang='lat' dir='ltr'>atque</span> 
     </span>
    </p>
   </div>
   <div class='ocr_carea' id='block_1_14' title="bbox 466 1284 2109 1360">
    <p class='ocr_par' dir='ltr' id='par_1_14' title="bbox 466 1284 2109 1360">
     <span class='ocr_line' id='line_1_14' title="bbox 466 1284 2109 1360; baseline 0.004 -22"><span class='ocrx_word' id='word_1_80' title='bbox 466 1284 527 1339; x_wconf 91' lang='lat' dir='ltr'>in</span> <span class='ocrx_word' id='word_1_81' title='bbox 556 1284 713 1339; x_wconf 89' lang='lat' dir='ltr'>hunc</span> <span class='ocrx_word' id='word_1_82' title='bbox 745 1286 992 1341; x_wconf 91' lang='lat' dir='ltr'>modum</span> <span class='ocrx_word' id='word_1_83' title='bbox 1016 1288 1412 1360; x_wconf 82' lang='lat' dir='ltr'>proloquitur.</span> <span class='ocrx_word' id='word_1_84' title='bbox 1446 1291 1650 1345; x_wconf 88' lang='lat' dir='ltr'>dicens</span> <span class='ocrx_word' id='word_1_85' title='bbox 1680 1311 1691 1345; x_wconf 91' lang='lat'>:</span> <span class='ocrx_word' id='word_1_86' title='bbox 1743 1293 1871 1345; x_wconf 87' lang='lat' dir='ltr'>Hoc</span> <span class='ocrx_word' id='word_1_87' title='bbox 1896 1308 2109 1345; x_wconf 88' lang='lat' dir='ltr'>novum</span> 
     </span>
    </p>
   </div>
   <div class='ocr_carea' id='block_1_15' title="bbox 466 1372 2109 1447">
    <p class='ocr_par' dir='ltr' id='par_1_15' title="bbox 466 1372 2109 1447">
     <span class='ocr_line' id='line_1_15' title="bbox 466 1372 2109 1447; baseline 0.005 -22"><span class='ocrx_word' id='word_1_88' title='bbox 466 1372 624 1441; x_wconf 87' lang='lat' dir='ltr'>quod</span> <span class='ocrx_word' id='word_1_89' title='bbox 648 1374 796 1428; x_wconf 88' lang='lat' dir='ltr'>mihi</span> <span class='ocrx_word' id='word_1_90' title='bbox 812 1390 924 1442; x_wconf 89' lang='lat' dir='ltr'>per</span> <span class='ocrx_word' id='word_1_91' title='bbox 954 1378 1200 1431; x_wconf 88' lang='lat' dir='ltr'>nuncios</span> <span class='ocrx_word' id='word_1_92' title='bbox 1217 1380 1513 1447; x_wconf 80' lang='lat' dir='ltr'>principis</span> <span class='ocrx_word' id='word_1_93' title='bbox 1544 1382 1723 1446; x_wconf 81' lang='lat' dir='ltr'>venit,</span> <span class='ocrx_word' id='word_1_94' title='bbox 1748 1381 1977 1433; x_wconf 58' lang='lat' dir='ltr'>[raritas</span> <span class='ocrx_word' id='word_1_95' title='bbox 2007 1385 2109 1434; x_wconf 85' lang='lat' dir='ltr'>tua</span> 
     </span>
    </p>
   </div>
   <div class='ocr_carea' id='block_1_16' title="bbox 465 1462 2113 1538">
    <p class='ocr_par' dir='ltr' id='par_1_16' title="bbox 465 1462 2113 1538">
     <span class='ocr_line' id='line_1_16' title="bbox 465 1462 2113 1538; baseline 0.005 -24"><span class='ocrx_word' id='word_1_96' title='bbox 465 1462 670 1528; x_wconf 75' lang='lat' dir='ltr'>effecit,</span> <span class='ocrx_word' id='word_1_97' title='bbox 701 1464 798 1516; x_wconf 90' lang='lat' dir='ltr'>cui</span> <span class='ocrx_word' id='word_1_98' title='bbox 822 1466 1113 1530; x_wconf 78' lang='lat' dir='ltr'>premium</span> <span class='ocrx_word' id='word_1_99' title='bbox 1152 1466 1315 1520; x_wconf 51' lang='lat' dir='ltr'>bona)</span> <span class='ocrx_word' id='word_1_100' title='bbox 1337 1469 1661 1523; x_wconf 83' lang='lat' dir='ltr'>voluntatis</span> <span class='ocrx_word' id='word_1_101' title='bbox 1690 1469 1908 1538; x_wconf 82' lang='lat' dir='ltr'>absque</span> <span class='ocrx_word' id='word_1_102' title='bbox 1936 1468 2113 1522; x_wconf 86' lang='lat' dir='ltr'>dubio</span> 
     </span>
    </p>
   </div>
   <div class='ocr_carea' id='block_1_17' title="bbox 464 1551 2117 1627">
    <p class='ocr_par' dir='ltr' id='par_1_17' title="bbox 464 1551 2117 1627">
     <span class='ocr_line' id='line_1_17' title="bbox 464 1551 2117 1627; baseline 0.007 -25"><span class='ocrx_word' id='word_1_103' title='bbox 464 1551 612 1617; x_wconf 87' lang='lat' dir='ltr'>erit;</span> <span class='ocrx_word' id='word_1_104' title='bbox 635 1552 737 1604; x_wconf 87' lang='lat' dir='ltr'>sed</span> <span class='ocrx_word' id='word_1_105' title='bbox 765 1567 905 1607; x_wconf 71' lang='lat' dir='ltr'>mea?</span> <span class='ocrx_word' id='word_1_106' title='bbox 931 1556 1229 1621; x_wconf 85' lang='lat' dir='ltr'>parvitati</span> <span class='ocrx_word' id='word_1_107' title='bbox 1253 1557 1515 1611; x_wconf 65' lang='lat' dir='ltr'>lin/orem</span> <span class='ocrx_word' id='word_1_108' title='bbox 1553 1560 1784 1623; x_wconf 87' lang='lat' dir='ltr'>incutit,</span> <span class='ocrx_word' id='word_1_109' title='bbox 1816 1559 1955 1627; x_wconf 87' lang='lat' dir='ltr'>quia</span> <span class='ocrx_word' id='word_1_110' title='bbox 1989 1574 2117 1613; x_wconf 87' lang='lat' dir='ltr'>nes-</span> 
     </span>
    </p>
   </div>
   <div class='ocr_carea' id='block_1_18' title="bbox 464 1638 2117 1713">
    <p class='ocr_par' dir='ltr' id='par_1_18' title="bbox 464 1638 2117 1713">
     <span class='ocr_line' id='line_1_18' title="bbox 464 1638 2117 1713; baseline 0.006 -23"><span class='ocrx_word' id='word_1_111' title='bbox 464 1638 569 1703; x_wconf 89' lang='lat' dir='ltr'>cio,</span> <span class='ocrx_word' id='word_1_112' title='bbox 590 1639 640 1692; x_wconf 91' lang='lat' dir='ltr'>si</span> <span class='ocrx_word' id='word_1_113' title='bbox 664 1641 940 1694; x_wconf 78' lang='lat' dir='ltr'>voluntas</span> <span class='ocrx_word' id='word_1_114' title='bbox 970 1643 1078 1696; x_wconf 84' lang='lat' dir='ltr'>Dei</span> <span class='ocrx_word' id='word_1_115' title='bbox 1099 1644 1192 1706; x_wconf 84' lang='lat' dir='ltr'>sit,</span> <span class='ocrx_word' id='word_1_116' title='bbox 1217 1649 1267 1697; x_wconf 87' lang='lat' dir='ltr'>et</span> <span class='ocrx_word' id='word_1_117' title='bbox 1304 1646 1443 1712; x_wconf 87' lang='lat' dir='ltr'>quia</span> <span class='ocrx_word' id='word_1_118' title='bbox 1475 1646 1733 1698; x_wconf 87' lang='lat' dir='ltr'>mundus</span> <span class='ocrx_word' id='word_1_119' title='bbox 1788 1645 1892 1698; x_wconf 88' lang='lat' dir='ltr'>sub</span> <span class='ocrx_word' id='word_1_120' title='bbox 1928 1647 2117 1713; x_wconf 77' lang='lat' dir='ltr'>specie</span> 
     </span>
    </p>
   </div>
   <div class='ocr_carea' id='block_1_19' title="bbox 2214 490 3864 563">
    <p class='ocr_par' dir='ltr' id='par_1_19' title="bbox 2214 490 3864 563">
     <span class='ocr_line' id='line_1_19' title="bbox 2214 490 3864 563; baseline -0.001 -17"><span class='ocrx_word' id='word_1_121' title='bbox 2214 496 2308 546; x_wconf 91' lang='lat' dir='ltr'>tur</span> <span class='ocrx_word' id='word_1_122' title='bbox 2336 507 2607 556; x_wconf 85' lang='lat' dir='ltr'>occursu,</span> <span class='ocrx_word' id='word_1_123' title='bbox 2642 492 2905 563; x_wconf 90' lang='lat' dir='ltr'>primum</span> <span class='ocrx_word' id='word_1_124' title='bbox 2934 490 3112 545; x_wconf 90' lang='lat' dir='ltr'>beato</span> <span class='ocrx_word' id='word_1_125' title='bbox 3146 493 3650 545; x_wconf 87' lang='lat' dir='ltr'>Emmerammo</span> <span class='ocrx_word' id='word_1_126' title='bbox 3716 506 3780 543; x_wconf 89' lang='lat' dir='ltr'>se</span> <span class='ocrx_word' id='word_1_127' title='bbox 3819 494 3864 545; x_wconf 80' lang='lat' dir='ltr'>hu</span> 
     </span>
    </p>
   </div>
   <div class='ocr_carea' id='block_1_20' title="bbox 2216 577 3863 652">
    <p class='ocr_par' dir='ltr' id='par_1_20' title="bbox 2216 577 3863 652">
     <span class='ocr_line' id='line_1_20' title="bbox 2216 577 3863 652; baseline 0 -19"><span class='ocrx_word' id='word_1_128' title='bbox 2216 579 2426 633; x_wconf 89' lang='lat' dir='ltr'>militer</span> <span class='ocrx_word' id='word_1_129' title='bbox 2450 580 2833 652; x_wconf 86' lang='lat' dir='ltr'>presentavit,</span> <span class='ocrx_word' id='word_1_130' title='bbox 2863 578 3080 634; x_wconf 88' lang='lat' dir='ltr'>deinde</span> <span class='ocrx_word' id='word_1_131' title='bbox 3112 595 3222 651; x_wconf 87' lang='lat' dir='ltr'>per</span> <span class='ocrx_word' id='word_1_132' title='bbox 3245 577 3516 640; x_wconf 75' lang='lat' dir='ltr'>singula</span> <span class='ocrx_word' id='word_1_133' title='bbox 3578 579 3863 635; x_wconf 75' lang='lat' dir='ltr'>Ratisbou:</span> 
     </span>
    </p>
   </div>
   <div class='ocr_carea' id='block_1_21' title="bbox 2216 667 3862 739">
    <p class='ocr_par' dir='ltr' id='par_1_21' title="bbox 2216 667 3862 739">
     <span class='ocr_line' id='line_1_21' title="bbox 2216 667 3862 739; baseline 0.001 -18"><span class='ocrx_word' id='word_1_134' title='bbox 2216 670 2574 722; x_wconf 86' lang='lat' dir='ltr'>monasteria</span> <span class='ocrx_word' id='word_1_135' title='bbox 2606 673 2952 723; x_wconf 89' lang='lat' dir='ltr'>sanctorum</span> <span class='ocrx_word' id='word_1_136' title='bbox 2999 667 3166 739; x_wconf 88' lang='lat' dir='ltr'>petiit</span> <span class='ocrx_word' id='word_1_137' title='bbox 3207 667 3557 737; x_wconf 73' lang='lat' dir='ltr'>suffragia,</span> <span class='ocrx_word' id='word_1_138' title='bbox 3598 669 3862 723; x_wconf 80' lang='lat' dir='ltr'>novissim</span> 
     </span>
    </p>
   </div>
   <div class='ocr_carea' id='block_1_22' title="bbox 2215 755 3863 829">
    <p class='ocr_par' dir='ltr' id='par_1_22' title="bbox 2215 755 3863 829">
     <span class='ocr_line' id='line_1_22' title="bbox 2215 755 3863 829; baseline 0.001 -20"><span class='ocrx_word' id='word_1_139' title='bbox 2215 773 2351 811; x_wconf 89' lang='lat' dir='ltr'>vero</span> <span class='ocrx_word' id='word_1_140' title='bbox 2376 756 2627 811; x_wconf 81' lang='lat' dir='ltr'>solemni</span> <span class='ocrx_word' id='word_1_141' title='bbox 2659 758 2814 811; x_wconf 79' lang='lat' dir='ltr'>facta</span> <span class='ocrx_word' id='word_1_142' title='bbox 2844 755 3269 829; x_wconf 80' lang='lat' dir='ltr'>preparatione</span> <span class='ocrx_word' id='word_1_143' title='bbox 3313 772 3433 810; x_wconf 88' lang='lat' dir='ltr'>seu</span> <span class='ocrx_word' id='word_1_144' title='bbox 3501 759 3863 828; x_wconf 67' lang='lat' dir='ltr'>processioa</span> 
     </span>
    </p>
   </div>
   <div class='ocr_carea' id='block_1_23' title="bbox 2217 844 3859 917">
    <p class='ocr_par' dir='ltr' id='par_1_23' title="bbox 2217 844 3859 917">
     <span class='ocr_line' id='line_1_23' title="bbox 2217 844 3859 917; baseline 0 -18"><span class='ocrx_word' id='word_1_145' title='bbox 2217 846 2291 899; x_wconf 91' lang='lat' dir='ltr'>ad</span> <span class='ocrx_word' id='word_1_146' title='bbox 2322 846 2509 899; x_wconf 83' lang='lat' dir='ltr'>sancti</span> <span class='ocrx_word' id='word_1_147' title='bbox 2538 845 2686 899; x_wconf 85' lang='lat' dir='ltr'>Petri</span> <span class='ocrx_word' id='word_1_148' title='bbox 2735 844 3050 900; x_wconf 88' lang='lat' dir='ltr'>ecclesiam</span> <span class='ocrx_word' id='word_1_149' title='bbox 3098 845 3378 899; x_wconf 90' lang='lat' dir='ltr'>accessit.</span> <span class='ocrx_word' id='word_1_150' title='bbox 3421 849 3497 899; x_wconf 78' lang='grc' dir='ltr'>ιιι</span> <span class='ocrx_word' id='word_1_151' title='bbox 3531 861 3749 917; x_wconf 90' lang='lat' dir='ltr'>quam</span> <span class='ocrx_word' id='word_1_152' title='bbox 3797 864 3859 901; x_wconf 74' lang='lat' dir='ltr'>cu:</span> 
     </span>
    </p>
   </div>
   <div class='ocr_carea' id='block_1_24' title="bbox 2217 932 3864 989">
    <p class='ocr_par' dir='ltr' id='par_1_24' title="bbox 2217 932 3864 989">
     <span class='ocr_line' id='line_1_24' title="bbox 2217 932 3864 989; baseline -0.002 -1"><span class='ocrx_word' id='word_1_153' title='bbox 2217 933 2458 988; x_wconf 90' lang='lat' dir='ltr'>canticis</span> <span class='ocrx_word' id='word_1_154' title='bbox 2484 932 2702 987; x_wconf 69' lang='lat' dir='ltr'>lueticiae</span> <span class='ocrx_word' id='word_1_155' title='bbox 2735 937 2792 987; x_wconf 89' lang='lat' dir='ltr'>et</span> <span class='ocrx_word' id='word_1_156' title='bbox 2828 932 3242 987; x_wconf 82' lang='lat' dir='ltr'>exsultationis</span> <span class='ocrx_word' id='word_1_157' title='bbox 3287 948 3449 988; x_wconf 91' lang='lat' dir='ltr'>voce</span> <span class='ocrx_word' id='word_1_158' title='bbox 3508 933 3864 989; x_wconf 59' lang='lat' dir='ltr'>introducta</span> 
     </span>
    </p>
   </div>
   <div class='ocr_carea' id='block_1_25' title="bbox 2218 1020 3864 1093">
    <p class='ocr_par' dir='ltr' id='par_1_25' title="bbox 2218 1020 3864 1093">
     <span class='ocr_line' id='line_1_25' title="bbox 2218 1020 3864 1093; baseline -0.001 -16"><span class='ocrx_word' id='word_1_159' title='bbox 2218 1027 2394 1093; x_wconf 87' lang='lat' dir='ltr'>atque</span> <span class='ocrx_word' id='word_1_160' title='bbox 2426 1038 2590 1076; x_wconf 92' lang='lat' dir='ltr'>more</span> <span class='ocrx_word' id='word_1_161' title='bbox 2623 1020 2972 1093; x_wconf 87' lang='lat' dir='ltr'>pontiﬁcum</span> <span class='ocrx_word' id='word_1_162' title='bbox 3005 1036 3201 1086; x_wconf 90' lang='lat' dir='ltr'>secus,</span> <span class='ocrx_word' id='word_1_163' title='bbox 3231 1020 3437 1076; x_wconf 86' lang='lat' dir='ltr'>altare</span> <span class='ocrx_word' id='word_1_164' title='bbox 3493 1021 3864 1077; x_wconf 64' lang='lat' dir='ltr'>intronizatu:</span> 
     </span>
    </p>
   </div>
   <div class='ocr_carea' id='block_1_26' title="bbox 2219 1109 3866 1182">
    <p class='ocr_par' dir='ltr' id='par_1_26' title="bbox 2219 1109 3866 1182">
     <span class='ocr_line' id='line_1_26' title="bbox 2219 1109 3866 1182; baseline 0 -17"><span class='ocrx_word' id='word_1_165' title='bbox 2219 1128 2254 1165; x_wconf 89' lang='lat' dir='ltr'>a</span> <span class='ocrx_word' id='word_1_166' title='bbox 2283 1111 2439 1165; x_wconf 84' lang='lat' dir='ltr'>clero</span> <span class='ocrx_word' id='word_1_167' title='bbox 2471 1115 2524 1164; x_wconf 91' lang='lat' dir='ltr'>et</span> <span class='ocrx_word' id='word_1_168' title='bbox 2551 1127 2585 1164; x_wconf 92' lang='lat' dir='ltr'>a</span> <span class='ocrx_word' id='word_1_169' title='bbox 2616 1110 2842 1182; x_wconf 91' lang='lat' dir='ltr'>populo</span> <span class='ocrx_word' id='word_1_170' title='bbox 2873 1124 3115 1163; x_wconf 89' lang='lat' dir='ltr'>summo</span> <span class='ocrx_word' id='word_1_171' title='bbox 3172 1109 3447 1180; x_wconf 88' lang='lat' dir='ltr'>posteris</span> <span class='ocrx_word' id='word_1_172' title='bbox 3525 1113 3866 1166; x_wconf 63' lang='lat' dir='ltr'>commend;</span> 
     </span>
    </p>
   </div>
   <div class='ocr_carea' id='block_1_27' title="bbox 2220 1196 3865 1271">
    <p class='ocr_par' dir='ltr' id='par_1_27' title="bbox 2220 1196 3865 1271">
     <span class='ocr_line' id='line_1_27' title="bbox 2220 1196 3865 1271; baseline -0.001 -19"><span class='ocrx_word' id='word_1_173' title='bbox 2220 1202 2332 1265; x_wconf 91' lang='lat' dir='ltr'>tur,</span> <span class='ocrx_word' id='word_1_174' title='bbox 2362 1214 2467 1252; x_wconf 91' lang='lat' dir='ltr'>nec</span> <span class='ocrx_word' id='word_1_175' title='bbox 2495 1214 2615 1252; x_wconf 91' lang='lat' dir='ltr'>non</span> <span class='ocrx_word' id='word_1_176' title='bbox 2655 1215 2691 1252; x_wconf 90' lang='lat' dir='ltr'>a</span> <span class='ocrx_word' id='word_1_177' title='bbox 2739 1196 3028 1252; x_wconf 33' lang='lat' dir='ltr'>li‘riderico</span> <span class='ocrx_word' id='word_1_178' title='bbox 3096 1196 3601 1271; x_wconf 87' lang='lat' dir='ltr'>archiepiscopo</span> <span class='ocrx_word' id='word_1_179' title='bbox 3668 1206 3730 1254; x_wconf 88' lang='lat' dir='ltr'>et</span> <span class='ocrx_word' id='word_1_180' title='bbox 3785 1201 3865 1254; x_wconf 45' lang='lat' dir='ltr'>illi.</span> 
     </span>
    </p>
   </div>
   <div class='ocr_carea' id='block_1_28' title="bbox 2222 1285 3865 1360">
    <p class='ocr_par' dir='ltr' id='par_1_28' title="bbox 2222 1285 3865 1360">
     <span class='ocr_line' id='line_1_28' title="bbox 2222 1285 3865 1360; baseline 0 -19"><span class='ocrx_word' id='word_1_181' title='bbox 2222 1287 2611 1355; x_wconf 81' lang='lat' dir='ltr'>sutl‘raganeis</span> <span class='ocrx_word' id='word_1_182' title='bbox 2638 1292 2774 1358; x_wconf 91' lang='lat' dir='ltr'>post</span> <span class='ocrx_word' id='word_1_183' title='bbox 2799 1286 3029 1357; x_wconf 86' lang='lat' dir='ltr'>aliquot</span> <span class='ocrx_word' id='word_1_184' title='bbox 3047 1285 3176 1340; x_wconf 91' lang='lat' dir='ltr'>dies</span> <span class='ocrx_word' id='word_1_185' title='bbox 3211 1286 3275 1340; x_wconf 92' lang='lat' dir='ltr'>in</span> <span class='ocrx_word' id='word_1_186' title='bbox 3306 1288 3733 1344; x_wconf 85' lang='lat' dir='ltr'>sacerdotem</span> <span class='ocrx_word' id='word_1_187' title='bbox 3788 1306 3865 1360; x_wconf 74' lang='lat' dir='ltr'>ap;-</span> 
     </span>
    </p>
   </div>
   <div class='ocr_carea' id='block_1_29' title="bbox 2223 1375 3866 1439">
    <p class='ocr_par' dir='ltr' id='par_1_29' title="bbox 2223 1375 3866 1439">
     <span class='ocr_line' id='line_1_29' title="bbox 2223 1375 3866 1439; baseline 0.001 -10"><span class='ocrx_word' id='word_1_188' title='bbox 2223 1375 2495 1429; x_wconf 90' lang='lat' dir='ltr'>stolicum</span> <span class='ocrx_word' id='word_1_189' title='bbox 2523 1375 2747 1429; x_wconf 85' lang='lat' dir='ltr'>ibidem</span> <span class='ocrx_word' id='word_1_190' title='bbox 2780 1379 3187 1429; x_wconf 87' lang='lat' dir='ltr'>consecratur.</span> <span class='ocrx_word' id='word_1_191' title='bbox 3220 1376 3432 1439; x_wconf 86' lang='lat' dir='ltr'>Quam</span> <span class='ocrx_word' id='word_1_192' title='bbox 3465 1376 3580 1431; x_wconf 90' lang='lat' dir='ltr'>ille</span> <span class='ocrx_word' id='word_1_193' title='bbox 3617 1394 3866 1433; x_wconf 71' lang='lat' dir='ltr'>conseri;</span> 
     </span>
    </p>
   </div>
   <div class='ocr_carea' id='block_1_30' title="bbox 2225 1463 3861 1534">
    <p class='ocr_par' dir='ltr' id='par_1_30' title="bbox 2225 1463 3861 1534">
     <span class='ocr_line' id='line_1_30' title="bbox 2225 1463 3861 1534; baseline 0 -17"><span class='ocrx_word' id='word_1_194' title='bbox 2225 1463 2442 1518; x_wconf 88' lang='lat' dir='ltr'>tionem</span> <span class='ocrx_word' id='word_1_195' title='bbox 2472 1463 2679 1517; x_wconf 88' lang='lat' dir='ltr'>nolens</span> <span class='ocrx_word' id='word_1_196' title='bbox 2704 1478 2895 1518; x_wconf 90' lang='lat' dir='ltr'>vacuo</span> <span class='ocrx_word' id='word_1_197' title='bbox 2926 1479 3131 1517; x_wconf 90' lang='lat' dir='ltr'>secum</span> <span class='ocrx_word' id='word_1_198' title='bbox 3163 1468 3418 1534; x_wconf 89' lang='lat' dir='ltr'>portare</span> <span class='ocrx_word' id='word_1_199' title='bbox 3454 1466 3798 1530; x_wconf 79' lang='lat' dir='ltr'>vocabulo,</span> <span class='ocrx_word' id='word_1_200' title='bbox 3827 1468 3861 1518; x_wconf 62' lang='lat' dir='ltr'>d.</span> 
     </span>
    </p>
   </div>
   <div class='ocr_carea' id='block_1_31' title="bbox 2224 1550 3866 1623">
    <p class='ocr_par' dir='ltr' id='par_1_31' title="bbox 2224 1550 3866 1623">
     <span class='ocr_line' id='line_1_31' title="bbox 2224 1550 3866 1623; baseline 0.001 -17"><span class='ocrx_word' id='word_1_201' title='bbox 2224 1558 2523 1622; x_wconf 89' lang='lat' dir='ltr'>noctuque</span> <span class='ocrx_word' id='word_1_202' title='bbox 2556 1550 2880 1623; x_wconf 75' lang='lat' dir='ltr'>pontificali</span> <span class='ocrx_word' id='word_1_203' title='bbox 2909 1551 3357 1607; x_wconf 88' lang='lat' dir='ltr'>studiosissime</span> <span class='ocrx_word' id='word_1_204' title='bbox 3393 1554 3692 1611; x_wconf 82' lang='lat' dir='ltr'>excoluit</span> <span class='ocrx_word' id='word_1_205' title='bbox 3716 1556 3866 1611; x_wconf 57' lang='lat' dir='ltr'>oﬂirie</span> 
     </span>
    </p>
   </div>
   <div class='ocr_carea' id='block_1_32' title="bbox 2228 1640 3865 1711">
    <p class='ocr_par' dir='ltr' id='par_1_32' title="bbox 2228 1640 3865 1711">
     <span class='ocr_line' id='line_1_32' title="bbox 2228 1640 3865 1711; baseline 0.001 -16"><span class='ocrx_word' id='word_1_206' title='bbox 2228 1647 2285 1695; x_wconf 92' lang='lat' dir='ltr'>ut</span> <span class='ocrx_word' id='word_1_207' title='bbox 2315 1642 2565 1710; x_wconf 78' lang='lat' dir='ltr'>gratiam</span> <span class='ocrx_word' id='word_1_208' title='bbox 2592 1641 2779 1696; x_wconf 89' lang='lat' dir='ltr'>sancti</span> <span class='ocrx_word' id='word_1_209' title='bbox 2808 1640 3057 1711; x_wconf 88' lang='lat' dir='ltr'>Spiritus</span> <span class='ocrx_word' id='word_1_210' title='bbox 3088 1641 3584 1697; x_wconf 85' lang='lat' dir='ltr'>habundantius</span> <span class='ocrx_word' id='word_1_211' title='bbox 3642 1645 3764 1700; x_wconf 89' lang='lat' dir='ltr'>sub</span> <span class='ocrx_word' id='word_1_212' title='bbox 3812 1646 3865 1698; x_wconf 64' lang='lat' dir='ltr'>ho</span> 
     </span>
    </p>
   </div>
   <div class='ocr_carea' id='block_1_33' title="bbox 463 1726 3865 1806">
    <p class='ocr_par' dir='ltr' id='par_1_33' title="bbox 463 1726 3865 1806">
     <span class='ocr_line' id='line_1_33' title="bbox 463 1726 3865 1806; baseline 0.003 -28"><span class='ocrx_word' id='word_1_213' title='bbox 463 1726 765 1794; x_wconf 87' lang='lat' dir='ltr'>religionis</span> <span class='ocrx_word' id='word_1_214' title='bbox 796 1731 983 1784; x_wconf 88' lang='lat' dir='ltr'>multo</span> <span class='ocrx_word' id='word_1_215' title='bbox 1015 1732 1095 1784; x_wconf 90' lang='lat' dir='ltr'>ad</span> <span class='ocrx_word' id='word_1_216' title='bbox 1133 1733 1278 1787; x_wconf 78' lang='lat' dir='ltr'>vilia</span> <span class='ocrx_word' id='word_1_217' title='bbox 1312 1733 1519 1786; x_wconf 87' lang='lat' dir='ltr'>trahit.</span> <span class='ocrx_word' id='word_1_218' title='bbox 1585 1733 1688 1787; x_wconf 85' lang='lat' dir='ltr'>Cui</span> <span class='ocrx_word' id='word_1_219' title='bbox 1745 1734 2114 1804; x_wconf 87' lang='lat' dir='ltr'>respondens</span> <span class='ocrx_word' id='word_1_220' title='bbox 2155 1754 2191 1806; x_wconf 74' lang='grc' dir='ltr'>Β</span> <span class='ocrx_word' id='word_1_221' title='bbox 2225 1729 2430 1783; x_wconf 83' lang='lat' dir='ltr'>ordine</span> <span class='ocrx_word' id='word_1_222' title='bbox 2458 1733 2657 1799; x_wconf 89' lang='lat' dir='ltr'>posset</span> <span class='ocrx_word' id='word_1_223' title='bbox 2685 1728 2905 1783; x_wconf 89' lang='lat' dir='ltr'>habere</span> <span class='ocrx_word' id='word_1_224' title='bbox 2926 1728 2987 1782; x_wconf 89' lang='lat' dir='ltr'>in</span> <span class='ocrx_word' id='word_1_225' title='bbox 3018 1728 3218 1783; x_wconf 89' lang='lat' dir='ltr'>cordis</span> <span class='ocrx_word' id='word_1_226' title='bbox 3264 1729 3576 1801; x_wconf 85' lang='lat' dir='ltr'>hospitio.</span> <span class='ocrx_word' id='word_1_227' title='bbox 3610 1734 3796 1803; x_wconf 79' lang='lat' dir='ltr'>Cujus</span> <span class='ocrx_word' id='word_1_228' title='bbox 3835 1735 3865 1785; x_wconf 71' lang='lat' dir='ltr'>in</span> 
     </span>
    </p>
   </div>
   <div class='ocr_carea' id='block_1_34' title="bbox 462 1814 2108 1886">
    <p class='ocr_par' dir='ltr' id='par_1_34' title="bbox 462 1814 2108 1886">
     <span class='ocr_line' id='line_1_34' title="bbox 462 1814 2108 1886; baseline 0.007 -20"><span class='ocrx_word' id='word_1_229' title='bbox 462 1814 777 1886; x_wconf 89' lang='lat' dir='ltr'>episcopus</span> <span class='ocrx_word' id='word_1_230' title='bbox 807 1818 952 1873; x_wconf 84' lang='lat' dir='ltr'>dixit</span> <span class='ocrx_word' id='word_1_231' title='bbox 984 1836 995 1872; x_wconf 92' lang='lat'><strong>:</strong></span> <span class='ocrx_word' id='word_1_232' title='bbox 1034 1819 1200 1885; x_wconf 91' lang='lat' dir='ltr'>Quod</span> <span class='ocrx_word' id='word_1_233' title='bbox 1226 1821 1371 1875; x_wconf 76' lang='lat' dir='ltr'>dicis</span> <span class='ocrx_word' id='word_1_234' title='bbox 1407 1828 1459 1875; x_wconf 89' lang='lat' dir='ltr'>te</span> <span class='ocrx_word' id='word_1_235' title='bbox 1490 1824 1693 1877; x_wconf 88' lang='lat' dir='ltr'>timere</span> <span class='ocrx_word' id='word_1_236' title='bbox 1741 1824 1849 1877; x_wconf 87' lang='lat' dir='ltr'>hoc</span> <span class='ocrx_word' id='word_1_237' title='bbox 1900 1825 2108 1877; x_wconf 87' lang='lat' dir='ltr'>mentis</span> 
     </span>
    </p>
   </div>
   <div class='ocr_carea' id='block_1_35' title="bbox 462 1906 2107 1978">
    <p class='ocr_par' dir='ltr' id='par_1_35' title="bbox 462 1906 2107 1978">
     <span class='ocr_line' id='line_1_35' title="bbox 462 1906 2107 1978; baseline 0.005 -22"><span class='ocrx_word' id='word_1_238' title='bbox 462 1909 544 1956; x_wconf 89' lang='lat' dir='ltr'>est</span> <span class='ocrx_word' id='word_1_239' title='bbox 575 1906 863 1971; x_wconf 77' lang='lat' dir='ltr'>providae.</span> <span class='ocrx_word' id='word_1_240' title='bbox 897 1909 1014 1961; x_wconf 86' lang='lat' dir='ltr'>Sed</span> <span class='ocrx_word' id='word_1_241' title='bbox 1042 1910 1197 1962; x_wconf 84' lang='lat' dir='ltr'>hanc</span> <span class='ocrx_word' id='word_1_242' title='bbox 1224 1910 1283 1962; x_wconf 88' lang='lat' dir='ltr'>in</span> <span class='ocrx_word' id='word_1_243' title='bbox 1318 1910 1524 1963; x_wconf 84' lang='lat' dir='ltr'>bonam</span> <span class='ocrx_word' id='word_1_244' title='bbox 1559 1926 1717 1978; x_wconf 88' lang='lat' dir='ltr'>spem</span> <span class='ocrx_word' id='word_1_245' title='bbox 1750 1911 1926 1978; x_wconf 89' lang='lat' dir='ltr'>erigit</span> <span class='ocrx_word' id='word_1_246' title='bbox 1950 1912 2107 1977; x_wconf 88' lang='lat' dir='ltr'>psal-</span> 
     </span>
    </p>
   </div>
   <div class='ocr_carea' id='block_1_36' title="bbox 462 1992 2111 2065">
    <p class='ocr_par' dir='ltr' id='par_1_36' title="bbox 462 1992 2111 2065">
     <span class='ocr_line' id='line_1_36' title="bbox 462 1992 2111 2065; baseline 0.005 -22"><span class='ocrx_word' id='word_1_247' title='bbox 462 1992 656 2060; x_wconf 87' lang='lat' dir='ltr'>mista,</span> <span class='ocrx_word' id='word_1_248' title='bbox 682 1994 785 2062; x_wconf 88' lang='lat' dir='ltr'>qui</span> <span class='ocrx_word' id='word_1_249' title='bbox 824 1994 966 2049; x_wconf 84' lang='lat' dir='ltr'>dicit</span> <span class='ocrx_word' id='word_1_250' title='bbox 998 1997 1144 2065; x_wconf 73' lang='lat'>(&#39;92):</span> <span class='ocrx_word' id='word_1_251' title='bbox 1208 2020 1231 2043; x_wconf 89' lang='grc'><strong>‹‹</strong></span> <span class='ocrx_word' id='word_1_252' title='bbox 1268 1999 1511 2051; x_wconf 86' lang='lat' dir='ltr'>Initium</span> <span class='ocrx_word' id='word_1_253' title='bbox 1573 2000 1879 2065; x_wconf 72' lang='lat' dir='ltr'>sapientiae</span> <span class='ocrx_word' id='word_1_254' title='bbox 1935 2000 2111 2052; x_wconf 86' lang='lat' dir='ltr'>timor</span> 
     </span>
    </p>
   </div>
   <div class='ocr_carea' id='block_1_37' title="bbox 462 2082 2110 2155">
    <p class='ocr_par' dir='ltr' id='par_1_37' title="bbox 462 2082 2110 2155">
     <span class='ocr_line' id='line_1_37' title="bbox 462 2082 2110 2155; baseline 0.005 -23"><span class='ocrx_word' id='word_1_255' title='bbox 462 2082 745 2144; x_wconf 81' lang='lat' dir='ltr'>Domini;</span> <span class='ocrx_word' id='word_1_256' title='bbox 771 2088 825 2136; x_wconf 84' lang='lat' dir='ltr'>et</span> <span class='ocrx_word' id='word_1_257' title='bbox 858 2084 1071 2138; x_wconf 80' lang='lat' dir='ltr'>iterum</span> <span class='ocrx_word' id='word_1_258' title='bbox 1103 2100 1123 2137; x_wconf 71' lang='grc' dir='ltr'>,ο</span> <span class='ocrx_word' id='word_1_259' title='bbox 1160 2107 1175 2133; x_wconf 75' lang='grc' dir='ltr'>ι</span> <span class='ocrx_word' id='word_1_260' title='bbox 1222 2086 1418 2139; x_wconf 81' lang='lat' dir='ltr'>Timor</span> <span class='ocrx_word' id='word_1_261' title='bbox 1450 2088 1687 2140; x_wconf 84' lang='lat' dir='ltr'>Domini</span> <span class='ocrx_word' id='word_1_262' title='bbox 1716 2092 1954 2141; x_wconf 77' lang='lat' dir='ltr'>sanctus</span> <span class='ocrx_word' id='word_1_263' title='bbox 1979 2103 2110 2155; x_wconf 86' lang='lat' dir='ltr'>per-</span> 
     </span>
    </p>
   </div>
   <div class='ocr_carea' id='block_1_38' title="bbox 463 2172 2109 2243">
    <p class='ocr_par' dir='ltr' id='par_1_38' title="bbox 463 2172 2109 2243">
     <span class='ocr_line' id='line_1_38' title="bbox 463 2172 2109 2243; baseline 0.005 -23"><span class='ocrx_word' id='word_1_264' title='bbox 463 2182 708 2221; x_wconf 88' lang='lat' dir='ltr'>manens</span> <span class='ocrx_word' id='word_1_265' title='bbox 734 2172 794 2223; x_wconf 88' lang='lat' dir='ltr'>in</span> <span class='ocrx_word' id='word_1_266' title='bbox 825 2173 1085 2226; x_wconf 84' lang='lat' dir='ltr'>seculum</span> <span class='ocrx_word' id='word_1_267' title='bbox 1137 2175 1321 2227; x_wconf 89' lang='lat' dir='ltr'>seculi</span> <span class='ocrx_word' id='word_1_268' title='bbox 1354 2192 1365 2237; x_wconf 88' lang='lat'>;</span> <span class='ocrx_word' id='word_1_269' title='bbox 1402 2200 1423 2219; x_wconf 75' lang='grc' dir='ltr'>ι»</span> <span class='ocrx_word' id='word_1_270' title='bbox 1460 2190 1629 2243; x_wconf 82' lang='lat' dir='ltr'>quem</span> <span class='ocrx_word' id='word_1_271' title='bbox 1674 2181 1725 2229; x_wconf 90' lang='lat' dir='ltr'>et</span> <span class='ocrx_word' id='word_1_272' title='bbox 1792 2177 2109 2242; x_wconf 75' lang='lat' dir='ltr'>Apostolus</span> 
     </span>
    </p>
   </div>
   <div class='ocr_carea' id='block_1_39' title="bbox 464 2258 2109 2330">
    <p class='ocr_par' dir='ltr' id='par_1_39' title="bbox 464 2258 2109 2330">
     <span class='ocr_line' id='line_1_39' title="bbox 464 2258 2109 2330; baseline 0.005 -21"><span class='ocrx_word' id='word_1_273' title='bbox 464 2258 881 2311; x_wconf 85' lang='lat' dir='ltr'>commendans</span> <span class='ocrx_word' id='word_1_274' title='bbox 910 2261 994 2313; x_wconf 85' lang='lat' dir='ltr'>ait</span> <span class='ocrx_word' id='word_1_275' title='bbox 1024 2262 1161 2329; x_wconf 74' lang='lat'>(93):</span> <span class='ocrx_word' id='word_1_276' title='bbox 1194 2282 1218 2305; x_wconf 89' lang='grc'><strong><em>‹‹</em></strong></span> <span class='ocrx_word' id='word_1_277' title='bbox 1254 2263 1392 2315; x_wconf 86' lang='lat' dir='ltr'>Noli</span> <span class='ocrx_word' id='word_1_278' title='bbox 1430 2263 1616 2317; x_wconf 89' lang='lat' dir='ltr'>altum</span> <span class='ocrx_word' id='word_1_279' title='bbox 1650 2279 1872 2330; x_wconf 79' lang='lat' dir='ltr'>sapere,</span> <span class='ocrx_word' id='word_1_280' title='bbox 1907 2264 2008 2318; x_wconf 84' lang='lat' dir='ltr'>sed</span> <span class='ocrx_word' id='word_1_281' title='bbox 2037 2265 2109 2317; x_wconf 86' lang='lat' dir='ltr'>ti-</span> 
     </span>
    </p>
   </div>
   <div class='ocr_carea' id='block_1_40' title="bbox 465 2344 2104 2421">
    <p class='ocr_par' dir='ltr' id='par_1_40' title="bbox 465 2344 2104 2421">
     <span class='ocr_line' id='line_1_40' title="bbox 465 2344 2104 2421; baseline 0.006 -25"><span class='ocrx_word' id='word_1_282' title='bbox 465 2357 593 2407; x_wconf 87' lang='lat' dir='ltr'>me;</span> <span class='ocrx_word' id='word_1_283' title='bbox 615 2366 640 2390; x_wconf 87' lang='grc'>››</span> <span class='ocrx_word' id='word_1_284' title='bbox 668 2344 830 2399; x_wconf 88' lang='lat' dir='ltr'>Idem</span> <span class='ocrx_word' id='word_1_285' title='bbox 859 2347 1007 2401; x_wconf 80' lang='lat' dir='ltr'>alibi</span> <span class='ocrx_word' id='word_1_286' title='bbox 1032 2349 1102 2402; x_wconf 87' lang='lat' dir='ltr'>de</span> <span class='ocrx_word' id='word_1_287' title='bbox 1134 2352 1500 2417; x_wconf 76' lang='lat' dir='ltr'>episcopatus</span> <span class='ocrx_word' id='word_1_288' title='bbox 1519 2351 1805 2405; x_wconf 82' lang='lat' dir='ltr'>desiderio</span> <span class='ocrx_word' id='word_1_289' title='bbox 1836 2353 1919 2405; x_wconf 89' lang='lat' dir='ltr'>ait</span> <span class='ocrx_word' id='word_1_290' title='bbox 1954 2353 2059 2421; x_wconf 75' lang='grc'>(94)</span> <span class='ocrx_word' id='word_1_291' title='bbox 2093 2370 2104 2406; x_wconf 93' lang='lat'><strong>:</strong></span> 
     </span>
    </p>
   </div>
   <div class='ocr_carea' id='block_1_41' title="bbox 466 2431 2112 2506">
    <p class='ocr_par' dir='ltr' id='par_1_41' title="bbox 466 2431 2112 2506">
     <span class='ocr_line' id='line_1_41' title="bbox 466 2431 2112 2506; baseline 0.008 -24"><span class='ocrx_word' id='word_1_292' title='bbox 466 2448 497 2482; x_wconf 83' lang='grc'><strong>‹</strong></span> <span class='ocrx_word' id='word_1_293' title='bbox 529 2431 643 2496; x_wconf 89' lang='lat' dir='ltr'>Qui</span> <span class='ocrx_word' id='word_1_294' title='bbox 664 2434 1055 2501; x_wconf 87' lang='lat' dir='ltr'>episcopatum</span> <span class='ocrx_word' id='word_1_295' title='bbox 1088 2437 1402 2505; x_wconf 80' lang='lat' dir='ltr'>desiderat,</span> <span class='ocrx_word' id='word_1_296' title='bbox 1439 2439 1649 2492; x_wconf 85' lang='lat' dir='ltr'>bonum</span> <span class='ocrx_word' id='word_1_297' title='bbox 1695 2455 1839 2506; x_wconf 87' lang='lat' dir='ltr'>opus</span> <span class='ocrx_word' id='word_1_298' title='bbox 1892 2440 2112 2495; x_wconf 88' lang='lat' dir='ltr'>deside-</span> 
     </span>
    </p>
   </div>
   <div class='ocr_carea' id='block_1_42' title="bbox 463 2524 2108 2598">
    <p class='ocr_par' dir='ltr' id='par_1_42' title="bbox 463 2524 2108 2598">
     <span class='ocr_line' id='line_1_42' title="bbox 463 2524 2108 2598; baseline 0.007 -25"><span class='ocrx_word' id='word_1_299' title='bbox 463 2526 580 2575; x_wconf 88' lang='lat' dir='ltr'>rat.</span> <span class='ocrx_word' id='word_1_300' title='bbox 622 2544 645 2568; x_wconf 88' lang='grc'>››</span> <span class='ocrx_word' id='word_1_301' title='bbox 681 2524 843 2578; x_wconf 84' lang='lat' dir='ltr'>Unde</span> <span class='ocrx_word' id='word_1_302' title='bbox 872 2531 1029 2586; x_wconf 84' lang='lat' dir='ltr'>ettu,</span> <span class='ocrx_word' id='word_1_303' title='bbox 1062 2528 1115 2580; x_wconf 86' lang='lat' dir='ltr'>si</span> <span class='ocrx_word' id='word_1_304' title='bbox 1143 2543 1272 2581; x_wconf 84' lang='lat' dir='ltr'>cum</span> <span class='ocrx_word' id='word_1_305' title='bbox 1308 2536 1408 2582; x_wconf 84' lang='lat' dir='ltr'>tua</span> <span class='ocrx_word' id='word_1_306' title='bbox 1446 2532 1640 2583; x_wconf 84' lang='lat' dir='ltr'>salute</span> <span class='ocrx_word' id='word_1_307' title='bbox 1696 2531 1831 2583; x_wconf 87' lang='lat' dir='ltr'>aliis</span> <span class='ocrx_word' id='word_1_308' title='bbox 1880 2532 2108 2598; x_wconf 88' lang='lat' dir='ltr'>appetis</span> 
     </span>
    </p>
   </div>
   <div class='ocr_carea' id='block_1_43' title="bbox 455 2610 2107 2685">
    <p class='ocr_par' dir='ltr' id='par_1_43' title="bbox 455 2610 2107 2685">
     <span class='ocr_line' id='line_1_43' title="bbox 455 2610 2107 2685; baseline 0.005 -22"><span class='ocrx_word' id='word_1_309' title='bbox 455 2610 734 2677; x_wconf 85' lang='lat' dir='ltr'>prodesse</span> <span class='ocrx_word' id='word_1_310' title='bbox 760 2613 1090 2685; x_wconf 87' lang='lat' dir='ltr'>bonumque</span> <span class='ocrx_word' id='word_1_311' title='bbox 1118 2632 1263 2684; x_wconf 84' lang='lat' dir='ltr'>opus</span> <span class='ocrx_word' id='word_1_312' title='bbox 1311 2620 1365 2671; x_wconf 87' lang='lat' dir='ltr'>in</span> <span class='ocrx_word' id='word_1_313' title='bbox 1424 2620 1587 2671; x_wconf 86' lang='lat' dir='ltr'>omni</span> <span class='ocrx_word' id='word_1_314' title='bbox 1634 2619 1758 2672; x_wconf 74' lang='lat' dir='ltr'>lucu</span> <span class='ocrx_word' id='word_1_315' title='bbox 1809 2620 2107 2673; x_wconf 80' lang='lat' dir='ltr'>desideras</span> 
     </span>
    </p>
   </div>
   <div class='ocr_carea' id='block_1_44' title="bbox 460 2700 2107 2776">
    <p class='ocr_par' dir='ltr' id='par_1_44' title="bbox 460 2700 2107 2776">
     <span class='ocr_line' id='line_1_44' title="bbox 460 2700 2107 2776; baseline 0.007 -24"><span class='ocrx_word' id='word_1_316' title='bbox 460 2700 679 2765; x_wconf 87' lang='lat' dir='ltr'>adesse,</span> <span class='ocrx_word' id='word_1_317' title='bbox 703 2702 809 2755; x_wconf 87' lang='lat' dir='ltr'>sub</span> <span class='ocrx_word' id='word_1_318' title='bbox 841 2704 1049 2759; x_wconf 81' lang='lat' dir='ltr'>timore</span> <span class='ocrx_word' id='word_1_319' title='bbox 1088 2711 1140 2759; x_wconf 89' lang='lat' dir='ltr'>et</span> <span class='ocrx_word' id='word_1_320' title='bbox 1197 2707 1533 2761; x_wconf 75' lang='lat' dir='ltr'>humilitate</span> <span class='ocrx_word' id='word_1_321' title='bbox 1586 2708 1665 2761; x_wconf 87' lang='lat' dir='ltr'>ad</span> <span class='ocrx_word' id='word_1_322' title='bbox 1719 2710 2107 2776; x_wconf 79' lang='lat' dir='ltr'>episcopalem</span> 
     </span>
    </p>
   </div>
   <div class='ocr_carea' id='block_1_45' title="bbox 460 2788 2106 2864">
    <p class='ocr_par' dir='ltr' id='par_1_45' title="bbox 460 2788 2106 2864">
     <span class='ocr_line' id='line_1_45' title="bbox 460 2788 2106 2864; baseline 0.005 -23"><span class='ocrx_word' id='word_1_323' title='bbox 460 2788 725 2843; x_wconf 80' lang='lat' dir='ltr'>ordinem</span> <span class='ocrx_word' id='word_1_324' title='bbox 759 2797 1022 2859; x_wconf 86' lang='lat' dir='ltr'>vocatus,</span> <span class='ocrx_word' id='word_1_325' title='bbox 1061 2809 1133 2848; x_wconf 85' lang='lat' dir='ltr'>ne</span> <span class='ocrx_word' id='word_1_326' title='bbox 1170 2795 1399 2848; x_wconf 70' lang='grc' dir='ltr'>ίιὺηηίις</span> <span class='ocrx_word' id='word_1_327' title='bbox 1460 2796 1737 2849; x_wconf 72' lang='lat' dir='ltr'>accedere</span> <span class='ocrx_word' id='word_1_328' title='bbox 1766 2812 1787 2857; x_wconf 87' lang='grc'>,·</span> <span class='ocrx_word' id='word_1_329' title='bbox 1840 2798 2106 2864; x_wconf 78' lang='lat' dir='ltr'>alioquin</span> 
     </span>
    </p>
   </div>
   <div class='ocr_carea' id='block_1_46' title="bbox 460 2875 2111 2951">
    <p class='ocr_par' dir='ltr' id='par_1_46' title="bbox 460 2875 2111 2951">
     <span class='ocr_line' id='line_1_46' title="bbox 460 2875 2111 2951; baseline 0.005 -23"><span class='ocrx_word' id='word_1_330' title='bbox 460 2875 718 2931; x_wconf 85' lang='lat' dir='ltr'>incidere</span> <span class='ocrx_word' id='word_1_331' title='bbox 747 2879 963 2933; x_wconf 86' lang='lat' dir='ltr'>videris</span> <span class='ocrx_word' id='word_1_332' title='bbox 997 2882 1056 2933; x_wconf 86' lang='lat' dir='ltr'>in</span> <span class='ocrx_word' id='word_1_333' title='bbox 1090 2882 1246 2935; x_wconf 89' lang='lat' dir='ltr'>illud</span> <span class='ocrx_word' id='word_1_334' title='bbox 1275 2884 1433 2951; x_wconf 86' lang='lat' dir='ltr'>quod</span> <span class='ocrx_word' id='word_1_335' title='bbox 1472 2884 1665 2936; x_wconf 74' lang='lat' dir='ltr'>David</span> <span class='ocrx_word' id='word_1_336' title='bbox 1696 2884 1839 2938; x_wconf 83' lang='lat' dir='ltr'>dicit</span> <span class='ocrx_word' id='word_1_337' title='bbox 1860 2900 1881 2939; x_wconf 86' lang='lat'>.&#39;</span> <span class='ocrx_word' id='word_1_338' title='bbox 1941 2905 1966 2934; x_wconf 72' lang='grc' dir='ltr'>α</span> <span class='ocrx_word' id='word_1_339' title='bbox 1999 2885 2111 2948; x_wconf 84' lang='lat' dir='ltr'>Qui</span> 
     </span>
    </p>
   </div>
   <div class='ocr_carea' id='block_1_47' title="bbox 460 2964 2103 3038">
    <p class='ocr_par' dir='ltr' id='par_1_47' title="bbox 460 2964 2103 3038">
     <span class='ocr_line' id='line_1_47' title="bbox 460 2964 2103 3038; baseline 0.007 -23"><span class='ocrx_word' id='word_1_340' title='bbox 460 2964 651 3017; x_wconf 87' lang='lat' dir='ltr'>noluit</span> <span class='ocrx_word' id='word_1_341' title='bbox 707 2964 1189 3035; x_wconf 84' lang='lat' dir='ltr'>benedictionem,</span> <span class='ocrx_word' id='word_1_342' title='bbox 1245 2971 1623 3038; x_wconf 86' lang='lat' dir='ltr'>elongabitur</span> <span class='ocrx_word' id='word_1_343' title='bbox 1676 2973 1749 3025; x_wconf 93' lang='lat' dir='ltr'>ab</span> <span class='ocrx_word' id='word_1_344' title='bbox 1800 2988 1863 3027; x_wconf 89' lang='lat' dir='ltr'>eo</span> <span class='ocrx_word' id='word_1_345' title='bbox 1919 2974 2103 3026; x_wconf 67' lang='lat' dir='ltr'>.Psal.</span> 
     </span>
    </p>
   </div>
   <div class='ocr_carea' id='block_1_48' title="bbox 461 3053 2109 3123">
    <p class='ocr_par' dir='ltr' id='par_1_48' title="bbox 461 3053 2109 3123">
     <span class='ocr_line' id='line_1_48' title="bbox 461 3053 2109 3123; baseline 0.008 -21"><span class='ocrx_word' id='word_1_346' title='bbox 461 3065 609 3119; x_wconf 79' lang='lat' dir='ltr'>cvm,</span> <span class='ocrx_word' id='word_1_347' title='bbox 646 3053 748 3122; x_wconf 81' lang='lat' dir='ltr'>l8).</span> <span class='ocrx_word' id='word_1_348' title='bbox 784 3076 809 3101; x_wconf 93' lang='grc'><strong>››</strong></span> <span class='ocrx_word' id='word_1_349' title='bbox 844 3054 1012 3119; x_wconf 85' lang='lat' dir='ltr'>Quod</span> <span class='ocrx_word' id='word_1_350' title='bbox 1033 3072 1245 3111; x_wconf 86' lang='lat' dir='ltr'>cavens</span> <span class='ocrx_word' id='word_1_351' title='bbox 1288 3059 1653 3123; x_wconf 77' lang='lat' dir='ltr'>omnimodis,</span> <span class='ocrx_word' id='word_1_352' title='bbox 1712 3076 1925 3115; x_wconf 85' lang='lat' dir='ltr'>conare</span> <span class='ocrx_word' id='word_1_353' title='bbox 1977 3078 2109 3115; x_wconf 86' lang='lat' dir='ltr'>con-</span> 
     </span>
    </p>
   </div>
   <div class='ocr_carea' id='block_1_49' title="bbox 460 3142 2109 3216">
    <p class='ocr_par' dir='ltr' id='par_1_49' title="bbox 460 3142 2109 3216">
     <span class='ocr_line' id='line_1_49' title="bbox 460 3142 2109 3216; baseline 0.008 -25"><span class='ocrx_word' id='word_1_354' title='bbox 460 3142 772 3194; x_wconf 87' lang='lat' dir='ltr'>numerari</span> <span class='ocrx_word' id='word_1_355' title='bbox 798 3157 929 3195; x_wconf 88' lang='lat' dir='ltr'>cum</span> <span class='ocrx_word' id='word_1_356' title='bbox 954 3144 1096 3209; x_wconf 83' lang='lat' dir='ltr'>illis,</span> <span class='ocrx_word' id='word_1_357' title='bbox 1131 3145 1204 3198; x_wconf 85' lang='lat' dir='ltr'>de</span> <span class='ocrx_word' id='word_1_358' title='bbox 1228 3146 1438 3213; x_wconf 84' lang='lat' dir='ltr'>quibus</span> <span class='ocrx_word' id='word_1_359' title='bbox 1463 3149 1745 3213; x_wconf 76' lang='lat' dir='ltr'>scriptum</span> <span class='ocrx_word' id='word_1_360' title='bbox 1777 3156 1854 3202; x_wconf 87' lang='lat' dir='ltr'>est</span> <span class='ocrx_word' id='word_1_361' title='bbox 1887 3165 1907 3203; x_wconf 90' lang='grc'>.·</span> <span class='ocrx_word' id='word_1_362' title='bbox 1938 3177 1957 3199; x_wconf 79' lang='grc' dir='ltr'>ι</span> <span class='ocrx_word' id='word_1_363' title='bbox 1998 3151 2109 3216; x_wconf 86' lang='lat' dir='ltr'>Qui</span> 
     </span>
    </p>
   </div>
   <div class='ocr_carea' id='block_1_50' title="bbox 460 3228 2107 3305">
    <p class='ocr_par' dir='ltr' id='par_1_50' title="bbox 460 3228 2107 3305">
     <span class='ocr_line' id='line_1_50' title="bbox 460 3228 2107 3305; baseline 0.006 -23"><span class='ocrx_word' id='word_1_364' title='bbox 460 3233 657 3282; x_wconf 85' lang='lat' dir='ltr'>autem</span> <span class='ocrx_word' id='word_1_365' title='bbox 681 3228 844 3283; x_wconf 87' lang='lat' dir='ltr'>docti</span> <span class='ocrx_word' id='word_1_366' title='bbox 867 3232 1118 3301; x_wconf 78' lang='lat' dir='ltr'>fuerint,</span> <span class='ocrx_word' id='word_1_367' title='bbox 1150 3234 1472 3301; x_wconf 84' lang='lat' dir='ltr'>fulgebunt</span> <span class='ocrx_word' id='word_1_368' title='bbox 1507 3237 1679 3304; x_wconf 86' lang='lat' dir='ltr'>quasi</span> <span class='ocrx_word' id='word_1_369' title='bbox 1705 3238 1987 3304; x_wconf 82' lang='lat' dir='ltr'>splendor</span> <span class='ocrx_word' id='word_1_370' title='bbox 2008 3241 2107 3305; x_wconf 77' lang='lat' dir='ltr'>fir-</span> 
     </span>
    </p>
   </div>
   <div class='ocr_carea' id='block_1_51' title="bbox 459 3317 2102 3393">
    <p class='ocr_par' dir='ltr' id='par_1_51' title="bbox 459 3317 2102 3393">
     <span class='ocr_line' id='line_1_51' title="bbox 459 3317 2102 3393; baseline 0.007 -25"><span class='ocrx_word' id='word_1_371' title='bbox 459 3317 760 3382; x_wconf 87' lang='lat' dir='ltr'>mamenti,</span> <span class='ocrx_word' id='word_1_372' title='bbox 803 3322 856 3372; x_wconf 79' lang='lat' dir='ltr'>et</span> <span class='ocrx_word' id='word_1_373' title='bbox 905 3320 1008 3387; x_wconf 88' lang='lat' dir='ltr'>qui</span> <span class='ocrx_word' id='word_1_374' title='bbox 1053 3319 1133 3373; x_wconf 90' lang='lat' dir='ltr'>ad</span> <span class='ocrx_word' id='word_1_375' title='bbox 1179 3322 1490 3388; x_wconf 77' lang='lat' dir='ltr'>justiciam</span> <span class='ocrx_word' id='word_1_376' title='bbox 1541 3324 1820 3379; x_wconf 83' lang='lat' dir='ltr'>erudiunt</span> <span class='ocrx_word' id='word_1_377' title='bbox 1868 3328 2102 3393; x_wconf 87' lang='lat' dir='ltr'>multos,</span> 
     </span>
    </p>
   </div>
   <div class='ocr_carea' id='block_1_52' title="bbox 457 3406 2101 3487">
    <p class='ocr_par' dir='ltr' id='par_1_52' title="bbox 457 3406 2101 3487">
     <span class='ocr_line' id='line_1_52' title="bbox 457 3406 2101 3487; baseline 0.009 -31"><span class='ocrx_word' id='word_1_378' title='bbox 457 3406 631 3475; x_wconf 88' lang='lat' dir='ltr'>quasi</span> <span class='ocrx_word' id='word_1_379' title='bbox 655 3406 842 3460; x_wconf 67' lang='lat' dir='ltr'>stellae</span> <span class='ocrx_word' id='word_1_380' title='bbox 870 3408 932 3460; x_wconf 87' lang='lat' dir='ltr'>in</span> <span class='ocrx_word' id='word_1_381' title='bbox 958 3414 1277 3477; x_wconf 86' lang='lat' dir='ltr'>perpetuas</span> <span class='ocrx_word' id='word_1_382' title='bbox 1307 3413 1661 3467; x_wconf 65' lang='lat' dir='ltr'>mterm’tates</span> <span class='ocrx_word' id='word_1_383' title='bbox 1688 3415 1863 3479; x_wconf 88' lang='lat' dir='ltr'>(Dan.</span> <span class='ocrx_word' id='word_1_384' title='bbox 1899 3433 1996 3479; x_wconf 84' lang='lat' dir='ltr'>xu,</span> <span class='ocrx_word' id='word_1_385' title='bbox 2030 3420 2101 3487; x_wconf 87' lang='lat'>3).</span> 
     </span>
    </p>
   </div>
   <div class='ocr_carea' id='block_1_53' title="bbox 455 3492 2103 3574">
    <p class='ocr_par' dir='ltr' id='par_1_53' title="bbox 455 3492 2103 3574">
     <span class='ocr_line' id='line_1_53' title="bbox 455 3492 2103 3574; baseline 0.008 -27"><span class='ocrx_word' id='word_1_386' title='bbox 455 3492 656 3561; x_wconf 85' lang='lat' dir='ltr'>Hujus</span> <span class='ocrx_word' id='word_1_387' title='bbox 685 3497 855 3565; x_wconf 85' lang='lat' dir='ltr'>atqui</span> <span class='ocrx_word' id='word_1_388' title='bbox 882 3499 1224 3553; x_wconf 67' lang='lat' dir='ltr'>executione</span> <span class='ocrx_word' id='word_1_389' title='bbox 1254 3500 1443 3567; x_wconf 77' lang='lat' dir='ltr'>officii</span> <span class='ocrx_word' id='word_1_390' title='bbox 1474 3504 1779 3568; x_wconf 75' lang='lat' dir='ltr'>pervenies</span> <span class='ocrx_word' id='word_1_391' title='bbox 1837 3505 1917 3558; x_wconf 89' lang='lat' dir='ltr'>ad</span> <span class='ocrx_word' id='word_1_392' title='bbox 1974 3506 2103 3574; x_wconf 89' lang='lat' dir='ltr'>hoc,</span> 
     </span>
    </p>
   </div>
   <div class='ocr_carea' id='block_1_54' title="bbox 455 3582 2106 3655">
    <p class='ocr_par' dir='ltr' id='par_1_54' title="bbox 455 3582 2106 3655">
     <span class='ocr_line' id='line_1_54' title="bbox 455 3582 2106 3655; baseline 0.008 -21"><span class='ocrx_word' id='word_1_393' title='bbox 455 3586 521 3635; x_wconf 86' lang='lat' dir='ltr'>ut</span> <span class='ocrx_word' id='word_1_394' title='bbox 546 3582 606 3635; x_wconf 90' lang='lat' dir='ltr'>in</span> <span class='ocrx_word' id='word_1_395' title='bbox 637 3584 1025 3640; x_wconf 82' lang='lat' dir='ltr'>retributione</span> <span class='ocrx_word' id='word_1_396' title='bbox 1043 3590 1370 3655; x_wconf 81' lang='lat' dir='ltr'>justarum,</span> <span class='ocrx_word' id='word_1_397' title='bbox 1421 3590 1531 3643; x_wconf 88' lang='lat' dir='ltr'>tibi</span> <span class='ocrx_word' id='word_1_398' title='bbox 1565 3591 1725 3645; x_wconf 76' lang='lat' dir='ltr'>dicat</span> <span class='ocrx_word' id='word_1_399' title='bbox 1766 3594 2106 3648; x_wconf 84' lang='lat' dir='ltr'>dominator</span> 
     </span>
    </p>
   </div>
   <div class='ocr_carea' id='block_1_55' title="bbox 454 3671 2101 3750">
    <p class='ocr_par' dir='ltr' id='par_1_55' title="bbox 454 3671 2101 3750">
     <span class='ocr_line' id='line_1_55' title="bbox 454 3671 2101 3750; baseline 0.008 -27"><span class='ocrx_word' id='word_1_400' title='bbox 454 3671 715 3725; x_wconf 86' lang='lat' dir='ltr'>omnium</span> <span class='ocrx_word' id='word_1_401' title='bbox 735 3688 758 3727; x_wconf 83' lang='lat'>.&#39;</span> <span class='ocrx_word' id='word_1_402' title='bbox 810 3694 837 3719; x_wconf 82' lang='lat'><strong><em>«</em></strong></span> <span class='ocrx_word' id='word_1_403' title='bbox 864 3673 1053 3742; x_wconf 89' lang='lat' dir='ltr'>Euge,</span> <span class='ocrx_word' id='word_1_404' title='bbox 1106 3690 1271 3730; x_wconf 83' lang='lat' dir='ltr'>serve</span> <span class='ocrx_word' id='word_1_405' title='bbox 1321 3678 1465 3732; x_wconf 85' lang='lat' dir='ltr'>bone</span> <span class='ocrx_word' id='word_1_406' title='bbox 1513 3684 1565 3733; x_wconf 83' lang='lat' dir='ltr'>et</span> <span class='ocrx_word' id='word_1_407' title='bbox 1608 3680 1823 3748; x_wconf 83' lang='lat' dir='ltr'>ﬁdelis,</span> <span class='ocrx_word' id='word_1_408' title='bbox 1856 3683 1996 3750; x_wconf 88' lang='lat' dir='ltr'>quia</span> <span class='ocrx_word' id='word_1_409' title='bbox 2040 3683 2101 3736; x_wconf 87' lang='lat' dir='ltr'>in</span> 
     </span>
    </p>
   </div>
   <div class='ocr_carea' id='block_1_56' title="bbox 446 3762 2106 3839">
    <p class='ocr_par' dir='ltr' id='par_1_56' title="bbox 446 3762 2106 3839">
     <span class='ocr_line' id='line_1_56' title="bbox 446 3762 2106 3839; baseline 0.008 -27"><span class='ocrx_word' id='word_1_410' title='bbox 446 3773 649 3826; x_wconf 86' lang='lat' dir='ltr'>pauca</span> <span class='ocrx_word' id='word_1_411' title='bbox 671 3762 851 3829; x_wconf 84' lang='lat' dir='ltr'>fuisti</span> <span class='ocrx_word' id='word_1_412' title='bbox 875 3763 1090 3827; x_wconf 80' lang='lat' dir='ltr'>ﬁdelis,</span> <span class='ocrx_word' id='word_1_413' title='bbox 1125 3780 1301 3832; x_wconf 83' lang='lat' dir='ltr'>super</span> <span class='ocrx_word' id='word_1_414' title='bbox 1355 3769 1545 3822; x_wconf 86' lang='lat' dir='ltr'>multa</span> <span class='ocrx_word' id='word_1_415' title='bbox 1594 3773 1649 3822; x_wconf 90' lang='lat' dir='ltr'>te</span> <span class='ocrx_word' id='word_1_416' title='bbox 1702 3772 2055 3825; x_wconf 84' lang='lat' dir='ltr'>constituam</span> <span class='ocrx_word' id='word_1_417' title='bbox 2082 3787 2106 3839; x_wconf 82' lang='lat'>,&#39;</span> 
     </span>
    </p>
   </div>
   <div class='ocr_carea' id='block_1_57' title="bbox 457 3846 2102 3927">
    <p class='ocr_par' dir='ltr' id='par_1_57' title="bbox 457 3846 2102 3927">
     <span class='ocr_line' id='line_1_57' title="bbox 457 3846 2102 3927; baseline 0.01 -29"><span class='ocrx_word' id='word_1_418' title='bbox 457 3846 619 3900; x_wconf 84' lang='lat' dir='ltr'>intra</span> <span class='ocrx_word' id='word_1_419' title='bbox 650 3847 707 3900; x_wconf 89' lang='lat' dir='ltr'>in</span> <span class='ocrx_word' id='word_1_420' title='bbox 739 3849 1025 3915; x_wconf 86' lang='lat' dir='ltr'>gaudium</span> <span class='ocrx_word' id='word_1_421' title='bbox 1058 3853 1297 3909; x_wconf 84' lang='lat' dir='ltr'>Domini</span> <span class='ocrx_word' id='word_1_422' title='bbox 1324 3856 1415 3909; x_wconf 89' lang='lat' dir='ltr'>tui</span> <span class='ocrx_word' id='word_1_423' title='bbox 1441 3855 1678 3925; x_wconf 76' lang='lat' dir='ltr'>(Matth.</span> <span class='ocrx_word' id='word_1_424' title='bbox 1704 3873 1836 3923; x_wconf 77' lang='lat' dir='ltr'>xxv,</span> <span class='ocrx_word' id='word_1_425' title='bbox 1859 3860 1966 3927; x_wconf 80' lang='lat'>‘23).</span> <span class='ocrx_word' id='word_1_426' title='bbox 2000 3862 2102 3913; x_wconf 89' lang='lat' dir='ltr'>Ta-</span> 
     </span>
    </p>
   </div>
   <div class='ocr_carea' id='block_1_58' title="bbox 455 3929 2100 4012">
    <p class='ocr_par' dir='ltr' id='par_1_58' title="bbox 455 3929 2100 4012">
     <span class='ocr_line' id='line_1_58' title="bbox 455 3929 2100 4012; baseline 0.01 -29"><span class='ocrx_word' id='word_1_427' title='bbox 455 3929 535 3984; x_wconf 85' lang='lat' dir='ltr'>lia</span> <span class='ocrx_word' id='word_1_428' title='bbox 559 3947 801 4003; x_wconf 91' lang='lat' dir='ltr'>quoque</span> <span class='ocrx_word' id='word_1_429' title='bbox 830 3936 1105 4006; x_wconf 84' lang='lat' dir='ltr'>pontiﬁce</span> <span class='ocrx_word' id='word_1_430' title='bbox 1140 3941 1553 4012; x_wconf 87' lang='lat' dir='ltr'>proloquente,</span> <span class='ocrx_word' id='word_1_431' title='bbox 1588 3942 1675 3995; x_wconf 88' lang='lat' dir='ltr'>vir</span> <span class='ocrx_word' id='word_1_432' title='bbox 1722 3946 2100 4000; x_wconf 81' lang='lat' dir='ltr'>venerandus</span> 
     </span>
    </p>
   </div>
   <div class='ocr_carea' id='block_1_59' title="bbox 455 4021 2099 4099">
    <p class='ocr_par' dir='ltr' id='par_1_59' title="bbox 455 4021 2099 4099">
     <span class='ocr_line' id='line_1_59' title="bbox 455 4021 2099 4099; baseline 0.01 -28"><span class='ocrx_word' id='word_1_433' title='bbox 455 4032 565 4089; x_wconf 89' lang='lat' dir='ltr'>per</span> <span class='ocrx_word' id='word_1_434' title='bbox 592 4021 803 4076; x_wconf 89' lang='lat' dir='ltr'>mentis</span> <span class='ocrx_word' id='word_1_435' title='bbox 852 4027 1315 4096; x_wconf 86' lang='lat' dir='ltr'>speculationem</span> <span class='ocrx_word' id='word_1_436' title='bbox 1373 4030 1835 4099; x_wconf 84' lang='lat' dir='ltr'>dispensationis</span> <span class='ocrx_word' id='word_1_437' title='bbox 1890 4032 2099 4087; x_wconf 64' lang='lat' dir='ltr'>divinae</span> 
     </span>
    </p>
   </div>
   <div class='ocr_carea' id='block_1_60' title="bbox 456 4105 2103 4188">
    <p class='ocr_par' dir='ltr' id='par_1_60' title="bbox 456 4105 2103 4188">
     <span class='ocr_line' id='line_1_60' title="bbox 456 4105 2103 4188; baseline 0.01 -29"><span class='ocrx_word' id='word_1_438' title='bbox 456 4105 689 4162; x_wconf 90' lang='lat' dir='ltr'>intuens</span> <span class='ocrx_word' id='word_1_439' title='bbox 734 4112 1141 4186; x_wconf 87' lang='lat' dir='ltr'>moderamen,</span> <span class='ocrx_word' id='word_1_440' title='bbox 1200 4118 1587 4188; x_wconf 82' lang='lat' dir='ltr'>subsequitur</span> <span class='ocrx_word' id='word_1_441' title='bbox 1645 4117 1892 4174; x_wconf 90' lang='lat' dir='ltr'>dicens:</span> <span class='ocrx_word' id='word_1_442' title='bbox 1952 4122 2103 4176; x_wconf 89' lang='lat' dir='ltr'>Ecce</span> 
     </span>
    </p>
   </div>
   <div class='ocr_carea' id='block_1_61' title="bbox 454 4201 2099 4273">
    <p class='ocr_par' dir='ltr' id='par_1_61' title="bbox 454 4201 2099 4273">
     <span class='ocr_line' id='line_1_61' title="bbox 454 4201 2099 4273; baseline 0.009 -23"><span class='ocrx_word' id='word_1_443' title='bbox 454 4212 654 4253; x_wconf 85' lang='lat' dir='ltr'>servus</span> <span class='ocrx_word' id='word_1_444' title='bbox 676 4201 932 4273; x_wconf 87' lang='lat' dir='ltr'>Domini,</span> <span class='ocrx_word' id='word_1_445' title='bbox 961 4206 1069 4273; x_wconf 80' lang='lat' dir='ltr'>ﬁat</span> <span class='ocrx_word' id='word_1_446' title='bbox 1103 4208 1253 4262; x_wconf 86' lang='lat' dir='ltr'>mihi</span> <span class='ocrx_word' id='word_1_447' title='bbox 1281 4206 1605 4260; x_wconf 84' lang='lat' dir='ltr'>secundum</span> <span class='ocrx_word' id='word_1_448' title='bbox 1638 4207 1875 4263; x_wconf 87' lang='lat' dir='ltr'>verbum</span> <span class='ocrx_word' id='word_1_449' title='bbox 1936 4214 2099 4265; x_wconf 89' lang='lat' dir='ltr'>tuum</span> 
     </span>
    </p>
   </div>
   <div class='ocr_carea' id='block_1_62' title="bbox 454 4284 2100 4368">
    <p class='ocr_par' dir='ltr' id='par_1_62' title="bbox 454 4284 2100 4368">
     <span class='ocr_line' id='line_1_62' title="bbox 454 4284 2100 4368; baseline 0.008 -28"><span class='ocrx_word' id='word_1_450' title='bbox 454 4284 616 4356; x_wconf 89' lang='lat' dir='ltr'>(Luc.</span> <span class='ocrx_word' id='word_1_451' title='bbox 652 4305 687 4357; x_wconf 79' lang='grc' dir='ltr'>ι,</span> <span class='ocrx_word' id='word_1_452' title='bbox 721 4293 828 4363; x_wconf 88' lang='grc'>38).</span> <span class='ocrx_word' id='word_1_453' title='bbox 862 4296 1020 4350; x_wconf 90' lang='lat' dir='ltr'>Tunc</span> <span class='ocrx_word' id='word_1_454' title='bbox 1048 4300 1286 4366; x_wconf 90' lang='lat' dir='ltr'>arrepto</span> <span class='ocrx_word' id='word_1_455' title='bbox 1312 4294 1512 4348; x_wconf 82' lang='lat' dir='ltr'>itinere</span> <span class='ocrx_word' id='word_1_456' title='bbox 1539 4312 1676 4349; x_wconf 91' lang='lat' dir='ltr'>cum</span> <span class='ocrx_word' id='word_1_457' title='bbox 1700 4296 1789 4350; x_wconf 91' lang='lat' dir='ltr'>his</span> <span class='ocrx_word' id='word_1_458' title='bbox 1815 4297 1917 4368; x_wconf 89' lang='lat' dir='ltr'>qui</span> <span class='ocrx_word' id='word_1_459' title='bbox 1936 4298 2100 4354; x_wconf 85' lang='lat' dir='ltr'>missi</span> 
     </span>
    </p>
   </div>
   <div class='ocr_carea' id='block_1_63' title="bbox 453 4379 2097 4454">
    <p class='ocr_par' dir='ltr' id='par_1_63' title="bbox 453 4379 2097 4454">
     <span class='ocr_line' id='line_1_63' title="bbox 453 4379 2097 4454; baseline 0.008 -26"><span class='ocrx_word' id='word_1_460' title='bbox 453 4379 983 4453; x_wconf 89' lang='lat' dir='ltr'>erantaprineipe,</span> <span class='ocrx_word' id='word_1_461' title='bbox 1047 4382 1291 4437; x_wconf 83' lang='lat' dir='ltr'>tetendit</span> <span class='ocrx_word' id='word_1_462' title='bbox 1346 4382 1404 4435; x_wconf 91' lang='lat' dir='ltr'>in</span> <span class='ocrx_word' id='word_1_463' title='bbox 1466 4388 1663 4454; x_wconf 89' lang='lat' dir='ltr'>partes</span> <span class='ocrx_word' id='word_1_464' title='bbox 1705 4385 2097 4441; x_wconf 77' lang='lat' dir='ltr'>occidentales</span> 
     </span>
    </p>
   </div>
   <div class='ocr_carea' id='block_1_64' title="bbox 452 4464 2095 4543">
    <p class='ocr_par' dir='ltr' id='par_1_64' title="bbox 452 4464 2095 4543">
     <span class='ocr_line' id='line_1_64' title="bbox 452 4464 2095 4543; baseline 0.009 -26"><span class='ocrx_word' id='word_1_465' title='bbox 452 4464 752 4534; x_wconf 69' lang='lat' dir='ltr'>Bajoarire.</span> <span class='ocrx_word' id='word_1_466' title='bbox 780 4470 1046 4543; x_wconf 88' lang='lat' dir='ltr'>Cumque</span> <span class='ocrx_word' id='word_1_467' title='bbox 1075 4475 1435 4542; x_wconf 78' lang='lat' dir='ltr'>perventum</span> <span class='ocrx_word' id='word_1_468' title='bbox 1474 4479 1625 4527; x_wconf 80' lang='lat' dir='ltr'>esset</span> <span class='ocrx_word' id='word_1_469' title='bbox 1682 4474 1757 4528; x_wconf 89' lang='lat' dir='ltr'>ad</span> <span class='ocrx_word' id='word_1_470' title='bbox 1814 4476 2095 4543; x_wconf 76' lang='lat' dir='ltr'>Reginam</span> 
     </span>
    </p>
   </div>
   <div class='ocr_carea' id='block_1_65' title="bbox 452 4551 2096 4630">
    <p class='ocr_par' dir='ltr' id='par_1_65' title="bbox 452 4551 2096 4630">
     <span class='ocr_line' id='line_1_65' title="bbox 452 4551 2096 4630; baseline 0.008 -24"><span class='ocrx_word' id='word_1_471' title='bbox 452 4551 767 4627; x_wconf 88' lang='lat' dir='ltr'>civitatem,</span> <span class='ocrx_word' id='word_1_472' title='bbox 802 4558 993 4613; x_wconf 86' lang='lat' dir='ltr'>clerus</span> <span class='ocrx_word' id='word_1_473' title='bbox 1033 4564 1090 4613; x_wconf 91' lang='lat' dir='ltr'>et</span> <span class='ocrx_word' id='word_1_474' title='bbox 1120 4560 1380 4630; x_wconf 89' lang='lat' dir='ltr'>populus</span> <span class='ocrx_word' id='word_1_475' title='bbox 1405 4562 1739 4617; x_wconf 87' lang='lat' dir='ltr'>secundum</span> <span class='ocrx_word' id='word_1_476' title='bbox 1762 4579 1988 4618; x_wconf 87' lang='lat' dir='ltr'>morem</span> <span class='ocrx_word' id='word_1_477' title='bbox 2007 4582 2096 4620; x_wconf 91' lang='lat' dir='ltr'>ec-</span> 
     </span>
    </p>
   </div>
   <div class='ocr_carea' id='block_1_66' title="bbox 450 4639 2092 4719">
    <p class='ocr_par' dir='ltr' id='par_1_66' title="bbox 450 4639 2092 4719">
     <span class='ocr_line' id='line_1_66' title="bbox 450 4639 2092 4719; baseline 0.009 -26"><span class='ocrx_word' id='word_1_478' title='bbox 450 4639 840 4701; x_wconf 84' lang='lat' dir='ltr'>clesiasticum</span> <span class='ocrx_word' id='word_1_479' title='bbox 874 4646 1236 4701; x_wconf 90' lang='lat' dir='ltr'>unanimiter</span> <span class='ocrx_word' id='word_1_480' title='bbox 1262 4649 1586 4719; x_wconf 85' lang='lat' dir='ltr'>episcopali</span> <span class='ocrx_word' id='word_1_481' title='bbox 1618 4649 1771 4705; x_wconf 82' lang='lat' dir='ltr'>facta</span> <span class='ocrx_word' id='word_1_482' title='bbox 1788 4651 2092 4719; x_wconf 89' lang='lat' dir='ltr'>electione,</span> 
     </span>
    </p>
   </div>
   <div class='ocr_carea' id='block_1_67' title="bbox 450 4728 2092 4804">
    <p class='ocr_par' dir='ltr' id='par_1_67' title="bbox 450 4728 2092 4804">
     <span class='ocr_line' id='line_1_67' title="bbox 450 4728 2092 4804; baseline 0.008 -21"><span class='ocrx_word' id='word_1_483' title='bbox 450 4728 525 4783; x_wconf 87' lang='lat' dir='ltr'>ad</span> <span class='ocrx_word' id='word_1_484' title='bbox 550 4729 972 4804; x_wconf 88' lang='lat' dir='ltr'>imperatorem</span> <span class='ocrx_word' id='word_1_485' title='bbox 1008 4750 1145 4789; x_wconf 88' lang='lat' dir='ltr'>eum</span> <span class='ocrx_word' id='word_1_486' title='bbox 1179 4735 1469 4790; x_wconf 83' lang='lat' dir='ltr'>miserunt</span> <span class='ocrx_word' id='word_1_487' title='bbox 1499 4754 1633 4791; x_wconf 92' lang='lat' dir='ltr'>cum</span> <span class='ocrx_word' id='word_1_488' title='bbox 1673 4739 1989 4795; x_wconf 85' lang='lat' dir='ltr'>universali</span> <span class='ocrx_word' id='word_1_489' title='bbox 2010 4741 2092 4797; x_wconf 93' lang='lat' dir='ltr'>le-</span> 
     </span>
    </p>
   </div>
   <div class='ocr_carea' id='block_1_68' title="bbox 399 4818 2093 4895">
    <p class='ocr_par' dir='ltr' id='par_1_68' title="bbox 399 4818 2093 4895">
     <span class='ocr_line' id='line_1_68' title="bbox 399 4818 2093 4895; baseline 0.008 -23"><span class='ocrx_word' id='word_1_490' title='bbox 399 4866 425 4892; x_wconf 71' lang='grc'><em>,</em></span> <span class='ocrx_word' id='word_1_491' title='bbox 450 4818 703 4885; x_wconf 82' lang='lat' dir='ltr'>gatione.</span> <span class='ocrx_word' id='word_1_492' title='bbox 741 4823 870 4887; x_wconf 89' lang='lat' dir='ltr'>Qua</span> <span class='ocrx_word' id='word_1_493' title='bbox 895 4823 1215 4877; x_wconf 91' lang='lat' dir='ltr'>clementer</span> <span class='ocrx_word' id='word_1_494' title='bbox 1246 4831 1541 4895; x_wconf 79' lang='lat' dir='ltr'>suscepta,</span> <span class='ocrx_word' id='word_1_495' title='bbox 1584 4831 1639 4879; x_wconf 90' lang='lat' dir='ltr'>et</span> <span class='ocrx_word' id='word_1_496' title='bbox 1660 4826 1834 4882; x_wconf 90' lang='lat' dir='ltr'>beato</span> <span class='ocrx_word' id='word_1_497' title='bbox 1866 4829 1989 4883; x_wconf 88' lang='lat' dir='ltr'>viro</span> <span class='ocrx_word' id='word_1_498' title='bbox 2016 4830 2093 4885; x_wconf 91' lang='lat' dir='ltr'>ab</span> 
     </span>
    </p>
   </div>
   <div class='ocr_carea' id='block_1_69' title="bbox 448 4908 2094 4985">
    <p class='ocr_par' dir='ltr' id='par_1_69' title="bbox 448 4908 2094 4985">
     <span class='ocr_line' id='line_1_69' title="bbox 448 4908 2094 4985; baseline 0.009 -24"><span class='ocrx_word' id='word_1_499' title='bbox 448 4908 741 4982; x_wconf 85' lang='lat' dir='ltr'>episcopis</span> <span class='ocrx_word' id='word_1_500' title='bbox 773 4911 1047 4982; x_wconf 89' lang='lat' dir='ltr'>probato,</span> <span class='ocrx_word' id='word_1_501' title='bbox 1082 4928 1151 4967; x_wconf 87' lang='lat' dir='ltr'>ac</span> <span class='ocrx_word' id='word_1_502' title='bbox 1178 4928 1450 4967; x_wconf 85' lang='lat' dir='ltr'>sermone</span> <span class='ocrx_word' id='word_1_503' title='bbox 1481 4915 1538 4967; x_wconf 92' lang='lat' dir='ltr'>in</span> <span class='ocrx_word' id='word_1_504' title='bbox 1565 4930 1770 4985; x_wconf 88' lang='lat' dir='ltr'>presen</span> <span class='ocrx_word' id='word_1_505' title='bbox 1786 4916 1858 4971; x_wconf 88' lang='lat' dir='ltr'>tia</span> <span class='ocrx_word' id='word_1_506' title='bbox 1887 4934 2094 4974; x_wconf 89' lang='lat' dir='ltr'>eorum</span> 
     </span>
    </p>
   </div>
   <div class='ocr_carea' id='block_1_70' title="bbox 448 4997 2093 5073">
    <p class='ocr_par' dir='ltr' id='par_1_70' title="bbox 448 4997 2093 5073">
     <span class='ocr_line' id='line_1_70' title="bbox 448 4997 2093 5073; baseline 0.006 -21"><span class='ocrx_word' id='word_1_507' title='bbox 448 4997 524 5052; x_wconf 86' lang='lat' dir='ltr'>ab</span> <span class='ocrx_word' id='word_1_508' title='bbox 553 4998 683 5071; x_wconf 89' lang='lat' dir='ltr'>ipso</span> <span class='ocrx_word' id='word_1_509' title='bbox 714 5000 1011 5071; x_wconf 88' lang='lat' dir='ltr'>sapienter</span> <span class='ocrx_word' id='word_1_510' title='bbox 1053 5000 1306 5071; x_wconf 89' lang='lat' dir='ltr'>prolato,</span> <span class='ocrx_word' id='word_1_511' title='bbox 1367 5002 1686 5073; x_wconf 87' lang='lat' dir='ltr'>imperialis</span> <span class='ocrx_word' id='word_1_512' title='bbox 1734 5023 1870 5061; x_wconf 89' lang='lat' dir='ltr'>eum</span> <span class='ocrx_word' id='word_1_513' title='bbox 1926 5024 2093 5062; x_wconf 88' lang='lat' dir='ltr'>assu-</span> 
     </span>
    </p>
   </div>
   <div class='ocr_carea' id='block_1_71' title="bbox 445 5088 2091 5162">
    <p class='ocr_par' dir='ltr' id='par_1_71' title="bbox 445 5088 2091 5162">
     <span class='ocr_line' id='line_1_71' title="bbox 445 5088 2091 5162; baseline 0.007 -21"><span class='ocrx_word' id='word_1_514' title='bbox 445 5102 615 5142; x_wconf 89' lang='lat' dir='ltr'>mens</span> <span class='ocrx_word' id='word_1_515' title='bbox 645 5089 909 5159; x_wconf 89' lang='lat' dir='ltr'>potentia</span> <span class='ocrx_word' id='word_1_516' title='bbox 940 5088 1183 5160; x_wconf 90' lang='lat' dir='ltr'>pediam</span> <span class='ocrx_word' id='word_1_517' title='bbox 1219 5095 1329 5153; x_wconf 69' lang='lat'>(933)</span> <span class='ocrx_word' id='word_1_518' title='bbox 1388 5094 1748 5162; x_wconf 79' lang='lat' dir='ltr'>pastoralem</span> <span class='ocrx_word' id='word_1_519' title='bbox 1802 5098 2091 5153; x_wconf 87' lang='lat' dir='ltr'>honorem</span> 
     </span>
    </p>
   </div>
   <div class='ocr_carea' id='block_1_72' title="bbox 446 5174 2096 5253">
    <p class='ocr_par' dir='ltr' id='par_1_72' title="bbox 446 5174 2096 5253">
     <span class='ocr_line' id='line_1_72' title="bbox 446 5174 2096 5253; baseline 0.007 -24"><span class='ocrx_word' id='word_1_520' title='bbox 446 5174 498 5230; x_wconf 92' lang='lat' dir='ltr'>ei</span> <span class='ocrx_word' id='word_1_521' title='bbox 518 5175 681 5230; x_wconf 90' lang='lat' dir='ltr'>dedit</span> <span class='ocrx_word' id='word_1_522' title='bbox 709 5176 1111 5247; x_wconf 87' lang='lat' dir='ltr'>pontiﬁcalem</span> <span class='ocrx_word' id='word_1_523' title='bbox 1146 5196 1157 5244; x_wconf 94' lang='lat'>;</span> <span class='ocrx_word' id='word_1_524' title='bbox 1194 5180 1531 5253; x_wconf 81' lang='lat' dir='ltr'>statimque,</span> <span class='ocrx_word' id='word_1_525' title='bbox 1569 5189 1628 5238; x_wconf 87' lang='lat' dir='ltr'>ut</span> <span class='ocrx_word' id='word_1_526' title='bbox 1658 5200 1864 5239; x_wconf 87' lang='lat' dir='ltr'>curam</span> <span class='ocrx_word' id='word_1_527' title='bbox 1918 5187 2007 5240; x_wconf 90' lang='lat' dir='ltr'>sui</span> <span class='ocrx_word' id='word_1_528' title='bbox 2039 5192 2096 5241; x_wconf 89' lang='lat' dir='ltr'>et</span> 
     </span>
    </p>
   </div>
   <div class='ocr_carea' id='block_1_73' title="bbox 449 5263 2092 5346">
    <p class='ocr_par' dir='ltr' id='par_1_73' title="bbox 449 5263 2092 5346">
     <span class='ocr_line' id='line_1_73' title="bbox 449 5263 2092 5346; baseline 0.01 -33"><span class='ocrx_word' id='word_1_529' title='bbox 449 5277 692 5331; x_wconf 79' lang='lat' dir='ltr'>gregem</span> <span class='ocrx_word' id='word_1_530' title='bbox 720 5263 1093 5320; x_wconf 91' lang='lat' dir='ltr'>dominicum</span> <span class='ocrx_word' id='word_1_531' title='bbox 1125 5265 1205 5321; x_wconf 90' lang='lat' dir='ltr'>illi</span> <span class='ocrx_word' id='word_1_532' title='bbox 1236 5269 1551 5335; x_wconf 86' lang='lat' dir='ltr'>commisit,</span> <span class='ocrx_word' id='word_1_533' title='bbox 1580 5288 1699 5327; x_wconf 91' lang='lat' dir='ltr'>non</span> <span class='ocrx_word' id='word_1_534' title='bbox 1738 5289 1874 5328; x_wconf 87' lang='lat' dir='ltr'>cum</span> <span class='ocrx_word' id='word_1_535' title='bbox 1904 5291 2092 5346; x_wconf 88' lang='lat' dir='ltr'>parvo</span> 
     </span>
    </p>
   </div>
   <div class='ocr_carea' id='block_1_74' title="bbox 447 5349 1680 5415">
    <p class='ocr_par' dir='ltr' id='par_1_74' title="bbox 447 5349 1680 5415">
     <span class='ocr_line' id='line_1_74' title="bbox 447 5349 1680 5415; baseline 0.01 -11"><span class='ocrx_word' id='word_1_536' title='bbox 447 5349 734 5405; x_wconf 86' lang='lat' dir='ltr'>comitatu</span> <span class='ocrx_word' id='word_1_537' title='bbox 760 5350 839 5405; x_wconf 88' lang='lat' dir='ltr'>ad</span> <span class='ocrx_word' id='word_1_538' title='bbox 858 5351 1246 5411; x_wconf 87' lang='lat' dir='ltr'>Ratisbonam</span> <span class='ocrx_word' id='word_1_539' title='bbox 1276 5375 1414 5414; x_wconf 90' lang='lat' dir='ltr'>eum</span> <span class='ocrx_word' id='word_1_540' title='bbox 1439 5360 1680 5415; x_wconf 90' lang='lat' dir='ltr'>remisit.</span> 
     </span>
    </p>
   </div>
   <div class='ocr_carea' id='block_1_75' title="bbox 2145 3104 2183 3156">
    <p class='ocr_par' dir='ltr' id='par_1_75' title="bbox 2145 3104 2183 3156">
     <span class='ocr_line' id='line_1_75' title="bbox 2145 3104 2183 3156; baseline 0 0"><span class='ocrx_word' id='word_1_541' title='bbox 2145 3104 2183 3156; x_wconf 81' lang='lat' dir='ltr'>C</span> 
     </span>
    </p>
   </div>
   <div class='ocr_carea' id='block_1_76' title="bbox 2140 4448 2179 4499">
    <p class='ocr_par' dir='ltr' id='par_1_76' title="bbox 2140 4448 2179 4499">
     <span class='ocr_line' id='line_1_76' title="bbox 2140 4448 2179 4499; baseline 0 0"><span class='ocrx_word' id='word_1_542' title='bbox 2140 4448 2179 4499; x_wconf 89' lang='lat' dir='ltr'>D</span> 
     </span>
    </p>
   </div>
   <div class='ocr_carea' id='block_1_77' title="bbox 2218 1817 3865 1890">
    <p class='ocr_par' dir='ltr' id='par_1_77' title="bbox 2218 1817 3865 1890">
     <span class='ocr_line' id='line_1_77' title="bbox 2218 1817 3865 1890; baseline 0.002 -19"><span class='ocrx_word' id='word_1_543' title='bbox 2218 1818 2535 1890; x_wconf 87' lang='lat' dir='ltr'>spiratione</span> <span class='ocrx_word' id='word_1_544' title='bbox 2568 1817 2827 1871; x_wconf 85' lang='lat' dir='ltr'>suaviter</span> <span class='ocrx_word' id='word_1_545' title='bbox 2859 1821 3073 1886; x_wconf 87' lang='lat' dir='ltr'>tactus,</span> <span class='ocrx_word' id='word_1_546' title='bbox 3105 1822 3164 1873; x_wconf 90' lang='lat' dir='ltr'>et</span> <span class='ocrx_word' id='word_1_547' title='bbox 3204 1818 3287 1873; x_wconf 87' lang='lat' dir='ltr'>ad</span> <span class='ocrx_word' id='word_1_548' title='bbox 3316 1820 3544 1875; x_wconf 87' lang='lat' dir='ltr'>omnia</span> <span class='ocrx_word' id='word_1_549' title='bbox 3606 1830 3821 1877; x_wconf 84' lang='lat' dir='ltr'>cautus</span> <span class='ocrx_word' id='word_1_550' title='bbox 3844 1843 3865 1874; x_wconf 59' lang='grc' dir='ltr'>δ</span> 
     </span>
    </p>
   </div>
   <div class='ocr_carea' id='block_1_78' title="bbox 2218 1905 3865 1981">
    <p class='ocr_par' dir='ltr' id='par_1_78' title="bbox 2218 1905 3865 1981">
     <span class='ocr_line' id='line_1_78' title="bbox 2218 1905 3865 1981; baseline 0.002 -21"><span class='ocrx_word' id='word_1_551' title='bbox 2218 1905 2505 1978; x_wconf 79' lang='lat' dir='ltr'>providus</span> <span class='ocrx_word' id='word_1_552' title='bbox 2538 1906 2747 1971; x_wconf 85' lang='lat' dir='ltr'>factus,</span> <span class='ocrx_word' id='word_1_553' title='bbox 2777 1905 2856 1960; x_wconf 95' lang='lat' dir='ltr'>ob</span> <span class='ocrx_word' id='word_1_554' title='bbox 2896 1906 3241 1977; x_wconf 83' lang='lat' dir='ltr'>episcopale</span> <span class='ocrx_word' id='word_1_555' title='bbox 3299 1908 3628 1977; x_wconf 78' lang='lat' dir='ltr'>fastigium</span> <span class='ocrx_word' id='word_1_556' title='bbox 3690 1927 3865 1981; x_wconf 67' lang='lat' dir='ltr'>nequ;</span> 
     </span>
    </p>
   </div>
   <div class='ocr_carea' id='block_1_79' title="bbox 2216 1994 3866 2072">
    <p class='ocr_par' dir='ltr' id='par_1_79' title="bbox 2216 1994 3866 2072">
     <span class='ocr_line' id='line_1_79' title="bbox 2216 1994 3866 2072; baseline 0 -23"><span class='ocrx_word' id='word_1_557' title='bbox 2216 2011 2401 2066; x_wconf 89' lang='lat' dir='ltr'>quam</span> <span class='ocrx_word' id='word_1_558' title='bbox 2432 1994 2619 2049; x_wconf 90' lang='lat' dir='ltr'>voluit</span> <span class='ocrx_word' id='word_1_559' title='bbox 2644 1994 2896 2049; x_wconf 88' lang='lat' dir='ltr'>multare</span> <span class='ocrx_word' id='word_1_560' title='bbox 2927 1995 3343 2051; x_wconf 78' lang='lat' dir='ltr'>monasticam</span> <span class='ocrx_word' id='word_1_561' title='bbox 3378 1996 3709 2065; x_wconf 81' lang='lat' dir='ltr'>habitum,</span> <span class='ocrx_word' id='word_1_562' title='bbox 3751 2016 3866 2072; x_wconf 70' lang='lat' dir='ltr'>qua:</span> 
     </span>
    </p>
   </div>
   <div class='ocr_carea' id='block_1_80' title="bbox 2217 2083 3866 2160">
    <p class='ocr_par' dir='ltr' id='par_1_80' title="bbox 2217 2083 3866 2160">
     <span class='ocr_line' id='line_1_80' title="bbox 2217 2083 3866 2160; baseline 0.004 -23"><span class='ocrx_word' id='word_1_563' title='bbox 2217 2084 2589 2137; x_wconf 85' lang='lat' dir='ltr'>erubesceret</span> <span class='ocrx_word' id='word_1_564' title='bbox 2619 2083 2953 2137; x_wconf 88' lang='lat' dir='ltr'>monachus</span> <span class='ocrx_word' id='word_1_565' title='bbox 2973 2099 3124 2150; x_wconf 86' lang='lat' dir='ltr'>esse,</span> <span class='ocrx_word' id='word_1_566' title='bbox 3148 2084 3258 2156; x_wconf 88' lang='lat' dir='ltr'>qui</span> <span class='ocrx_word' id='word_1_567' title='bbox 3290 2083 3501 2141; x_wconf 87' lang='lat' dir='ltr'>fuerat</span> <span class='ocrx_word' id='word_1_568' title='bbox 3539 2105 3555 2154; x_wconf 91' lang='lat'><strong>;</strong></span> <span class='ocrx_word' id='word_1_569' title='bbox 3603 2088 3721 2143; x_wconf 90' lang='lat' dir='ltr'>sed</span> <span class='ocrx_word' id='word_1_570' title='bbox 3744 2104 3866 2160; x_wconf 69' lang='lat' dir='ltr'>quat</span> 
     </span>
    </p>
   </div>
   <div class='ocr_carea' id='block_1_81' title="bbox 2216 2171 3868 2241">
    <p class='ocr_par' dir='ltr' id='par_1_81' title="bbox 2216 2171 3868 2241">
     <span class='ocr_line' id='line_1_81' title="bbox 2216 2171 3868 2241; baseline 0.002 -15"><span class='ocrx_word' id='word_1_571' title='bbox 2216 2173 2375 2226; x_wconf 87' lang='lat' dir='ltr'>intus</span> <span class='ocrx_word' id='word_1_572' title='bbox 2413 2171 2621 2226; x_wconf 86' lang='lat' dir='ltr'>habuit</span> <span class='ocrx_word' id='word_1_573' title='bbox 2666 2171 3064 2226; x_wconf 88' lang='lat' dir='ltr'>humilitatem</span> <span class='ocrx_word' id='word_1_574' title='bbox 3119 2173 3368 2241; x_wconf 89' lang='lat' dir='ltr'>mentis,</span> <span class='ocrx_word' id='word_1_575' title='bbox 3436 2175 3602 2231; x_wconf 82' lang='lat' dir='ltr'>foris</span> <span class='ocrx_word' id='word_1_576' title='bbox 3668 2176 3868 2233; x_wconf 74' lang='lat' dir='ltr'>ostend</span> 
     </span>
    </p>
   </div>
   <div class='ocr_carea' id='block_1_82' title="bbox 2218 2259 3868 2331">
    <p class='ocr_par' dir='ltr' id='par_1_82' title="bbox 2218 2259 3868 2331">
     <span class='ocr_line' id='line_1_82' title="bbox 2218 2259 3868 2331; baseline 0.003 -18"><span class='ocrx_word' id='word_1_577' title='bbox 2218 2260 2393 2314; x_wconf 88' lang='lat' dir='ltr'>bonis</span> <span class='ocrx_word' id='word_1_578' title='bbox 2424 2260 2712 2331; x_wconf 88' lang='lat' dir='ltr'>exemplis</span> <span class='ocrx_word' id='word_1_579' title='bbox 2736 2264 2792 2314; x_wconf 87' lang='lat' dir='ltr'>et</span> <span class='ocrx_word' id='word_1_580' title='bbox 2818 2259 3226 2316; x_wconf 87' lang='lat' dir='ltr'>mediocribus</span> <span class='ocrx_word' id='word_1_581' title='bbox 3244 2262 3679 2321; x_wconf 85' lang='lat' dir='ltr'>vestimentis.</span> <span class='ocrx_word' id='word_1_582' title='bbox 3712 2270 3868 2322; x_wconf 62' lang='lat' dir='ltr'>Memno</span> 
     </span>
    </p>
   </div>
   <div class='ocr_carea' id='block_1_83' title="bbox 2217 2348 3843 2425">
    <p class='ocr_par' dir='ltr' id='par_1_83' title="bbox 2217 2348 3843 2425">
     <span class='ocr_line' id='line_1_83' title="bbox 2217 2348 3843 2425; baseline 0.002 -22"><span class='ocrx_word' id='word_1_583' title='bbox 2217 2348 2395 2403; x_wconf 90' lang='lat' dir='ltr'>etiam</span> <span class='ocrx_word' id='word_1_584' title='bbox 2482 2348 2871 2403; x_wconf 69' lang='lat' dir='ltr'>Salomonicze</span> <span class='ocrx_word' id='word_1_585' title='bbox 2933 2348 3398 2421; x_wconf 86' lang='lat' dir='ltr'>admonitionis,</span> <span class='ocrx_word' id='word_1_586' title='bbox 3473 2368 3634 2425; x_wconf 79' lang='lat' dir='ltr'>quae</span> <span class='ocrx_word' id='word_1_587' title='bbox 3717 2355 3843 2409; x_wconf 83' lang='lat' dir='ltr'>dicit</span> 
     </span>
    </p>
   </div>
   <div class='ocr_carea' id='block_1_84' title="bbox 2220 2437 3868 2508">
    <p class='ocr_par' dir='ltr' id='par_1_84' title="bbox 2220 2437 3868 2508">
     <span class='ocr_line' id='line_1_84' title="bbox 2220 2437 3868 2508; baseline 0.001 -17"><span class='ocrx_word' id='word_1_588' title='bbox 2220 2437 2667 2491; x_wconf 87' lang='lat' dir='ltr'>Constituerunt</span> <span class='ocrx_word' id='word_1_589' title='bbox 2696 2442 2749 2491; x_wconf 88' lang='lat' dir='ltr'>te</span> <span class='ocrx_word' id='word_1_590' title='bbox 2767 2437 3107 2505; x_wconf 87' lang='lat' dir='ltr'>principem</span> <span class='ocrx_word' id='word_1_591' title='bbox 3137 2449 3162 2508; x_wconf 86' lang='lat'><em>;</em></span> <span class='ocrx_word' id='word_1_592' title='bbox 3192 2440 3325 2493; x_wconf 89' lang='lat' dir='ltr'>noli</span> <span class='ocrx_word' id='word_1_593' title='bbox 3365 2443 3634 2507; x_wconf 69' lang='lat' dir='ltr'>extolli,</span> <span class='ocrx_word' id='word_1_594' title='bbox 3689 2451 3805 2498; x_wconf 80' lang='lat' dir='ltr'>este</span> <span class='ocrx_word' id='word_1_595' title='bbox 3849 2460 3868 2493; x_wconf 72' lang='grc' dir='ltr'><em>ε</em></span> 
     </span>
    </p>
   </div>
   <div class='ocr_carea' id='block_1_85' title="bbox 2218 2527 3868 2601">
    <p class='ocr_par' dir='ltr' id='par_1_85' title="bbox 2218 2527 3868 2601">
     <span class='ocr_line' id='line_1_85' title="bbox 2218 2527 3868 2601; baseline 0.002 -21"><span class='ocrx_word' id='word_1_596' title='bbox 2218 2528 2339 2580; x_wconf 89' lang='lat' dir='ltr'>illis</span> <span class='ocrx_word' id='word_1_597' title='bbox 2371 2528 2543 2595; x_wconf 88' lang='lat' dir='ltr'>quasi</span> <span class='ocrx_word' id='word_1_598' title='bbox 2574 2541 2725 2579; x_wconf 87' lang='lat' dir='ltr'>unus</span> <span class='ocrx_word' id='word_1_599' title='bbox 2758 2541 2833 2581; x_wconf 70' lang='lat' dir='ltr'>ex</span> <span class='ocrx_word' id='word_1_600' title='bbox 2863 2528 2987 2581; x_wconf 86' lang='lat' dir='ltr'>illis</span> <span class='ocrx_word' id='word_1_601' title='bbox 3010 2527 3226 2593; x_wconf 70' lang='lat' dir='ltr'>(Eccli.</span> <span class='ocrx_word' id='word_1_602' title='bbox 3261 2544 3460 2597; x_wconf 77' lang='lat' dir='ltr'>xxxn,</span> <span class='ocrx_word' id='word_1_603' title='bbox 3510 2536 3594 2601; x_wconf 81' lang='grc'>1),</span> <span class='ocrx_word' id='word_1_604' title='bbox 3656 2549 3784 2588; x_wconf 90' lang='lat' dir='ltr'>non</span> <span class='ocrx_word' id='word_1_605' title='bbox 3824 2534 3868 2585; x_wconf 38' lang='lat' dir='ltr'>at;</span> 
     </span>
    </p>
   </div>
   <div class='ocr_carea' id='block_1_86' title="bbox 2216 2614 3867 2690">
    <p class='ocr_par' dir='ltr' id='par_1_86' title="bbox 2216 2614 3867 2690">
     <span class='ocr_line' id='line_1_86' title="bbox 2216 2614 3867 2690; baseline 0.006 -22"><span class='ocrx_word' id='word_1_606' title='bbox 2216 2614 2429 2668; x_wconf 86' lang='lat' dir='ltr'>minari</span> <span class='ocrx_word' id='word_1_607' title='bbox 2464 2614 2771 2684; x_wconf 68' lang='lat' dir='ltr'>quaerebat</span> <span class='ocrx_word' id='word_1_608' title='bbox 2829 2614 2889 2669; x_wconf 89' lang='lat' dir='ltr'>in</span> <span class='ocrx_word' id='word_1_609' title='bbox 2949 2614 3129 2679; x_wconf 90' lang='lat' dir='ltr'>clero,</span> <span class='ocrx_word' id='word_1_610' title='bbox 3189 2617 3295 2671; x_wconf 91' lang='lat' dir='ltr'>sed</span> <span class='ocrx_word' id='word_1_611' title='bbox 3355 2620 3550 2690; x_wconf 81' lang='lat' dir='ltr'>gregi</span> <span class='ocrx_word' id='word_1_612' title='bbox 3616 2624 3867 2677; x_wconf 32' lang='lat' dir='ltr'>dominii:</span> 
     </span>
    </p>
   </div>
   <div class='ocr_carea' id='block_1_87' title="bbox 2217 2702 3867 2777">
    <p class='ocr_par' dir='ltr' id='par_1_87' title="bbox 2217 2702 3867 2777">
     <span class='ocr_line' id='line_1_87' title="bbox 2217 2702 3867 2777; baseline 0.004 -22"><span class='ocrx_word' id='word_1_613' title='bbox 2217 2703 2409 2756; x_wconf 83' lang='lat' dir='ltr'>forma</span> <span class='ocrx_word' id='word_1_614' title='bbox 2434 2718 2559 2755; x_wconf 84' lang='lat' dir='ltr'>esse</span> <span class='ocrx_word' id='word_1_615' title='bbox 2594 2702 2823 2756; x_wconf 86' lang='lat' dir='ltr'>studuit</span> <span class='ocrx_word' id='word_1_616' title='bbox 2848 2718 3026 2758; x_wconf 90' lang='lat' dir='ltr'>mane</span> <span class='ocrx_word' id='word_1_617' title='bbox 3041 2708 3097 2758; x_wconf 91' lang='lat' dir='ltr'>et</span> <span class='ocrx_word' id='word_1_618' title='bbox 3120 2720 3255 2759; x_wconf 87' lang='lat' dir='ltr'>sero</span> <span class='ocrx_word' id='word_1_619' title='bbox 3281 2722 3293 2760; x_wconf 92' lang='lat'>:</span> <span class='ocrx_word' id='word_1_620' title='bbox 3320 2708 3697 2777; x_wconf 85' lang='lat' dir='ltr'>prudenter</span> <span class='ocrx_word' id='word_1_621' title='bbox 3722 2711 3867 2766; x_wconf 67' lang='lat' dir='ltr'>adw</span> 
     </span>
    </p>
   </div>
   <div class='ocr_carea' id='block_1_88' title="bbox 2220 2790 3867 2864">
    <p class='ocr_par' dir='ltr' id='par_1_88' title="bbox 2220 2790 3867 2864">
     <span class='ocr_line' id='line_1_88' title="bbox 2220 2790 3867 2864; baseline 0.004 -19"><span class='ocrx_word' id='word_1_622' title='bbox 2220 2798 2367 2860; x_wconf 88' lang='lat' dir='ltr'>tens,</span> <span class='ocrx_word' id='word_1_623' title='bbox 2396 2791 2582 2845; x_wconf 91' lang='lat' dir='ltr'>immo</span> <span class='ocrx_word' id='word_1_624' title='bbox 2612 2790 2964 2862; x_wconf 88' lang='lat' dir='ltr'>prudentius</span> <span class='ocrx_word' id='word_1_625' title='bbox 3004 2809 3041 2847; x_wconf 92' lang='lat' dir='ltr'>a</span> <span class='ocrx_word' id='word_1_626' title='bbox 3092 2809 3152 2847; x_wconf 91' lang='lat' dir='ltr'>se</span> <span class='ocrx_word' id='word_1_627' title='bbox 3204 2801 3533 2864; x_wconf 88' lang='lat' dir='ltr'>avertens,</span> <span class='ocrx_word' id='word_1_628' title='bbox 3600 2799 3759 2855; x_wconf 87' lang='lat' dir='ltr'>illud</span> <span class='ocrx_word' id='word_1_629' title='bbox 3814 2804 3867 2853; x_wconf 43' lang='lat' dir='ltr'>el.</span> 
     </span>
    </p>
   </div>
   <div class='ocr_carea' id='block_1_89' title="bbox 2215 2879 3867 2955">
    <p class='ocr_par' dir='ltr' id='par_1_89' title="bbox 2215 2879 3867 2955">
     <span class='ocr_line' id='line_1_89' title="bbox 2215 2879 3867 2955; baseline 0.007 -24"><span class='ocrx_word' id='word_1_630' title='bbox 2215 2880 2447 2951; x_wconf 89' lang='lat' dir='ltr'>quium,</span> <span class='ocrx_word' id='word_1_631' title='bbox 2470 2879 2633 2950; x_wconf 89' lang='lat' dir='ltr'>quod</span> <span class='ocrx_word' id='word_1_632' title='bbox 2665 2896 2770 2951; x_wconf 88' lang='lat' dir='ltr'>per</span> <span class='ocrx_word' id='word_1_633' title='bbox 2792 2881 3154 2937; x_wconf 81' lang='lat' dir='ltr'>Ezechielem</span> <span class='ocrx_word' id='word_1_634' title='bbox 3187 2885 3587 2955; x_wconf 86' lang='lat' dir='ltr'>prophetam</span> <span class='ocrx_word' id='word_1_635' title='bbox 3621 2889 3867 2944; x_wconf 64' lang='lat' dir='ltr'>invelntt</span> 
     </span>
    </p>
   </div>
   <div class='ocr_carea' id='block_1_90' title="bbox 2216 2968 3868 3047">
    <p class='ocr_par' dir='ltr' id='par_1_90' title="bbox 2216 2968 3868 3047">
     <span class='ocr_line' id='line_1_90' title="bbox 2216 2968 3868 3047; baseline 0.005 -24"><span class='ocrx_word' id='word_1_636' title='bbox 2216 2974 2422 3023; x_wconf 86' lang='lat' dir='ltr'>contra</span> <span class='ocrx_word' id='word_1_637' title='bbox 2451 2968 2641 3023; x_wconf 89' lang='lat' dir='ltr'>malos</span> <span class='ocrx_word' id='word_1_638' title='bbox 2664 2974 2954 3040; x_wconf 84' lang='lat' dir='ltr'>pastores,</span> <span class='ocrx_word' id='word_1_639' title='bbox 2984 2972 3241 3026; x_wconf 88' lang='lat' dir='ltr'>Domino</span> <span class='ocrx_word' id='word_1_640' title='bbox 3288 2972 3554 3031; x_wconf 86' lang='lat' dir='ltr'>dicente</span> <span class='ocrx_word' id='word_1_641' title='bbox 3590 2994 3605 3031; x_wconf 90' lang='lat'><strong>:</strong></span> <span class='ocrx_word' id='word_1_642' title='bbox 3674 2980 3774 3034; x_wconf 72' lang='lat' dir='ltr'>Vae</span> <span class='ocrx_word' id='word_1_643' title='bbox 3826 2998 3868 3047; x_wconf 70' lang='grc' dir='ltr'><em>μ</em></span> 
     </span>
    </p>
   </div>
   <div class='ocr_carea' id='block_1_91' title="bbox 2214 3058 3867 3139">
    <p class='ocr_par' dir='ltr' id='par_1_91' title="bbox 2214 3058 3867 3139">
     <span class='ocr_line' id='line_1_91' title="bbox 2214 3058 3867 3139; baseline 0.008 -28"><span class='ocrx_word' id='word_1_644' title='bbox 2214 3058 2488 3125; x_wconf 87' lang='lat' dir='ltr'>storibus,</span> <span class='ocrx_word' id='word_1_645' title='bbox 2514 3060 2618 3127; x_wconf 86' lang='lat' dir='ltr'>qui</span> <span class='ocrx_word' id='word_1_646' title='bbox 2633 3058 2961 3125; x_wconf 86' lang='lat' dir='ltr'>pascebant</span> <span class='ocrx_word' id='word_1_647' title='bbox 3001 3062 3369 3129; x_wconf 87' lang='lat' dir='ltr'>semetipsos,</span> <span class='ocrx_word' id='word_1_648' title='bbox 3422 3072 3486 3118; x_wconf 85' lang='lat' dir='ltr'>et</span> <span class='ocrx_word' id='word_1_649' title='bbox 3558 3083 3695 3123; x_wconf 86' lang='lat' dir='ltr'>non</span> <span class='ocrx_word' id='word_1_650' title='bbox 3726 3086 3867 3139; x_wconf 48' lang='lat' dir='ltr'>greg</span> 
     </span>
    </p>
   </div>
   <div class='ocr_carea' id='block_1_92' title="bbox 2215 3146 2957 3218">
    <p class='ocr_par' dir='ltr' id='par_1_92' title="bbox 2215 3146 2957 3218">
     <span class='ocr_line' id='line_1_92' title="bbox 2215 3146 2957 3218; baseline 0.003 -19"><span class='ocrx_word' id='word_1_651' title='bbox 2215 3162 2366 3200; x_wconf 85' lang='lat' dir='ltr'>meos</span> <span class='ocrx_word' id='word_1_652' title='bbox 2388 3146 2620 3214; x_wconf 81' lang='lat' dir='ltr'>(Ezech.</span> <span class='ocrx_word' id='word_1_653' title='bbox 2655 3162 2851 3212; x_wconf 74' lang='lat' dir='ltr'>xxxrv,</span> <span class='ocrx_word' id='word_1_654' title='bbox 2884 3148 2957 3218; x_wconf 83' lang='lat'>2).</span> 
     </span>
    </p>
   </div>
   <div class='ocr_carea' id='block_1_93' title="bbox 2290 3234 3870 3306">
    <p class='ocr_par' dir='ltr' id='par_1_93' title="bbox 2290 3234 3870 3306">
     <span class='ocr_line' id='line_1_93' title="bbox 2290 3234 3870 3306; baseline 0.008 -20"><span class='ocrx_word' id='word_1_655' title='bbox 2290 3234 2450 3287; x_wconf 91' lang='lat' dir='ltr'>Unde</span> <span class='ocrx_word' id='word_1_656' title='bbox 2472 3234 2596 3305; x_wconf 90' lang='lat' dir='ltr'>ipse</span> <span class='ocrx_word' id='word_1_657' title='bbox 2624 3238 2784 3288; x_wconf 87' lang='lat' dir='ltr'>totus</span> <span class='ocrx_word' id='word_1_658' title='bbox 2813 3234 2875 3289; x_wconf 90' lang='lat' dir='ltr'>in</span> <span class='ocrx_word' id='word_1_659' title='bbox 2901 3234 3110 3291; x_wconf 77' lang='lat' dir='ltr'>divina</span> <span class='ocrx_word' id='word_1_660' title='bbox 3140 3236 3273 3306; x_wconf 87' lang='lat' dir='ltr'>lege</span> <span class='ocrx_word' id='word_1_661' title='bbox 3295 3237 3586 3300; x_wconf 83' lang='lat' dir='ltr'>devotus</span> <span class='ocrx_word' id='word_1_662' title='bbox 3623 3247 3788 3303; x_wconf 87' lang='lat' dir='ltr'>inter</span> <span class='ocrx_word' id='word_1_663' title='bbox 3836 3262 3870 3299; x_wconf 61' lang='grc' dir='ltr'>ιε</span> 
     </span>
    </p>
   </div>
   <div class='ocr_carea' id='block_1_94' title="bbox 2214 3322 3870 3409">
    <p class='ocr_par' dir='ltr' id='par_1_94' title="bbox 2214 3322 3870 3409">
     <span class='ocr_line' id='line_1_94' title="bbox 2214 3322 3870 3409; baseline 0.008 -34"><span class='ocrx_word' id='word_1_664' title='bbox 2214 3328 2337 3376; x_wconf 85' lang='lat' dir='ltr'>tera</span> <span class='ocrx_word' id='word_1_665' title='bbox 2368 3322 2679 3393; x_wconf 89' lang='lat' dir='ltr'>pastoralis</span> <span class='ocrx_word' id='word_1_666' title='bbox 2710 3339 2866 3377; x_wconf 67' lang='lat' dir='ltr'>curre</span> <span class='ocrx_word' id='word_1_667' title='bbox 2895 3324 3229 3381; x_wconf 88' lang='lat' dir='ltr'>ministeria</span> <span class='ocrx_word' id='word_1_668' title='bbox 3260 3344 3601 3402; x_wconf 89' lang='lat' dir='ltr'>sermone,</span> <span class='ocrx_word' id='word_1_669' title='bbox 3634 3353 3827 3409; x_wconf 87' lang='lat' dir='ltr'>quem</span> <span class='ocrx_word' id='word_1_670' title='bbox 3852 3354 3870 3388; x_wconf 62' lang='grc' dir='ltr'><em>ε</em></span> 
     </span>
    </p>
   </div>
   <div class='ocr_carea' id='block_1_95' title="bbox 2214 3411 3870 3482">
    <p class='ocr_par' dir='ltr' id='par_1_95' title="bbox 2214 3411 3870 3482">
     <span class='ocr_line' id='line_1_95' title="bbox 2214 3411 3870 3482; baseline 0.01 -19"><span class='ocrx_word' id='word_1_671' title='bbox 2214 3411 2508 3482; x_wconf 90' lang='lat' dir='ltr'>populum</span> <span class='ocrx_word' id='word_1_672' title='bbox 2527 3412 2677 3466; x_wconf 87' lang='lat' dir='ltr'>inter</span> <span class='ocrx_word' id='word_1_673' title='bbox 2704 3412 3026 3468; x_wconf 87' lang='lat' dir='ltr'>missarum</span> <span class='ocrx_word' id='word_1_674' title='bbox 3060 3414 3365 3472; x_wconf 85' lang='lat' dir='ltr'>solemnia</span> <span class='ocrx_word' id='word_1_675' title='bbox 3407 3419 3570 3478; x_wconf 85' lang='lat' dir='ltr'>fecit</span> <span class='ocrx_word' id='word_1_676' title='bbox 3615 3442 3695 3480; x_wconf 85' lang='lat' dir='ltr'>ex</span> <span class='ocrx_word' id='word_1_677' title='bbox 3746 3443 3870 3481; x_wconf 57' lang='lat' dir='ltr'>mon</span> 
     </span>
    </p>
   </div>
   <div class='ocr_carea' id='block_1_96' title="bbox 2214 3500 3869 3587">
    <p class='ocr_par' dir='ltr' id='par_1_96' title="bbox 2214 3500 3869 3587">
     <span class='ocr_line' id='line_1_96' title="bbox 2214 3500 3869 3587; baseline 0.008 -33"><span class='ocrx_word' id='word_1_678' title='bbox 2214 3501 2272 3554; x_wconf 89' lang='lat' dir='ltr'>in</span> <span class='ocrx_word' id='word_1_679' title='bbox 2300 3506 2527 3555; x_wconf 90' lang='lat' dir='ltr'>tantum</span> <span class='ocrx_word' id='word_1_680' title='bbox 2549 3500 2829 3557; x_wconf 89' lang='lat' dir='ltr'>ecclesias</span> <span class='ocrx_word' id='word_1_681' title='bbox 2856 3503 3095 3574; x_wconf 89' lang='lat' dir='ltr'>plebem</span> <span class='ocrx_word' id='word_1_682' title='bbox 3120 3507 3457 3565; x_wconf 84' lang='lat' dir='ltr'>assuefecit</span> <span class='ocrx_word' id='word_1_683' title='bbox 3503 3513 3869 3587; x_wconf 54' lang='lat' dir='ltr'>frequentas</span> 
     </span>
    </p>
   </div>
   <div class='ocr_carea' id='block_1_97' title="bbox 2216 3590 3869 3662">
    <p class='ocr_par' dir='ltr' id='par_1_97' title="bbox 2216 3590 3869 3662">
     <span class='ocr_line' id='line_1_97' title="bbox 2216 3590 3869 3662; baseline 0.004 -18"><span class='ocrx_word' id='word_1_684' title='bbox 2216 3596 2277 3645; x_wconf 92' lang='lat' dir='ltr'>ut</span> <span class='ocrx_word' id='word_1_685' title='bbox 2304 3607 2409 3662; x_wconf 90' lang='lat' dir='ltr'>per</span> <span class='ocrx_word' id='word_1_686' title='bbox 2440 3591 2566 3645; x_wconf 87' lang='lat' dir='ltr'>dies</span> <span class='ocrx_word' id='word_1_687' title='bbox 2592 3590 3002 3648; x_wconf 83' lang='lat' dir='ltr'>solemnesvix</span> <span class='ocrx_word' id='word_1_688' title='bbox 3070 3594 3305 3651; x_wconf 90' lang='lat' dir='ltr'>domini</span> <span class='ocrx_word' id='word_1_689' title='bbox 3365 3614 3724 3661; x_wconf 88' lang='lat' dir='ltr'>remanere</span> <span class='ocrx_word' id='word_1_690' title='bbox 3782 3608 3869 3659; x_wconf 38' lang='lat' dir='ltr'>vis</span> 
     </span>
    </p>
   </div>
   <div class='ocr_carea' id='block_1_98' title="bbox 2214 3681 3869 3760">
    <p class='ocr_par' dir='ltr' id='par_1_98' title="bbox 2214 3681 3869 3760">
     <span class='ocr_line' id='line_1_98' title="bbox 2214 3681 3869 3760; baseline 0.008 -25"><span class='ocrx_word' id='word_1_691' title='bbox 2214 3686 2416 3735; x_wconf 90' lang='lat' dir='ltr'>rentur</span> <span class='ocrx_word' id='word_1_692' title='bbox 2444 3681 2525 3735; x_wconf 88' lang='lat' dir='ltr'>rei</span> <span class='ocrx_word' id='word_1_693' title='bbox 2554 3682 2861 3737; x_wconf 87' lang='lat' dir='ltr'>familiaris</span> <span class='ocrx_word' id='word_1_694' title='bbox 2885 3684 3186 3740; x_wconf 90' lang='lat' dir='ltr'>custodes.</span> <span class='ocrx_word' id='word_1_695' title='bbox 3210 3687 3301 3741; x_wconf 81' lang='lat' dir='ltr'>Ad</span> <span class='ocrx_word' id='word_1_696' title='bbox 3331 3693 3733 3760; x_wconf 86' lang='lat' dir='ltr'>predulcem</span> <span class='ocrx_word' id='word_1_697' title='bbox 3779 3700 3869 3750; x_wconf 69' lang='lat' dir='ltr'>em;</span> 
     </span>
    </p>
   </div>
   <div class='ocr_carea' id='block_1_99' title="bbox 2216 3770 3869 3841">
    <p class='ocr_par' dir='ltr' id='par_1_99' title="bbox 2216 3770 3869 3841">
     <span class='ocr_line' id='line_1_99' title="bbox 2216 3770 3869 3841; baseline 0.006 -16"><span class='ocrx_word' id='word_1_698' title='bbox 2216 3770 2359 3825; x_wconf 88' lang='lat' dir='ltr'>tanti</span> <span class='ocrx_word' id='word_1_699' title='bbox 2440 3771 2735 3841; x_wconf 74' lang='lat' dir='ltr'>pontificis</span> <span class='ocrx_word' id='word_1_700' title='bbox 2812 3773 3293 3830; x_wconf 79' lang='lat' dir='ltr'>exhortationem</span> <span class='ocrx_word' id='word_1_701' title='bbox 3383 3786 3697 3841; x_wconf 85' lang='lat' dir='ltr'>certatim</span> <span class='ocrx_word' id='word_1_702' title='bbox 3762 3804 3869 3840; x_wconf 30' lang='lat' dir='ltr'>ses.</span> 
     </span>
    </p>
   </div>
   <div class='ocr_carea' id='block_1_100' title="bbox 2214 3858 3869 3944">
    <p class='ocr_par' dir='ltr' id='par_1_100' title="bbox 2214 3858 3869 3944">
     <span class='ocr_line' id='line_1_100' title="bbox 2214 3858 3869 3944; baseline 0.008 -34"><span class='ocrx_word' id='word_1_703' title='bbox 2214 3858 2522 3929; x_wconf 84' lang='lat' dir='ltr'>utriusque</span> <span class='ocrx_word' id='word_1_704' title='bbox 2555 3858 2729 3914; x_wconf 88' lang='lat' dir='ltr'>turba</span> <span class='ocrx_word' id='word_1_705' title='bbox 2778 3859 3085 3927; x_wconf 81' lang='lat' dir='ltr'>conﬂuxit,</span> <span class='ocrx_word' id='word_1_706' title='bbox 3140 3879 3335 3934; x_wconf 82' lang='lat' dir='ltr'>quam</span> <span class='ocrx_word' id='word_1_707' title='bbox 3370 3866 3535 3926; x_wconf 87' lang='lat' dir='ltr'>illuc</span> <span class='ocrx_word' id='word_1_708' title='bbox 3596 3875 3869 3944; x_wconf 73' lang='lat' dir='ltr'>fragrau;</span> 
     </span>
    </p>
   </div>
   <div class='ocr_carea' id='block_1_101' title="bbox 2212 3947 3869 4025">
    <p class='ocr_par' dir='ltr' id='par_1_101' title="bbox 2212 3947 3869 4025">
     <span class='ocr_line' id='line_1_101' title="bbox 2212 3947 3869 4025; baseline 0.007 -24"><span class='ocrx_word' id='word_1_709' title='bbox 2212 3947 2542 4002; x_wconf 77' lang='lat' dir='ltr'>caelestium</span> <span class='ocrx_word' id='word_1_710' title='bbox 2574 3954 2933 4016; x_wconf 89' lang='lat' dir='ltr'>aromatum,</span> <span class='ocrx_word' id='word_1_711' title='bbox 2964 3950 3097 4022; x_wconf 89' lang='lat' dir='ltr'>ipso</span> <span class='ocrx_word' id='word_1_712' title='bbox 3124 3968 3197 4007; x_wconf 91' lang='lat' dir='ltr'>ea</span> <span class='ocrx_word' id='word_1_713' title='bbox 3227 3955 3339 4025; x_wconf 91' lang='lat' dir='ltr'>qui</span> <span class='ocrx_word' id='word_1_714' title='bbox 3383 3956 3585 4016; x_wconf 87' lang='lat' dir='ltr'>dedit</span> <span class='ocrx_word' id='word_1_715' title='bbox 3633 3966 3869 4019; x_wconf 48' lang='lat' dir='ltr'>venula</span> 
     </span>
    </p>
   </div>
   <div class='ocr_carea' id='block_1_102' title="bbox 2210 4036 3852 4116">
    <p class='ocr_par' dir='ltr' id='par_1_102' title="bbox 2210 4036 3852 4116">
     <span class='ocr_line' id='line_1_102' title="bbox 2210 4036 3852 4116; baseline 0.009 -26"><span class='ocrx_word' id='word_1_716' title='bbox 2210 4041 2282 4101; x_wconf 92' lang='lat' dir='ltr'>te,</span> <span class='ocrx_word' id='word_1_717' title='bbox 2313 4036 2564 4091; x_wconf 77' lang='lat' dir='ltr'>adduxit</span> <span class='ocrx_word' id='word_1_718' title='bbox 2597 4054 2608 4095; x_wconf 87' lang='lat'><strong>:</strong></span> <span class='ocrx_word' id='word_1_719' title='bbox 2640 4036 2845 4107; x_wconf 83' lang='lat' dir='ltr'>apium</span> <span class='ocrx_word' id='word_1_720' title='bbox 2877 4037 3085 4109; x_wconf 87' lang='lat' dir='ltr'>instar,</span> <span class='ocrx_word' id='word_1_721' title='bbox 3138 4058 3297 4113; x_wconf 90' lang='lat' dir='ltr'>quas</span> <span class='ocrx_word' id='word_1_722' title='bbox 3357 4054 3521 4116; x_wconf 91' lang='lat' dir='ltr'>post</span> <span class='ocrx_word' id='word_1_723' title='bbox 3570 4070 3643 4107; x_wconf 85' lang='lat' dir='ltr'>se</span> <span class='ocrx_word' id='word_1_724' title='bbox 3700 4055 3852 4108; x_wconf 44' lang='lat' dir='ltr'>tralin</span> 
     </span>
    </p>
   </div>
   <div class='ocr_carea' id='block_1_103' title="bbox 2208 4123 3863 4211">
    <p class='ocr_par' dir='ltr' id='par_1_103' title="bbox 2208 4123 3863 4211">
     <span class='ocr_line' id='line_1_103' title="bbox 2208 4123 3863 4211; baseline 0.006 -35"><span class='ocrx_word' id='word_1_725' title='bbox 2208 4124 2438 4178; x_wconf 88' lang='lat' dir='ltr'>videtur</span> <span class='ocrx_word' id='word_1_726' title='bbox 2468 4123 2658 4177; x_wconf 89' lang='lat' dir='ltr'>mellis</span> <span class='ocrx_word' id='word_1_727' title='bbox 2684 4124 2834 4179; x_wconf 90' lang='lat' dir='ltr'>odor</span> <span class='ocrx_word' id='word_1_728' title='bbox 2858 4130 2916 4180; x_wconf 88' lang='lat' dir='ltr'>et</span> <span class='ocrx_word' id='word_1_729' title='bbox 2954 4132 3175 4183; x_wconf 90' lang='lat' dir='ltr'>nectar.</span> <span class='ocrx_word' id='word_1_730' title='bbox 3241 4131 3501 4194; x_wconf 74' lang='lat' dir='ltr'>Quibus</span> <span class='ocrx_word' id='word_1_731' title='bbox 3565 4148 3759 4210; x_wconf 84' lang='lat' dir='ltr'>pater</span> <span class='ocrx_word' id='word_1_732' title='bbox 3806 4158 3863 4211; x_wconf 65' lang='grc' dir='ltr'>μ.</span> 
     </span>
    </p>
   </div>
   <div class='ocr_carea' id='block_1_104' title="bbox 2210 4212 3853 4297">
    <p class='ocr_par' dir='ltr' id='par_1_104' title="bbox 2210 4212 3853 4297">
     <span class='ocr_line' id='line_1_104' title="bbox 2210 4212 3853 4297; baseline 0.012 -33"><span class='ocrx_word' id='word_1_733' title='bbox 2210 4227 2590 4283; x_wconf 85' lang='lat' dir='ltr'>summopere</span> <span class='ocrx_word' id='word_1_734' title='bbox 2621 4212 2970 4269; x_wconf 84' lang='lat' dir='ltr'>desiderans</span> <span class='ocrx_word' id='word_1_735' title='bbox 2998 4231 3128 4270; x_wconf 89' lang='lat' dir='ltr'>esse</span> <span class='ocrx_word' id='word_1_736' title='bbox 3154 4216 3316 4272; x_wconf 90' lang='lat' dir='ltr'>utilis</span> <span class='ocrx_word' id='word_1_737' title='bbox 3345 4224 3407 4276; x_wconf 87' lang='lat' dir='ltr'>et</span> <span class='ocrx_word' id='word_1_738' title='bbox 3444 4233 3684 4297; x_wconf 84' lang='lat' dir='ltr'>aptus,</span> <span class='ocrx_word' id='word_1_739' title='bbox 3743 4230 3853 4284; x_wconf 85' lang='lat' dir='ltr'>in</span> 
     </span>
    </p>
   </div>
   <div class='ocr_carea' id='block_1_105' title="bbox 2208 4299 3849 4384">
    <p class='ocr_par' dir='ltr' id='par_1_105' title="bbox 2208 4299 3849 4384">
     <span class='ocr_line' id='line_1_105' title="bbox 2208 4299 3849 4384; baseline 0.01 -32"><span class='ocrx_word' id='word_1_740' title='bbox 2208 4300 2476 4372; x_wconf 89' lang='lat' dir='ltr'>putando</span> <span class='ocrx_word' id='word_1_741' title='bbox 2502 4299 2575 4353; x_wconf 91' lang='lat' dir='ltr'>de</span> <span class='ocrx_word' id='word_1_742' title='bbox 2594 4302 2888 4367; x_wconf 76' lang='lat' dir='ltr'>regnollei</span> <span class='ocrx_word' id='word_1_743' title='bbox 2913 4308 2967 4357; x_wconf 90' lang='lat' dir='ltr'>et</span> <span class='ocrx_word' id='word_1_744' title='bbox 2986 4304 3295 4360; x_wconf 90' lang='lat' dir='ltr'>calcandis</span> <span class='ocrx_word' id='word_1_745' title='bbox 3319 4312 3746 4373; x_wconf 83' lang='lat' dir='ltr'>vanitatibus</span> <span class='ocrx_word' id='word_1_746' title='bbox 3761 4320 3849 4384; x_wconf 51' lang='lat' dir='ltr'>hu,</span> 
     </span>
    </p>
   </div>
   <div class='ocr_carea' id='block_1_106' title="bbox 2211 4390 3840 4466">
    <p class='ocr_par' dir='ltr' id='par_1_106' title="bbox 2211 4390 3840 4466">
     <span class='ocr_line' id='line_1_106' title="bbox 2211 4390 3840 4466; baseline 0.012 -22"><span class='ocrx_word' id='word_1_747' title='bbox 2211 4390 2442 4455; x_wconf 89' lang='lat' dir='ltr'>mundi,</span> <span class='ocrx_word' id='word_1_748' title='bbox 2475 4391 2772 4462; x_wconf 82' lang='lat' dir='ltr'>perplexis</span> <span class='ocrx_word' id='word_1_749' title='bbox 2800 4399 2854 4447; x_wconf 92' lang='lat' dir='ltr'>et</span> <span class='ocrx_word' id='word_1_750' title='bbox 2910 4395 3249 4466; x_wconf 86' lang='lat' dir='ltr'>sophisticis</span> <span class='ocrx_word' id='word_1_751' title='bbox 3311 4399 3608 4463; x_wconf 84' lang='lat' dir='ltr'>minime</span> <span class='ocrx_word' id='word_1_752' title='bbox 3657 4411 3840 4465; x_wconf 67' lang='lat' dir='ltr'>utet-1</span> 
     </span>
    </p>
   </div>
   <div class='ocr_carea' id='block_1_107' title="bbox 2214 4480 3869 4571">
    <p class='ocr_par' dir='ltr' id='par_1_107' title="bbox 2214 4480 3869 4571">
     <span class='ocr_line' id='line_1_107' title="bbox 2214 4480 3869 4571; baseline 0.012 -39"><span class='ocrx_word' id='word_1_753' title='bbox 2214 4480 2537 4541; x_wconf 82' lang='lat' dir='ltr'>sententiis,</span> <span class='ocrx_word' id='word_1_754' title='bbox 2553 4480 2656 4535; x_wconf 87' lang='lat' dir='ltr'>sed</span> <span class='ocrx_word' id='word_1_755' title='bbox 2680 4481 2762 4535; x_wconf 84' lang='lat' dir='ltr'>sic</span> <span class='ocrx_word' id='word_1_756' title='bbox 2785 4482 2988 4538; x_wconf 89' lang='lat' dir='ltr'>melliti</span> <span class='ocrx_word' id='word_1_757' title='bbox 3008 4484 3130 4539; x_wconf 90' lang='lat' dir='ltr'>oris</span> <span class='ocrx_word' id='word_1_758' title='bbox 3154 4486 3584 4551; x_wconf 85' lang='lat' dir='ltr'>dulcedinem</span> <span class='ocrx_word' id='word_1_759' title='bbox 3611 4515 3731 4571; x_wconf 88' lang='lat' dir='ltr'>per</span> <span class='ocrx_word' id='word_1_760' title='bbox 3753 4514 3869 4571; x_wconf 50' lang='lat' dir='ltr'>qua;</span> 
     </span>
    </p>
   </div>
   <div class='ocr_carea' id='block_1_108' title="bbox 2207 4567 3869 4661">
    <p class='ocr_par' dir='ltr' id='par_1_108' title="bbox 2207 4567 3869 4661">
     <span class='ocr_line' id='line_1_108' title="bbox 2207 4567 3869 4661; baseline 0.01 -42"><span class='ocrx_word' id='word_1_761' title='bbox 2207 4567 2540 4638; x_wconf 87' lang='lat' dir='ltr'>damquam</span> <span class='ocrx_word' id='word_1_762' title='bbox 2566 4568 2762 4623; x_wconf 85' lang='lat' dir='ltr'>verbis</span> <span class='ocrx_word' id='word_1_763' title='bbox 2794 4570 3091 4641; x_wconf 80' lang='lat' dir='ltr'>explicare</span> <span class='ocrx_word' id='word_1_764' title='bbox 3118 4588 3241 4627; x_wconf 91' lang='lat' dir='ltr'>non</span> <span class='ocrx_word' id='word_1_765' title='bbox 3273 4582 3544 4649; x_wconf 89' lang='lat' dir='ltr'>potero,</span> <span class='ocrx_word' id='word_1_766' title='bbox 3611 4567 3821 4661; x_wconf 37' lang='lat' dir='ltr'>temp;</span> 
     </span>
    </p>
   </div>
   <div class='ocr_carea' id='block_1_109' title="bbox 2204 4656 3863 4746">
    <p class='ocr_par' dir='ltr' id='par_1_109' title="bbox 2204 4656 3863 4746">
     <span class='ocr_line' id='line_1_109' title="bbox 2204 4656 3863 4746; baseline 0.013 -37"><span class='ocrx_word' id='word_1_767' title='bbox 2204 4656 2309 4711; x_wconf 91' lang='lat' dir='ltr'>bat</span> <span class='ocrx_word' id='word_1_768' title='bbox 2336 4659 2757 4727; x_wconf 84' lang='lat' dir='ltr'>austeritatem,</span> <span class='ocrx_word' id='word_1_769' title='bbox 2792 4664 2853 4713; x_wconf 89' lang='lat' dir='ltr'>ut</span> <span class='ocrx_word' id='word_1_770' title='bbox 2885 4660 3234 4732; x_wconf 86' lang='lat' dir='ltr'>simpliciter</span> <span class='ocrx_word' id='word_1_771' title='bbox 3263 4669 3325 4719; x_wconf 89' lang='lat' dir='ltr'>et</span> <span class='ocrx_word' id='word_1_772' title='bbox 3375 4673 3657 4741; x_wconf 85' lang='lat' dir='ltr'>optimo</span> <span class='ocrx_word' id='word_1_773' title='bbox 3721 4656 3863 4746; x_wconf 54' lang='lat' dir='ltr'>3.1m</span> 
     </span>
    </p>
   </div>
   <div class='ocr_carea' id='block_1_110' title="bbox 2205 4743 3869 4837">
    <p class='ocr_par' dir='ltr' id='par_1_110' title="bbox 2205 4743 3869 4837">
     <span class='ocr_line' id='line_1_110' title="bbox 2205 4743 3869 4837; baseline 0.013 -41"><span class='ocrx_word' id='word_1_774' title='bbox 2205 4743 2520 4798; x_wconf 90' lang='lat' dir='ltr'>locutionis</span> <span class='ocrx_word' id='word_1_775' title='bbox 2550 4750 2791 4813; x_wconf 88' lang='lat' dir='ltr'>tangere</span> <span class='ocrx_word' id='word_1_776' title='bbox 2816 4747 3118 4803; x_wconf 84' lang='lat' dir='ltr'>videretur</span> <span class='ocrx_word' id='word_1_777' title='bbox 3154 4750 3377 4809; x_wconf 86' lang='lat' dir='ltr'>intima</span> <span class='ocrx_word' id='word_1_778' title='bbox 3437 4743 3788 4837; x_wconf 69' lang='lat' dir='ltr'>cujusqu</span> <span class='ocrx_word' id='word_1_779' title='bbox 3840 4783 3869 4813; x_wconf 64' lang='lat' dir='ltr'>ra</span> 
     </span>
    </p>
   </div>
   <div class='ocr_carea' id='block_1_111' title="bbox 2206 4834 3869 4911">
    <p class='ocr_par' dir='ltr' id='par_1_111' title="bbox 2206 4834 3869 4911">
     <span class='ocr_line' id='line_1_111' title="bbox 2206 4834 3869 4911; baseline 0.012 -25"><span class='ocrx_word' id='word_1_780' title='bbox 2206 4834 2522 4902; x_wconf 86' lang='lat' dir='ltr'>gitationis,</span> <span class='ocrx_word' id='word_1_781' title='bbox 2554 4835 2774 4907; x_wconf 89' lang='lat' dir='ltr'>talique</span> <span class='ocrx_word' id='word_1_782' title='bbox 2805 4842 2928 4891; x_wconf 89' lang='lat' dir='ltr'>arte</span> <span class='ocrx_word' id='word_1_783' title='bbox 2959 4839 3409 4899; x_wconf 88' lang='lat' dir='ltr'>nonnullorum</span> <span class='ocrx_word' id='word_1_784' title='bbox 3441 4864 3526 4904; x_wconf 83' lang='lat' dir='ltr'>ex</span> <span class='ocrx_word' id='word_1_785' title='bbox 3597 4834 3813 4911; x_wconf 41' lang='lat' dir='ltr'>oc&#39;uh’g</span> <span class='ocrx_word' id='word_1_786' title='bbox 3853 4856 3869 4909; x_wconf 64' lang='grc' dir='ltr'>ξ</span> 
     </span>
    </p>
   </div>
   <div class='ocr_carea' id='block_1_112' title="bbox 2205 4921 3869 5011">
    <p class='ocr_par' dir='ltr' id='par_1_112' title="bbox 2205 4921 3869 5011">
     <span class='ocr_line' id='line_1_112' title="bbox 2205 4921 3869 5011; baseline 0.013 -36"><span class='ocrx_word' id='word_1_787' title='bbox 2205 4921 2421 4975; x_wconf 86' lang='lat' dir='ltr'>crimas</span> <span class='ocrx_word' id='word_1_788' title='bbox 2462 4921 2695 4977; x_wconf 89' lang='lat' dir='ltr'>eliceret</span> <span class='ocrx_word' id='word_1_789' title='bbox 2719 4924 2942 4978; x_wconf 85' lang='lat' dir='ltr'>indices</span> <span class='ocrx_word' id='word_1_790' title='bbox 2973 4926 3190 4981; x_wconf 88' lang='lat' dir='ltr'>cordis.</span> <span class='ocrx_word' id='word_1_791' title='bbox 3222 4930 3395 4985; x_wconf 84' lang='lat' dir='ltr'>Hanc</span> <span class='ocrx_word' id='word_1_792' title='bbox 3433 4935 3793 5011; x_wconf 74' lang='lat' dir='ltr'>siquidem</span> <span class='ocrx_word' id='word_1_793' title='bbox 3826 4956 3869 4995; x_wconf 44' lang='lat' dir='ltr'>te</span> 
     </span>
    </p>
   </div>
   <div class='ocr_carea' id='block_1_113' title="bbox 2202 5008 3869 5102">
    <p class='ocr_par' dir='ltr' id='par_1_113' title="bbox 2202 5008 3869 5102">
     <span class='ocr_line' id='line_1_113' title="bbox 2202 5008 3869 5102; baseline 0.01 -38"><span class='ocrx_word' id='word_1_794' title='bbox 2202 5010 2467 5065; x_wconf 86' lang='lat' dir='ltr'>validam</span> <span class='ocrx_word' id='word_1_795' title='bbox 2542 5008 2613 5065; x_wconf 72' lang='lat' dir='ltr'>a&#39;</span> <span class='ocrx_word' id='word_1_796' title='bbox 2648 5012 2864 5083; x_wconf 89' lang='lat' dir='ltr'>Spiritu</span> <span class='ocrx_word' id='word_1_797' title='bbox 2937 5021 3145 5070; x_wconf 89' lang='lat' dir='ltr'>sancto</span> <span class='ocrx_word' id='word_1_798' title='bbox 3205 5008 3565 5093; x_wconf 55' lang='lat' dir='ltr'>acceperat</span> <span class='ocrx_word' id='word_1_799' title='bbox 3641 5039 3869 5102; x_wconf 42' lang='lat' dir='ltr'>gyan;</span> 
     </span>
    </p>
   </div>
   <div class='ocr_carea' id='block_1_114' title="bbox 2204 5099 3869 5179">
    <p class='ocr_par' dir='ltr' id='par_1_114' title="bbox 2204 5099 3869 5179">
     <span class='ocr_line' id='line_1_114' title="bbox 2204 5099 3869 5179; baseline 0.014 -27"><span class='ocrx_word' id='word_1_800' title='bbox 2204 5115 2324 5169; x_wconf 90' lang='lat' dir='ltr'>quo</span> <span class='ocrx_word' id='word_1_801' title='bbox 2354 5099 2435 5165; x_wconf 90' lang='lat' dir='ltr'>hi,</span> <span class='ocrx_word' id='word_1_802' title='bbox 2468 5100 2569 5170; x_wconf 91' lang='lat' dir='ltr'>qui</span> <span class='ocrx_word' id='word_1_803' title='bbox 2602 5101 2929 5171; x_wconf 87' lang='lat' dir='ltr'>predicanti</span> <span class='ocrx_word' id='word_1_804' title='bbox 2969 5106 3322 5163; x_wconf 85' lang='lat' dir='ltr'>assisterent</span> <span class='ocrx_word' id='word_1_805' title='bbox 3378 5119 3445 5168; x_wconf 84' lang='lat' dir='ltr'>et</span> <span class='ocrx_word' id='word_1_806' title='bbox 3506 5099 3671 5177; x_wconf 71' lang='lat' dir='ltr'>eum</span> <span class='ocrx_word' id='word_1_807' title='bbox 3715 5126 3869 5179; x_wconf 54' lang='lat' dir='ltr'>intr:</span> 
     </span>
    </p>
   </div>
   <div class='ocr_carea' id='block_1_115' title="bbox 2204 5186 3803 5268">
    <p class='ocr_par' dir='ltr' id='par_1_115' title="bbox 2204 5186 3803 5268">
     <span class='ocr_line' id='line_1_115' title="bbox 2204 5186 3803 5268; baseline 0.016 -28"><span class='ocrx_word' id='word_1_808' title='bbox 2204 5186 2497 5256; x_wconf 86' lang='lat' dir='ltr'>audirent,</span> <span class='ocrx_word' id='word_1_809' title='bbox 2552 5206 2686 5243; x_wconf 89' lang='lat' dir='ltr'>raro</span> <span class='ocrx_word' id='word_1_810' title='bbox 2742 5196 2843 5245; x_wconf 88' lang='lat' dir='ltr'>aut</span> <span class='ocrx_word' id='word_1_811' title='bbox 2898 5207 3242 5264; x_wconf 88' lang='lat' dir='ltr'>numquam</span> <span class='ocrx_word' id='word_1_812' title='bbox 3332 5199 3803 5268; x_wconf 78' lang='lat' dir='ltr'>abscederent</span> 
     </span>
    </p>
   </div>
   <div class='ocr_carea' id='block_1_116' title="bbox 2204 5278 3863 5369">
    <p class='ocr_par' dir='ltr' id='par_1_116' title="bbox 2204 5278 3863 5369">
     <span class='ocr_line' id='line_1_116' title="bbox 2204 5278 3863 5369; baseline 0.014 -40"><span class='ocrx_word' id='word_1_813' title='bbox 2204 5278 2331 5346; x_wconf 85' lang='lat' dir='ltr'>ejus</span> <span class='ocrx_word' id='word_1_814' title='bbox 2352 5278 2771 5349; x_wconf 73' lang='lat' dir='ltr'>praedicatione</span> <span class='ocrx_word' id='word_1_815' title='bbox 2804 5282 2928 5335; x_wconf 87' lang='lat' dir='ltr'>sine</span> <span class='ocrx_word' id='word_1_816' title='bbox 2954 5282 3355 5344; x_wconf 88' lang='lat' dir='ltr'>lacrimarum</span> <span class='ocrx_word' id='word_1_817' title='bbox 3388 5296 3766 5360; x_wconf 73' lang='lat' dir='ltr'>etfusione.</span> <span class='ocrx_word' id='word_1_818' title='bbox 3829 5322 3863 5369; x_wconf 60' lang='grc' dir='ltr'><strong>ρ</strong></span> 
     </span>
    </p>
   </div>
   <div class='ocr_carea' id='block_1_117' title="bbox 2202 5367 3869 5455">
    <p class='ocr_par' dir='ltr' id='par_1_117' title="bbox 2202 5367 3869 5455">
     <span class='ocr_line' id='line_1_117' title="bbox 2202 5367 3869 5455; baseline 0.011 -34"><span class='ocrx_word' id='word_1_819' title='bbox 2202 5367 2521 5437; x_wconf 83' lang='lat' dir='ltr'>pergrandi</span> <span class='ocrx_word' id='word_1_820' title='bbox 2567 5368 2749 5437; x_wconf 87' lang='lat' dir='ltr'>bono,</span> <span class='ocrx_word' id='word_1_821' title='bbox 2798 5386 2834 5425; x_wconf 91' lang='lat' dir='ltr'>a</span> <span class='ocrx_word' id='word_1_822' title='bbox 2886 5370 3169 5441; x_wconf 88' lang='lat' dir='ltr'>largitore</span> <span class='ocrx_word' id='word_1_823' title='bbox 3229 5383 3543 5444; x_wconf 84' lang='lat' dir='ltr'>omnium</span> <span class='ocrx_word' id='word_1_824' title='bbox 3613 5367 3869 5455; x_wconf 14' lang='lat' dir='ltr'>honori;</span> 
     </span>
    </p>
   </div>
   <div class='ocr_carea' id='block_1_118' title="bbox 2035 5514 2265 5570">
    <p class='ocr_par' dir='ltr' id='par_1_118' title="bbox 2035 5514 2265 5570">
     <span class='ocr_line' id='line_1_118' title="bbox 2035 5514 2265 5570; baseline 0.004 -1"><span class='ocrx_word' id='word_1_825' title='bbox 2035 5514 2265 5570; x_wconf 65' lang='lat' dir='ltr'>NOTIE.</span> 
     </span>
    </p>
   </div>
   <div class='ocr_carea' id='block_1_119' title="bbox 522 5618 1377 5753">
    <p class='ocr_par' dir='ltr' id='par_1_119' title="bbox 522 5618 1377 5753">
     <span class='ocr_line' id='line_1_119' title="bbox 522 5618 1377 5753; baseline 0.021 -85"><span class='ocrx_word' id='word_1_826' title='bbox 522 5618 637 5753; x_wconf 53' lang='grc' dir='ltr'>ξ92)</span> <span class='ocrx_word' id='word_1_827' title='bbox 666 5621 813 5679; x_wconf 82' lang='lat' dir='ltr'>Psal.</span> <span class='ocrx_word' id='word_1_828' title='bbox 844 5640 934 5693; x_wconf 84' lang='lat' dir='ltr'>cx,</span> <span class='ocrx_word' id='word_1_829' title='bbox 968 5631 1031 5682; x_wconf 79' lang='grc'>10</span> <span class='ocrx_word' id='word_1_830' title='bbox 1056 5648 1069 5698; x_wconf 89' lang='lat'><strong>;</strong></span> <span class='ocrx_word' id='word_1_831' title='bbox 1097 5648 1260 5701; x_wconf 80' lang='lat' dir='ltr'>xvnr,</span> <span class='ocrx_word' id='word_1_832' title='bbox 1291 5634 1377 5689; x_wconf 91' lang='lat'>10.</span> 
     </span>
     <span class='ocr_line' id='line_1_120' title="bbox 547 5688 1056 5753; baseline 0.029 -14"><span class='ocrx_word' id='word_1_833' title='bbox 547 5688 642 5753; x_wconf 83' lang='lat'>93)</span> <span class='ocrx_word' id='word_1_834' title='bbox 668 5691 831 5749; x_wconf 87' lang='lat' dir='ltr'>Rom.</span> <span class='ocrx_word' id='word_1_835' title='bbox 863 5711 940 5750; x_wconf 74' lang='lat' dir='ltr'>xx.</span> <span class='ocrx_word' id='word_1_836' title='bbox 972 5702 1056 5753; x_wconf 77' lang='lat'>23.</span> 
     </span>
    </p>
   </div>
   <div class='ocr_carea' id='block_1_120' title="bbox 547 5688 1056 5756">
    <p class='ocr_par' dir='ltr' id='par_1_120' title="bbox 547 5688 1056 5756">
     <span class='ocr_line' id='line_1_121' title="bbox 547 5688 1056 5756; baseline 0.022 -12"><span class='ocrx_word' id='word_1_837' title='bbox 547 5688 642 5756; x_wconf 83' lang='lat'>93)</span> <span class='ocrx_word' id='word_1_838' title='bbox 668 5691 831 5749; x_wconf 87' lang='lat' dir='ltr'>Rom.</span> <span class='ocrx_word' id='word_1_839' title='bbox 863 5688 940 5750; x_wconf 71' lang='lat' dir='ltr'>xi.</span> <span class='ocrx_word' id='word_1_840' title='bbox 972 5702 1056 5755; x_wconf 77' lang='lat'>23.</span> 
     </span>
    </p>
   </div>
   <div class='ocr_carea' id='block_1_121' title="bbox 2280 5642 2812 5713">
    <p class='ocr_par' dir='ltr' id='par_1_121' title="bbox 2280 5642 2812 5713">
     <span class='ocr_line' id='line_1_122' title="bbox 2280 5642 2812 5713; baseline 0.008 -17"><span class='ocrx_word' id='word_1_841' title='bbox 2280 5643 2389 5712; x_wconf 78' lang='grc'>(94)</span> <span class='ocrx_word' id='word_1_842' title='bbox 2422 5642 2442 5693; x_wconf 90' lang='grc' dir='ltr'>Ι</span> <span class='ocrx_word' id='word_1_843' title='bbox 2472 5642 2617 5700; x_wconf 86' lang='lat' dir='ltr'>Tim.</span> <span class='ocrx_word' id='word_1_844' title='bbox 2647 5660 2725 5713; x_wconf 83' lang='grc' dir='ltr'>ιιι,</span> <span class='ocrx_word' id='word_1_845' title='bbox 2762 5649 2812 5701; x_wconf 82' lang='lat' dir='ltr'>l.</span> 
     </span>
    </p>
   </div>
   <div class='ocr_carea' id='block_1_122' title="bbox 2278 5714 2809 5785">
    <p class='ocr_par' dir='ltr' id='par_1_122' title="bbox 2278 5714 2809 5785">
     <span class='ocr_line' id='line_1_123' title="bbox 2278 5714 2809 5785; baseline 0.013 -20"><span class='ocrx_word' id='word_1_846' title='bbox 2278 5714 2388 5780; x_wconf 82' lang='lat'>(95)</span> <span class='ocrx_word' id='word_1_847' title='bbox 2417 5716 2456 5767; x_wconf 88' lang='grc' dir='ltr'><strong>Ι.</strong></span> <span class='ocrx_word' id='word_1_848' title='bbox 2490 5729 2540 5770; x_wconf 91' lang='lat' dir='ltr'>e.</span> <span class='ocrx_word' id='word_1_849' title='bbox 2564 5715 2809 5785; x_wconf 88' lang='lat' dir='ltr'>pedum.</span> 
     </span>
    </p>
   </div>
  </div>
