3910 6382
67 317 86 366 1
99 316 198 367 0'25

845 308 932 360 DE
973 306 1340 362 MIRACULIS
1377 307 1431 358 S.
1477 303 1888 360 EMMERAMMI
1932 304 2109 360 LIBRI
2147 306 2311 363 DUO.
2356 337 2425 348 --
2467 309 2597 363 LIB.
2642 308 2706 363 Il.

3349 314 3367 364 l
3379 310 3485 367 026

59 433 410 512 hominibus
446 447 757 496 concesso,
791 445 897 501 per
929 430 1220 486 malitiam
1273 445 1446 484 suam
1487 428 1718 483 saucia-
1759 438 1803 487 Α
1837 431 2201 500 tempestatis
2229 432 2399 501 juxta
2431 432 2925 488 consuetudinem
2957 434 3240 490 humanae
3270 434 3488 504 fragili-

58 529 154 580 tus
183 525 466 579 humanae
499 519 708 575 salutis
740 519 1036 584 inimicus,
1070 525 1122 572 et
1149 520 1199 573 ei
1231 518 1472 574 obviam
1520 518 1600 572 ire
1628 534 1725 572 co-

60 619 256 678 natus,
297 609 607 677 invidiam,
650 624 834 680 quam
885 624 1122 679 semper
1171 607 1453 670 habebat,
1503 606 1727 677 quibus

60 707 293 774 poterat
319 699 548 755 viribus
578 697 908 752 exercebat.

136 796 281 847 Nam
312 790 405 844 die
437 787 727 860 quadam.
763 803 900 842 cum
941 787 1241 858 predictus
1285 786 1472 840 beatze
1506 801 1727 840 memo-

61 883 163 938 riae,
197 880 598 947 Wolfgangus
630 876 949 948 episcopus
1000 876 1171 931 solito
1205 892 1368 930 more
1418 876 1493 931 ad
1534 891 1726 946 pepu-

60 971 188 1026 lum
217 987 284 1024 ex
317 968 551 1040 pulpito
578 966 670 1020 vel
702 966 963 1020 amboue
1005 966 1481 1033 concionaretur,
1513 964 1725 1018 diabo-

60 1061 155 1115 lus
189 1058 350 1113 aliud
383 1073 502 1111 non
545 1055 868 1116 inveniens.
905 1055 1156 1109 Domino
1203 1055 1554 1123 prohibente
1604 1070 1726 1125 quo

65 1150 504 1210 adversaretur,
541 1145 736 1199 subito
788 1145 1105 1199 concitavit
1150 1144 1468 1208 turbinem,
1504 1148 1557 1197 et
1587 1159 1725 1197 cum

61 1239 295 1294 turbine
327 1235 758 1291 tumultuosam
791 1234 1212 1299 turbatiouem,
1234 1250 1299 1287 ac
1334 1232 1724 1287 nihilominus

62 1345 203 1382 cum
249 1325 585 1382 turbatione
637 1324 957 1378 confusum
989 1339 1260 1376 murmur
1291 1327 1346 1376 et
1375 1322 1722 1384 clamorem,

60 1434 172 1473 nec
222 1432 342 1470 non
401 1430 584 1486 super
624 1417 843 1468 tectum
901 1412 1161 1467 ecclesiae
1218 1412 1514 1481 fragorem
1564 1409 1727 1465 dedit

58 1508 389 1576 ingentem,
446 1510 501 1559 et
553 1504 706 1558 intra
772 1502 1032 1556 ecclesia",
1092 1500 1468 1572 receptacula
1521 1499 1725 1570 pulve-

58 1614 188 1652 rem
218 1597 572 1667 dispergens
604 1610 672 1649 ac
708 1593 1015 1660 nebulam,
1051 1592 1388 1663 aliquorum
1419 1589 1725 1644 obtutibus

59 1686 380 1755 caliginem
421 1683 654 1738 obfudit
686 1682 1083 1738 tenebrosam.
1121 1679 1346 1745 Quibus
1397 1695 1468 1733 ex
1507 1679 1726 1750 impro—

59 1776 188 1830 viso
223 1775 364 1829 visis
423 1778 478 1828 et
522 1772 758 1837 auditis,
795 1770 1055 1843 populus
1106 1769 1471 1841 perterritus,
1513 1768 1721 1832 immo,

58 1865 226 1938 quod
259 1864 432 1936 pejus
465 1867 608 1931 erat,
643 1877 793 1934 pene
828 1865 1024 1915 mente
1057 1857 1566 1928 alienatus,coapit
1591 1872 1728 1911 con-

60 1971 300 2010 currere
345 1959 400 2008 et
447 1952 799 2016 discurrere,
834 1951 1112 2016 incertus,
1147 1949 1413 2004 confusis
1443 1945 1725 2002 omnibus

57 2051 114 2100 et
145 2043 420 2107 turbatis,
452 2043 514 2097 in
552 2058 738 2114 quam
787 2046 1018 2112 partem
1061 2057 1119 2094 se
1169 2039 1347 2094 tutius
1396 2053 1463 2091 ac
1512 2035 1725 2090 rectius

58 2139 269 2208 posset
295 2138 654 2188 convertere.
693 2131 926 2186 Interim
955 2130 1356 2185 audiebantur
1383 2143 1560 2182 voces
1589 2125 1725 2179 hinc

56 2223 425 2279 dicentium:
467 2224 530 2276 [η
563 2221 705 2275 urbe
729 2221 959 2288 grande
991 2221 1155 2274 sumit
1181 2217 1557 2276 incendium;
1589 2213 1726 2267 inde

57 2312 500 2368 clamitantium
530 2329 542 2364 :
579 2312 730 2364 Ecce
752 2311 1038 2364 seditione
1055 2310 1224 2377 facta
1248 2308 1575 2360 multorum
1599 2303 1728 2371 gla-

57 2405 174 2457 diis
207 2402 594 2457 disciduntur
626 2401 871 2469 jugulo.
903 2399 1172 2470 Cumque
1215 2412 1323 2468 pro
1363 2391 1729 2449 clamoribus

57 2491 486 2562 hujuscemodi
529 2490 766 2544 sedanis
820 2488 1098 2552 multum,
1158 2486 1260 2540 sed
1295 2485 1621 2547 incassum,
1650 2480 1729 2535 la-

57 2583 347 2638 boratum
395 2584 552 2634 esset
581 2595 617 2634 a
650 2579 921 2641 sensatis,
955 2577 1196 2632 tandem
1249 2575 1353 2646 qui
1405 2577 1571 2627 erant
1618 2570 1724 2625 ini-

57 2672 204 2727 mici
263 2668 812 2725 machinationibus
866 2666 1174 2732 ludificati,
1221 2671 1340 2718 tam
1391 2659 1729 2716 vehementi

58 2777 320 2817 excursu
365 2777 473 2832 per
505 2764 732 2813 turmas
772 2761 1095 2828 eruperunt
1147 2756 1220 2808 de
1261 2751 1530 2810 ecclesia,
1569 2755 1628 2804 ut
1658 2764 1728 2802 ex

59 2857 228 2907 tanta
281 2848 662 2905 multitudine
710 2847 810 2902 vix
838 2846 1015 2919 pauci
1071 2843 1431 2899 remansisse
1463 2840 1731 2894 videren-

60 2946 158 2996 tur
185 2941 244 2995 in
277 2940 400 2995 illa.
431 2941 592 2994 Tunc
623 2937 960 3010 episcopus.
987 2951 1168 3006 quem
1201 2938 1373 2988 tanta:
1407 2928 1730 2984 commotio

1836 519 1970 574 tatis
1995 519 2126 574 loco
2158 519 2335 575 etiam
2365 521 2695 593 propellere
2723 527 2942 593 posset,
2971 523 3017 577 si
3046 523 3253 578 Christi
3283 540 3490 579 servus

1835 623 1959 662 non
1989 614 2162 674 esset,
2184 610 2326 680 quia
2355 610 2605 664 domum
2639 610 2696 665 in
2725 611 2901 666 firma
2931 611 3250 666 solidatam
3279 610 3492 667 habuit

1836 702 2024 768 petra,
2059 698 2312 765 gradum
2348 716 2467 753 non
2500 700 2700 768 movit,
2735 700 2838 754 sed
2871 700 3098 755 stabilis
3130 705 3186 756 et
3215 699 3492 756 immobi-

1837 784 1906 839 lis
1958 801 2340 856 permanens,
2395 803 2619 856 magua
2675 787 2792 842 ﬁde
2846 788 3125 844 clamavit
3177 793 3232 843 et
3298 787 3484 842 dixit:

1837 876 2085 929 Domine
2106 877 2244 929 Jesu
2271 876 2525 942 Christe,
2557 878 2792 932 solitam
2812 878 3088 944 ﬁdelibus
3118 880 3234 932 tuis
3257 893 3487 933 accom-

1838 965 2084 1019 modans
2128 967 2409 1034 gratiam,
2445 967 2696 1020 concede
2733 972 2798 1020 ut
2853 966 3023 1022 hodie
3074 967 3315 1022 videant
3366 968 3489 1036 glo-

1837 1055 1988 1108 riam
2041 1056 2292 1107 nominis
2343 1056 2456 1108 tuis
2511 1061 2562 1109 et
2615 1056 3020 1124 confusionem
3071 1056 3311 1111 diaboli.
3348 1057 3488 1120 Quae

1835 1143 2019 1197 verba
2051 1148 2251 1197 secuta
2282 1148 2366 1197 cst
2398 1145 2680 1198 seueritas
2711 1144 2882 1210 aeris,
2913 1150 2969 1199 et
2998 1145 3374 1200 serenitatem
3404 1160 3490 1199 re-

1837 1249 2049 1286 cursus
2084 1232 2142 1286 in
2198 1232 2512 1288 ecclesiam
2559 1233 2768 1305 plebis.
2813 1234 2916 1290 (lui
2957 1233 3310 1290 venerabilis
3343 1234 3486 1289 anti-

1837 1328 1951 1376 stes
1984 1339 2123 1376 mox
2151 1327 2423 1376 aromata
2467 1327 2522 1376 et
2556 1329 2858 1390 unguenta
2889 1340 3072 1378 sacrae
3098 1324 3381 1379 doctrinae
3413 1323 3492 1378 ef-

1836 1411 2092 1466 fundens
2136 1412 2286 1466 adeo
2331 1412 2428 1466 illa
2481 1413 2594 1474 die,
2631 1413 2741 1467 sibi
2771 1413 2843 1468 de
2883 1414 3043 1468 cretis
3081 1417 3197 1468 Deo
3228 1413 3491 1468 dulcedi-

1835 1517 1971 1555 nem
2025 1502 2317 1556 sermonis
2379 1502 2717 1572 instillaute,
2778 1504 3016 1575 profuit,
3057 1508 3118 1557 ut
3174 1504 3487 1558 manifeste

1835 1591 2142 1645 inimicum
2177 1591 2373 1645 vicerit
2404 1591 2495 1645 vel
2545 1593 2852 1660 fugaverit,
2883 1593 2984 1664 qui
3023 1592 3486 1664 perturbationis

1835 1681 2133 1735 nimietate
2163 1697 2312 1751 pene
2341 1681 2623 1735 omnibus
2669 1682 2876 1737 obfuit.
2914 1683 3076 1737 Unde
3105 1687 3160 1737 et
3190 1687 3397 1753 postea
3421 1682 3488 1736 fi-

1766 1790 1803 1841 Β
1835 1771 2058 1824 delium
2103 1770 2340 1824 devotio
2399 1771 2553 1825 hanc
2610 1772 3105 1827 consuetudinem
3156 1772 3330 1845 cmpit
3378 1787 3488 1844 pro

1836 1860 1962 1924 lege
1992 1860 2235 1927 habere,
2261 1877 2384 1931 quo
2415 1877 2520 1931 per
2553 1861 2836 1916 stationes
2876 1862 3225 1933 episcopum
3267 1867 3488 1916 turma-

1835 1950 1937 2004 tim
1998 1949 2374 2020 preveuirent
2418 1955 2472 2003 et
2513 1957 2920 2021 sequerentur,
2955 1968 3023 2005 ac
3071 1950 3490 2022 predicationis

1836 2039 2240 2103 erogationem
2300 2055 2539 2094 summa
2594 2041 2926 2108 ali'ectione,
2984 2045 3183 2111 utpote
3236 2039 3490 2111 apostoli

1835 2125 2087 2190 bonum,
2118 2125 2616 2197 amplecterentur
2660 2128 2930 2182 odorem.
2964 2131 3068 2182 Per
3105 2144 3288 2199 quem
3329 2127 3490 2181 idem

1837 2216 2214 2270 venerandus
2245 2222 2412 2286 pater
2442 2217 2518 2271 ad
2551 2218 2782 2288 pietatis
2830 2218 3106 2272 exercitia
3137 2234 3277 2272 oves
3304 2217 3492 2272 domi-

1837 2305 2002 2359 nicas
2033 2305 2106 2359 de
2155 2305 2249 2359 die
2300 2306 2360 2360 in
2409 2307 2567 2361 diem
2615 2309 2804 2369 magis
2836 2307 3150 2379 magisque
3181 2306 3493 2362 adtrahere

1838 2394 2133 2459 studebat,
2190 2411 2355 2448 more
2411 2396 2628 2451 scilicet
2681 2397 2977 2467 animalis,
3029 2395 3193 2470 quod
3243 2395 3496 2467 panther

1836 2481 2069 2550 dicitur,
2121 2483 2244 2554 qui,
2300 2487 2363 2537 ut
2425 2485 2762 2555 physiologi
2810 2485 3141 2556 perhibent,
3210 2483 3494 2538 omnibus

1838 2570 2200 2624 animalibus
2231 2571 2481 2637 amicus,
2515 2574 2775 2644 exceptis
2819 2573 3079 2628 dracone
3121 2577 3177 2628 et
3206 2571 3492 2643 serpenti-

1837 2660 1970 2723 bus,
2005 2666 2218 2715 cuncta
2248 2661 2597 2726 animantia,
2631 2679 2764 2734 quae
2813 2664 2872 2718 iu
2907 2663 3156 2718 vicinate
3202 2662 3290 2716 sui
3331 2663 3489 2729 sunt,

1838 2748 2058 2802 emisso
2109 2749 2269 2803 bono
2299 2750 2481 2803 odore
2525 2752 2600 2805 ad
2655 2769 2714 2806 se
2767 2752 2914 2806 solet
2968 2751 3266 2807 adducere
3312 2753 3491 2821 atque

1841 2838 1990 2891 miro
2024 2837 2204 2892 modo
2234 2854 2504 2893 amorem
2537 2857 2714 2894 suum
2747 2839 2859 2895 illis
2890 2840 3177 2909 ingerere.

69 3059 3475 3085 ΝΜ

1036 3141 1629 3242 .lNClPIT
1730 3137 2013 3234 DIA
2034 3139 2561 3237 LOGUS

140 3311 290 3363 Dum
320 3308 448 3361 hzec
479 3304 674 3359 scribo
719 3308 775 3358 et
823 3301 1094 3357 animum
1126 3299 1202 3353 ad
1234 3299 1381 3354 alias
1416 3296 1732 3352 scribenda
1773 3294 1812 3348 C
1842 3299 1933 3348 rat
1955 3294 2336 3349 artiﬁciosam
2354 3295 2675 3350 verborum
2697 3296 3212 3367 compositionem,
3230 3295 3337 3351 sed
3359 3294 3497 3350 simi

65 3398 354 3452 sollicitus
407 3411 702 3468 praeparo,
738 3393 906 3448 adest
953 3389 1096 3445 mihi
1129 3391 1306 3443 frater
1334 3387 1730 3442 Ammonitius

65 3507 270 3545 comes
303 3503 505 3543 rerum
561 3501 832 3540 mearum
876 3480 1279 3542 fidelissimus,
1318 3479 1419 3551 qui
1466 3495 1560 3532 me
1594 3493 1729 3531 con—

65 3579 229 3636 venit
259 3577 525 3633 otﬁciose
559 3577 640 3630 sic
691 3574 1091 3646 proloqueus:
1138 3596 1160 3618 ‹‹
1193 3570 1298 3625 Ubi
1329 3573 1414 3623 est
1456 3568 1731 3633 dialogus

64 3685 251 3742 quem
285 3666 572 3722 devovisti
605 3669 659 3718 te
710 3663 1068 3735 scripturum
1120 3659 1176 3714 in
1226 3658 1465 3713 nomine
1500 3656 1730 3710 Domini

63 3760 138 3813 de
168 3756 478 3813 miraculis
513 3759 567 3810 B.
599 3751 1025 3809 Emmerammi
1075 3751 1229 3805 etde
1261 3749 1546 3813 regimine
1578 3746 1732 3801 illius

65 3846 418 3903 monasterii
443 3846 470 3900 '?
501 3849 571 3899 Es
601 3844 826 3916 quippe
853 3841 1086 3895 debitor
1116 3838 1598 3912 spousionis,aut
1625 3835 1735 3889 for-

67 3939 137 3994 tis
190 3935 668 3992 excusationis.»
727 3936 874 3987 Tum
930 3947 1079 3993 ego:
1139 3953 1161 3977 ‹‹
1197 3928 1427 3984 Minime
1483 3925 1735 3980 diﬁiteor

61 4028 215 4100 quin
245 4025 482 4080 debitor
512 4023 643 4078 sim.
681 4021 792 4078 Sed
822 4025 1139 4092 propterea
1170 4017 1388 4080 distuli,
1423 4015 1563 4087 quia
1612 4029 1734 4067 non

63 4120 266 4171 certus
295 4130 461 4169 eram
493 4112 604 4166 sub
637 4111 808 4180 cujus
838 4124 1099 4181 persona
1139 4106 1521 4179 potissimum
1549 4102 1734 4158 conti-

64 4222 201 4261 cere
235 4220 483 4276 possem
515 4201 844 4269 dialogum,
879 4215 1016 4253 cum
1067 4197 1374 4269 perplures
1423 4194 1494 4247 de
1550 4192 1736 4247 laudi—

61 4297 185 4351 bus
221 4293 412 4350 nostri
441 4291 697 4365 patroni,
727 4294 781 4345 et
825 4289 898 4343 de
949 4287 1076 4343 aliis
1117 4285 1465 4341 utilitatibus
1498 4298 1735 4338 mecum

67 4401 230 4457 saepe
261 4380 718 4453 disputaverint,
747 4384 802 4433 et
834 4395 894 4433 se
926 4375 1199 4448 parvitati
1234 4391 1380 4428 mea:
1416 4373 1736 4428 necessitu-

63 4476 232 4530 dinis
285 4471 525 4527 vinculo
570 4469 894 4541 junxerint.
925 4490 951 4515 η
999 4465 1340 4538 Respondit,
1375 4464 1477 4535 qui
1510 4479 1734 4534 supra:

65 4586 98 4616 «
132 4566 220 4620 Sit
252 4561 375 4619 tibi.
404 4560 737 4616 secundum
770 4553 1560 4614 Salomonem.cousiliarius
1583 4568 1738 4606 unus

1839 3382 2050 3454 plicem
2084 3388 2326 3449 atentat,
2363 3384 2407 3436 si
2437 3384 2592 3451 velit,
2618 3385 2856 3438 humilis
2907 3384 3038 3453 styli
3067 3383 3493 3455 operationem,

1837 3489 1959 3542 qua
1984 3472 2122 3526 mihi
2146 3473 2411 3543 meisque
2437 3473 2652 3526 sudare
2670 3473 2852 3527 malui
2877 3472 3496 3543 confratribus,quam

1840 3562 2068 3633 absque
2105 3579 2350 3616 manum
2385 3578 2563 3633 opere
2597 3561 2844 3616 inveniri
2877 3561 3160 3616 otiosus,»
3193 3565 3310 3615 Hac
3345 3561 3498 3615 ﬁdu-

1841 3651 1931 3706 cia
1961 3657 2015 3705 et
2045 3652 2156 3705 hac
2188 3650 2510 3705 intentione
2546 3651 2814 3722 procedit
2843 3667 2996 3722 opus
3030 3650 3396 3704 inchoatum.

1914 3742 2092 3806 Igitur
2135 3741 2322 3796 beatze
2354 3740 2657 3795 memoriae
2692 3740 3073 3809 Wolfgangus
3107 3738 3494 3794 Ratisbonen-

1842 3832 1944 3890 sis.
1978 3831 2294 3902 episcopus
2347 3832 2675 3902 perspectis
2716 3834 2772 3884 et
2822 3828 3128 3884 intellectis
3170 3828 3349 3883 rebus
3379 3827 3498 3900 epi-

1844 3921 2030 3992 scopii
2084 3920 2526 3992 dispensatione
2581 3920 2785 3974 divina
2833 3919 2943 3973 sibi
2991 3917 3316 3988 commissi,
3349 3917 3499 3973 inter

1844 4015 2053 4064 caetera
2084 4025 2216 4081 quae
2246 4009 2297 4063 ei
2327 4009 2641 4081 pastoralis
2698 4025 2854 4064 curae
2908 4007 3240 4063 sollicitudo
3284 4022 3499 4078 procu-

1843 4101 2053 4164 randa,
2107 4100 2228 4154 sive
2278 4099 2631 4164 corrigenda
2684 4099 3041 4168 iniunxerat,
3083 4097 3322 4166 gravius
3375 4096 3504 4152 tulit

1845 4190 2177 4245 monachos
2208 4189 2535 4244 beatissimi
2566 4188 2846 4259 martyris
2898 4187 3324 4243 Emmerammi
3352 4191 3504 4241 eate-

1847 4285 2018 4336 tenus
2053 4279 2272 4333 abbate
2305 4278 2589 4346 caruisse,
2624 4284 2676 4332 et
2703 4277 2877 4349 quasi
2909 4293 3049 4331 oves
3082 4279 3347 4331 errantes
3376 4274 3501 4328 sine

1847 4374 2083 4442 pastore
2115 4367 2312 4421 fuisse.
2347 4368 2528 4436 Hujus
2558 4367 2638 4420 rei
2672 4366 2860 4431 gratia
2906 4365 3065 4419 misit
3095 4365 3172 4419 ad
3205 4363 3502 4418 Treviren-

1847 4475 1908 4513 se
1934 4456 2384 4521 monasterium,
2418 4456 2477 4510 in
2509 4471 2629 4526 quo
2660 4455 2873 4509 beatus
2914 4453 3264 4509 Maximinus
3295 4467 3504 4523 corpo-

1847 4564 1908 4602 re
1957 4546 2228 4618 quiescit,
2260 4550 2315 4600 et
2354 4545 2489 4599 inde
2542 4543 2933 4599 reverendum
2985 4559 3188 4598 senem
3235 4540 3505 4596 Ramvol-

66 4673 144 4711 ex
175 4652 339 4708 mille
370 4653 500 4719 (96‘),
525 4675 550 4699 ››
583 4655 638 4705 et
662 4649 735 4703 de
761 4649 873 4702 hac
903 4664 964 4700 re
997 4662 1271 4701 securum
1300 4649 1352 4698 te
1382 4643 1569 4697 faciet.
1594 4645 1738 4695 Nam
1778 4647 1824 4701 D
1849 4637 1994 4692 dum
2024 4634 2310 4704 evocavit,
2343 4634 2445 4706 qui
2475 4633 2787 4705 quondam
2837 4632 2949 4687 sub
3000 4631 3244 4686 Henrico
3276 4630 3502 4685 archie-

65 4748 117 4801 si
152 4744 273 4810 vis,
302 4757 622 4813 personam
657 4736 1011 4793 Ammonicii
1051 4734 1472 4790 convenienter
1520 4731 1738 4803 poteris

63 4835 304 4890 habere
335 4847 445 4903 pro
475 4828 741 4901 quolibet
773 4827 945 4882 fratre
979 4831 1030 4881 te
1081 4825 1158 4880 ad
1199 4823 1429 4878 bonum
1469 4836 1737 4875 commo-

65 4928 258 4979 nente
305 4920 395 4974 vel
425 4919 791 4973 exhortante.
840 4921 952 4970 Nec
1005 4919 1092 4969 est
1144 4913 1465 4986 quisquam
1517 4911 1739 4964 amico-

65 5029 214 5068 rum
248 5009 353 5082 qui
384 5024 445 5063 se
475 5008 634 5063 dicat
664 5011 1100 5077 contemptum,
1134 5003 1506 5072 alterumque
1535 5000 1594 5053 in
1626 5000 1739 5053 hoc

67 5101 194 5158 sibi
252 5098 593 5167 indignetur
641 5113 772 5150 esse
822 5095 1155 5167 praelatum.
1206 5090 1455 5146 Proinde
1510 5089 1742 5160 absque

66 5187 714 5262 comperendinatione
783 5200 1021 5240 assume
1087 5183 1418 5249 dialogum,
1473 5183 1529 5234 et
1595 5177 1745 5231 sicut

64 5277 468 5357 proposuisti,
502 5275 785 5331 laudibus
824 5273 1103 5344 martyris
1151 5271 1344 5326 intexe
1389 5268 1743 5323 memoriam

65 5355 498 5427 confessor-um
529 5363 758 5428 Christi,
792 5378 900 5416 nec
931 5376 1051 5416 non
1083 5359 1221 5414 huic
1265 5357 1529 5413 admisce
1577 5355 1747 5428 quid-

67 5458 234 5533 quid
277 5456 518 5512 animus
562 5458 719 5508 recte
762 5468 869 5507 seu
911 5455 1246 5522 opportune
1278 5447 1383 5503 tibi
1417 5445 1744 5514 dictaverit,

71 5555 187 5607 aut
217 5547 370 5603 ratio
400 5545 479 5602 ad
512 5541 1257 5598 scribendum.—Paratus
1289 5553 1443 5598 sum.
1473 5537 1744 5606 inquam,

71 5641 280 5696 facere
311 5635 479 5710 quod
499 5632 778 5700 hortaris,
802 5629 905 5685 sed
923 5629 1035 5684 hoc
1059 5628 1223 5700 prius
1254 5643 1288 5681 a
1323 5630 1532 5681 lectore
1556 5623 1746 5678 humi-

71 5730 213 5786 liter
236 5722 676 5800 postulandum
689 5735 926 5785 censeo,
941 5733 1015 5772 ne
1029 5718 1088 5772 in
1105 5715 1407 5789 opusculis
1428 5713 1576 5768 meis
1591 5728 1749 5784 quie-

161 5818 277 5890 t96)
317 5815 510 5874 Eccli‘.
551 5830 622 5868 vr.

1848 4727 2096 4798 piscopo
2126 4725 2256 4794 ejus
2300 4723 2646 4795 capellanus
2679 4722 2805 4776 fuit.
2850 4745 2876 4769 ‹‹
2905 4723 3119 4789 Quare,
3150 4719 3344 4791 inquit
3370 4724 3506 4774 Am-

1850 4815 2163 4878 monicius,
2197 4819 2361 4870 tanto
2411 4819 2675 4885 tempore
2725 4812 2849 4865 sine
2903 4811 3121 4866 abbate
3171 4810 3424 4874 fuerant,
3457 4808 3505 4862 si

1851 4905 2130 4960 monachi
2161 4909 2330 4958 erant
2350 4905 2376 4958 ‘2
2404 4903 2449 4957 si
2478 4919 2618 4958 vero
2658 4898 3102 4970 monachibsub
3133 4899 3304 4968 cujus
3334 4912 3506 4965 regu-

1850 4996 1907 5051 la
1955 4993 2301 5063 degebant?
2358 4997 2486 5048 [hec
2538 5007 2781 5064 quoque
2830 4987 3128 5045 enucleari
3174 4988 3307 5058 ipsa
3356 4986 3504 5042 ratio

1853 5085 2060 5157 poscit.
2094 5115 2162 5122 —
2194 5083 2314 5137 Hoc
2346 5087 2455 5148 est,
2489 5082 2761 5152 inquam,
2794 5078 2959 5151 quod
3002 5076 3167 5132 brevi
3195 5075 3505 5131 revelatio-

1854 5191 1927 5229 ne
1958 5188 2316 5241 cognoscere
2350 5175 2536 5242 potes.
2574 5169 2704 5224 Fuit
2751 5167 2973 5240 quippe
3027 5165 3225 5238 prisca
3263 5179 3509 5220 consue-

1855 5262 1998 5318 tudo
2049 5261 2110 5315 in
2153 5259 2564 5314 Ratisbonensi
2620 5256 2874 5312 Ecclesia
2925 5260 2991 5311 ut
3034 5254 3136 5327 qui
3195 5254 3505 5319 antistites,

1854 5352 2034 5407 iidem
2065 5355 2262 5403 essent
2287 5353 2341 5403 et
2371 5348 2637 5404 abbates.
2676 5349 2940 5411 Quorum
2981 5344 3231 5400 nomina
3261 5344 3511 5416 quidam

1856 5440 1935 5496 ob
1989 5437 2340 5510 temporalia
2391 5435 2714 5492 commoda
2761 5434 3065 5504 tenebant,
3116 5449 3238 5491 non
3291 5433 3506 5488 ofﬁcia.

1856 5526 2164 5584 Timebant
2192 5526 2351 5579 enim
2381 5541 2456 5579 ne
2488 5524 2534 5578 si
2567 5521 2935 5578 monasterio
2976 5521 3258 5578 abbatem
3289 5537 3509 5594 praees-

1859 5636 1918 5674 se
1965 5618 2243 5681 facerent,
2277 5613 2419 5685 quia
2471 5631 2506 5669 a
2552 5616 2718 5668 Patre
2757 5612 3102 5667 monasterii
3150 5610 3355 5666 omnia
3385 5625 3512 5680 spe-

1857 5705 2047 5764 randa
2078 5706 2232 5769 sunt,
2267 5701 2376 5755 sibi
2413 5706 2688 5757 coactum
2738 5700 3106 5756 minueretur
3130 5697 3504 5771 obsequium.
