3910 6438
473 342 608 397 102⁵7

1514 331 1817 386 ARNOLDI
1862 327 2447 385 EMMERAIMENSIS
2490 329 2825 385 MONACHI.
3806 332 3842 387 tt

470 462 560 521 Ob
584 462 699 518 hoc
720 455 1316 533 atqui(97llicentiam
1342 454 1569 509 dabant
1595 454 1904 507 monachis
1926 451 2113 506 aliunv
2139 455 2182 505 Α
2219 452 2385 515 Quod
2435 468 2587 519 aegre
2642 452 2892 507 ferentes
2932 449 3115 521 aliqui
3166 467 3243 506 ex
3274 451 3842 507 consacerdotibui

469 552 545 607 de
575 550 875 623 acquirere
905 563 1015 618 pro
1044 546 1196 600 victu
1228 550 1282 599 et
1315 543 1518 597 vestitu
1548 557 1921 614 quaecunque
1966 558 2108 613 pos-

470 644 618 707 sent,
648 637 791 709 quia
846 634 955 707 ipsi
998 633 1192 696 bonis,
1224 649 1357 703 quae
1408 631 1484 685 ad
1541 647 1848 685 annonam
1900 646 2107 684 eorum

468 726 860 800 pertinebant,
893 722 970 777 ad
1005 738 1183 775 suum
1214 720 1614 774 abutebantur
1645 720 1967 773 servitium.
1996 742 2021 767 ››

538 815 635 868 His
683 812 873 879 dictis,
907 810 1083 864 frater
1126 825 1261 862 cum
1302 823 1423 878 quo
1454 806 1760 871 dialogum
1791 806 1940 876 ccepi
1973 822 2109 858 con-

465 918 679 965 serere,
709 917 854 954 usus
880 897 1122 952 nomine
1154 912 1281 959 suo,
1315 895 1625 948 admonuit
1670 910 1764 948 me
1814 895 1871 947 in
1901 910 2105 947 aurem

465 991 706 1046 dicens:
760 1012 787 1037 ‹‹
814 990 1075 1057 Loquere
1107 989 1294 1050 caute,
1326 988 1379 1037 et
1408 982 1645 1037 scribito
1677 982 1923 1037 cautius.
1962 986 2105 1037 Nam

466 1080 515 1134 si
542 1076 808 1151 episcopi
864 1076 989 1130 haec
1033 1072 1323 1127 audierint
1368 1070 1525 1125 dicta
1558 1071 1647 1125 vel
1681 1071 1925 1125 viderint
1972 1070 2109 1124 scri-

465 1174 591 1241 pta,
637 1165 900 1222 fortassis
953 1164 1149 1217 dicent
1189 1161 1335 1215 velle
1404 1166 1455 1215 te
1504 1178 1604 1215 eos
1662 1162 2007 1231 rapinarum
2053 1166 2109 1214 et

466 1256 762 1326 injustitiae
809 1258 1050 1315 notare;
1104 1251 1303 1321 sicque
1340 1250 1671 1304 libertatem
1705 1256 1865 1303 tuam
1900 1266 2104 1320 super-

463 1347 576 1402 biae
605 1343 996 1417 deputabunt,
1027 1341 1197 1413 quasi
1232 1345 1289 1393 tu
1324 1346 1539 1395 temere
1569 1357 1672 1393 eos
1714 1356 1953 1410 carpere
1988 1347 2107 1393 ten-

464 1435 697 1501 taveris,
730 1449 837 1504 pro
866 1447 1123 1503 quorum
1155 1429 1498 1484 defensione
1542 1430 1837 1500 Scriptura
1863 1430 2101 1493 clamat,

462 1524 583 1579 imo
635 1521 919 1577 Dominus
962 1536 1068 1592 per
1122 1519 1484 1590 Scripturam
1533 1519 1796 1590 prtecipit
1857 1519 2099 1572 dicens:

464 1634 492 1661 «
518 1610 701 1666 Nolite
748 1615 989 1676 tangere
1034 1608 1283 1661 christos
1316 1623 1481 1660 meos
1512 1608 1643 1673 (98~.
1675 1630 1701 1654 ››
1747 1610 1803 1659 Et
1850 1607 2058 1659 itermu
2088 1626 2097 1661 :

463 1724 489 1751 ‹‹
519 1700 627 1766 Qui
658 1716 763 1754 vos
791 1698 997 1761 tangit,
1033 1696 1213 1759 tangit
1248 1696 1535 1766 pupillam
1578 1695 1731 1749 oculi
1765 1695 1877 1749 mei
1911 1702 2041 1762 (99).
2076 1720 2101 1744 ››

461 1789 563 1843 Cui
610 1786 895 1858 respondi
942 1785 1145 1851 lingua
1199 1788 1255 1837 et
1304 1784 1473 1853 stylo.
1530 1806 1554 1830 ‹‹
1586 1784 1637 1837 Si
1670 1784 1934 1855 episcopi
1968 1788 2103 1837 sunt
2135 1798 2171 1849 Β

461 1878 624 1950 quod
664 1877 959 1939 dicuntur,
995 1890 1113 1929 non
1145 1873 1316 1927 nobis
1345 1874 1582 1935 obsunt,
1619 1874 1721 1926 sed
1754 1874 1924 1926 valde
1965 1890 2072 1943 pro

461 1971 615 2021 sunt.
648 1963 820 2030 Quod
867 1968 923 2017 et
977 1962 1205 2016 efficere
1253 1960 1528 2029 dignetur
1578 1961 1855 2031 Princeps
1912 1967 2103 2030 pasto-

459 2071 615 2115 rum,
674 2054 734 2107 in
790 2068 912 2123 quo
964 2050 1265 2122 plenitudo
1314 2055 1400 2103 est
1452 2050 1721 2103 omnium
1780 2049 2098 2103 bonorum.

459 2142 585 2198 Tibi
616 2157 755 2196 vero
804 2141 943 2211 quia
994 2140 1075 2193 sic
1130 2139 1339 2210 placet,
1372 2138 1493 2192 imo
1538 2138 1681 2208 quia
1724 2138 1951 2204 justum
1991 2143 2098 2205 est,

460 2231 792 2286 habeamus
822 2244 1029 2299 pacem
1060 2245 1198 2283 cum
1228 2227 1330 2291 eis,
1363 2232 1419 2281 et
1465 2226 1650 2280 simus
1700 2226 1918 2279 subditi
1966 2227 2096 2280 illis.

462 2319 610 2374 lllud
663 2324 859 2373 autem
908 2318 1053 2372 scire
1083 2322 1137 2371 te
1185 2316 1339 2382 volo,
1371 2314 1514 2385 quia
1566 2331 1684 2368 non
1734 2332 1827 2367 mc
1859 2316 2099 2385 ptrnitct

460 2424 600 2465 vera
630 2408 863 2471 dixisse,
893 2406 1388 2478 quandoquidem
1422 2404 1561 2459 boni
1612 2420 1731 2458 non
1776 2404 1965 2457 solum
2000 2405 2100 2458 bo-

460 2499 569 2561 nis,
600 2498 699 2551 sed
731 2498 906 2551 etiam
954 2494 1125 2549 malis
1159 2498 1401 2547 utuntur
1428 2493 1503 2546 ad
1552 2493 1799 2546 bonum.
1833 2493 1941 2546 Sed
1974 2493 2098 2559 jam

458 2593 689 2659 tempus
718 2585 918 2653 exigit,
948 2590 1005 2638 et
1033 2582 1393 2637 desiderium
1426 2589 1613 2643 tuum,
1650 2588 1709 2636 ut
1741 2588 1996 2636 rcvertas
2023 2582 2097 2635 ad

456 2675 811 2733 narrationis
842 2689 989 2728 meae
1020 2672 1315 2743 reliquias.
1352 2675 1446 2725 Est
1474 2687 1714 2742 quoque
1756 2671 1869 2725 alia
1919 2687 2099 2724 causa

456 2783 562 2839 per
589 2780 775 2837 quam
832 2779 951 2817 non
993 2768 1129 2816 sunt
1176 2761 1469 2815 constituti
1511 2760 1758 2815 abbates
1786 2760 1843 2813 in
1875 2777 2102 2831 pramo—

457 2855 683 2909 minato
727 2850 1109 2908 monasterio.
1156 2853 1233 2903 Ex
1276 2865 1347 2903 eo
1395 2849 1616 2919 quippe
1666 2853 1929 2917 tempore
1978 2865 2099 2918 quo

457 2944 719 3015 primum
768 2958 803 2996 a
850 2941 1027 2995 beato
1080 2938 1377 2992 ttonifaeio
1408 2937 1741 3008 apostolicae
1768 2937 1921 2989 sedis
1951 2938 2100 2991 vica-

457 3031 565 3097 rio,
593 3032 762 3100 juxta
812 3029 1050 3082 decreta
1080 3042 1400 3087 canonum,
1437 3025 1496 3078 in
1550 3025 1816 3092 Bajoaria
1870 3025 2101 3079 ordina-

2216 542 2565 597 consiliariis
2597 542 2843 606 antistis,
2873 540 3192 596 dicebant:
3242 563 3269 590 «
3304 544 3383 597 Ut
3419 541 3599 613 quid
3655 541 3741 597 ibi
3769 548 3820 597 et

2216 630 2552 685 cei-dotibus
2587 631 2698 685 tuis
2729 628 2928 700 perdis
2956 628 3139 694 bona,
3165 628 3249 685 ad
3283 633 3346 685 S.
3385 633 3842 688 Emmerammn

2216 720 2561 788 pertinentia
2590 723 2615 774 ?
2659 718 2931 773 Laudant
2986 722 3037 772 te
3082 718 3285 787 multi,
3347 719 3477 773 sed
3538 720 3607 774 in
3657 720 3769 776 hoc
3816 738 3842 776 ι]

2215 810 2497 873 laudant;
2548 809 2669 863 imo
2701 807 3062 878 vituperant.
3101 810 3278 864 Utere
3313 824 3488 875 ergo
3525 809 3831 881 pontificis

2217 899 2447 953 abbatis
2474 897 2689 964 otlicio,
2723 896 2876 951 sicut
2903 900 3326 952 antecessores
3396 898 3496 953 tui
3555 898 3763 955 facere
3793 918 3842 954 cc

2216 990 2528 1040 sueverant
2572 1001 2758 1055 usque
2808 984 3013 1051 modo,
3046 999 3121 1039 ne
3153 990 3460 1043 carerent
3509 992 3841 1059 quarumd;

2213 1091 2410 1129 rerum
2455 1073 2880 1129 emolumento.
2924 1072 3298 1141 Hujusmodi
3328 1090 3623 1148 quoque
3657 1077 3841 1149 insipie

2214 1167 2313 1224 tia,
2343 1168 2429 1217 est
2459 1162 2759 1233 sapientiae
2793 1161 2911 1216 sale
2943 1161 3291 1218 contienda.
3320 1186 3349 1213 ››
3391 1164 3663 1229 Quibus
3684 1166 3776 1222 ille
3794 1184 3842 1238 pi

2213 1254 2417 1307 denter
2441 1251 2760 1321 respondit,
2785 1251 2991 1305 dicens
3021 1268 3033 1305 :
3069 1276 3095 1299 ‹‹
3116 1255 3247 1307 Non
3274 1254 3623 1311 erubesco
3644 1257 3839 1327 insipie

2214 1347 2267 1396 et
2298 1342 2506 1395 stultus
2536 1340 2648 1394 diei
2686 1346 2925 1411 propter
2957 1344 3163 1397 Deum.
3198 1342 3329 1397 Hoc
3373 1350 3615 1402 autem
3654 1350 3795 1402 scire
3820 1364 3841 1399 ν

2215 1428 2348 1479 volo
2397 1428 2532 1499 quia
2587 1444 2899 1498 nunquam
2956 1429 3103 1484 mihi
3154 1429 3482 1501 inponam
3552 1449 3725 1489 onus
3766 1452 3842 1505 qui

2213 1523 2448 1587 portare
2486 1534 2603 1571 non
2638 1518 2827 1581 valeo,
2856 1518 3122 1589 episcopi
3153 1534 3395 1577 nomen
3430 1527 3499 1577 et
3537 1523 3783 1579 abbatis
3810 1542 3841 1577 ι]

2218 1607 2271 1659 hi
2304 1606 2683 1662 vindicando.
2719 1610 2864 1661 Nam
2894 1611 2958 1662 ut
3008 1607 3223 1662 beatus
3271 1612 3637 1679 Gregorius
3686 1618 3838 1668 testat

2214 1700 2383 1757 dum,
2418 1696 2587 1750 valde
2621 1696 3020 1759 incongruum
3050 1701 3159 1765 est,
3195 1698 3246 1752 si
3289 1715 3449 1755 cum
3488 1717 3702 1757 unum
3732 1703 3841 1758 ext

2210 1800 2317 1855 pro
2360 1785 2446 1837 sui
2484 1784 2910 1849 magnitudine.
2947 1784 3097 1840 sicut
3127 1791 3401 1857 oportet,
3438 1790 3600 1861 quis
3631 1807 3756 1847 non
3780 1807 3841 1862 pe

2212 1875 2281 1927 sit
2311 1874 2566 1943 explere,
2600 1874 2675 1927 ad
2707 1879 3024 1945 utrumque
3052 1874 3370 1943 judicetur
3402 1877 3705 1934 idoneus.
3747 1880 3841 1937 Suf

2210 1964 2283 2017 cit
2328 1964 2484 2015 etum
2530 1962 2837 2034 episcopo,
2874 1967 2937 2017 ut
2989 1980 3236 2019 summa
3292 1964 3627 2033 vigilantia
3680 1969 3842 2024 insist

2212 2052 2486 2123 pastorali
2512 2052 2727 2106 officio.
2758 2055 2817 2105 Et
2843 2052 3046 2107 abbati
3075 2053 3219 2108 satis
3244 2053 3686 2126 laboriosum,
3706 2074 3839 2130 quat

2212 2142 2297 2195 vis
2328 2142 2577 2195 multum
2611 2141 3003 2209 fructuosum,
3036 2144 3359 2213 providere
3394 2145 3682 2203 fratrum
3723 2148 3833 2204 salu

2210 2237 2264 2285 et
2292 2247 2397 2301 per
2424 2230 2629 2284 omnia
2682 2229 2832 2283 bene
2876 2246 3200 2300 procurare
3251 2248 3352 2287 res
3384 2238 3767 2293 monasterii
3797 2254 3841 2289 st

2210 2318 2371 2371 Unde
2421 2323 2475 2371 et
2504 2317 2629 2389 ipse
2661 2318 2836 2371 etiam
2870 2317 3227 2374 distribuere
3268 2320 3470 2377 debet
3504 2322 3679 2379 inter
3711 2324 3842 2379 irate

2207 2404 2421 2471 officia,
2452 2405 2509 2458 in
2558 2404 2778 2474 quibus
2828 2420 2949 2457 non
3002 2404 3209 2461 leviter
3263 2406 3501 2477 leviget
3558 2427 3757 2468 onera
3784 2428 3841 2465 su

2210 2493 2663 2548 rememorando
2712 2493 2931 2549 scilicet
2976 2494 3084 2549 viri
3133 2496 3496 2566 prudentis,
3534 2516 3737 2572 quem
3775 2518 3836 2572 pr,

2212 2582 2671 2647 nominavimus,
2702 2582 2857 2636 dicta
2886 2587 2943 2637 et
2971 2583 3216 2654 scripta,
3250 2584 3312 2639 in
3344 2588 3605 2657 quibus
3655 2592 3841 2645 contui

2212 2676 2338 2725 tur;
2376 2671 2531 2725 Sicut
2562 2670 2911 2725 indecorum
2960 2676 3049 2726 est
3095 2677 3161 2727 ut
3208 2673 3269 2727 in
3322 2690 3611 2748 corpore
3648 2680 3837 2734 burna:

2209 2760 2458 2814 alterum
2510 2759 2848 2815 membrum
2902 2760 3142 2816 alterius
3192 2762 3505 2833 fungatur
3562 2768 3837 2833 ofﬁcio,i

2210 2850 2488 2903 nimirum
2530 2849 2774 2903 noxium
2826 2850 3122 2921 simulque
3174 2852 3667 2925 turpissimum,
3703 2859 3748 2912 si
3798 2860 3841 2911 si.

2210 2938 2346 2999 gula
2377 2954 2571 2991 rerum
2606 2936 2929 2993 ministeria
2971 2940 3249 3010 personis
3302 2942 3587 3000 totidem
3632 2963 3763 3003 non
3792 2950 3834 3000 fu

2210 3028 2322 3079 rint
2353 3025 2681 3081 distributa.
2718 3028 3029 3093 Caeterum,
3064 3032 3127 3083 ut
3171 3044 3541 3102 prosequar
3598 3053 3745 3107 qua?
3785 3053 3833 3108 pr

458 3120 676 3173 bantur
722 3116 1007 3188 episcopi,
1042 3114 1295 3167 vicissim
1336 3113 1445 3167 sibi
1479 3113 1878 3167 succedebant
1909 3114 1964 3167 in
1997 3115 2101 3168 bu-
2128 3142 2169 3197 ο
2210 3115 2505 3186 posuistis,
2544 3116 2600 3168 Η.
2636 3116 3059 3170 Emmerammi
3089 3116 3274 3187 bona,
3309 3135 3459 3190 quae
3498 3139 3612 3177 me
3664 3142 3841 3196 pC‘Ssli

455 3208 552 3277 jus
590 3205 936 3276 episcopatu
985 3202 1263 3256 monachi
1308 3206 1485 3271 atque
1534 3202 1817 3259 canonici,
1854 3202 1930 3255 ita
1962 3208 2021 3255 ut
2053 3203 2097 3256 si

458 3298 807 3351 antecessor
825 3296 979 3346 esset
1009 3290 1352 3351 canonicus,
1380 3290 1539 3344 fieret
1565 3308 1867 3344 successor
1896 3308 2100 3345 mona-

460 3384 627 3449 chus,
660 3386 718 3437 et
745 3381 956 3436 iterum
988 3379 1124 3434 huic
1163 3379 1516 3433 antecessori
1546 3379 1885 3433 succederet
1916 3396 2096 3433 cano-

456 3473 646 3529 nicus.
682 3472 813 3525 Haec
844 3468 1212 3525 consuetudo
1244 3484 1429 3540 usque
1461 3468 1537 3523 ad
1586 3474 1786 3523 nostra
1818 3485 2096 3539 perman-

456 3558 529 3613 sit
579 3564 864 3631 tempora.
917 3556 1279 3628 Episcopalis
1336 3573 1476 3612 vero
1527 3557 1695 3611 sedes
1753 3560 1879 3610 erat
1934 3557 2093 3627 apud

457 3648 509 3704 S.
543 3651 1053 3703 Emmerammum
1094 3661 1281 3716 usque
1312 3646 1387 3700 ad
1421 3651 1688 3717 tempora
1718 3645 1905 3701 Caroli
1939 3646 2096 3715 prin-

453 3737 742 3809 cipis,qui
773 3738 929 3791 hanc
958 3734 1207 3789 restituit
1226 3734 1283 3789 in
1311 3736 1607 3790 civitatem
1639 3733 1739 3788 ubi
1760 3734 1923 3805 prius
1950 3740 2091 3789 erat.

454 3826 625 3890 Quod
656 3830 856 3880 autem
887 3828 1264 3893 percontatus
1298 3842 1380 3895 es,
1413 3823 1529 3878 sub
1560 3824 1729 3892 cujus
1766 3824 1969 3888 regula
2000 3825 2097 3877 de-

455 3919 680 3982 gerent,
711 3911 919 3984 paucis
950 3912 1273 3969 absolvam.
1312 3918 1369 3968 ln
1410 3911 1617 3983 primis
1657 3928 1796 3973 ergo
1844 3913 2094 3983 promis—

455 4000 685 4056 sionem
700 4000 1013 4071 faciebant,
1042 4003 1374 4059 secundum
1404 3999 1675 4067 regulam
1708 4002 1891 4055 sancti
1924 4005 2097 4057 Bene-

454 4088 615 4155 dicti,
648 4106 849 4147 coram
892 4091 1173 4165 episcopo
1217 4089 1453 4147 abbatis
1492 4088 1649 4143 vices
1689 4094 1917 4151 agente.
1952 4092 2093 4146 Dein

454 4175 752 4234 licentiam
780 4178 942 4250 dedit
969 4181 1051 4236 eis
1092 4180 1415 4251 episcopus
1460 4175 1644 4230 dandi
1683 4180 1739 4230 et
1768 4177 2094 4247 accipiendi

452 4270 693 4337 propter
737 4266 1001 4339 inopiam
1048 4266 1182 4323 loci.
1232 4262 1421 4318 Lineis
1472 4262 1732 4317 camisiis
1780 4263 2095 4321 utebantur

453 4354 729 4420 seniores,
758 4356 860 4427 qui
889 4371 991 4411 eas
1022 4355 1245 4410 habere
1277 4354 1595 4421 potuerunt
1620 4368 1632 4417 ;
1686 4352 1876 4407 caeteri
1906 4353 2091 4409 laneis

450 4442 868 4511 induebamur,
902 4446 981 4502 ob
1005 4440 1323 4517 penuriam
1363 4440 1579 4497 scilicet
1608 4441 1971 4498 cilicinarum
2000 4462 2094 4499 ve-

448 4532 645 4589 stium.
675 4534 1029 4607 Praepositus
1074 4535 1132 4586 et
1177 4528 1444 4585 decanus
1473 4532 1898 4586 monasterium
1931 4549 2092 4601 rege-

446 4620 594 4677 bant
646 4627 782 4694 post
829 4622 1202 4694 episcopum.
1261 4618 1368 4682 Qui
1425 4618 1668 4687 majoris
1732 4625 1901 4675 erant
1949 4626 2090 4677 aeta-

447 4710 541 4778 tis,
572 4711 877 4768 habebant
923 4709 1104 4766 cellas
1134 4723 1240 4762 seu
1268 4706 1620 4774 caminatas,
1647 4707 1982 4776 junioribus
2009 4711 2092 4766 in-

446 4800 534 4854 ter
558 4815 619 4856 se
644 4799 849 4855 divisis
872 4800 1116 4869 propter
1139 4793 1493 4849 custodiam.
1520 4796 1920 4851 Communiter
1950 4814 2092 4869 pau-

446 4902 649 4959 perem
704 4901 1014 4944 annonam
1069 4881 1397 4946 habebant,
1446 4881 1705 4937 volatilia
1759 4886 2087 4942 manduca—

442 4974 608 5033 bant.
644 4980 867 5033 Cretera
895 4971 1198 5030 faciebant
1246 4969 1573 5025 secundum
1607 4974 2081 5037 consuetudines.

442 5081 579 5137 quae
609 5065 670 5121 in
699 5059 1084 5118 monasteriis
1130 5057 1433 5127 regalibus
1462 5058 1540 5113 ad
1568 5058 1628 5114 id
1660 5062 1935 5132 temporis
1962 5063 2085 5119 fue-

443 5158 596 5209 rant.

516 5263 545 5293 «
564 5242 708 5305 Qua
734 5252 876 5292 cum
903 5234 1339 5307 displicuissent
1366 5224 1797 5308 praenominato
1826 5238 1971 5305 viro,
1999 5257 2087 5296 re-

441 5326 710 5385 verenda
752 5323 971 5379 scilicet
996 5324 1278 5397 episcopo
1309 5325 1673 5393 Wolfgango,
1706 5326 1789 5382 uti
1818 5327 2087 5398 praedixi-

442 5432 603 5483 mus,
632 5412 1032 5469 Ramualdum
1059 5414 1231 5471 annis
1275 5418 1331 5469 et
1365 5414 1635 5471 moribus
1664 5418 1965 5472 maturum
1992 5434 2086 5473 as-

442 5501 709 5574 sumpsit
725 5500 787 5555 in
811 5517 964 5573 opus
990 5502 1291 5559 ministerii
1318 5503 1521 5569 divini,
1549 5507 1605 5559 et
1629 5504 1928 5560 constituit
1947 5522 2085 5562 eum

441 5593 712 5666 primum
754 5592 1158 5663 praepositum,
1202 5592 1337 5649 dein
1391 5592 1673 5649 abbatem
1718 5595 2081 5651 monasterii.

514 5699 629 5771 (97)
664 5696 857 5771 {ﬁgat
881 5712 990 5768 pro
1018 5700 1217 5769 itaque
1244 5714 1404 5771 saepe
1436 5702 1705 5769 usurpat.

514 5767 631 5838 (os)
669 5767 710 5823 Ι
728 5767 1020 5823 Ρανίινι.

2208 3204 2350 3259 dare
2400 3203 2703 3275 conquesti
2751 3204 2908 3270 estis,
2960 3205 3208 3277 perdere
3261 3207 3438 3278 nolo,
3498 3213 3625 3267 sed
3690 3215 3771 3269 illi
3816 3236 3836 3263 «-

2210 3293 2418 3347 tradita
2447 3297 2581 3345 sunt
2608 3308 2675 3345 ac
2709 3308 3017 3348 servorum
3051 3295 3149 3349 Dei
3173 3295 3393 3351 usibus
3419 3303 3483 3353 et
3508 3307 3758 3358 nostrae
3790 3321 3831 3357 ες

2206 3379 2567 3435 omnimodis
2598 3396 2951 3436 conservare
2982 3381 3140 3439 volo.
3174 3382 3291 3438 Sed
3320 3383 3526 3455 longe
3574 3389 3759 3447 aliter
3786 3414 3837 3443 er

2210 3486 2297 3523 res
2362 3468 2583 3522 habent
2643 3468 3065 3535 hujuscemodi
3129 3486 3323 3542 quam
3407 3476 3741 3545 cogitatis,
3806 3482 3835 3523 \‘

2205 3558 2381 3612 etiam
2430 3572 2639 3626 poenas
2670 3557 2921 3613 evadere
2970 3558 3322 3630 poterimus,
3376 3564 3497 3633 qui
3551 3575 3833 3625 sanctam

2205 3646 2365 3699 bona
2415 3645 2727 3699 famulatui
2770 3651 2973 3701 nostro
3020 3647 3493 3720 deputavimus,
3533 3671 3676 3711 non
3721 3657 3827 3710 sola

2202 3735 2527 3805 quantitate
2560 3734 2811 3802 majora,
2848 3736 2951 3789 sed
2983 3736 3161 3792 etiam
3190 3738 3503 3809 qualitate
3536 3746 3813 3801 meliora.

2204 3822 2311 3876 illis
2338 3822 2564 3891 justitia
2592 3823 2777 3877 coacti
2810 3840 2913 3878 seu
2936 3825 3198 3896 superati
3220 3826 3620 3899 reliquimus
3652 3836 3821 3891 ωωιςι,

2202 3911 2303 3982 qui
2338 3911 2641 3965 vieiniores
2672 3928 2742 3966 eo
2792 3928 2913 3983 quo
2944 3912 3383 3987 frequentiores
3435 3918 3555 3975 die
3602 3931 3819 3991 noctuq

2202 3999 2528 4054 familiarus
2583 3998 2956 4057 adhaerercnt
2985 4001 3235 4067 Christo,
3268 4003 3636 4066 laudantes
3683 4029 3809 4068 eum

2204 4088 2423 4143 sanctis
2452 4088 2579 4157 ejus
2628 4088 2897 4144 electis.»
2949 4089 3039 4145 Ad
3090 4090 3217 4146 haec
3267 4098 3823 4168 respondebantq

2201 4177 2591 4249 quaestionem
2636 4178 2998 4235 movebant:
3056 4204 3081 4227 ‹‹
3111 4181 3624 4246 Misericordiam
3672 4198 3731 4247 et
3764 4193 3812 4260 ju

2201 4266 2358 4322 cium
2392 4265 2642 4321 Domino
2668 4268 2942 4336 cantasti,
2966 4269 3250 4323 humanis
3281 4270 3540 4347 divina,
3582 4285 3663 4335 ut
3683 4282 3820 4351 justi

2201 4361 2310 4424 est,
2343 4355 2666 4426 praetulisti,
2690 4373 2831 4411 vera
2862 4357 3075 4414 utiliter
3103 4358 3483 4420 immutasti.
3526 4368 3711 4433 Quid
3742 4376 3817 4423 res

2200 4450 2407 4499 nostra
2432 4450 2618 4516 parte,
2648 4445 2759 4500 nisi
2791 4451 2854 4502 ut
2876 4448 3096 4519 pariter
3132 4448 3446 4520 dicamus,
3490 4458 3639 4514 Deo
3676 4462 3816 4531 ετδω

2201 4549 2397 4595 amen,
2432 4532 2669 4589 feliciter
2692 4534 2720 4589 ?

2271 4653 2339 4662 -—
2363 4620 2558 4675 Finem
2591 4622 2894 4678 sententiae
2917 4623 3117 4695 hujus,
3142 4624 3343 4698 inquit
3365 4631 3812 4699 Ammonicus,

2198 4708 2341 4765 mihi
2372 4708 2624 4775 videtur,
2657 4710 2797 4765 satis
2828 4727 3090 4781 congrue
3124 4714 3515 4775 conclusisti.
3552 4725 3695 4781 Sed
3720 4727 3810 4780 fort

2200 4798 2280 4852 sis
2316 4796 2614 4868 aliquibus
2646 4798 2755 4853 hoc
2800 4798 3127 4871 disciplicet
3156 4803 3325 4874 quod
3376 4810 3521 4866 tam
3576 4826 3808 4873 morosi

2197 4887 2367 4975 quasi
2400 4887 2780 4975 dormitando
2812 4889 3020 4945 scribis
3052 4907 3119 4946 ac
3151 4890 3368 4948 dictas.
3412 4899 3605 4971 Ergo
3630 4905 3808 4975 jubet

2196 4972 2322 5028 lum
2352 4974 2628 5030 velociter
2659 4991 2912 5031 currere.
2939 5000 2965 5027 ››
3000 4978 3107 5035 Aio
3136 4978 3217 5035 ad
3244 4996 3391 5040 eum
3430 5003 3446 5041 :
3491 5011 3525 5037 ‹‹
3550 4972 3806 5049 Inﬁrmi!

2196 5061 2495 5119 interdum
2525 5068 2581 5118 et
2610 5064 3073 5138 occupationum
3104 5067 3391 5126 varietate
3424 5082 3803 5153 praepediti:

2197 5152 2310 5206 cito
2326 5167 2460 5222 quae
2476 5152 2791 5209 scribenda
2812 5159 2951 5213 sunt
2972 5156 3299 5228 proferam.
3319 5162 3452 5219 Sed
3482 5152 3666 5241 quia
3698 5168 3801 5229 tibi}

2196 5244 2427 5294 comate
2459 5241 2828 5297 satisfactum
2873 5259 3001 5299 esse
3039 5260 3163 5300 non
3210 5245 3472 5321 ignoro,
3507 5256 3800 5317 dilectiol

2196 5327 2281 5383 tui
2300 5332 2355 5383 et
2373 5333 2748 5420 caetratorum,
2782 5332 3002 5404 quibus
3033 5332 3431 5405 impatientia
3454 5342 3798 5420 longumt

2194 5432 2335 5515 pore
2364 5416 2521 5515 facit,
2537 5419 2701 5515 haud
2723 5421 2952 5515 ordine,
2982 5421 3028 5476 si
3059 5423 3207 5494 quid
3230 5416 3660 5502 aliquandiu
3682 5444 3796 5515 pret

2196 5509 2308 5596 tur,
2326 5508 2489 5579 quod
2505 5508 2701 5564 videre
2718 5509 3060 5568 desiderant
3079 5517 3137 5568 et
3157 5515 3407 5590 audire,
3431 5508 3755 5596 primum
3767 5524 3796 5584 d

2194 5594 2351 5651 beati
2373 5596 2707 5670 Hieronymi
2728 5601 3250 5661 commonefacere
3270 5594 3466 5682 volo‘;
3486 5618 3671 5679 dein
3690 5622 3792 5683 sum

2265 5704 2378 5773 (99)
2416 5705 2596 5761 Zach.
2629 5723 2685 5760 ιι.

2269 5773 2413 5846 (100)
2435 5778 2601 5845 Greg.
2632 5777 2851 5846 Regist.
2882 5777 2986 5835 lib.
3019 5796 3098 5847 III,
3131 5783 3316 5854 epist.
3354 5790 3457 5851 11,
