3980 6398
412 359 516 414 203

1398 357 1561 412 νιΤΑ
1600 357 1655 410 S.
1697 356 2160 422 CUNEGUNDIS,
2210 357 2325 412 UBI
2365 353 2454 409 DE
2494 357 2546 408 S.
2595 355 2916 410 HENRIL’O.

2365 353 2454 409 DE
2494 357 2546 408 S.
2595 355 2916 410 HENRIL’O.
3823 360 3918 411 ’.204

409 497 572 547 auro,
605 483 662 534 et
687 478 935 551 pluviale
965 494 1166 532 unum.
1198 479 1332 533 Post
1360 478 1480 533 hinc
1526 479 1677 534 idem
1739 479 2106 534 Christianis-
2131 481 2177 531 Α
2214 477 2342 538 dua:
2399 484 2564 535 erant
2616 477 2872 532 nubendi
2919 477 3199 548 permissa
3219 478 3450 534 licentia
3500 483 3616 547 est;
3640 479 3744 534 sed
3802 496 3922 534 eam

413 570 592 624 simus
631 570 962 640 imperator,
1015 567 1202 621 adhuc
1230 583 1435 636 parum
1491 567 1629 638 quid
1662 568 1996 621 existimans
2051 584 2110 621 se

411 674 532 728 prae
575 657 757 710 nimia
795 655 968 724 hujus
1015 654 1121 707 loci
1169 653 1473 708 dilectione
1509 654 1730 721 fecisse,
1782 654 2111 709 admonitus

412 745 484 798 ab
517 745 714 798 eodem
741 742 1040 812 Piligrino,
1101 746 1158 795 et
1194 742 1546 795 Theodorico
1591 742 1933 796 cancellario
1983 759 2109 808 suo,

413 834 592 885 altera
617 831 709 885 die
745 831 878 884 facit
921 835 1272 900 praeceptum
1306 829 1683 883 concessionis
1728 829 1789 884 in
1841 830 1951 884 hoc
1989 831 2111 884 loco

413 920 482 974 de
517 920 716 983 Rocca,
751 935 880 990 quas
928 918 1135 971 dicitur
1165 918 1394 982 Vantra,
1426 919 1586 988 cujus
1639 934 2015 988 possessores,
2048 933 2112 972 ac

413 1009 460 1061 si
510 1007 815 1061 latrunculi
843 1006 1099 1077 quidam,
1151 1006 1258 1059 hoc
1307 1005 1724 1059 monasterium
1767 1005 2110 1078 frequentis-

410 1097 552 1149 sime
610 1095 984 1160 infestabant;
1037 1110 1103 1148 ac
1154 1101 1391 1164 propter
1449 1110 1518 1148 ea
1572 1093 1732 1148 illam
1791 1094 1860 1148 de
1905 1109 2108 1150 eorum

413 1184 679 1238 manibus
719 1187 996 1252 ereptam,
1028 1181 1099 1235 ad
1141 1197 1276 1235 usus
1305 1197 1599 1234 servorum
1643 1181 1742 1234 Dei
1780 1181 1953 1252 hujus
2001 1182 2108 1236 loci

413 1271 472 1324 in
503 1276 842 1342 perpetuum
899 1269 1223 1322 habendam
1255 1274 1312 1323 et
1354 1269 1716 1322 retinendam
1747 1270 2105 1324 contradidit.

414 1359 566 1413 Fecit
623 1363 680 1412 et
729 1358 884 1412 aliud
915 1364 1272 1428 przeceptum
1303 1359 1370 1411 de
1399 1357 1684 1410 universis
1741 1357 1958 1427 ubique
1989 1363 2110 1411 ter-

412 1463 605 1500 rarum
624 1445 795 1516 hujus
827 1448 931 1499 loci
965 1445 1440 1516 possessionibus,
1465 1445 1634 1515 juxta
1659 1451 1921 1499 tenorem
1950 1446 2110 1500 vide-

413 1537 542 1588 licet
573 1535 986 1604 imperatorum
1041 1540 1467 1587 antecessorum
1518 1549 1776 1598 suorum,
1831 1550 1936 1603 per
1959 1539 2106 1604 quod

412 1623 582 1676 etiam
641 1628 1012 1691 praeceptum,
1065 1621 1476 1674 monasterium
1535 1627 1744 1674 sanctae
1812 1622 2000 1675 Mariae
2052 1623 2110 1675 in

413 1713 668 1765 Canneto
695 1711 754 1763 in
783 1709 993 1763 ﬁnibus
1021 1709 1410 1763 Termuleusis
1443 1709 1729 1779 imperiali
1773 1709 2110 1764 auctoritate

411 1799 472 1852 in
529 1799 635 1852 hoc
682 1798 1028 1852 monasterio
1086 1796 1467 1850 conﬁrmavit.
1539 1797 1746 1867 Sicque
1818 1814 2110 1851 commen-

413 1888 555 1941 dans
585 1904 643 1940 se
674 1887 993 1957 plurimum
1047 1885 1200 1939 Patri
1264 1884 1565 1939 Benedicto
1596 1891 1651 1938 et
1677 1885 1946 1939 omnibus
1993 1887 2110 1940 fra-

413 1976 615 2039 tribus,
650 1991 780 2028 cum
809 1975 1040 2028 illorum
1070 1972 1462 2027 benedictione
1493 1989 1752 2026 reversus
1803 1974 2112 2044 adpropria

414 2069 518 2117 est.
556 2065 620 2117 Et
650 2079 720 2116 ne
752 2062 897 2116 tanti
949 2061 1326 2115 benef-actoris
1363 2062 1452 2115 sui
1481 2061 1825 2115 beneﬁcium
1857 2062 2110 2117 oblivisci

413 2151 776 2220 aliquatenus
804 2149 1118 2214 videretur,
1162 2164 1292 2202 mox
1318 2155 1382 2202 ut
1409 2148 1644 2202 domum
1676 2149 1867 2214 rediit,
1906 2151 2108 2218 plane-

413 2246 531 2291 tam
581 2237 860 2306 optimam
892 2235 1272 2301 diarodinam,
1305 2235 1494 2288 aureis
1538 2235 1684 2289 listis
1724 2235 2111 2306 pulcherrime

414 2326 763 2392 decoratam,
821 2339 934 2376 una
989 2339 1119 2376 cum
1150 2323 1280 2376 alba
1335 2329 1392 2376 et
1437 2323 1693 2391 cingulo,
1748 2323 1893 2377 stola
1939 2330 2111 2394 atque

416 2412 732 2481 manipulo,
768 2411 960 2482 qualia
1007 2411 1415 2481 imperatorem
1448 2411 1676 2464 mittere
1727 2413 1972 2479 deceret,
2001 2413 2112 2466 huc

412 2500 482 2553 ad
534 2500 764 2553 beatum
791 2499 1162 2552 Benedictum
1203 2513 1331 2551 cum
1361 2499 1625 2551 maximis
1653 2499 1969 2568 gratiarum
2017 2515 2108 2552 ac-

412 2587 662 2642 tionibus
711 2587 1100 2642 transmittere
1134 2587 1350 2640 studuit
1391 2602 1404 2639 :
1441 2592 1726 2656 tantaeque
1778 2586 1847 2640 de
1903 2592 2109 2641 caetero

412 2677 563 2730 circa
595 2677 746 2730 hunc
790 2682 1051 2730 sanctum
1083 2675 1272 2728 locum
1329 2675 1654 2728 devotionis
1686 2674 1924 2742 exstitit,
1969 2681 2033 2728 ut
2062 2675 2110 2728 si

411 2765 706 2836 aliquanto
745 2764 962 2820 diutius
1015 2763 1251 2827 viveret,
1308 2763 1505 2817 relicto
1571 2763 1803 2834 imperii
1856 2763 2106 2833 fastigio,

416 2857 528 2909 Deo
559 2873 616 2909 se
638 2855 743 2908 sub
775 2859 984 2907 sanctae
1012 2851 1382 2923 professionis
1413 2851 1615 2906 habitu
1638 2852 1731 2905 hic
1757 2853 2107 2906 serviturum

413 2944 738 3017 sponderet.
776 2963 803 2990 »

486 3038 570 3088 l2.
593 3033 772 3086 Tanta
801 3034 993 3084 autem
1025 3033 1146 3082 erat
1172 3027 1396 3083 llenrici
1421 3028 1480 3082 in
1513 3035 1738 3082 nostros
1772 3029 2103 3099 propensio,
2138 3036 2178 3090 C

410 3126 475 3174 ut
499 3119 690 3188 vulgo,
723 3121 865 3170 teste
896 3122 1124 3170 auctore
1190 3115 1455 3168 Chronici
1488 3114 2008 3167 Lauresheimensis
2036 3114 2108 3168 ad

412 3223 628 3262 annum
687 3206 845 3268 lOOO,
912 3203 1304 3256 Monachorum
1356 3203 1519 3255 Pater
1587 3203 1974 3270 appellaretur.
2043 3202 2111 3256 Et

413 3312 549 3348 sane
584 3309 712 3345 vere
742 3307 942 3345 eorum
976 3291 1202 3344 Patrem
1239 3289 1412 3342 fuisse
1434 3295 1492 3342 et
1524 3293 1831 3359 patronum
1864 3291 2110 3360 probant

411 3389 603 3436 vetera
635 3380 850 3451 passim
902 3379 1307 3442 instrumenta,
1337 3379 1397 3430 in
1430 3393 1630 3431 eorum
1674 3379 1920 3447 gratiam
1953 3380 2103 3432 data.

412 3472 626 3525 Novem
688 3484 755 3522 ex
797 3467 866 3520 iis
916 3466 1134 3537 profert
1191 3467 1488 3519 Gretserus
1536 3466 1596 3518 in
1654 3466 1803 3518 libro
1846 3467 1924 3520 De
1965 3467 2109 3521 divis

414 3556 951 3628 Bambergensibus,
984 3570 1233 3625 quorum
1264 3560 1389 3607 octo
1421 3569 1525 3622 pro
1556 3553 1852 3607 Altahensi
1901 3570 2105 3608 mona-

410 3649 604 3713 sterio,
635 3661 855 3699 nonum
915 3660 1020 3714 pro
1049 3641 1462 3713 Tegernseensi
1519 3647 1672 3708 sunt,
1724 3643 1920 3696 omnia
1990 3643 2108 3696 fere

408 3737 781 3807 promovente
848 3737 903 3785 et
957 3731 1233 3785 excitante
1279 3738 1474 3784 sancta
1545 3731 1899 3800 Cunegunde
1970 3748 2105 3784 con-

408 3841 583 3878 cessa.
634 3821 898 3890 Quinque
970 3819 1082 3872 alia
1121 3817 1352 3870 exhibet
1412 3818 1720 3870 Bullarium
1801 3817 2105 3872 Casinense

408 3917 566 3966 tomo
597 3910 666 3972 ll,
698 3924 804 3977 pro
837 3905 1007 3960 variis
1029 3905 1206 3960 Italiae
1239 3905 1624 3960 monasteriis.
1675 3905 1799 3958 Alia
1858 3908 2106 3975 plerum-

409 4017 520 4071 que
541 3999 601 4053 in
633 3998 758 4050 aliis
781 3995 941 4048 libris
992 3995 1299 4061 habentur,
1333 4010 1462 4064 quae
1511 3994 1849 4064 singillatim
1905 4011 2102 4048 recen-

409 4105 532 4142 sere
563 4102 678 4140 non
711 4090 886 4137 vacat.
923 4085 1135 4136 Prieter
1190 4083 1607 4152 Bambergense
1667 4084 2100 4150 monasterium,

407 4177 476 4232 de
507 4192 620 4246 quo
651 4189 821 4243 supra
851 4173 1122 4236 diximus,
1179 4177 1231 4225 et
1285 4171 1689 4240 Confugiense,
1725 4172 1879 4242 quod
1924 4173 2100 4243 potis-

405 4265 616 4320 simum
671 4279 702 4314 a
749 4259 1103 4329 Cunegunde
1159 4258 1420 4312 dotatum
1506 4258 1634 4325 fuit,
1689 4260 2099 4314 monasterium

403 4355 806 4408 Schuttercnse
833 4347 893 4401 in
917 4346 1390 4416 Argentoratensi
1413 4346 1662 4412 dimcesi,
1685 4362 1834 4416 pene
1861 4349 2096 4401 omnino

403 4443 774 4502 destructum,
836 4453 870 4490 a
922 4434 1312 4489 fundamentis
1392 4435 1704 4500 renovavit,
1781 4435 2096 4505 ampliavit,

403 4529 716 4600 multisque
768 4523 1225 4597 possessionibus
1271 4522 1468 4576 ditavit
1501 4527 1563 4576 ut
1591 4527 1830 4576 testatur
1875 4523 2098 4577 'l‘rithe-

402 4605 554 4672 mius
582 4617 643 4670 in
699 4612 980 4668 Chronico
1030 4609 1419 4680 Hirsaugiensi
1445 4609 1520 4663 ad
1547 4626 1762 4663 annum
1795 4611 1950 4664 1007.
1984 4611 2100 4663 Vir-

401 4707 657 4760 dunense
689 4701 867 4756 sancti
906 4699 1093 4754 Vitoni
1146 4697 1406 4768 ejusdem
1455 4697 1778 4766 sumptibus
1804 4703 2098 4752 restaura-

402 4799 522 4846 tum
556 4795 658 4844 est.
705 4789 818 4842 Nec
847 4785 1317 4857 prastereundum
1352 4783 1546 4837 nobile
1580 4800 1872 4838 sacrarum
1920 4785 2098 4854 virgi-

403 4896 541 4933 num
571 4875 919 4941 coenobium,
953 4875 1106 4944 quod
1142 4873 1312 4926 simul
1343 4889 1474 4926 cum
1534 4873 1888 4942 Cunegunde
1945 4873 2096 4944 apud

402 4967 774 5035 Neoburgum
823 4963 1076 5016 Bavariae
1132 4963 1335 5016 urbem
1392 4962 1452 5014 in
1507 4961 1628 5031 ipsa
1680 4960 1924 5014 Danubii
1971 4961 2096 5030 ripa

400 5054 554 5109 idem
588 5053 910 5122 imperator
955 5049 1227 5104 condidit.
1265 5050 1378 5102 Hoc
1409 5048 1470 5102 in
1501 5049 1625 5101 loco
1671 5047 1880 5117 opibus
1923 5052 1978 5101 et
2007 5064 2096 5102 re-

398 5142 615 5214 ligione
671 5138 1044 5192 celeberrimo
1074 5136 1462 5207 perseveravit
1512 5137 1652 5190 ordo
1693 5135 2096 5190 Benedictinus

397 5247 580 5302 usque
601 5228 671 5282 ad
719 5226 911 5280 saeculi
943 5226 1200 5296 proxime
1240 5224 1419 5296 elapsi
1450 5224 1648 5291 ﬁnem,
1687 5241 1804 5294 quo
1834 5229 2095 5294 tempore

399 5316 836 5375 Lutheranismo
869 5313 1269 5378 invalescente,
1300 5317 1432 5382 post
1464 5312 1808 5381 Magdalenen
1836 5311 2096 5365 Hundtin

397 5408 467 5462 de
520 5402 872 5462 Lauterbach
929 5401 1230 5455 abbatissae
1290 5401 1532 5466 obitum,
1602 5415 1750 5454 nova
1817 5399 2094 5453 electione

396 5495 716 5560 interdicta,
757 5493 840 5546 fas
879 5490 1247 5562 postmodum
1279 5505 1396 5543 non
1422 5489 1530 5543 fuit
1559 5487 1809 5559 virgines
1855 5487 1926 5541 ad
1958 5505 2094 5559 pro-

396 5583 701 5638 fessionem
749 5579 1123 5634 monasticam
1177 5577 1496 5644 admittere,
1539 5577 1658 5631 imo
1690 5576 1760 5631 iis
1787 5592 1916 5646 qua:
1944 5576 2089 5631 resi-

2219 590 2418 629 omnes
2445 567 2726 623 constanti
2771 567 2964 621 animo
3023 573 3385 639 respuerunt.
3447 566 3664 636 Omnes,
3737 568 3925 640 inquit

2222 661 2525 718 Bucelinus
2554 658 2614 710 in
2646 655 2948 711 Germania
3001 672 3180 723 sacra,
3226 673 3366 726 pane
3422 657 3798 712 tribulationis
3856 656 3925 710 ad

2219 751 2424 806 obitum
2475 761 2644 815 usque
2731 749 3062 809 sustentata,
3108 745 3334 800 Numini
3387 760 3499 798 sese
3562 747 3621 798 in
3677 744 3925 798 adversis

2219 839 2431 907 egregie
2457 835 2824 905 probaverunt
2848 836 2898 885 et
2927 831 3456 886 commendaverunt.
3492 832 3682 886 Rebus
3725 839 3924 903 postea

2220 927 2455 1000 pacatis,
2479 923 2577 977 sed
2600 920 2942 992 virginesibi
2957 921 3417 974 nullwrestituta:
3437 926 3587 986 sunt,
3604 921 3702 974 sed
3728 921 3925 974 incidit
3947 991 3949 1006 Ι

2222 1011 2638 1069 monasterium
2670 1009 2728 1062 in
2760 1024 2963 1062 manus
2980 1008 3217 1061 Patrum
3247 1007 3534 1062 societatis
3564 1011 3718 1062 Jesu.
3742 1009 3926 1062 Abba-

2220 1103 2487 1155 tissarum
2539 1097 2864 1166 catalogum
2929 1093 3160 1148 exhibet
3229 1087 3386 1149 idem
3432 1095 3741 1150 Bucelinus
3800 1096 3924 1149 loco

2222 1188 2478 1243 laudato.

2296 1313 2379 1365 l3.
2415 1311 2587 1364 Porro
2613 1324 2729 1362 non
2792 1307 2983 1361 minus
3046 1323 3111 1360 ac
3142 1307 3262 1361 loca
3309 1324 3466 1362 sacra
3513 1308 3669 1363 viros
3712 1309 3924 1363 virtute

2221 1403 2278 1452 et
2306 1397 2608 1451 sanctitate
2641 1395 2892 1450 illustres
2920 1395 3142 1449 colebat
3191 1395 3494 1461 Henricus,
3529 1413 3780 1466 quorum
3813 1414 3926 1467 ope

2222 1503 2285 1540 ac
2336 1486 2589 1540 consiliis
2636 1485 2696 1538 in
2762 1501 2865 1538 sua
2907 1499 3260 1554 suorumque
3321 1484 3680 1538 subditorum
3737 1487 3924 1539 salute

2224 1575 2579 1645 procuranda
2629 1573 2850 1626 assidue
2881 1574 3168 1626 utebatur.
3201 1573 3361 1627 Tales
3411 1574 3570 1627 fuere
3627 1575 3921 1643 Wolfgan-

2223 1681 2328 1734 gus
2347 1664 2648 1733 episcopus
2675 1661 3104 1731 Ratisponensis
3133 1660 3234 1730 qui
3264 1661 3387 1729 ejus
3415 1660 3474 1713 in
3525 1662 3715 1730 prima
3754 1667 3921 1714 aetate

2224 1753 2515 1806 institutor
2536 1752 2708 1804 fuisse
2756 1750 2984 1817 dicitur,
3015 1749 3386 1803 Godehardus
3437 1749 3696 1819 primum
3761 1753 3919 1803 Alta-

2223 1841 2415 1894 hensis
2501 1839 2696 1905 abbas,
2771 1844 2971 1907 postea
3039 1837 3342 1908 episcopus
3393 1838 3923 1903 Hildesheimensis,

2224 1929 2556 1983 Heribertus
2607 1926 2985 1990 Coloniensis,
3039 1927 3237 1996 Poppo
3309 1927 3665 1981 Stabulensis
3722 1928 3923 1993 abbas,

2223 2016 2540 2072 Richardus
2569 2015 2958 2077 Virdunensis,
2994 2013 3158 2068 0dilo
3213 2015 3622 2081 Cluniacensis,
3687 2015 3920 2069 Willet-

2224 2121 2351 2160 mus
2432 2103 2809 2166 Divionensis,
2897 2101 3212 2155 Pandulfus
3265 2103 3647 2172 Agaunensis,
3703 2110 3763 2158 et
3823 2105 3921 2157 alii

2221 2193 2570 2262 complures,
2620 2190 2720 2262 qui
2766 2196 2903 2243 tunc
2931 2191 3208 2260 temporis
3240 2191 3623 2245 monasticam
3656 2193 3924 2246 ordinem

2221 2281 2605 2336 illustrabant.
2650 2281 2812 2334 Certe
2847 2284 3045 2332 auctor
3085 2284 3171 2332 est
3226 2280 3424 2332 Petrus
3487 2279 3754 2333 Damiani
3788 2297 3920 2333 san-

2219 2375 2376 2424 ctum
2431 2368 2817 2424 Romualdum
2849 2367 2940 2421 die
2992 2367 3244 2437 quadam
3301 2369 3372 2422 ad
3420 2369 3728 2422 Henricum
3785 2374 3922 2422 tunc

2219 2458 2494 2529 temporis
2549 2458 2609 2510 in
2641 2457 2800 2510 Italia
2857 2461 3124 2525 agentem
3175 2457 3496 2524 accessisse,
3531 2458 3643 2523 cui,
3706 2458 3919 2528 inquit,

2216 2562 2323 2600 non
2346 2561 2526 2615 pauca
2557 2547 2762 2598 locutus
2792 2549 2870 2598 est
2914 2543 2980 2596 de
3001 2545 3332 2598 restituendo
3373 2546 3502 2613 jure
3550 2548 3920 2611 ecclesiarum,

2218 2635 2284 2688 de
2312 2638 2569 2689 violentia
2603 2639 2899 2702 potentum.
2932 2633 2994 2685 :le
3039 2635 3383 2700 oppressione
3437 2649 3765 2702 pauperum,
3810 2640 3921 2689 etc.

2217 2724 2380 2788 Quod
2434 2723 2634 2792 iniquo
2667 2721 2861 2774 animo
2915 2737 3031 2774 non
3079 2721 3214 2774 tulit
3264 2721 3597 2790 imperator,
3658 2723 3777 2776 imo
3835 2723 3923 2775 vi-

2216 2811 2267 2865 ri
2352 2812 2710 2864 sanctitatem
2762 2811 3072 2872 reveritus,
3122 2807 3176 2860 ei
3244 2810 3660 2863 monasterium
3738 2811 3923 2862 sancti

2216 2899 2446 2965 Amiati,
2476 2899 2537 2951 in
2593 2915 2708 2968 quo
2754 2902 3018 2966 tepuerat
3063 2896 3424 2949 observantia
3485 2897 3772 2966 regularis
3803 2914 3921 2951 suae

2215 2987 2395 3058 ipsius
2442 2984 2876 3056 congregationi
2929 2983 3292 3037 subdendum
3348 2984 3610 3038 tradidit.
3696 2986 3924 3039 Etenim

2218 3077 2436 3131 delicias
2465 3076 2588 3145 ejus
2645 3079 2809 3127 erant
2859 3087 2990 3125 cum
3041 3071 3174 3124 viris
3229 3071 3514 3141 religiosis
3568 3074 3921 3128 conversari.

2220 3167 2360 3220 Hinc
2381 3181 2444 3218 ex
2479 3163 2640 3217 Italia
2670 3162 2729 3216 in
2758 3161 3122 3216 Germaniam
3168 3160 3416 3229 rediens,
3447 3161 3685 3216 dimisso
3752 3180 3922 3217 exer-

2216 3256 2352 3318 citu,
2411 3253 2743 3307 Cluniacum
2775 3265 2904 3304 cum
2935 3249 3130 3319 paucis
3160 3266 3190 3302 e
3216 3249 3334 3302 suis
3377 3251 3763 3305 familiaribus
3794 3270 3924 3323 per-

2216 3343 2382 3408 rexit,
2413 3363 2434 3389 ι
2470 3341 2588 3406 ubi,
2631 3339 2821 3408 inquit
2869 3339 3006 3392 Vita:
3056 3339 3180 3408 ejus
3209 3345 3412 3392 auctor
3443 3355 3568 3408 cap.
3631 3343 3724 3408 26,
3790 3359 3924 3396 cum

2216 3431 2468 3500 plurima
2498 3430 2660 3498 signa
2697 3427 2995 3497 religionis
3023 3432 3079 3479 et
3109 3426 3422 3480 sanctitatis
3447 3427 3700 3492 vidisset,
3738 3432 3924 3485 sancti

2215 3519 2458 3588 Spiritus
2488 3518 2621 3588 igne
2652 3532 2978 3580 succensus,
3011 3530 3288 3568 coronam
3331 3531 3566 3570 auream
3615 3518 3920 3586 pretiosis-

2217 3605 2374 3657 simis
2401 3604 2645 3674 gemmis
2684 3603 3040 3667 adornatam,
3084 3601 3154 3655 ad
3188 3601 3423 3654 missam
3453 3618 3583 3672 quaa
3615 3603 3685 3657 de
3720 3605 3919 3659 cathe—

2214 3694 2317 3746 dra
2335 3692 2514 3745 sancti
2561 3691 2709 3744 Petri
2741 3689 3155 3754 celebrabatur,
3190 3689 3419 3755 obtulit,
3471 3697 3531 3743 et
3578 3691 3918 3748 fraternita-

2214 3784 2331 3832 tem
2372 3778 2784 3832 monachorum
2847 3777 3191 3846 suscipiens,
3248 3793 3379 3830 cum
3431 3777 3684 3832 maxima
3736 3779 3920 3833 humi-

2214 3867 2372 3919 litate
2429 3873 2486 3919 et
2539 3865 2880 3919 contritione
2941 3865 3132 3918 cordis
3183 3866 3542 3918 orationibus
3600 3884 3806 3922 eorum
3860 3886 3918 3922 se

2213 3955 2654 4017 commendavit,
2713 3958 2769 4006 et
2824 3953 2883 4006 in
2951 3954 3419 4022 supplementum
3457 3956 3915 4010 necessariarum

2216 4059 2406 4096 rerum
2433 4042 2492 4094 in
2518 4041 2731 4094 Alsatia
2764 4039 2985 4110 optima
3015 4041 3230 4110 praedia
3259 4042 3444 4094 eidem
3470 4047 3916 4114 congregationi

2212 4129 2578 4184 contradidit.
2611 4130 2749 4183 Inde
2774 4129 2886 4182 iter
2916 4130 3151 4194 faciens,
3201 4145 3305 4199 per
3358 4131 3629 4184 Leodium
3661 4140 3722 4185 et
3773 4135 3917 4187 Tre-

2212 4219 2378 4272 virim
2426 4217 2730 4272 transitum
2763 4217 2920 4284 fecit,
2960 4223 3017 4272 et
3069 4219 3543 4288 congregationes
3593 4221 3740 4275 inibi
3796 4225 3913 4277 Deo

2210 4306 2552 4361 famulantes
2625 4306 2888 4377 plurimis
2945 4307 3346 4377 largitionibus
3419 4314 3478 4363 et
3530 4310 3767 4379 praediis
3824 4313 3913 4366 di-

2209 4396 2366 4448 tavit.
2392 4417 2418 4443 ››

2285 4520 2369 4572 lli.
2403 4520 2605 4572 Narrat
2633 4523 2832 4572 auctor
2886 4519 3027 4573 Vitae
3083 4519 3237 4574 beati
3268 4519 3536 4575 Richardi
3597 4523 3908 4580 Henricum

2208 4607 2518 4678 aliquando
2551 4607 2866 4660 Virdunum
2907 4608 3228 4674 accessisse,
3284 4613 3347 4662 ut
3402 4609 3635 4664 beatum
3669 4612 3912 4668 Richar-

2207 4695 2367 4760 dum,
2390 4711 2505 4766 quo
2535 4711 2686 4763 saepe
2716 4695 3054 4748 familiarius
3087 4695 3374 4760 utebatur,
3405 4695 3693 4752 inviseret.
3729 4699 3910 4755 Cum-

2209 4799 2320 4854 que
2351 4782 2684 4836 monasterii
2719 4783 2894 4835 sancti
2939 4783 3150 4848 Vitoui,
3185 4783 3277 4836 cui
3305 4783 3400 4836 ille
3433 4784 3610 4838 abbas
3640 4795 3907 4856 praeerat,

2207 4870 2449 4925 aediﬁcia
2517 4871 2910 4940 perlustraret,
2969 4871 3280 4925 claustrum
3339 4872 3655 4941 ingressus,-
3712 4878 3907 4931 statim

2206 4959 2359 5013 hunc
2404 4959 2611 5029 psalmi
2637 4958 2985 5012 versiculum
3026 4959 3167 5013 dixit
3203 4976 3214 5014 :
3247 4961 3368 5014 Hac
3418 4963 3631 5029 requies
3678 4979 3799 5017 mea
3850 4968 3910 5019 in

2205 5048 2456 5101 saeculum
2503 5048 2688 5101 saeculi
2728 5063 2742 5100 :
2802 5047 2889 5100 hic
2949 5047 3206 5101 habitabo
3255 5051 3514 5116 quoniam
3564 5051 3702 5117 elegi
3765 5068 3908 5107 eam.

2205 5136 2326 5200 Qua
2351 5135 2420 5188 de
2452 5151 2511 5187 re
2570 5134 2833 5188 turbatus
2893 5135 3108 5203 Heymo
3165 5135 3538 5189 Virdunensis
3577 5137 3908 5209 episcopus,

2205 5223 2303 5294 qui
2345 5239 2598 5293 praesens
2667 5223 2881 5288 aderat,
2938 5223 3084 5276 clam
3139 5223 3492 5277 Ricbardum
3553 5226 3780 5280 monuit
3836 5245 3910 5281 ne

2205 5311 2531 5378 Henricum,
2573 5311 2724 5381 quod
2773 5312 2879 5364 hoc
2907 5312 3030 5364 sine
3064 5311 3394 5365 incredibili
3426 5313 3655 5383 imperii
3697 5315 3909 5370 damno

2203 5399 2331 5454 ﬁeri
2367 5401 2652 5470 nequiret,
2701 5400 3048 5452 monachum
3081 5399 3208 5453 ﬁeri
3236 5400 3386 5470 apud
3441 5418 3499 5456 se
3530 5403 3765 5458 sineret.
3800 5407 3906 5459 Po-

2204 5487 2402 5542 stridie
2458 5487 2655 5558 itaque
2709 5487 2949 5541 Henrico
2997 5504 3191 5542 coram
3243 5489 3514 5543 omnibus
3544 5491 3605 5544 in
3651 5492 3905 5563 capitulo

2204 5575 2408 5630 astanti
2457 5576 2627 5646 petiit
2655 5575 2975 5631 Ricbardus
3007 5592 3149 5631 num
3207 5578 3374 5631 vellet
3403 5578 3529 5632 ﬁeri
3563 5581 3898 5651 monachus,
