3910 6384
71 332 187 384 1029

65 469 186 521 gain
231 451 443 524 qualem
488 450 662 523 quibo
714 448 979 504 invenire
1047 445 1483 503 sententiolam.
1544 440 1645 496 Hic
1679 442 1725 494 A

65 544 199 597 enim
232 558 349 595 vere
378 540 768 612 spermologus
801 537 1230 606 nominandus,
1258 536 1318 591 in
1378 532 1646 607 quadam

65 630 279 704 epistola
307 647 470 702 quam
497 630 563 684 ad
629 632 685 684 Β.
728 628 1126 697 Augustinum
1186 624 1405 687 scribit,
1458 620 1649 675 solida

65 738 185 775 usus
214 720 465 774 brevitate
490 718 621 773 dicit
656 735 667 772 :
703 720 870 789 Stepe
900 717 1065 789 quod
1096 730 1365 788 przeceps
1418 718 1527 771 est,
1588 710 1648 764 in

66 827 243 865 casum
270 808 485 863 vertitur
523 809 685 878 (101).
745 808 925 877 Cujus
976 804 1247 861 versiculi
1298 802 1649 858 brevitatem

66 903 365 953 :onvertens
391 896 459 951 ad
487 912 680 951 meam
702 895 1034 962 utilitatem,
1064 893 1355 965 paulatim
1381 890 1653 945 inceden-

66 990 125 1043 io
151 988 235 1043 vel
260 987 563 1055 scribendo,
595 1001 804 1041 cavere
835 984 1108 1039 desidero
1164 983 1411 1054 laqueos
1463 980 1651 1034 haere-

65 1095 178 1132 won
206 1097 216 1143 ;
240 1078 291 1132 in
313 1094 450 1149 quos
475 1076 637 1131 multi
667 1075 899 1130 cautela
932 1074 1218 1143 neglecta,
1253 1076 1311 1127 et
1363 1084 1651 1125 sensuum

65 1185 275 1223 iuorum
327 1166 667 1222 conﬁdentia
721 1165 1053 1238 prrecipites
1092 1163 1442 1218 inciderunt.
1504 1157 1655 1213 Illud

65 1264 229 1312 uitem
257 1256 407 1329 quod
428 1254 615 1310 dixisti
638 1271 732 1309 me
759 1253 929 1327 quasi
958 1251 1341 1307 dormitando
1366 1248 1653 1316 dictitare,

66 1344 470 1401 >ommonefacit
499 1360 591 1399 me
648 1360 723 1398 ne
784 1344 899 1397 sim
947 1340 1383 1399 dormitantius,
1436 1336 1541 1392 sed
1594 1339 1658 1391 ut

65 1435 228 1489 tudio
265 1432 473 1487 liberali
519 1431 742 1485 efﬁciar
789 1430 1154 1497 vigilantius.
1216 1426 1388 1493 Quod
1429 1426 1657 1481 utinam

66 1524 200 1597 equi
252 1524 415 1579 velim
461 1526 514 1577 et
558 1522 813 1587 valeam,
860 1526 923 1575 ut
968 1519 1338 1575 lucrifaciam
1392 1517 1659 1573 animam

65 1632 277 1670 neam.»
312 1614 389 1668 Ad
418 1614 537 1667 hzec
560 1612 781 1681 dialogi
814 1611 1009 1666 socius
1048 1610 1221 1665 infert
1254 1627 1265 1664 :
1310 1628 1338 1659 ‹
1379 1607 1661 1663 Admoni-

66 1704 346 1759 iunculam
375 1718 565 1758 meam
598 1718 669 1755 ne
701 1706 873 1773 putes
899 1701 1202 1771 injuriam.
1238 1698 1502 1753 Edissere
1551 1713 1659 1768 po-

775 327 863 381 DE
904 321 1275 381 MIRACULIS
1315 321 1372 377 S.
1415 315 1829 375 EMMERAMMI
1870 316 2059 373 LIBRI
2101 318 2260 374 DUO.
2294 316 2516 372 —-LIB.

3274 318 3414 373 1030

1759 442 1939 513 Cujus
1970 458 2179 497 curam
2203 456 2337 496 cum
2364 439 2643 509 egissem,
2668 443 2725 495 et
2740 438 3139 515 multipliciter
3160 437 3414 497 salutem

1758 531 1886 600 ejus
1914 531 2347 603 quarritassem,
2380 528 2631 584 concilio
2656 528 3165 603 presbyterorum,
3186 527 3290 607 qui
3303 543 3416 605 pro

1759 635 1829 671 eo
1862 618 2241 685 laborabant,
2272 634 2379 673 nec
2409 616 2781 672 orationibus
2803 616 2855 672 ei
2886 617 3203 675 sanitatem
3252 616 3417 672 resti-

1761 712 1921 762 tuere
1950 711 2246 779 poterant,
2280 706 2490 761 reduxi
2512 722 2652 760 eum
2683 704 2743 761 in
2774 706 3075 761 civitatem
3105 705 3417 780 Hiatospo-

1760 795 2008 851 litanam
2041 795 2491 866 (Regmspurg),
2523 794 2627 849 ubi
2658 794 2903 862 contigit
2931 792 3011 848 illi
3042 793 3156 849 hoc
3186 792 3420 851 malum

1762 885 2012 940 bonum.
2049 885 2133 940 Ibi
2158 901 2401 957 quoque
2424 884 2500 938 ad
2529 882 2712 956 pedes
2740 882 3006 957 episcopi
3073 898 3170 938 me
3223 882 3421 939 humi-

1764 974 1935 1034 lians.
1960 992 2096 1030 cum
2130 974 2343 1030 vellem
2375 973 2636 1028 hominis
2661 989 2996 1029 aerumnam
3027 978 3083 1029 et
3105 988 3302 1031 meam
3326 989 3423 1029 ex-

1763 1080 2007 1135 ponere,
2040 1064 2129 1117 vir
2161 1062 2279 1129 Dei,
2312 1062 2570 1117 necdum
2604 1061 2717 1117 sibi
2733 1078 2979 1117 causam
3008 1078 3117 1136 pro
3142 1078 3265 1138 qua
3286 1061 3422 1118 veni

1766 1153 1968 1225 aliquo
2020 1152 2339 1207 hominum
2390 1151 2806 1218 annuntiante,
2863 1151 3207 1225 anticipavit
3255 1151 3424 1225 quod

1766 1241 1961 1296 dicere
1990 1241 2171 1307 volui,
2202 1240 2446 1295 dicens:
2483 1263 2509 1287 ‹‹
2547 1241 2754 1310 Surge,
2793 1245 2942 1307 tace,
2979 1241 3101 1297 scio
3122 1240 3269 1317 quid
3320 1257 3424 1296 ve-

1766 1330 1854 1384 lis.
1890 1353 1916 1379 »
1945 1333 2009 1384 Et
2051 1345 2376 1384 conversus
2402 1329 2479 1384 ad
2518 1329 2944 1384 vicedomnum
2986 1329 3102 1385 ait:
3167 1352 3194 1379 ‹‹
3226 1332 3427 1385 Frater

1768 1418 1995 1488 Tagini,
2046 1418 2181 1473 tolle
2206 1434 2429 1489 aquam
2446 1434 2681 1473 sacram
2708 1417 3179 1491 juxtalectulum
3195 1434 3423 1485 meum,

1770 1524 1837 1562 ac
1870 1523 2085 1579 sparge
2118 1522 2298 1578 super
2352 1506 2658 1561 hominem
2696 1522 2819 1579 prae
2878 1506 3108 1561 foribus
3166 1505 3427 1562 cubiculi

1770 1602 2043 1652 stantem.
2083 1620 2109 1645 ››
2142 1600 2270 1668 Ipse
2303 1601 2505 1651 autem
2538 1600 2745 1652 contra
2785 1596 3007 1651 ostium
3054 1612 3242 1652 manu
3291 1611 3427 1651 cru-

1770 1703 1900 1741 cem
1926 1686 2407 1758 pingens,nescio
2437 1686 2584 1757 quid
2604 1685 3059 1754 murmurabat;
3096 1690 3152 1741 et
3181 1688 3428 1742 sanatus

65 1795 144 1848 ius
196 1791 419 1862 egregia
460 1808 591 1863 quae
638 1789 865 1862 crepisti
927 1804 1169 1844 narrare
1247 1785 1660 1842 confessorum
1693 1794 1737 1845 B
1771 1780 1858 1829 est
1886 1774 2154 1829 1101110111
2182 1774 2282 1829 illa
2309 1774 2475 1829 hOI‘a-

66 1881 234 1936 Zhristi
263 1880 568 1953 praeconia.
604 1912 670 1918 —
702 1878 1007 1944 Quamvis,
1050 1876 1323 1949 inquam,
1370 1874 1659 1947 importu-

65 1988 144 2025 uis
174 1974 398 2025 exactor
419 1968 558 2022 mihi
588 1967 843 2031 insistas,
877 1965 1027 2021 adeo
1074 1968 1136 2019 ut
1189 1964 1366 2018 etiam
1413 1975 1663 2030 gravare

66 2077 124 2114 ne
150 2059 407 2123 videaris,
436 2058 537 2113 tibi
568 2062 791 2121 tamen,
846 2055 1128 2110 charitate
1169 2054 1435 2125 jubente,
1488 2054 1666 2123 prout

65 2155 249 2218 totero,
281 2149 608 2204 satisfacere
632 2146 895 2202 tentabo.

97 2331 124 2359 ‹‹
151 2308 503 2363 Venerabilis
526 2306 703 2375 igitur
732 2306 975 2361 antistes
1006 2304 1416 2375 Wolfgangus,
1450 2303 1536 2356 vir
1585 2301 1668 2355 in-

65 2416 108 2453 :r
138 2398 440 2470 episcopos
468 2412 705 2463 magnae
734 2395 1119 2460 auctoritatis,
1156 2395 1303 2449 inter
1344 2392 1667 2448 canonicos

65 2487 320 2556 agularis,
350 2486 497 2541 inter
517 2485 848 2541 monachos
902 2484 1122 2555 pietate
1177 2482 1515 2547 singularis,
1565 2482 1669 2535 hu-

66 2580 259 2633 iilitate
286 2576 575 2643 sublimis,
609 2574 892 2628 charitate
924 2573 1285 2639 communis,
1336 2572 1666 2627 secundum

70 2664 382 2738 postolum,
411 2683 440 2715 ‹
472 2661 754 2717 omnibus
784 2660 990 2715 omnia
1014 2660 1202 2715 factus
1234 2663 1402 2730 (102),
1442 2682 1465 2707 ιι
1516 2674 1666 2730 prae-

65 2756 191 2827 ipue
239 2753 755 2821 eleemosynarum
810 2748 1121 2815 largitione
1179 2748 1461 2820 pollebat.
1520 2754 1669 2811 Qua-

66 2862 153 2899 im
183 2840 574 2899 laudabilium
606 2838 951 2906 ministerio,
985 2855 1089 2893 seu
1110 2843 1460 2893 caeterarum
1494 2838 1669 2892 virtu-

66 2951 145 2987 un
164 2930 478 2988 otfertorio.
496 2926 639 2999 quia
669 2926 891 2999 placuit
919 2926 1439 2996 Deo,multis,dum
1470 2925 1669 2981 adhuc

65 3027 169 3077 sset
204 3022 262 3075 in
290 3018 567 3092 praesenti
595 3016 836 3081 saeculo,
880 3017 1070 3088 patuit
1122 3016 1375 3071 indiciis.
1447 3020 1669 3071 Horum

65 3129 206 3167 num
229 3109 406 3167 didici
459 3113 739 3163 narrante
777 3107 1047 3179 quodam
1105 3123 1244 3163 sene
1284 3106 1466 3176 fideli,
1499 3108 1671 3177 cujus
1700 3147 1742 3201 Ο

67 3200 277 3257 arratio
306 3198 437 3255 talis
461 3197 568 3253 fuit
597 3215 609 3253 :
639 3197 871 3253 Militem
896 3196 1009 3251 sub
1035 3213 1131 3251 me
1152 3196 1382 3265 habuit,
1404 3197 1509 3269 qui
1525 3214 1671 3269 qua-

67 3308 160 3345 am
179 3290 274 3344 die
302 3304 440 3343 cum
472 3287 602 3343 aliis
632 3286 799 3342 affuit
846 3287 986 3357 (103)
1045 3288 1103 3341 in
1162 3286 1411 3343 basilica
1466 3288 1676 3342 Sancti

70 3381 202 3435 auli
235 3378 339 3434 ubi
363 3377 578 3433 beatus
604 3377 823 3449 praesul
856 3377 1257 3446 Wolfgangus
1281 3377 1498 3432 missas
1527 3377 1673 3432 cele-

69 3469 226 3524 ravit.
260 3469 531 3538 Cumque
553 3483 691 3520 eum
717 3464 928 3520 humili
968 3470 1126 3519 veste
1159 3465 1311 3535 prim
1324 3482 1443 3533 am,
1472 3470 1674 3537 utpote

69 3557 410 3620 .onachum,
441 3555 731 3626 aspiceret
760 3554 1035 3608 indutum
1063 3559 1240 3624 atque
1282 3553 1421 3609 dein
1489 3571 1675 3609 sacer-

70 3646 258 3700 )tibus
286 3645 657 3699 vestimentis
685 3642 910 3697 videret
936 3641 1277 3709 int‘ulatum,
1305 3642 1539 3712 plebeia
1571 3646 1680 3694 sto-

72 3734 241 3789 litate
271 3731 569 3803 despexit,
601 3736 658 3785 et
687 3731 883 3785 cordis
925 3746 1028 3785 ore
1066 3740 1454 3784 murmurans
1480 3729 1629 3783 dixit
1665 3746 1676 3781 :

72 3821 253 3877 Valde
283 3820 574 3893 insipiens
604 3820 712 3874 fuit
731 3820 1057 3889 imperator
1088 3818 1189 3872 illo
1216 3822 1504 3889 tempore,
1557 3834 1680 3889 quo

73 3924 369 3967 mnosum
400 3909 582 3964 istum
619 3923 689 3963 ac
736 3905 1187 3979 despicabilem,
1235 3905 1297 3960 in
1356 3905 1681 3978 pontificali

73 3998 401 4056 omotione
454 3994 710 4071 praetulit
765 3995 1109 4068 potentibus
1164 3995 1465 4066 personis,
1545 4012 1682 4067 quae

73 4089 338 4146 iundant
369 4089 429 4144 in
451 4086 795 4158 regionibus
819 4104 942 4141 suae
963 4085 1221 4141 ditionis.
1258 4108 1285 4135 ››
1309 4086 1501 4150 Quam
1526 4101 1686 4140 mur-

79 4180 430 4236 urationem
460 4178 564 4251 qui
587 4177 754 4233 novit
784 4176 1170 4243 cogitationes
1228 4174 1546 4230 hominum
1589 4190 1686 4229 eo-

75 4290 153 4327 :m
190 4274 511 4325 momento
542 4273 599 4325 et
627 4268 947 4324 clementer
978 4265 1325 4337 increpavit,
1366 4271 1421 4320 et
1451 4265 1688 4320 eviden-

75 4380 98 4417 r
117 4360 201 4416 ad
232 4360 725 4415 emendationem
756 4358 937 4428 hujus
956 4355 1513 4411 vitiimanifestavit.
1540 4359 1687 4409 Nam

142 4452 208 4506 in
262 4449 588 4519 Evangelia
644 4447 721 4504 ad
766 4448 1025 4515 cogitata
1044 4445 1373 4516 respondit,
1398 4445 1478 4500 ita
1506 4444 1687 4514 hujus

77 4540 287 4596 iminis
341 4539 666 4608 cogitatam
724 4536 1265 4592 murmurationem
1315 4540 1393 4590 ad
1449 4539 1688 4606 tempus

79 4627 370 4695 tSCODdit,
400 4645 523 4700 quo
552 4633 607 4683 et
635 4627 731 4683 ille
748 4626 1286 4699 impraesentiarum
1298 4624 1691 4693 corrigeretur

114 4718 628 4775 murmurationis
649 4718 880 4773 malum
911 4717 991 4772 ab
1012 4716 1142 4771 aliis
1164 4716 1517 4771 imfuturum
1548 4714 1691 4769 divi-

79 4816 271 4866 retur.
311 4809 505 4864 Nimio
547 4808 773 4880 quippe
820 4813 1042 4863 terrore
1102 4806 1301 4861 subito
1359 4810 1687 4877 correptus,

82 4899 362 4956 tantium
388 4898 817 4954 sustentatione
850 4897 947 4952 vix
972 4896 1228 4951 residere
1258 4895 1467 4967 potuit.
1503 4898 1692 4961 Quem

82 5008 156 5045 .m
180 4988 463 5043 viderem
502 4986 970 5043 tremebundum
1002 4991 1057 5042 et
1085 4984 1399 5057 pallidum,
1423 4984 1579 5039 illico
1601 5001 1695 5039 ac-

88 5093 275 5132 rrens
304 5077 641 5132 sciscitatus
675 5093 811 5131 sum
836 5075 983 5147 quid
1012 5074 1279 5143 haberet,
1306 5072 1397 5128 vel
1426 5072 1573 5144 quid
1594 5089 1696 5144 pa-

84 5172 267 5222 'etur.
293 5170 461 5223 Tunc
490 5168 585 5222 ille
619 5166 1029 5221 sacerdotibus
1060 5163 1341 5220 adhibitis
1387 5164 1695 5218 confessus

83 5262 96 5312 t
125 5254 292 5328 quia
321 5259 533 5310 contra
561 5256 757 5309 virum
789 5254 890 5310 Dei
919 5253 1075 5309 male
1129 5251 1493 5321 cogitaverit,
1522 5256 1576 5306 et
1615 5251 1696 5307 ob

85 5362 127 5401 lc
155 5343 515 5417 periculoso
539 5344 750 5401 timore
765 5343 1076 5416 perculsus
1117 5342 1208 5397 sit.
1265 5343 1503 5407 Quanta
1556 5357 1697 5397 vero

86 5432 295 5489 mide
315 5432 490 5488 illum
502 5449 610 5488 seu
630 5433 832 5504 passio
859 5431 1194 5505 arripuerit,
1229 5431 1372 5487 satis
1420 5430 1697 5504 probavi,

86 5521 323 5578 mdem
348 5536 536 5595 penes
573 5538 670 5577 me
692 5522 858 5578 domi
888 5523 1150 5579 retinens
1180 5520 1409 5596 aliquot
1462 5520 1696 5577 diebus.

114 5652 256 5715 101)
302 5648 548 5718 Hieron,
580 5652 747 5720 epist.
782 5667 1015 5705 LXXXIX.

114 5652 256 5715 101)
302 5651 548 5718 Hieron,
580 5665 619 5720 ej

87 5651 257 5865 E102;
302 5722 344 5776 Ι
371 5723 507 5778 Cor.
542 5739 619 5778 ix.

89 5798 227 5865 ,103
302 5796 442 5851 Haac
470 5794 618 5852 verb

89 5792 256 5865 (103)
302 5796 442 5851 Haec
470 5794 657 5852 verba
681 5793 744 5850 in
764 5811 878 5851 ms.
912 5793 1031 5852 alia
1041 5792 1237 5851 littera
1264 5792 1524 5865 ascripta
1545 5795 1703 5847 sunt.

1724 4504 1766 4557 D

1844 1897 1911 1904 —
1943 1867 2103 1927 Vere,
2139 1865 2219 1918 ait
2239 1863 2669 1928 Ammonicius,
2703 1863 2931 1919 malum
2961 1879 3322 1919 conversum
3344 1869 3433 1920 est

1772 1954 1831 2009 in
1864 1953 2115 2008 bonum.
2158 1956 2305 2007 Nam
2353 1968 2472 2007 non
2527 1952 2721 2007 solum
2778 1952 3184 2026 increpatione
3227 1952 3429 2009 militis

1774 2042 1963 2097 vindic
1978 2047 2073 2096 ata
2098 2045 2185 2095 est
2211 2041 2426 2111 injuria
2456 2041 2774 2115 pontiﬁcis,
2814 2042 2921 2097 sed
2977 2042 3221 2116 insuper
3250 2042 3431 2098 etiam

1774 2132 2047 2201 ejusdem
2080 2131 2328 2186 sanitate
2360 2130 2696 2200 miriﬁcata,
2737 2147 2845 2186 nec
2874 2147 2999 2187 non
3052 2132 3290 2205 spiritus
3347 2148 3434 2189 re-

1776 2220 2073 2276 velatione
2100 2218 2446 2289 magniﬁca,
2479 2218 2851 2275 declaratum
2889 2225 2977 2275 est
3022 2219 3225 2276 multis
3263 2219 3435 2277 meri-

1776 2316 1905 2365 tum
1936 2310 2083 2365 tanti
2116 2309 2461 2365 sacerdotis.
2519 2310 2709 2375 Quem
2752 2308 2926 2365 valde
2974 2309 3159 2366 miror
3205 2324 3437 2382 praeno-

1777 2399 2073 2452 minatum
2118 2397 2542 2451 vicedomnum
2567 2397 2719 2451 adeo
2748 2397 3045 2468 dilexisse,
3074 2414 3213 2452 cum
3242 2396 3433 2464 fuerit,

1777 2492 1843 2541 ut
1867 2486 2089 2549 audivi,
2122 2485 2448 2540 iracundus
2481 2502 2550 2540 ac
2591 2501 2772 2557 supra
2798 2486 3051 2541 modum
3084 2502 3348 2554 severus,
3380 2489 3437 2542 et

1778 2575 1857 2630 ob
1884 2575 1966 2643 id,
1997 2590 2148 2648 pene
2176 2574 2461 2628 omnibus
2493 2574 2597 2647 qui
2627 2574 2685 2629 in
2714 2574 3022 2647 episcopio
3055 2578 3244 2642 erant,
3294 2589 3435 2630 exo-

1779 2680 1900 2717 sus.
1928 2662 2256 2734 Episcopus
2285 2667 2486 2717 autem
2519 2668 2647 2717 erat
2676 2668 3029 2718 mansuetus
3087 2667 3145 2718 et
3182 2662 3335 2737 pius.
3366 2694 3434 2703 -—

1776 2753 1961 2817 Certe,
1991 2751 2263 2823 inquam,
2296 2767 2405 2805 nec
2433 2752 2558 2823 ipse
2587 2756 2712 2806 erat
2743 2751 2867 2806 sine
2900 2752 3207 2808 severitate
3240 2770 3253 2821 ;
3289 2752 3435 2808 alio-

1778 2842 1923 2914 quin
1982 2840 2181 2895 minus
2231 2842 2581 2897 observaret
2632 2841 2797 2913 quod
2856 2842 3175 2917 Apostolus
3241 2842 3431 2899 dicit:

1781 2955 1807 2980 ‹‹
1840 2937 2055 2999 Argue,
2088 2931 2362 3000 obsecra,
2420 2931 2664 3003 increpa
2723 2932 2933 3001 (104).»
2976 2932 3180 2987 Virum
3235 2938 3437 2987 autem

1779 3038 1964 3093 quem
1994 3020 2163 3085 dicis,
2193 3021 2273 3076 ob
2300 3021 2696 3089 severitatem,
2724 3021 2997 3093 pluribus
3029 3037 3303 3090 exosum,
3337 3038 3437 3077 ac-

1782 3111 1911 3182 cepi
1938 3115 2245 3165 strenuum
2271 3109 2449 3164 fuisse
2482 3127 2551 3165 ac
2582 3110 2982 3179 ingeniosum.
3014 3110 3126 3176 Qui
3157 3114 3440 3188 proptere

1784 3199 2129 3255 venerando
2161 3200 2401 3254 antistiti
2432 3200 2651 3255 exstitit
2681 3200 2919 3267 charus,
2951 3199 3094 3273 quia
3122 3200 3296 3257 valde
3340 3216 3442 3255 ne-

1784 3290 2097 3354 cessarius,
2130 3295 2185 3343 et
2214 3290 2357 3361 quia
2389 3289 2576 3347 illum.
2611 3289 2659 3344 si
2702 3289 2763 3344 in
2819 3289 3022 3363 aliquo
3072 3289 3444 3363 reprehensi-

1784 3379 1920 3435 bilis
1950 3383 2093 3447 erat,
2121 3395 2228 3451 per
2252 3379 2732 3434 immutationem
2758 3378 3014 3436 dexterae
3048 3379 3276 3435 Excelsi
3320 3395 3443 3436 me-

1785 3468 2148 3532 liorandum,
2182 3467 2390 3537 spiritu
2410 3466 2732 3534 revelante,
2774 3470 3121 3535 agnoverat.
3158 3466 3211 3521 Is
3268 3483 3444 3523 nam-

1787 3573 1904 3628 que
1937 3560 2071 3627 post
2102 3555 2330 3609 obitum
2354 3555 2509 3609 beati
2540 3554 2812 3626 praesulis
2838 3554 3188 3625 Wolfgangi,
3231 3556 3326 3610 cui
3372 3556 3443 3610 ﬁ-

1789 3645 1996 3700 deliter
2021 3643 2293 3710 adhaesit,
2322 3643 2572 3698 Henrico
2604 3642 2947 3715 imperatori
2990 3644 3141 3698 inter
3179 3643 3449 3701 ﬁdelissi-

1791 3749 1923 3787 mos
1949 3731 2321 3786 ministravit.
2356 3734 2485 3796 Quo
2528 3730 2775 3801 jubente
2824 3732 2987 3804 apud
3049 3733 3449 3807 Parthenopo—

1791 3822 1895 3875 lim
1926 3820 2412 3891 archiepiscopus
2438 3820 2653 3888 factus,
2683 3835 2821 3875 cum
2850 3821 3163 3894 plurigena
3200 3820 3450 3896 polleret

1791 3909 2110 3985 probitate,
2143 3909 2337 3980 magis
2368 3909 2577 3965 claruit
2607 3910 2707 3982 pia
2732 3910 3254 3985 eleemosynarum
3297 3911 3447 3989 dap-

1795 4000 2027 4069 silitate,
2059 4016 2169 4055 nec
2195 4016 2319 4055 non
2349 4000 2561 4055 humili
2589 4002 2855 4074 corporis
2887 4001 3153 4058 castitate
3200 4006 3257 4057 et
3300 4002 3450 4058 nihi-

1798 4089 2061 4145 lominus
2086 4088 2373 4144 laudabili
2404 4090 2651 4145 vestitus
2678 4090 3109 4147 mediocritate.
3131 4095 3261 4147 Non
3290 4091 3452 4151 enim

1796 4179 2072 4234 verrebat
2100 4183 2338 4245 terram,
2369 4180 2540 4235 sicuti
2571 4180 2742 4235 multi
2768 4180 2961 4236 facere
2992 4180 3200 4246 solent,
3237 4180 3451 4237 tunicis

1799 4272 1854 4322 et
1883 4267 2147 4339 pelliciis,
2180 4284 2406 4336 magno
2466 4269 2656 4340 pretio
2713 4269 3037 4341 acquisitis,
3100 4268 3228 4336 sed,
3285 4267 3454 4341 quod

1799 4374 1913 4412 usu
1936 4356 2249 4411 mundano
2280 4372 2482 4412 rarum
2513 4362 2624 4425 est,
2655 4357 2790 4413 forti
2820 4363 3020 4414 tenore
3047 4357 3284 4426 mentis,
3316 4372 3455 4415 con-

1799 4449 1997 4501 tentus
2028 4447 2231 4500 ovium
2255 4446 2905 4519 vestimentis,quotidie
2918 4447 3135 4502 missas
3156 4446 3455 4502 celebrare

1801 4534 2050 4601 curavit,
2083 4538 2260 4605 atque
2290 4534 2587 4605 integrum
2615 4536 2964 4591 Psalmodiae
2998 4552 3240 4591 sensum
3271 4536 3455 4593 devo-

1802 4623 2029 4681 tissime
2050 4622 2387 4695 persolvere
2417 4640 2539 4680 non
2572 4623 2844 4679 cessavit.
2874 4625 3054 4696 Cujus
3101 4640 3321 4699 corpus
3352 4639 3456 4680 an-

1801 4730 1882 4769 no
1912 4712 2184 4768 videlicet
2207 4713 2460 4785 septimo
2490 4719 2628 4786 post
2653 4713 3077 4770 resolutionem
3104 4713 3314 4790 ipsius,
3373 4714 3461 4771 in-

1801 4809 2035 4874 tegrum
2062 4807 2150 4857 est
2182 4802 2513 4871 inventum,
2573 4803 2761 4874 gloria
2811 4803 3259 4860 resurrectionis
3306 4805 3459 4861 adeo

1801 4894 1862 4949 in
1893 4909 1965 4949 eo
1994 4892 2428 4965 resplendente,
2458 4899 2523 4949 ut
2552 4898 2816 4949 astantes
2845 4898 2900 4949 et
2950 4893 3245 4949 intuentes
3285 4894 3460 4951 valde

1806 4985 2168 5040 mirarentur
2197 4983 2327 5053 ejus
2386 4985 2641 5039 nitorem
2700 4988 2880 5056 atque
2928 4983 3460 5058 incorruptionem,

1806 5091 1944 5130 cum
1975 5074 2334 5128 successoris
2358 5073 2513 5128 illius
2546 5074 2913 5129 vestimentis
2945 5073 3123 5129 etiam
3178 5090 3462 5133 consum-

1806 5165 1923 5238 psit
1946 5180 2085 5220 ossa
2116 5164 2534 5219 tantummodo
2577 5164 2743 5220 nuda
2790 5163 3153 5220 remansisse
3200 5164 3466 5221 videren-

1808 5258 1920 5310 tur.
1949 5256 2092 5309 Vere
2123 5269 2357 5309 memor
2386 5253 2673 5309 Dominus
2693 5253 2991 5310 dtctorum
3028 5269 3299 5327 suorum,
3329 5254 3465 5330 qui-

1807 5344 1923 5400 bus
1952 5343 2158 5399 ﬁdeles
2189 5360 2333 5399 suos
2358 5343 2702 5400 consolatur
2731 5344 2936 5400 dicens
2971 5362 2984 5400 :
3043 5366 3071 5393 «
3122 5348 3190 5401 Et
3212 5345 3466 5423 capillus

1810 5432 1885 5489 de
1911 5432 2101 5505 capite
2124 5438 2324 5488 vestro
2344 5450 2467 5489 non
2494 5432 2709 5506 peribit
2742 5434 2906 5507 (105).
2939 5457 2965 5483 ››
2997 5436 3144 5491 Ecce
3182 5434 3287 5509 qui
3342 5451 3468 5492 om-

1811 5521 1913 5578 nia
1936 5522 2245 5592 benefecit,
2274 5522 2352 5578 ad
2368 5523 2885 5580 corroborandum
2910 5523 3097 5584 ﬁdem
3125 5524 3188 5585 in
3241 5541 3303 5584 se
3347 5541 3467 5584 cre-

1918 5649 2038 5719 104)
2076 5650 2143 5703 11
2171 5650 2316 5704 Tim.
2347 5665 2420 5703 IV.

1917 5723 2039 5791 105)
2074 5722 2218 5776 Luc.
2253 5736 2353 5777 xu.
