3910 6396
434 279 561 333 1031

1462 281 1768 336 ABNOLDI
1809 276 2397 336 Εωίειιωεηδιε
2434 278 2769 336 IONACHI.

3696 281 3719 333 ί
3733 280 3854 333 031

428 397 697 455 dentium
725 398 787 455 in
808 398 1175 472 quibusdam
1206 368 1390 455 starvis
1415 400 1537 455 suis
1568 417 1727 456 nunc
1780 417 1852 455 ex
1902 405 2069 473 parte
2100 401 2146 453 Α
2175 403 2479 470 rumperet
2502 398 2895 471 protervitatis
2926 398 3199 455 audacia.
3234 398 3335 454 His
3362 402 3421 453 et
3447 397 3672 455 talibus
3735 401 3854 456 Pa-

429 486 688 543 ostendit
704 488 870 560 quod
894 488 952 543 in
983 487 1242 558 generali
1263 489 1688 544 resurrectione
1715 489 1773 543 in
1790 487 2071 543 omnibus

428 574 677 647 pleniter
723 575 1155 648 perﬁciendum
1210 575 1334 643 erit,
1396 581 1536 632 tunc
1582 576 1789 649 procul
1863 576 2069 644 dubio,

427 662 672 736 quando
696 662 915 719 electus
942 662 1190 735 quilibet
1241 666 1575 731 surrexerit,
1635 681 1954 721 occurrens
2010 666 2071 719 in

426 750 620 805 virum
647 749 975 821 perfectum
1004 750 1063 805 in
1095 767 1441 808 mensuram
1466 754 1655 809 aetatis
1690 753 2071 826 plenitudinis

427 837 633 892 Christi
662 838 825 909 (106).
854 870 922 878 -
952 840 1181 909 Fateor,
1206 838 1286 895 ait
1306 841 1501 895 socius
1532 841 1774 909 dialogi,
1805 840 1907 913 qui
1927 840 2072 897 mihi

427 924 748 998 displicuit,
780 925 1013 998 placet;
1041 931 1096 981 et
1124 926 1287 999 quia,
1320 927 1423 982 ubi
1456 928 1674 984 Veritas
1707 929 1846 984 talia
1871 934 2070 984 osten-

428 1014 531 1081 dit,
556 1029 735 1070 nemo
764 1015 867 1087 qui
899 1030 1114 1070 sanum
1153 1016 1306 1089 sapit
1334 1031 1440 1088 per
1462 1015 1933 1071 incredulitatem
1983 1013 2071 1068 of-

432 1102 636 1159 fendit.
662 1103 776 1158 Sed
798 1104 927 1175 jam
958 1110 1192 1177 tempus
1220 1110 1306 1159 est
1335 1109 1399 1160 ut
1426 1104 1766 1171 revertaris,
1798 1104 1957 1159 unde
1988 1102 2071 1157 di-

431 1207 673 1261 gressus
703 1207 786 1258 es,
818 1197 892 1261 et,
926 1192 987 1247 ni
1016 1191 1205 1258 fallor,
1234 1193 1591 1248 narrationis
1622 1192 1770 1247 ordo
1812 1191 2073 1265 postulat

430 1285 494 1335 ut
517 1279 750 1351 plenius
780 1296 1016 1335 enarres
1042 1281 1101 1335 in
1166 1282 1549 1353 sequentibus
1605 1282 1789 1337 vitam
1836 1281 2071 1337 abbatis

430 1366 773 1433 venerandi,
805 1384 990 1439 quam
1016 1368 1075 1423 in
1111 1369 1585 1441 praecedentibus
1637 1385 1851 1443 parum
1884 1368 2069 1437 tetigi-

431 1454 520 1510 sti.
562 1458 734 1511 -—Me
762 1455 840 1511 ad
888 1456 1311 1526 obediendum,
1366 1458 1635 1530 inquam,
1668 1458 1853 1513 habes
1903 1473 2073 1530 para-

430 1547 577 1611 tum,
610 1544 715 1599 sed
746 1560 1127 1616 summopere
1158 1545 1606 1617 implorandum
1638 1551 1725 1601 est
1751 1546 1878 1617 ejus
1904 1545 2070 1601 auxi-

427 1632 575 1688 lium
599 1633 703 1705 qui
727 1633 787 1689 in
811 1634 1130 1703 Evangelio
1160 1634 1299 1691 dicit
1328 1654 1339 1690 :
1367 1658 1393 1683 ‹‹
1427 1635 1558 1691 Sine
1590 1652 1685 1691 me
1714 1635 1859 1690 nihil
1912 1640 2071 1707 pote

2178 490 2262 541 ter
2295 499 2665 543 venerandus
2693 488 2754 543 in
2783 487 2945 543 viam
2970 486 3212 558 justitiae
3247 486 3527 555 directus,
3547 491 3605 544 et
3630 488 3694 544 in
3758 504 3853 544 se-

2178 574 2383 629 mitam
2414 574 2839 631 mandatorum
2881 574 3000 638 Dei,
3052 589 3239 646 quam
3296 574 3423 648 ipse
3470 575 3685 645 voluit,
3736 575 3849 631 de-

2178 663 2411 733 ductus,
2440 665 2601 720 dona
2629 667 2683 719 S.
2721 664 2968 738 Spiritus
2989 663 3148 719 vasis
3175 664 3461 720 virtutum
3487 665 3846 739 septempli-

2178 752 2320 807 citer
2345 752 2543 808 infusa
2569 759 2625 808 et
2644 752 2961 808 distributa
2985 752 3117 807 totis
3141 752 3370 808 viribus
3397 754 3844 824 venerabatur;

2177 850 2286 890 nec
2317 852 2437 891 non
2469 836 2645 891 etiam
2679 836 2981 903 sollicitus,
3032 840 3156 891 tam
3202 852 3312 909 pro
3367 853 3429 891 se
3486 854 3680 910 quam
3729 854 3850 912 pro

2178 925 2329 995 aliis,
2352 927 2673 998 prudenter
2703 927 2983 982 observat
3008 926 3068 981 in
3126 927 3433 995 omnibus,
3494 928 3848 984 secundum

2179 1015 2601 1083 Gregorianam
2634 1016 3008 1084 sententiam,
3039 1031 3114 1071 ne
3146 1016 3438 1088 sapientia
3457 1016 3745 1087 elevaret,
3770 1033 3849 1073 ne

2178 1101 2525 1173 intellectus,
2554 1104 2701 1159 dum
2728 1102 3018 1159 subtiliter
3043 1108 3322 1171 curreret,
3379 1104 3711 1172 aberraret,
3768 1120 3848 1160 ne

2178 1191 2512 1256 consilium,
2537 1190 2684 1246 dum
2724 1208 2787 1246 se
2820 1190 3257 1263 multiplicaret,
3316 1192 3740 1263 confunderet,
3769 1209 3848 1247 ne

2179 1278 2482 1345 fortitudo,
2511 1277 2657 1333 dum
2703 1278 2987 1334 ﬁduciam
3039 1279 3351 1351 praeberet,
3409 1280 3845 1353 praecipitaret,

2179 1382 2254 1421 ne
2286 1365 2547 1434 scientia,
2575 1365 2720 1420 dum
2749 1372 2957 1421 nosset
2980 1382 3049 1422 ac
3080 1382 3201 1422 non
3241 1366 3528 1436 diligeret,
3561 1368 3847 1438 instaret,

2179 1470 2254 1510 ne
2285 1455 2471 1526 pietas
2497 1454 2643 1508 dum
2670 1460 2833 1510 extra
2862 1454 3275 1511 rectitudinem
3298 1471 3359 1511 se
3382 1455 3723 1519 inclinaret.
3756 1456 3852 1512 in-

2183 1547 2497 1614 torqueret,
2530 1558 2605 1596 ne
2633 1543 2826 1609 timor,
2860 1543 3007 1598 dum
3037 1542 3173 1615 plus
3197 1544 3359 1614 justo
3397 1544 3749 1616 trepidaret,
3782 1544 3851 1600 in

2182 1630 2613 1702 desperationis
2642 1630 2879 1686 foveam
2922 1636 3235 1701 mergeret.
3295 1635 3427 1688 Haec
3475 1633 3753 1700 strictim,
3815 1648 3851 1688 ο

430 1721 533 1777 stis
553 1721 938 1793 facere(107).
973 1747 1001 1774 »
1049 1723 1205 1778 Illius
1252 1740 1393 1792 ergo
1446 1725 1635 1793 gratia
1686 1741 1795 1779 nos
1852 1741 2073 1797 praeve-
2102 1744 2144 1797 Β
2182 1720 2535 1787 Ammonici,
2597 1718 2778 1774 veluti
2827 1720 3059 1791 majora
3118 1720 3478 1776 charismata
3519 1721 3851 1794 proposui,

429 1810 625 1866 niente
653 1815 830 1884 atque
861 1812 1205 1882 comitante,
1235 1813 1389 1868 bene
1416 1813 1682 1886 procedit
1711 1820 1915 1869 nostra
1945 1830 2073 1869 ora-

429 1898 510 1953 tio
535 1902 751 1971 pariter
783 1903 836 1954 et
866 1900 1152 1971 operatio,
1206 1916 1341 1973 quae
1389 1917 1485 1955 me
1541 1914 1700 1974 apte,
1758 1901 2072 1973 quantula-

430 2003 666 2060 cunque
693 1992 797 2055 est,
830 1987 893 2043 in
921 1989 1163 2044 nomine
1194 1989 1423 2044 Domini
1453 1989 1614 2061 cupit
1644 1990 2000 2062 prcsperari.

501 2098 529 2125 «
559 2076 738 2145 Igitur
766 2077 1121 2132 venerabilis
1153 2081 1317 2133 Pater
1346 2078 1714 2133 Ramuoldus
1756 2079 2073 2134 commisso

431 2163 540 2219 sibi
568 2163 854 2233 regimine
886 2165 1247 2231 monasterii,
1280 2167 1413 2238 quis
1447 2171 1582 2221 ante
1608 2167 1721 2221 hoc
1761 2167 1952 2234 fuerit,
1986 2184 2074 2223 sa-

429 2252 501 2308 tis
532 2252 592 2307 in
623 2253 803 2323 hujus
849 2244 1364 2310 administratione
1416 2255 1751 2311 declaravit.
1780 2260 1925 2311 Nam
1975 2272 2075 2328 pa-

436 2340 634 2397 ltestra
656 2341 916 2413 primum
949 2342 1194 2414 spiritali
1234 2345 1623 2415 semetipsum
1671 2361 1973 2411 exercens,
2006 2362 2076 2399 ac

430 2429 646 2485 deinde
674 2429 946 2485 subditos
967 2431 1277 2486 virtutibus
1327 2432 1608 2487 insudare
1655 2433 2074 2499 assuefaciens,

432 2517 797 2573 omnimodis
828 2518 1161 2574 conabatur
1191 2520 1383 2574 facere
1414 2526 1470 2574 et
1498 2521 1711 2576 docere
1741 2537 1875 2593 qua:
1904 2537 2079 2576 nove-

431 2610 523 2662 rat
576 2622 707 2661 esse
753 2607 935 2676 justa,
994 2612 1220 2675 sancta,
1268 2607 1368 2680 pia
1416 2613 1470 2664 et
1496 2610 1766 2665 honesta.
1804 2610 1964 2665 Unde
2021 2615 2079 2666 et

431 2694 600 2750 multi
630 2695 809 2751 etiam
852 2695 1104 2764 nobiles,
1155 2696 1267 2769 piis
1318 2697 1445 2767 ejus
1493 2698 1724 2753 actibus
1771 2699 2078 2770 provocati

432 2783 717 2841 saeculum
750 2784 1133 2858 reliquerunt,
1163 2790 1341 2858 atque
1368 2786 1524 2842 illius
1569 2788 1911 2859 magisterio
1964 2788 2076 2843 hu-

431 2872 646 2929 militer
674 2888 734 2927 se
766 2872 1177 2929 subdiderunt.
1212 2878 1365 2929 Inter
1388 2891 1563 2947 quos,
1590 2880 1646 2931 et
1670 2892 1807 2931 cum
1856 2876 2077 2948 quibus

433 2977 569 3033 qua;
602 2960 862 3031 gravitas
890 2960 993 3027 illi,
1020 2976 1154 3032 quae
1204 2962 1584 3032 continentia,
1635 2979 1771 3035 quas
1823 2964 2074 3035 puritas,

432 3063 568 3121 quae
604 3047 846 3117 largitas
869 3048 930 3103 in
961 3048 1375 3120 eleemosynis,
1403 3066 1539 3122 quae
1568 3051 1839 3106 custodia
1880 3052 2076 3107 humi-

433 3135 630 3206 litatis,
663 3136 765 3208 qui
786 3141 1061 3208 sumptus
1090 3137 1311 3206 ingenii
1355 3138 1588 3207 fuerint,
1634 3156 1757 3195 non
1813 3145 1901 3196 est
1928 3158 2075 3197 mere

430 3223 841 3296 possibilitatis
873 3239 980 3296 per
1007 3228 1198 3280 totum
1254 3241 1530 3282 enarrare
1583 3232 1640 3284 et
1688 3228 1771 3283 uti
1824 3228 2076 3297 dignum

434 3316 523 3368 est
551 3311 894 3383 praedicare.
954 3315 1269 3369 Censerem
1300 3315 1523 3387 quippe
1582 3315 1991 3372 eruditissimis
2023 3322 2079 3373 et

433 3400 834 3456 disertissimis
864 3400 1005 3456 viris
1034 3401 1487 3475 relinquendam
1521 3409 1703 3460 totam
1757 3405 1977 3462 molem
2007 3423 2076 3462 ac

434 3490 781 3560 dignitatem
809 3490 1088 3559 materiae,
1120 3491 1233 3547 nisi
1264 3493 1476 3548 scirem
1505 3494 1785 3566 pauperis
1810 3495 2076 3552 devotio-

431 3594 571 3634 nem
605 3580 721 3635 Deo
745 3594 868 3634 non
892 3596 1021 3635 esse
1059 3580 1481 3653 despicabilem
1511 3600 1524 3649 ;
1553 3599 1675 3655 qua
1708 3600 1813 3655 spe
1840 3584 2077 3640 animus

432 3669 691 3738 erigitur,
720 3674 794 3736 et,
826 3670 1106 3741 quamvis
1139 3670 1327 3726 tenuis
1357 3687 1426 3727 ac
1456 3674 1733 3739 rusticus,
1777 3674 2077 3730 conﬁden-

432 3762 518 3813 ter
540 3763 737 3813 tamen
768 3758 949 3814 currit
993 3758 1182 3829 stylus
1236 3776 1405 3815 meus
1469 3765 1525 3817 et
1566 3761 1855 3832 calamus,
1911 3768 2077 3833 gesta

432 3852 775 3903 sanctorum
798 3847 1157 3919 scriptitans,
1181 3849 1324 3922 quia
1346 3866 1598 3920 regnum
1631 3852 1727 3906 Dei
1755 3869 1876 3907 non
1898 3859 1989 3908 est
2015 3853 2076 3909 in

434 3951 729 4002 sermone,
761 3952 869 3992 nec
899 3936 961 3991 in
986 3936 1333 4009 eloquentiae
1361 3940 1571 4010 nitore,
1627 3941 1730 3996 sed
1784 3942 1845 3996 in
1898 3958 2075 4015 opere

433 4028 490 4080 et
518 4025 757 4080 veritate
788 4025 952 4097 (108).
988 4026 1300 4083 Prteclaras
1329 4034 1383 4084 et
1421 4029 1776 4098 magniﬁcas
1832 4030 2074 4087 virtutes

432 4112 591 4169 idem
620 4113 708 4168 vir
734 4114 855 4181 Dei,
883 4119 947 4169 ut
968 4116 1116 4189 crepi
1139 4116 1353 4185 dicere,
1383 4117 1758 4174 laudabiliter
1786 4121 2073 4191 possedit,

432 4207 489 4258 et
516 4202 755 4258 viriliter
783 4203 1054 4260 excoluit.
1087 4208 1372 4262 'l‘enorem
1427 4206 1592 4279 atqui
1640 4207 1844 4264 matris
1900 4210 2077 4265 virtu-

432 4295 580 4355 tum,
613 4291 672 4346 id
699 4297 791 4348 est
819 4292 1207 4360 discretionis,
1242 4300 1361 4351 tam
1412 4296 1669 4367 ingenue
1711 4298 1833 4353 suis
1879 4300 2072 4355 omni—

430 4379 546 4436 bus
573 4380 825 4454 praeﬁxit
845 4387 907 4436 ut
930 4383 1057 4437 haec
1085 4382 1167 4438 illi
1198 4384 1271 4439 de
1304 4386 1577 4456 supernis
1606 4387 1777 4458 quasi
1836 4388 1910 4443 de
1953 4388 2073 4443 sin-

432 4469 713 4539 gulariter
735 4487 1018 4527 concessa
1041 4472 1357 4529 videretur.
1418 4476 1537 4530 Hac
1595 4476 1811 4531 etenim
1867 4476 2074 4532 virtute

432 4557 726 4626 suffultus,
757 4560 1188 4633 principalibus
1228 4568 1488 4634 quatuor
1536 4564 1618 4618 sic
1667 4581 1812 4619 usus
1870 4571 1962 4620 est
2012 4572 2077 4621 ut

431 4662 537 4719 per
565 4648 967 4719 prudentiam,
988 4650 1229 4719 ignavia
1258 4651 1634 4707 hebetudinis
1666 4653 1919 4723 abjecta,
1970 4671 2072 4709 ne-

432 4751 741 4809 quaquam
769 4738 820 4792 ei
851 4752 881 4792 e
908 4738 1149 4807 regione
1185 4738 1531 4811 subreperet
1580 4742 1860 4797 versutia.
1908 4743 2078 4798 Justi-

433 4825 570 4882 tiam
602 4843 865 4899 quoque,
892 4827 1062 4898 juxta
1090 4829 1255 4899 quod
1283 4829 1564 4900 possibile
1586 4834 1677 4885 est
1702 4832 2074 4904 mortalibus,

433 4929 539 4986 per
575 4915 780 4970 omnia
802 4916 883 4970 sic
916 4915 1151 4970 retinuit
1173 4920 1237 4971 ut
1264 4931 1372 4971 nec
1400 4916 1455 4971 in
1478 4916 1606 4988 plus
1634 4919 1797 4986 justo
1825 4920 2075 4976 modum

430 5003 759 5069 excederet,
790 5019 985 5076 neque
1008 5004 1068 5059 in
1094 5004 1292 5059 minus
1318 5006 1479 5074 justo
1510 5005 1613 5060 diu
1639 5009 2071 5065 succumberet.

430 5093 536 5148 Per
556 5093 1013 5165 temperantiam
1046 5109 1184 5149 vero
1242 5094 1324 5149 sic
1372 5093 1573 5163 ligavit
1626 5097 2074 5167 passibilitatem

432 5185 496 5235 ut
520 5182 856 5237 nullatenus
877 5181 1169 5254 desiperet
1192 5198 1295 5255 per
1324 5182 1854 5241 insensibilitatem.
1896 5188 2075 5243 Forti-

430 5266 652 5323 tudinis
682 5275 880 5325 autem
901 5271 1083 5327 armis
1111 5273 1194 5327 ita
1224 5271 1550 5340 fruebatur,
1600 5290 1743 5345 quo,
1782 5292 1885 5346 per
1940 5293 2075 5333 eam

430 5352 600 5409 hoste
629 5362 907 5427 superato
935 5363 992 5413 et
1019 5358 1326 5416 timiditate
1366 5359 1593 5433 fugata,
1625 5378 1928 5434 nusquam
1944 5382 2076 5437 pro—

529 5496 650 5563 106)
687 5495 903 5563 Ephes.
929 5513 1001 5552 Iv.

532 5567 647 5631 107)
685 5567 859 5619 .Ιοαη.
888 5582 985 5619 xv.

504 5636 652 5702 (108)
692 5635 737 5688 1.
769 5635 905 5689 Cor.
934 5651 1011 5690 Iv.

505 5702 647 5773 (109)
685 5704 851 5761 Ρεαι.
879 5719 1034 5761 xxxv.

2182 1806 2402 1879 quibus
2430 1813 2553 1862 erat
2579 1806 2863 1879 praeditus
2883 1807 2973 1862 vir
3001 1808 3119 1863 Dei.
3153 1811 3316 1863 Nunc
3348 1824 3668 1864 assumam
3702 1808 3851 1873 alia,

2180 1901 2235 1951 et
2264 1896 2447 1967 paulo
2475 1895 2651 1951 latius
2682 1895 3008 1951 edisseram
3033 1896 3308 1968 quaedam
3331 1896 3587 1967 minora,
3641 1896 3853 1953 mino-

2180 1983 2345 2038 ribus
2370 1984 2446 2039 ad
2472 1983 2832 2039 imitandum
2863 1985 3002 2039 satis
3028 1999 3271 2055 magna,
3298 2000 3560 2056 quorum
3582 1984 3686 2040 ille
3709 2000 3857 2058 pro.

2182 2078 2353 2127 vectu
2385 2072 2761 2138 exercitatus,
2796 2089 2933 2127 cum
2964 2080 3124 2128 esset
3148 2077 3374 2129 statura
3402 2072 3689 2145 pusillus,
3740 2074 3858 2130 sed

2186 2161 2428 2217 scientia
2459 2167 2514 2217 et
2538 2162 2752 2235 pietate
2783 2176 3063 2230 magnus,
3091 2177 3197 2234 per
3241 2176 3560 2216 ascensum
3604 2161 3858 2217 arboris

2184 2250 2467 2304 virtutum
2492 2248 2755 2320 quotidie
2803 2248 3018 2303 meruit
3056 2248 3254 2304 videre
3303 2250 3528 2303 Jesum.
3581 2250 3665 2303 De
3726 2266 3859 2322 quo

2186 2354 2322 2392 cum
2349 2336 2666 2392 Psalmista
2695 2337 2887 2391 dicere
2926 2336 3118 2408 potuit
3149 2354 3162 2390 :
3191 2360 3215 2385 ‹‹
3244 2336 3409 2392 Oculi
3450 2336 3572 2391 mei
3601 2352 3860 2408 semper

2185 2426 2261 2482 ad
2291 2427 2631 2491 Dominum,
2663 2427 2948 2498 quoniam
2980 2426 3105 2499 ipse
3130 2426 3337 2482 evellet
3362 2426 3437 2481 de
3464 2418 3693 2498 laqueo
3739 2442 3858 2499 pe-

2183 2516 2289 2570 dcs
2314 2532 2482 2570 meos
2516 2516 2717 2586 (109).»

2252 2622 2341 2677 Ad
2369 2623 2493 2676 haec
2524 2621 2698 2677 infert
2726 2620 3131 2676 Ammonicius
3162 2638 3174 2675 :
3218 2640 3248 2673 ‹
3276 2620 3458 2676 Valde
3496 2636 3596 2677 me
3648 2620 3855 2677 delec-

2184 2715 2311 2766 tant
2334 2727 2471 2766 orsa
2491 2727 2626 2783 qua:
2644 2710 2718 2765 de
2735 2710 2979 2765 homine
3025 2710 3124 2765 Dei
3144 2709 3339 2782 lepide
3388 2715 3528 2765 sunt
3578 2709 3853 2781 prolata.

2186 2803 2330 2855 Ecce
2359 2799 2538 2855 audio
2560 2800 2874 2855 Zachaeum
2889 2804 2946 2853 et
2975 2814 3094 2854 non
3114 2797 3528 2871 publicanum,
3551 2799 3857 2870 quamvis

2184 2894 2240 2945 et
2263 2892 2430 2944 Jesus
2458 2906 2595 2943 cun
2618 2887 2955 2960 publicanis
2984 2892 3039 2943 et
3068 2886 3482 2959 peccatoribus
3507 2887 3858 2943 manduca-

2183 2979 2332 3033 verit
2358 2980 2506 3049 (110)
2534 2996 2546 3045 ;
2574 2977 2754 3033 audio
2787 2976 3109 3048 spiritalem
3138 2981 3391 3050 patrem,
3425 2976 3610 3032 audio
3640 2976 3855 3033 virum

2116 3093 2157 3149 ρ
2186 3083 2547 3136 magnorum
2564 3082 2836 3139 operum,
2867 3082 3001 3137 quae
3021 3064 3157 3121 licet
3175 3064 3353 3138 pauci
3374 3064 3511 3133 sint,
3564 3066 3679 3138 qui
3719 3082 3857 3139 per-

2184 3154 2331 3211 fecte
2361 3154 2683 3223 imitentur,
2708 3159 2905 3209 tamen
2946 3158 3084 3208 sunt
3109 3153 3439 3226 perplures,
3486 3154 3595 3226 qui
3649 3155 3857 3210 Domi-

2184 3261 2332 3299 num
2354 3244 2482 3314 ejus
2505 3242 2723 3298 sanctis
2749 3246 3116 3298 venerentur.
3163 3245 3314 3312 Ergo
3362 3241 3539 3298 velox
3593 3247 3736 3300 esto
3795 3244 3856 3299 in

2184 3331 2464 3387 dictando
2486 3337 2542 3386 et
2565 3330 2900 3393 scribendo,
2925 3334 2982 3385 et
3029 3330 3259 3386 imitare
3291 3329 3856 3404 Psalmographum

2182 3421 2496 3476 dicentem.
2532 3442 2559 3469 «
2582 3420 2808 3490 Lingua
2836 3435 2973 3475 mea
2995 3419 3263 3475 calamus
3307 3418 3519 3475 scriba:
3562 3419 3860 3476 velociter

2183 3509 2489 3565 scribentis
2510 3508 2677 3580 (111).
2715 3531 2740 3557 ››
2772 3508 3051 3564 Desidero
3079 3508 3239 3564 enim
3266 3512 3436 3578 gesta
3471 3508 3633 3564 illius
3681 3510 3863 3566 audi-

2182 3614 2264 3667 re,
2298 3613 2477 3669 quem
2499 3596 2559 3651 in
2591 3612 2838 3668 corpore
2863 3595 3124 3668 positum
3155 3612 3277 3652 non
3300 3596 3494 3651 merui
3520 3596 3759 3653 videre.

2252 3718 2320 3726 —
2352 3689 2487 3741 Esto
2513 3691 2762 3758 patiens,
2796 3686 3068 3757 inquam,
3100 3689 3155 3741 et
3179 3685 3470 3742 discretus
3496 3703 3510 3753 ;
3538 3684 3860 3743 desiderio

2180 3774 2425 3847 quidem
2454 3779 2554 3829 tuo
2588 3773 2926 3829 satisfacere
2957 3772 3243 3829 conabor.
3302 3776 3444 3828 Vere
3475 3777 3538 3829 ut
3567 3788 3643 3829 ex
3680 3779 3857 3847 parte

2180 3863 2464 3936 praemissi,
2523 3862 2865 3918 membrum
2923 3862 3134 3919 Christi
3183 3862 3294 3917 fuit
3349 3862 3858 3920 venerabillimus

2184 3952 2377 4008 abbas
2447 3950 2845 4018 Ramuoldus,
2919 3952 3091 4022 cujus
3140 3950 3417 4006 membra
3468 3949 3857 4009 inhabitator

2181 4042 2378 4097 cordis
2410 4041 2585 4109 illius,
2620 4040 2867 4112 Spiritus
2898 4039 3115 4095 scilicet
3144 4040 3360 4110 almus,
3390 4039 3454 4095 in
3476 4040 3613 4113 ipsa
3635 4041 3858 4099 decre-

2180 4129 2302 4202 pita
2332 4134 2520 4195 aetate,
2555 4128 2705 4184 adeo
2733 4128 2991 4184 reddidit
3013 4128 3282 4199 jocunda
3332 4133 3389 4184 et
3434 4128 3688 4201 decora,
3742 4146 3859 4187 nec

2180 4233 2300 4272 non
2331 4216 2597 4288 quadam
2624 4216 3002 4272 veneratione
3032 4216 3235 4286 digna,
3297 4221 3362 4272 ut
3417 4232 3572 4289 pene
3632 4225 3860 4275 contra

2180 4309 2458 4361 naturam
2489 4305 2549 4360 in
2598 4305 2857 4375 agilitate
2908 4310 2966 4360 et
3014 4306 3269 4377 puritate
3327 4306 3641 4379 septennia
3671 4308 3855 4380 pueri

2183 4394 2435 4464 gratiam
2462 4398 2747 4466 praestare
2772 4394 3128 4450 viderentur.
3163 4394 3336 4461 Quod
3391 4395 3761 4454 inusitatum
3808 4398 3856 4453 si

2182 4483 2509 4555 aliquando
2546 4483 2748 4555 aliqua
2775 4483 3089 4539 occasione
3110 4484 3421 4554 contigerit
3447 4484 3511 4539 in
3537 4484 3669 4543 ullo
3690 4503 3857 4543 mor-

2184 4572 2411 4636 talium,
2436 4587 2556 4626 non
2588 4576 2678 4625 est
2701 4570 2977 4627 ﬁdelibus
3006 4571 3120 4626 nisi
3156 4571 3218 4627 in
3271 4572 3495 4628 sanctis
3543 4578 3606 4629 et
3644 4574 3858 4631 electis

2183 4660 2539 4715 notandum.
2573 4658 2975 4729 Transfigurat
2998 4659 3159 4715 enim
3188 4676 3250 4715 se
3312 4662 3567 4717 Satanas
3616 4661 3686 4717 in
3748 4679 3859 4721 an-

2182 4748 2382 4817 gelum
2430 4748 2579 4803 lucis
2627 4749 2800 4818 (H2),
2847 4764 3029 4820 quem
3077 4748 3319 4820 perfecti
3395 4749 3494 4804 vix
3568 4749 3858 4810 devitarc

2180 4842 2457 4909 poterunt
2480 4836 2569 4891 vel
2592 4852 2893 4908 superare.
2931 4840 3147 4894 Contra
3187 4853 3371 4909 quem
3402 4838 3501 4893 Dei
3532 4838 3630 4895 vir
3688 4842 3858 4897 mili-

2182 4926 2322 4981 tiam
2346 4932 2583 4981 strenue
2605 4940 2788 4996 agens
2810 4925 3192 4981 christianam
3214 4926 3365 4981 inter
3395 4932 3617 4984 caetera
3663 4928 3856 4987 bonae

2182 5014 2627 5069 consuetudinis
2672 5012 2888 5081 ofﬁcia,
2942 5019 3079 5086 post
3130 5014 3409 5086 frequens
3463 5020 3524 5071 et
3576 5017 3732 5075 utile
3777 5019 3857 5074 si-

2179 5102 2448 5171 lentium,
2478 5102 2769 5158 blandum
2800 5102 3066 5158 habebat
3108 5101 3433 5174 eloquium.
3492 5106 3629 5170 Quo
3662 5107 3729 5163 in
3761 5108 3853 5164 di-

2180 5191 2331 5246 vinis
2356 5192 2534 5246 rebus
2590 5195 2714 5246 erat
2758 5191 2808 5246 ei
2856 5206 3054 5246 sermo
3095 5192 3413 5263 copiosus;
3451 5190 3515 5247 in
3545 5192 3852 5253 humanis

2177 5280 2425 5352 quidem
2453 5279 2646 5334 brevis
2667 5295 2789 5336 non
2813 5280 3055 5336 otiosus.
3090 5278 3338 5335 Habitus
3385 5296 3642 5354 quoque
3686 5285 3855 5342 illius

2178 5368 2495 5424 mediocris
2527 5368 2653 5439 fuit,
2680 5371 2735 5423 et
2764 5368 2994 5440 absque
3026 5368 3406 5426 simulatione
3459 5375 3853 5432 monasticus

2252 5508 2391 5579 (110)
2432 5509 2649 5563 Matth.
2685 5524 2760 5562 Ix.

2278 5581 2398 5647 111)
2434 5580 2599 5634 Psal.
2636 5594 2781 5633 xuv.

2278 5584 2398 5647 111)
2434 5584 2599 5634 Psal.
2636 5594 2781 5633 xuv.

2246 5584 2393 5722 έ112)
2435 5650 2501 5706 II
2523 5650 2659 5707 Cor.
2688 5665 2803 5708 xxr.
