3910 6368
114 266 240 320 1033

864 264 952 316 DE
993 262 1365 319 MIRACULIS
1404 261 1459 314 S.
1504 255 1921 314 EMMERAMMI
1963 257 2141 312 LIBRI
2183 260 2344 316 DUO.
2388 293 2455 303 -—
2499 264 2628 317 LIB.
2674 264 2738 319 ll.

3377 274 3512 328 1034

101 387 286 440 Victus
313 401 450 439 vero
484 385 764 452 tantillus,
795 390 857 440 ut
882 401 1004 440 non
1052 386 1590 458 superabundaret,
1644 380 1744 437 sed
1780 383 1827 433 Α
1858 385 1947 434 cet
1979 397 1992 434 :
2027 403 2053 429 «
2091 383 2306 450 Venite,
2340 384 2635 442 benedicti
2667 389 2850 444 Patris
2899 389 3039 457 mei,
3097 393 3377 465 percipite
3433 412 3517 450 re-

97 474 386 531 refectioni
434 474 706 530 sufﬁcere
759 481 983 547 posset.
1047 477 1107 530 ln
1153 477 1264 530 hoc
1318 493 1477 546 szepe
1534 473 1750 529 exstitit

97 565 325 620 sibimet
352 563 463 637 ipsi
493 581 730 636 parcus,
762 566 988 620 czeteris
1020 573 1221 621 autem
1251 566 1502 637 dapsilis
1550 569 1605 619 et
1642 564 1752 619 lar-

100 670 225 724 gus.
260 657 392 710 Post
437 654 641 709 cibum
701 655 1107 710 sustentaculo
1166 656 1430 728 corporis
1478 669 1750 710 necessa-

97 744 266 809 rium,
301 743 548 814 quando
581 743 762 798 verba
795 745 984 799 solent
1039 745 1373 806 abundare,
1432 761 1541 816 pro
1593 743 1750 798 mille

98 849 385 905 passuum
417 833 922 896 deambulatione,
955 835 1343 890 exercebatur
1372 835 1430 890 in
1488 833 1750 906 psalmo-

97 921 194 977 dia
225 937 331 977 seu
357 921 628 977 lectione.
664 923 980 979 Maximam
1023 930 1220 979 autem
1277 941 1485 979 curam
1546 923 1754 980 habuit

98 1011 248 1067 circa
274 1026 571 1082 pauperes
606 1013 834 1067 Christi.
873 1013 1035 1068 Unde
1058 1019 1112 1069 et
1143 1014 1201 1069 in
1235 1015 1550 1070 refectione
1599 1030 1751 1085 quo-

98 1100 334 1170 tidiana,
365 1086 704 1172 pauperum
732 1102 1190 1174 quinquaginta,
1221 1105 1482 1177 exceptis
1531 1105 1754 1159 duode-

97 1189 209 1244 cim
238 1193 294 1244 et
318 1188 532 1258 tribus,
563 1190 784 1262 quibus
807 1192 1016 1247 fratres
1070 1193 1514 1259 ministrabant,
1576 1193 1752 1264 quin-

96 1277 524 1348 quagenariam
537 1278 813 1333 excolens
827 1279 1320 1348 misericordiam,
1336 1283 1753 1337 remissionem

93 1367 302 1422 eodem
326 1383 582 1424 numero
611 1376 1023 1425 consecratam
1056 1373 1382 1442 promereri
1424 1373 1750 1442 satagebat,

93 1455 252 1527 apud
272 1456 478 1527 ipsum
490 1456 932 1524 misericordia,
953 1459 1200 1529 fontem,
1214 1461 1317 1532 qui
1331 1461 1470 1516 dicit
1488 1462 1544 1516 in
1573 1465 1755 1516 Evan-

92 1542 286 1612 gelio:
339 1545 501 1599 Beati
545 1545 979 1612 misericordes,
1012 1549 1304 1620 quoniam
1365 1549 1475 1621 ipsi
1529 1549 1756 1604 miseri-

93 1631 357 1688 cordiam
384 1640 830 1706 consequentur
873 1637 1046 1708 (H3).
1110 1638 1218 1693 Iste
1269 1638 1454 1694 homo
1507 1641 1753 1712 cupiens

94 1721 266 1776 nimis
296 1739 478 1795 opere
504 1723 753 1796 implere
783 1725 948 1797 quod
997 1727 1281 1799 scriptum
1340 1733 1428 1783 est
1460 1747 1472 1784 :
1525 1753 1550 1777 ‹‹

96 1811 566 1884 eleemosynam,
599 1818 656 1868 et
684 1814 889 1870 omnia
918 1816 1147 1871 munda
1165 1821 1302 1871 sunt
1331 1817 1500 1872 vobis
1531 1821 1696 1887 (114).
1728 1841 1752 1864 η

101 1901 238 1964 Quae
267 1901 379 1957 sibi
406 1907 613 1974 utpote
645 1903 771 1958 seni
805 1909 862 1959 et
888 1904 1128 1961 inﬁrmo
1159 1906 1237 1960 ad
1298 1906 1753 1962 refocillandum

95 1989 521 2060 corpusculum
552 2006 770 2063 parum
790 1991 1098 2048 delicatius
1125 1995 1448 2065 praeparari
1477 1996 1752 2064 iusserat,

95 2076 432 2149 irequenter
453 2079 516 2134 in
541 2097 684 2136 usus
737 2097 1076 2154 pauperum
1130 2090 1518 2140 converterat.
1576 2089 1754 2140 Inter-

95 2161 237 2222 dum
259 2173 317 2224 et
342 2169 474 2240 ipse
507 2169 949 2242 aliquantulum
976 2189 1046 2228 ex
1095 2173 1178 2227 eis
1235 2173 1315 2228 ob
1360 2174 1755 2230 humilitatem

95 2255 269 2311 simul
293 2261 351 2312 et
380 2259 798 2315 necessitatem
824 2260 1171 2330 degustans,
1205 2267 1417 2318 caetera
1445 2263 1645 2318 divisit
1673 2265 1757 2319 in-

96 2350 178 2400 ter
206 2361 512 2419 pauperes
546 2353 602 2403 et
625 2349 919 2416 inﬁrmos,
951 2350 1078 2423 qui,
1111 2351 1410 2408 debilitate
1457 2358 1514 2408 et
1571 2353 1757 2409 nimia

97 2437 480 2504 aegrotatione
507 2438 836 2511 praepediti,
869 2440 942 2495 ad
963 2440 1275 2497 ecclesiam
1294 2458 1604 2499 occurrere
1632 2459 1754 2498 non

99 2529 390 2596 poterant,
426 2527 532 2582 ubi
577 2528 1023 2602 eleemosynam
1081 2531 1350 2603 accipere
1401 2532 1752 2589 debuerant.

98 2613 216 2668 Hoc
245 2631 402 2687 opus
435 2616 552 2670 sibi
579 2617 939 2688 percharum
963 2619 1300 2689 injunxerat
1317 2621 1560 2676 cuidam
1583 2622 1754 2678 fami-

95 2701 219 2758 liari
248 2709 303 2759 et
325 2704 514 2774 ﬁdeli,
540 2706 635 2761 cui
657 2706 910 2777 speciale
931 2707 1011 2763 ob
1026 2708 1082 2762 id
1108 2709 1373 2780 praestitit
1399 2710 1756 2766 beneﬁcium

98 2794 158 2845 ut
176 2807 279 2862 per
303 2797 497 2848 totam
523 2794 821 2850 civitatem
842 2795 1321 2868 circumcursans
1337 2797 1649 2868 diligenter
1672 2799 1758 2854 in-

98 2879 412 2951 vestigaret
441 2897 550 2937 eos
579 2882 639 2938 in
661 2883 884 2956 quibus
915 2886 1180 2940 Christus
1212 2887 1520 2942 vestiretur
1535 2893 1592 2943 et
1618 2905 1755 2960 pas—

99 2974 339 3026 ceretur.
370 2978 578 3027 Mensa
629 2971 810 3040 illius,
867 2975 1201 3030 secundum
1253 2976 1522 3046 regulam
1578 2979 1758 3033 Bene-

97 3055 250 3124 dicti,
284 3076 532 3133 semper
564 3065 690 3117 erat
720 3079 859 3118 cum
890 3064 1228 3136 hospitibus
1252 3071 1307 3120 et
1337 3067 1686 3139 peregrinis.
1714 3069 1757 3123 Ο
1788 3091 1829 3144 C

98 3145 288 3202 virum
316 3149 716 3217 laudabilem,
748 3151 853 3224 qui
882 3157 1041 3208 totus
1065 3153 1125 3208 in
1168 3155 1588 3211 misericordiae
1645 3157 1761 3212 vis-

98 3250 226 3292 cera
257 3238 516 3305 etfusus,
550 3239 846 3296 Christum
875 3242 937 3298 in
962 3243 1226 3298 minimis
1281 3245 1406 3300 suis
1462 3245 1760 3316 colligere,

99 3339 337 3394 pascere
367 3333 427 3383 et
464 3328 675 3404 vestire
703 3331 975 3386 curavit!
1033 3335 1146 3387 Nec
1205 3333 1284 3388 ab
1333 3333 1425 3389 his
1482 3335 1763 3406 operibus

101 3428 364 3487 unquam
391 3421 691 3489 pertaesus
721 3420 995 3476 cessavit.
1030 3421 1400 3478 Vestimenta
1441 3440 1683 3496 quoque
1709 3429 1765 3480 et

97 3502 396 3575 alimenta,
430 3507 721 3562 manibus
749 3508 1026 3577 aliorum,
1055 3511 1278 3582 quibus
1302 3512 1460 3568 hanc
1511 3530 1763 3585 operam

97 3594 410 3662 commisit,
425 3595 748 3668 aliquoties
771 3599 1139 3671 pauperibus
1155 3599 1288 3656 dari
1299 3601 1571 3673 permisit
1597 3621 1609 3668 ;
1635 3602 1760 3674 ipse

97 3697 232 3738 vero
262 3685 657 3758 marsupium
704 3704 910 3743 secum
963 3694 1231 3761 portans,
1291 3691 1450 3746 unde
1510 3693 1764 3764 propriis

96 3772 374 3829 manibus
409 3791 704 3832 nummos
729 3781 788 3832 et
817 3777 1031 3834 obulos
1065 3780 1268 3848 egenis
1325 3786 1381 3836 et
1432 3781 1762 3853 peregrinis

95 3864 363 3934 tempore
409 3869 757 3936 opportuno
811 3873 1102 3937 erogaret,
1154 3868 1498 3924 sacellarius
1555 3885 1763 3926 eorum

98 3950 386 4022 appellari
411 3963 469 4008 et
493 3968 622 4008 esse
654 3969 777 4010 non
802 3955 1058 4023 erubuit,
1090 3963 1284 4012 certus
1304 3958 1470 4030 quod
1489 3964 1545 4014 et
1577 3959 1764 4015 Chris-

96 4043 206 4106 tus,
236 4041 583 4098 secundum
624 4044 1086 4116 promissionem
1120 4063 1315 4118 suam,
1335 4064 1474 4102 eum
1491 4064 1614 4103 non
1636 4065 1765 4104 eru-

97 4125 302 4186 bescat
333 4147 546 4188 coram
567 4131 797 4202 angelis
821 4134 939 4188 Dei.
975 4137 1083 4190 Res
1105 4151 1268 4206 ergo,
1292 4136 1516 4209 quibus
1538 4137 1616 4192 ad
1635 4154 1768 4210 por-

97 4218 217 4272 tam
238 4219 600 4274 monasterii
619 4220 1082 4278 adventantibus
1107 4222 1398 4280 debuerat
1426 4225 1764 4292 ministrari,

98 4311 232 4362 ante
255 4324 318 4362 se
345 4309 682 4365 minoratas
715 4315 892 4383 atque
926 4311 1280 4383 subtractas,
1315 4314 1438 4369 suis
1484 4314 1766 4388 tempori-

1858 483 2066 535 gnum,
2099 472 2263 542 quod
2294 473 2464 528 vobis
2491 481 2770 548 paratum
2802 483 2889 533 est
2913 478 2992 534 ab
3023 481 3250 549 origine
3283 485 3515 539 mundi.

1860 559 2104 629 Esurivi,
2138 567 2195 616 et
2222 562 2466 618 dedistis
2499 566 2642 620 mihi
2672 568 3063 624 manducare.
3100 571 3278 638 Sitivi,
3309 578 3365 628 et
3422 575 3519 628 de-

1858 646 2028 702 distis
2055 649 2200 705 mihi
2226 651 2448 707 bibere.
2483 655 2713 726 Hospes
2767 657 2871 728 fui,
2903 662 2959 712 et
3004 658 3327 728 collegistis
3374 679 3470 718 me
3503 681 3516 727 ς

1860 737 2080 804 nudus,
2113 745 2170 794 et
2197 742 2510 812 operuistis
2535 761 2648 798 me.
2679 745 2952 800 Infirmus
2983 748 3086 813 fui,
3131 754 3188 804 et
3239 751 3520 807 visitastis

1874 840 1990 879 me.
2029 829 2090 880 In
2105 844 2337 883 carcere
2369 845 2555 894 eram,
2585 837 2641 886 et
2661 833 2900 888 venistis
2926 835 3003 889 ad
3034 853 3130 891 me
3154 838 3316 909 (115).
3345 863 3371 888 ››
3404 841 3521 894 Ho-

1861 929 1995 968 rum
2026 915 2322 988 particeps
2354 923 2417 973 ut
2437 919 2620 984 ﬁeret.
2645 922 2977 977 secundum
3008 926 3392 995 Apostolum,
3421 929 3526 1000 qui

1863 1000 1988 1056 sine
2020 1002 2454 1061 intermissione
2485 1024 2654 1062 orare
2672 1010 2842 1079 jubet
2872 1011 3040 1083 (116),
3086 1029 3224 1069 cum
3257 1017 3520 1072 Psalmo-

1864 1091 2094 1162 grapho
2148 1093 2253 1148 istc
2309 1096 2398 1150 vir
2453 1097 2551 1151 Dei
2608 1099 2976 1156 incessanter
3025 1103 3236 1172 oravit,
3265 1104 3518 1160 dicens:

1864 1178 2218 1252 Participem
2248 1199 2344 1237 me
2375 1184 2488 1254 fac,
2524 1188 2696 1252 Deus,
2727 1188 2999 1243 omnium
3050 1189 3386 1248 timentium
3447 1199 3522 1263 te,

1863 1272 1919 1322 et
1949 1271 2408 1328 custodientium
2440 1275 2727 1331 mandata
2750 1280 2852 1333 tua
2878 1282 2924 1345 (1
2945 1282 3046 1349 t7).
3074 1281 3173 1335 His
3201 1298 3236 1337 a
3268 1299 3362 1338 me
3407 1284 3526 1338 dic-

1863 1356 1934 1411 tis
1963 1374 2029 1413 ac
2058 1359 2308 1432 scriptis,
2342 1364 2731 1419 Ammonicus
2784 1366 2972 1421 movit
3019 1370 3413 1439 qumstionem
3441 1373 3525 1427 di-

1863 1462 2002 1500 cens
2031 1463 2043 1500 :
2072 1448 2498 1506 Testimonium
2546 1452 2620 1506 de
2671 1455 2960 1526 Apostolo
3011 1463 3342 1530 sumptum,
3399 1478 3522 1533 quo

1863 1535 2197 1592 continetur
2220 1538 2347 1594 sine
2381 1539 2814 1598 intermissione
2845 1546 3164 1614 orandum,
3203 1549 3309 1603 etsi
3341 1550 3524 1604 credi-

1861 1626 1998 1692 bile,
2033 1628 2377 1701 velutquod
2407 1632 2734 1688 subnixum
2765 1640 2852 1690 est
2895 1638 3223 1707 apostolica
3267 1642 3524 1696 auctori-

1617 1732 1752 1784 Date
1786 1735 1825 1788 Β
1865 1720 2002 1785 tate,
2037 1718 2233 1772 multis
2265 1724 2464 1775 tamen
2497 1722 2729 1778 videtur
2754 1723 3146 1797 impossibile,
3181 1733 3359 1800 atque
3391 1747 3519 1786 mo—

1864 1805 2012 1860 dum
2043 1807 2378 1864 humanum
2401 1811 2704 1867 excedere.
2742 1813 2952 1870 Dicunt
2995 1816 3195 1872 enim:
3257 1819 3397 1881 Quis
3440 1825 3526 1874 est

1864 1895 2208 1952 mortalium
2239 1898 2341 1970 qui
2374 1900 2600 1955 czeteris
2633 1902 2868 1957 omissis
2903 1920 3037 1975 quae
3083 1913 3222 1962 sunt
3265 1909 3522 1977 agenda,

1867 1985 1991 2039 sine
2021 1985 2456 2044 intermissione
2488 1993 2675 2061 possit
2705 2008 2874 2047 orare
2901 1993 2928 2047 ‘2
2960 1994 3112 2058 Quid
3159 1997 3401 2066 mirum,
3437 1998 3525 2052 in-

1865 2090 2073 2145 quam,
2106 2075 2154 2129 si
2183 2077 2416 2132 czecitas
2447 2078 2797 2146 ignorantiae
2839 2099 2899 2136 se
2930 2082 3042 2136 illis
3084 2085 3379 2152 oﬂuderit,
3425 2088 3529 2158 qui

1866 2163 2078 2219 nolunt
2106 2167 2410 2221 intendere
2441 2167 2644 2223 lumen
2671 2169 2857 2226 divini
2889 2174 3204 2242 sermonis,
3263 2191 3374 2230 nos
3423 2177 3530 2232 ad-

1866 2254 2156 2309 hortantis
2191 2272 2203 2309 :
2239 2275 2269 2306 ‹
2299 2258 2656 2313 Scrutamini
2706 2260 3038 2332 Scripturas
3069 2264 3083 2333 (
3097 2266 3234 2334 118),
3270 2287 3296 2313 ››
3343 2270 3400 2320 et
3441 2266 3530 2320 in-

1867 2343 2110 2397 venietis
2131 2344 2193 2398 in
2219 2345 2320 2399 eis.
2360 2349 2436 2399 De
2469 2347 2691 2418 quibus
2715 2348 2857 2404 alibi
2886 2349 3101 2406 dicitur
3129 2369 3141 2406 :
3176 2374 3202 2401 ‹‹
3239 2356 3363 2408 Non
3407 2371 3532 2410 om-

1865 2447 1973 2486 nes
2007 2433 2252 2505 capiunt
2272 2435 2545 2503 verbum,
2572 2437 2674 2490 sed
2703 2437 2924 2508 quibus
2954 2439 3164 2496 datum
3191 2447 3277 2497 est
3310 2444 3474 2512 (H9).
3504 2468 3528 2492 ››

1867 2523 2044 2575 Porro
2073 2521 2132 2576 in
2178 2538 2347 2578 sacra
2392 2524 2693 2595 Scriptura
2743 2526 3134 2598 simpliciores
3192 2532 3437 2603 quique,
3483 2533 3530 2586 si

1864 2615 2215 2682 quaererent,
2267 2611 2602 2668 invenirent
2646 2631 2782 2685 quae
2849 2615 3208 2672 sufﬁcienter
3261 2635 3363 2674 eos
3418 2637 3526 2692 pa-

1867 2705 2071 2764 scant;
2104 2699 2519 2771 prudentiores
2566 2719 2707 2757 vero
2751 2703 2974 2760 habent
3022 2705 3082 2760 in
3127 2723 3199 2761 ea
3238 2725 3371 2779 quae
3417 2709 3528 2764 mi-

1865 2794 2088 2855 rentur,
2121 2789 2265 2844 etin
2305 2790 2524 2860 quibus
2575 2808 2635 2846 se
2676 2799 3011 2850 exerceant.
3058 2798 3215 2858 Quos
3263 2798 3528 2854 Psalmo-

1868 2879 2133 2950 graphus
2193 2879 2489 2948 designat,
2549 2881 2799 2937 dicens:
2853 2884 2969 2954 Ipsi
3028 2885 3306 2942 viderunt
3345 2904 3530 2960 opera

1870 2967 2104 3023 Domini
2133 2973 2189 3022 et
2214 2968 2512 3024 mirabilia
2544 2971 2672 3040 ejus
2702 2971 2762 3025 in
2791 2972 3092 3043 profundo
3139 2977 3304 3045 (120).
3367 2978 3529 3032 Unde

1872 3064 1927 3112 et
1955 3075 2061 3130 per
2089 3058 2418 3130 quemdam
2450 3060 2778 3131 sapientem
2803 3064 2974 3131 (121),
3003 3065 3215 3120 eadem
3233 3067 3532 3139 Scriptura

1874 3146 2014 3202 satis
2045 3163 2306 3217 congrue
2361 3154 2745 3220 comparatur
2791 3149 2992 3217 ﬂuvio,
3042 3151 3101 3206 in
3159 3169 3281 3224 quo
3339 3170 3531 3223 agnus

1873 3234 2145 3291 ambulat
2175 3241 2231 3292 et
2259 3235 2504 3308 elephas
2533 3242 2721 3292 natat.
2756 3241 2835 3294 De
2879 3240 3050 3310 cujus
3091 3241 3255 3296 ﬂuvii
3307 3243 3530 3315 quippe

1870 3324 2128 3394 ﬂuentis,
2180 3325 2295 3382 hoc
2349 3332 2439 3382 est
2491 3344 2650 3384 sanae
2722 3328 3007 3385 doctrinae
3059 3329 3530 3394 imbutamentis,

1871 3415 1977 3486 qui
2007 3416 2302 3486 acceperit
2351 3416 2566 3472 trinam
2619 3433 2757 3472 cum
2795 3418 3015 3474 unitate
3069 3436 3440 3488 mensuram,
3472 3421 3532 3475 id

1872 3510 1977 3572 est,
2012 3505 2149 3560 ﬁdei
2179 3523 2362 3561 sacrae
2394 3507 2678 3576 mysteria
2725 3512 2780 3561 et
2827 3507 2944 3562 alia
3002 3509 3206 3564 salutis
3255 3511 3529 3580 donaria,

1872 3595 2104 3666 primis,
2159 3595 2371 3649 mediis
2401 3601 2455 3649 et
2488 3595 2707 3649 ultimis
2737 3596 3138 3667 multipliciter
3187 3598 3266 3653 ab
3297 3615 3417 3653 uno
3447 3599 3530 3654 di-

1871 3685 2076 3739 dicerit
2104 3683 2262 3740 fonte
2294 3684 2630 3753 distributa,
2665 3685 2874 3740 sentiet
2899 3687 3012 3740 hoc
3060 3687 3227 3758 quod
3275 3687 3528 3743 inﬁrmi-

1870 3773 1975 3830 tati
2003 3773 2285 3828 humana:
2317 3773 2549 3829 videtur
2573 3774 2946 3847 impossibile
2971 3792 3044 3831 ex
3065 3776 3270 3832 divino
3298 3778 3531 3848 adiuto-

1870 3862 1958 3918 rio
1988 3879 2115 3917 esse
2148 3862 2427 3934 possibile
2453 3881 2465 3925 ;
2495 3863 2782 3935 alioquin,
2803 3864 2851 3918 si
2877 3881 3073 3936 neque
3104 3871 3192 3920 est
3222 3868 3530 3939 possibile,

1871 3968 1982 4007 nec
2007 3951 2114 4006 erit
2143 3952 2443 4018 credibile,
2473 3956 2530 4008 et
2559 3953 2831 4023 cogimur
2861 3955 3212 4026 Apostolum
3263 3973 3531 4026 arguere,

1874 4046 2076 4113 utpote
2107 4040 2212 4113 qui
2241 4041 2355 4096 hoc
2378 4041 2654 4097 ﬁdelibus
2679 4043 2985 4112 agendum
3008 4047 3356 4118 praeceperit
3372 4046 3537 4119 quod

1874 4130 2000 4202 ipse
2031 4146 2155 4185 non
2184 4129 2421 4200 faceret,
2455 4146 2566 4186 nec
2593 4131 2712 4187 ullo
2745 4132 2927 4188 modo
2957 4132 3083 4188 ﬁeri
3116 4141 3333 4206 posset.
3355 4137 3538 4205 Hujus

1875 4219 2078 4292 itaque
2108 4221 2322 4276 erroris
2353 4221 2643 4277 involutio
2697 4222 2819 4276 sive
2873 4222 3144 4295 deceptio
3192 4224 3367 4292 longe
3401 4225 3475 4279 sit
3505 4241 3540 4280 a

1877 4309 2052 4364 nobis
2077 4315 2134 4364 et
2161 4309 2446 4364 omnibus
2473 4309 2840 4365 Christianis.
2875 4310 3151 4366 Dicamus
3199 4328 3340 4381 ergo
3371 4313 3538 4384 quod

99 4391 210 4449 bus
237 4395 324 4452 ita
354 4397 693 4454 melioravit
721 4404 778 4454 et
820 4400 1132 4472 ampliavit
1181 4407 1245 4457 ut
1289 4403 1367 4457 ad
1425 4403 1769 4460 exhibenda
1806 4446 1846 4472 η
1877 4397 2029 4452 ﬁdes
2082 4399 2288 4468 recipit
2339 4397 2691 4454 Christiana-
2753 4398 2903 4463 Ollia
2947 4400 3111 4455 omni
3151 4401 3378 4456 homini
3423 4405 3538 4456 Deo

99 4483 496 4542 humanitatis
525 4487 742 4555 ofﬁcia,
777 4505 968 4562 usque
999 4490 1061 4545 in
1091 4491 1450 4547 hodiernum
1479 4492 1664 4563 diem,
1688 4493 1770 4548 ibi
1803 4483 1845 4499 "
1877 4486 2189 4543 famulanti
2219 4486 2516 4558 quidquid
2547 4491 2700 4542 recte
2730 4487 2934 4542 fecerit
2966 4503 3074 4559 pro
3123 4490 3389 4545 oratione
3435 4491 3539 4545 dc-

101 4572 244 4629 satis
300 4575 381 4631 sit
459 4577 959 4649 compendiosum
1017 4595 1090 4634 ex
1139 4596 1262 4636 una
1312 4586 1479 4652 parte
1508 4583 1772 4638 xenodo-

101 4663 328 4735 chium,
348 4682 425 4721 ex
450 4666 635 4723 altera
655 4673 821 4739 parte
842 4668 1200 4725 miserorum
1228 4671 1563 4727 venerabile
1595 4688 1772 4728 noso-

103 4755 397 4810 comium.
430 4756 593 4812 Unde
623 4762 680 4813 et
707 4757 786 4813 ob
819 4758 1218 4831 frequentiam
1240 4777 1600 4833 pauperum,
1636 4777 1772 4817 con-

105 4842 471 4900 solationem
495 4845 574 4902 ab
600 4863 671 4902 eo
692 4847 957 4919 quotidie
984 4849 1428 4921 accipientium,
1479 4851 1774 4907 vocitatus

103 4938 192 4987 est
223 4935 407 4990 Pater
441 4936 916 5007 peregrinorum,
948 4939 1290 5005 viduarum,
1335 4941 1770 5011 orphanorum.

105 5023 213 5077 Pro
244 5040 518 5096 quorum
547 5025 812 5095 benigna
843 5028 1243 5099 susceptione,
1269 5043 1376 5083 nec
1407 5045 1530 5084 non
1583 5029 1776 5084 multi-

105 5108 243 5180 plici
274 5110 665 5179 revelatione,
689 5113 827 5186 quis
859 5119 950 5170 est
973 5115 1079 5188 qui
1108 5116 1337 5171 dubitet
1365 5117 1525 5172 hunc
1570 5132 1776 5172 senem

105 5200 539 5256 venerandum
569 5219 709 5258 cum
737 5204 953 5259 ovibus
983 5220 1020 5260 a
1043 5205 1264 5260 dextris
1295 5204 1717 5261 collocandum
1748 5206 1776 5260 ‘I

107 5287 344 5351 Quibus
398 5291 519 5345 Rex
568 5291 782 5348 sedens
814 5291 877 5348 in
925 5293 1067 5348 sede
1128 5292 1457 5364 majestatis
1515 5310 1638 5349 suae
1691 5292 1778 5349 di-

205 5433 336 5503 113)
356 5433 580 5491 Matth.
611 5453 668 5492 v.

206 5507 227 5558 1
246 5507 339 5575 14)
366 5505 514 5562 Luc.
549 5522 626 5562 ιι.

205 5578 337 5642 115)
368 5575 592 5633 Matth.
626 5594 788 5635 mu.

211 5645 312 5700 116
372 5646 415 5701 Ι
441 5649 634 5706 Thess.
665 5665 724 5706 ν.

211 5646 342 5788 117)
367 5717 539 5775 Psat.
568 5734 724 5776 cxvm

208 5717 342 5776 117)
367 5717 539 5775 Psat.
568 5734 755 5776 cxvm.

485 5809 724 5868 Pauor.
756 5809 930 5866 CXLI.

1877 4576 2226 4649 putabimur
2250 4593 2263 4643 ;
2290 4575 2455 4630 verbi
2486 4575 2698 4645 gratia,
2740 4592 2880 4631 cum
2925 4581 2991 4632 tu
3017 4579 3282 4650 corporis
3331 4596 3538 4635 curam

1877 4667 2218 4724 necessario
2248 4666 2459 4736 egeris,
2491 4682 2602 4739 pro
2631 4671 2687 4722 te
2739 4666 2936 4722 orabit
2985 4667 3388 4741 eleemosyna,
3435 4687 3542 4724 seu

1880 4762 2227 4812 caaterarum
2258 4771 2458 4811 rerum
2489 4755 2924 4811 administratio
2949 4756 3111 4827 justa
3135 4775 3148 4825 ;
3174 4758 3224 4812 si
3254 4775 3392 4814 vero
3417 4775 3540 4813 non

1881 4850 1970 4902 est
1998 4845 2158 4900 unde
2192 4845 2436 4913 tribuas,
2479 4844 2733 4901 sufﬁciat
2779 4843 2943 4900 bona
2991 4843 3286 4902 voluntas.
3351 4849 3540 4912 Quem

1881 4951 2024 5005 ergo
2053 4952 2164 5008 pro
2191 4935 2370 4990 Paulo
2400 4952 2604 4991 orasse
2627 4934 2889 5004 credis,o
2919 4936 3274 5002 Ammonici,
3292 4937 3540 5008 quando

1882 5041 2136 5094 regnum
2192 5026 2292 5080 Dei
2368 5025 2703 5098 preedicans
2781 5030 2901 5079 tota
2976 5024 3071 5078 die
3098 5067 3111 5093 ,
3201 5042 3542 5081 sermonem

1882 5115 2170 5189 protraxit
2198 5131 2350 5187 pene
2403 5131 2592 5186 usque
2647 5114 2707 5168 in
2757 5113 3022 5168 mediam
3060 5128 3302 5170 noctem
3334 5117 3484 5186 (122)
3517 5117 3544 5171 ?

1884 5205 2293 5261 Ammonicius
2350 5224 2361 5260 :
2419 5204 2714 5260 Justitiam
2793 5220 2862 5258 ac
2951 5203 3447 5262 misericordiam.
3517 5229 3542 5255 »

1886 5297 1954 5350 Et
2005 5311 2117 5364 ego
2178 5311 2191 5349 :
2247 5317 2276 5343 ‹‹
2336 5297 2505 5350 Recte
2557 5291 2857 5363 judicasti.
2947 5292 3040 5349 Sic
3119 5294 3284 5350 enim
3362 5311 3547 5369 opera

1964 5437 2109 5510 (118)
2147 5438 2334 5510 Joan.
2357 5452 2414 5491 v.

1989 5514 2109 5574 119)
2149 5507 2368 5563 Matth.
2399 5522 2517 5561 xxx.

1991 5583 2114 5645 120)
2154 5579 2322 5634 Ρεαι.
2358 5594 2462 5633 cvr.

1991 5651 2112 5719 121)
2153 5651 2208 5705 S.
2242 5651 2410 5706 Gnse.
2441 5649 2608 5718 epist.
2642 5648 2704 5703 in
2733 5647 2844 5704 Job
2874 5664 3010 5719 cap.
3043 5665 3118 5704 iv.

1994 5655 2080 5707 121
2153 5651 2208 5705 S.
2242 5651 2410 5706 GREG.

1994 5651 2114 5791 122)
2152 5721 2286 5776 Act.
2317 5736 2415 5775 xx.

3195 5792 3274 5862 33'
3301 5773 3304 5778 ’
