3910 6404
470 287 606 341 1039
1506 282 1811 338 ARNOLDI
1855 277 2448 338 EMMERAHENSIS
2485 277 2804 336 MONACHI
3748 279 3885 337 1050

461 421 623 462 nunc
648 405 754 463 tibi
801 405 1133 462 futurorum
1177 402 1564 476 praanuntius.
1595 406 1824 475 Pauper
1850 406 1908 458 et
1934 402 2108 474 inops
2134 402 2182 454 A
2220 397 2359 463 solis
2383 398 2798 473 interciperent
2840 400 3213 457 mortalibus.
3242 400 3426 457 Iudas
3469 401 3795 474 apostolus
3828 403 3886 458 in

459 494 536 550 de
565 495 680 551 hac
707 494 1015 568 provincia
1043 492 1380 562 egredieris,
1401 492 1502 547 sed
1525 491 1584 546 in
1611 491 1748 559 alia,
1767 491 1828 547 in
1856 507 1979 564 qua
1999 505 2108 562 pro
2215 487 2484 558 epistola,
2507 504 2643 561 quae
2672 489 2824 546 inter
2869 489 3189 545 canonicas
3233 494 3642 561 computatur,
3697 491 3885 548 talem

460 599 664 640 amore
692 582 924 638 Domini
949 579 1649 653 exularis,episcopatum
1671 579 1912 636 caducis
1931 579 2110 634 rebus
2215 577 2567 634 sententiam
2593 579 2812 652 promit
2857 577 3207 650 hujusmodi
3231 595 3244 632 :
3286 578 3545 648 Angelos
3575 597 3748 652 vero,
3780 582 3884 654 qui

460 671 598 728 satis
624 670 980 742 locupletem
1023 668 1540 741 praedestinatione
1569 667 1773 724 divina
1798 671 2106 740 susceptuo
2211 680 2336 721 non
2366 671 2872 723 conservaverunt
2901 683 3077 723 suum
3102 666 3527 740 principatum,
3567 670 3680 725 sed
3709 669 3880 726 dere-

456 776 559 816 rus
588 759 721 816 eris.
781 760 962 830 Cujus
1000 759 1062 814 in
1091 757 1622 827 administratione,
1681 757 1730 812 si
1785 757 2022 813 ﬁdelem
2055 761 2108 812 te

456 847 793 905 exhibueris
817 847 1102 921 bonaque
1127 848 1500 920 impertmsus
1531 846 2109 917 seminaveris,juxta

455 938 517 994 id
539 938 704 1010 quod
737 937 1026 1010 scriptum
1053 942 1175 994 est:
1207 939 1588 1008 Quaecunque
1614 937 1869 992 seminat
1899 937 2103 1003 homo,

452 1029 581 1085 haec
612 1031 669 1084 et
698 1031 874 1083 metet
893 1028 1042 1097 (135)
1070 1045 1084 1093 ;
1115 1025 1362 1098 expletis
1395 1025 1598 1095 viginti
1629 1025 1870 1081 duobus
1904 1025 2100 1092 annis,

453 1115 638 1170 vitam
691 1115 1090 1171 transitoriam
1123 1115 1236 1170 eris
1285 1115 1566 1181 exiturus,
1599 1120 1657 1171 et
1700 1121 1983 1171 teternam
2014 1115 2104 1170 in-

455 1217 786 1273 gressurus.
814 1206 881 1259 Et
905 1205 1017 1258 hoc
1047 1203 1256 1275 procul
1279 1202 1466 1258 dubio
1493 1202 1640 1258 scire
1672 1207 1724 1259 te
1748 1202 1907 1272 volo,
1937 1202 2105 1275 quod

455 1293 721 1349 animam
753 1292 1048 1350 Conditori
1104 1291 1444 1348 redditurus
1493 1308 1555 1347 es
1584 1292 1645 1347 in
1673 1292 1806 1348 loco
1855 1292 1960 1348 ubi
1989 1291 2102 1347 sub

453 1380 696 1436 nomine
727 1380 938 1437 Christi
964 1396 1001 1435 a
1049 1379 1390 1436 Christianis
1439 1381 1729 1436 memoria
1765 1396 1900 1437 mea
1923 1396 2104 1436 vene-

453 1472 618 1524 ratur
647 1471 703 1524 et
730 1467 1095 1534 colitur.Quo
1115 1484 1212 1524 me
1244 1468 1306 1524 in
1325 1469 1474 1525 hora
1499 1469 1690 1526 exitus
1723 1470 1806 1525 tui
1831 1469 1905 1525 de
1935 1473 2108 1542 AEgy-

454 1562 556 1630 pto
587 1558 767 1628 hujus
811 1558 1021 1614 mundi
1053 1574 1227 1630 spero
1255 1558 1647 1614 adventurum
1678 1576 1818 1615 cum
1856 1559 2102 1628 caeteris,

453 1662 607 1718 quos
637 1646 712 1702 de
738 1647 999 1703 exercitu
1026 1647 1257 1702 Domini
1290 1647 1464 1703 bonis
1493 1648 1716 1703 meritis
1736 1648 1814 1704 ad
1835 1647 2107 1718 adjutan-

2211 750 2512 825 liquerunt
2594 771 2770 810 suum
2832 755 3224 824 domicilium,
3279 755 3341 810 in
3391 756 3700 825 judicium
3786 759 3878 814 Dei

2212 843 2436 912 magni,
2489 843 2739 900 vinculis
2768 844 3000 900 aeternis
3031 843 3144 900 sub
3202 844 3455 914 caligine
3497 846 3742 918 judicio
3775 851 3880 904 Do-

2211 931 2412 987 minus
2437 934 2780 990 reservabit.
2816 937 2968 1004 Ergo
2997 935 3072 990 de
3097 934 3427 1007 quaestione
3471 937 3802 1010 proposita
3831 944 3881 994 et

2210 1021 2552 1093 apostolicis
2608 1023 2956 1080 testimoniis
3011 1039 3272 1094 congrue
3319 1023 3624 1097 absoluta,
3674 1029 3879 1084 nescio

2208 1108 2256 1164 si
2275 1110 2409 1182 quis
2435 1110 2682 1167 dubitet.
2718 1115 2838 1182 Ego
2865 1128 2990 1168 non
3016 1113 3227 1168 dubito
3261 1130 3275 1180 ;
3308 1113 3414 1169 sed
3465 1113 3528 1170 in
3549 1115 3802 1172 inferno
3833 1123 3882 1172 et

2204 1196 2265 1252 in
2295 1214 2429 1255 aere
2459 1199 2770 1256 diabolum
2799 1217 2869 1256 ac
2897 1201 3175 1257 satellites
3204 1201 3334 1272 ejus
3362 1201 3696 1260 damnatos
3752 1221 3877 1261 esse

2206 1287 2348 1342 novi
2376 1292 2433 1343 et
2462 1288 2621 1356 scio;
2654 1289 2792 1344 inde
2822 1290 3014 1360 magis
3046 1295 3261 1362 certus,
3293 1291 3439 1363 quia
3463 1296 3604 1348 ante
3638 1292 3878 1366 aliquos

2207 1391 2400 1432 annos
2429 1377 2492 1432 in
2521 1379 2829 1434 Pannonia
2854 1379 3229 1451 constitutus,
3256 1379 3352 1435 die
3381 1382 3661 1453 quadam
3696 1399 3737 1438 a
3769 1387 3874 1438 ter-

2209 1465 2289 1521 tia
2315 1467 2464 1522 hora
2495 1483 2685 1540 usque
2717 1468 2796 1523 ad
2829 1475 3058 1524 sextam
3083 1467 3398 1524 diabolum
3419 1470 3510 1526 vel
3539 1471 3879 1528 draconem

2208 1553 2271 1610 in
2311 1570 2447 1610 aere
2500 1573 2865 1628 suspensum
2905 1558 3046 1613 vidi.
3094 1561 3231 1615 Erat
3264 1565 3465 1614 autem
3513 1562 3882 1632 magnitudo

2212 1643 2342 1714 ejus
2373 1644 2755 1716 incredibilis,
2799 1646 3112 1716 longitudo
3159 1652 3346 1720 tanta,
3378 1654 3443 1704 ut
3470 1651 3653 1722 quasi
3701 1651 3880 1706 unius

451 1735 839 1791 dumobitum
855 1739 1588 1808 tuum,contrapotestates
1604 1736 1795 1793 aerias
1809 1741 1864 1792 et
1877 1737 2107 1809 spirita-
2145 1751 2186 1805 Β
2214 1733 2450 1790 miliarii
2480 1735 2674 1806 spatio
2733 1736 3029 1792 videretur
3096 1753 3228 1793 esse
3279 1744 3621 1810 protensus.
3699 1742 3882 1812 Cujus

453 1823 540 1879 les
553 1825 848 1897 nequitias
859 1824 920 1880 in
933 1824 1272 1880 coalestibus
1287 1827 1328 1896 (1
1342 1826 1426 1896 36)
1436 1825 1776 1892 ,adsciveris
1790 1830 1847 1880 et
1868 1841 2108 1898 parave-

452 1911 555 1968 ris.
589 1913 684 1968 His
713 1917 770 1968 et
793 1913 1010 1968 talibus
1037 1913 1306 1986 prolatis,
1337 1913 1399 1968 in
1433 1913 1655 1968 visione
1685 1913 1895 1981 noctis,
1929 1913 2105 1986 spiri-

454 2004 550 2055 tus
572 1999 674 2072 qui
703 2001 1000 2072 apparuit,
1050 2016 1436 2068 evanescens,
1480 2001 1670 2056 virum
1702 2001 2102 2056 venerabilem

456 2088 886 2159 Wolfgangum
930 2088 1153 2144 dimisit
1181 2105 1253 2145 ex
1301 2094 1467 2162 parte
1519 2089 1902 2158 laatiﬁcatum,
1950 2097 2006 2146 et
2033 2107 2104 2146 ex

456 2181 624 2249 parte
677 2177 1117 2233 mastiﬁcatum
1145 2196 1158 2245 ;
1190 2177 1553 2234 laetiticatum
1602 2184 1803 2234 autem
1832 2179 2103 2249 dixerim,

456 2280 580 2320 non
609 2265 688 2321 ob
719 2265 1032 2336 gloriolam
1057 2265 1278 2335 saeculi,
1326 2283 1461 2338 qua:
1503 2267 1763 2322 colorata
1784 2273 1871 2322 est
1894 2267 1954 2323 in
1980 2268 2104 2340 epi-

458 2354 718 2426 scopalis
743 2353 1027 2424 dignitate
1053 2353 1292 2424 fastigii,
1338 2355 1443 2409 sed
1473 2355 1550 2409 ob
1576 2355 1908 2426 jucundam
1936 2357 2104 2426 regni

452 2441 912 2514 promissionem
955 2441 1192 2508 aeterni;
1254 2441 1696 2498 mmstiﬁcatum
1741 2460 1879 2500 vero
1908 2445 2104 2500 virum

454 2530 552 2586 Dei
583 2530 944 2602 scripserim,
988 2546 1112 2586 non
1137 2530 1216 2585 ob
1248 2530 1594 2587 brevitatem
1633 2547 1932 2588 annorum
1963 2534 2101 2589 huic

449 2618 584 2674 vitae
615 2634 1060 2683 concessorum,
1090 2618 1194 2674 sed
1225 2617 1303 2674 ob
1329 2619 1848 2692 prolongationem
1888 2622 2100 2678 terreni

447 2707 740 2763 incolatus
768 2706 1241 2780 lacrymabilem,
1283 2708 1456 2778 juxta
1482 2706 1650 2763 illum
1693 2726 1933 2765 versum
1964 2712 2101 2767 Psa-

446 2794 784 2868 lmographi
809 2812 822 2850 :
852 2817 881 2844 ‹‹
924 2799 1045 2851 Heu
1073 2794 1220 2850 mihi
1243 2795 1256 2850 l
1289 2795 1434 2867 quia
1456 2796 1749 2853 incolatus
1769 2814 1941 2854 meus
1966 2816 2101 2872 pro-

447 2882 728 2953 longatus
757 2887 846 2939 est
871 2885 1043 2955 (137).
1070 2905 1098 2931 ››

1066 2971 1489 3026 Ammonicius.

2213 1827 2395 1894 caput
2451 1822 2777 1893 cristatum,
2805 1829 2863 1881 et
2896 1825 3083 1881 instar
3111 1826 3334 1881 montis
3381 1827 3713 1897 elevatum,
3778 1845 3881 1885 nec

2210 1925 2334 1966 non
2359 1926 2596 1983 corpus,
2633 1912 2804 1982 juxta
2833 1913 2947 1968 hoc
2994 1914 3161 1987 quod
3184 1915 3472 1971 Dominus
3517 1917 3599 1973 ad
3623 1917 3880 1974 beatum

2208 1998 2318 2054 Job
2345 1998 2421 2055 de
2452 2000 2773 2056 Leviathan
2802 2001 3064 2074 loquitur
3112 2005 3279 2075 (140),
3313 2007 3660 2078 squammis
3688 2007 3882 2063 horri-

2209 2086 2430 2143 bilibus
2455 2095 2858 2160 compactum,
2885 2096 2942 2146 et
2965 2107 3073 2146 ceu
3103 2093 3349 2164 parmis,
3372 2093 3462 2149 vel
3493 2095 3687 2151 scutis
3724 2095 3882 2152 ferro

2211 2177 2478 2245 munitis,
2509 2183 2747 2247 tectum,
2797 2179 2857 2234 in
2909 2181 3193 2236 lateribus
3219 2188 3276 2238 et
3299 2183 3360 2238 in
3393 2188 3557 2253 tergo
3583 2186 3884 2258 quaedam

2211 2264 2528 2336 fuliginosa
2580 2266 2847 2324 fcedabat
2899 2269 3190 2338 nigredo;
3236 2271 3458 2326 ventris
3502 2289 3771 2346 quoque
3805 2274 3886 2329 in-

2209 2352 2476 2409 versione
2514 2359 2571 2410 et
2616 2355 2836 2426 pariter
2878 2356 3145 2428 corporis
3188 2359 3249 2413 in
3293 2375 3418 2431 qua
3442 2360 3768 2417 solotenus
3793 2363 3882 2434 ja-

2210 2456 2341 2496 cere
2372 2441 2621 2513 solebat,
2672 2443 2863 2514 pallor
2907 2445 3268 2502 subvenetus
3323 2448 3747 2518 decolorabat,
3811 2451 3883 2507 ad

2209 2529 2655 2586 similitudinem
2686 2533 2991 2605 sulphurei
3033 2533 3194 2590 laris.
3227 2539 3469 2592 Tractus
3496 2554 3667 2606 vero,
3693 2556 3775 2596 ac
3801 2541 3882 2596 in-

2209 2619 2583 2674 curvationes
2613 2626 2790 2692 atque
2825 2623 3200 2679 extensiones
3224 2625 3355 2695 ejus
3399 2624 3738 2695 immanes,
3786 2645 3885 2701 po-

2210 2712 2449 2779 stremo,
2481 2709 2658 2764 totius
2685 2711 2951 2782 corporis
2980 2715 3179 2767 motus
3219 2717 3276 2768 et
3296 2715 3688 2786 particularis
3717 2723 3784 2773 et
3810 2723 3884 2774 to-

2209 2799 2322 2863 tus,
2359 2801 2538 2869 atque
2565 2803 2629 2853 ut
2654 2798 2905 2854 breviter
2957 2799 3017 2854 in
3041 2799 3102 2855 id
3142 2802 3426 2874 temporis
3483 2804 3884 2863 adversantia

2209 2883 2588 2953 concludam,
2620 2886 2826 2942 omnia
2849 2887 3128 2943 draconis
3173 2889 3489 2947 molimina
3516 2899 3702 2949 erant
3729 2911 3885 2950 mor-

2208 2972 2516 3042 talibus,in
2543 2980 2840 3047 quantum
2867 2979 3019 3031 Deus
3050 2977 3336 3050 permisit,
3365 2981 3550 3038 noxia
3582 2987 3881 3058 tantoque

522 3080 550 3108 ‹‹
575 3060 715 3122 Quae
746 3057 861 3113 sint
889 3061 1210 3130 potestates
1236 3059 1429 3125 aerias,
1453 3064 1510 3114 et
1539 3059 1847 3131 quomodo
1872 3061 2098 3132 spirita-
2138 3105 2177 3160 C
2205 3063 2457 3119 noxiora
2511 3069 2741 3136 quanto
2790 3065 3175 3137 proximiora.
3231 3069 3383 3124 Nam
3431 3085 3573 3126 cum
3633 3057 3882 3146 tempus

449 3147 535 3203 les
564 3147 844 3220 nequitiae
869 3151 1113 3220 possent
1141 3163 1268 3202 esse
1289 3147 1349 3202 in
1379 3147 1738 3216 cmlestibus,
1771 3165 1910 3204 cum
1933 3150 2102 3206 cosle-
2140 3147 2182 3192 "-
2206 3157 2364 3208 esset
2413 3152 2696 3220 aestivale,
2757 3159 2958 3226 utpote
3025 3160 3190 3211 sexta
3247 3156 3394 3213 feria
3461 3160 3880 3220 hebdomadas

451 3234 566 3289 stia
591 3234 757 3290 nulla
784 3251 1057 3308 unquam
1081 3235 1371 3292 inhabitet
1411 3237 1693 3309 nequitia,
1717 3237 1865 3294 solet
1887 3254 1924 3293 a
1947 3255 2098 3294 non-

450 3322 629 3378 nullis
655 3323 874 3396 inquiri
898 3342 912 3392 ;
941 3324 1100 3380 unde
1129 3329 1186 3379 et
1213 3329 1445 3396 oportet
1469 3325 1705 3396 exponi.
1737 3349 1766 3376 ››

1085 3414 1475 3470 Collectitius.

521 3523 550 3549 «
582 3501 718 3557 Haec
756 3501 830 3556 de
859 3501 1080 3574 quibus
1136 3503 1387 3575 quaestio
1444 3519 1566 3558 non
1620 3510 1757 3560 sunt
1784 3521 1941 3574 mea,
1993 3506 2098 3562 sed

445 3588 604 3645 beati
661 3589 822 3646 Pauli
874 3591 1126 3663 apostoli
1155 3591 1358 3647 verba.
1408 3592 1570 3648 Unde
1601 3597 1657 3648 et
1684 3609 1786 3648 eos
1815 3594 1918 3666 qui
1961 3611 2095 3650 nes-

445 3678 609 3734 ciunt
635 3679 786 3735 aeris
808 3680 1000 3752 spatia
1019 3681 1356 3752 nuncupari
1381 3681 1721 3752 caalestia,et
1743 3683 1804 3738 in
1825 3683 1909 3738 eis
1931 3683 2099 3753 igno-

443 3771 580 3822 rant
606 3772 913 3840 apostatas
933 3768 1178 3838 angelos
1193 3770 1496 3837 versari,et
1523 3776 1836 3843 propterea
1860 3772 1933 3827 de
1955 3789 2097 3845 apo-

445 3855 666 3911 stolicis
695 3856 968 3912 dubitare
1016 3857 1206 3913 solent
1232 3859 1422 3926 dictis,
1457 3860 1624 3915 mitto
1655 3860 1734 3916 ad
1768 3861 2091 3933 Epistolam

443 3942 603 3999 beati
633 3945 780 3999 Petri
809 3945 1156 4012 secundam,
1185 3945 1245 4001 in
1265 3963 1388 4019 qua
1415 3947 1489 4002 de
1521 3948 1724 4021 spatiis
1755 3949 1926 4018 aeris,
1954 3967 2090 4022 quae

401 4085 404 4088 .
444 4032 576 4088 coeli
604 4038 912 4100 vocantur,
963 4034 1185 4090 diluvio
1223 4036 1418 4108 primo
1460 4036 1704 4109 perditis
1733 4042 1789 4094 et
1828 4039 2092 4094 secundo

441 4120 784 4192 perdendis,
815 4121 1019 4177 ﬁdeles
1048 4122 1220 4178 docet
1249 4123 1329 4178 sic
1358 4123 1563 4179 dicens
1589 4143 1600 4179 :
1639 4127 1797 4180 Latet
1816 4125 2090 4182 illusores

439 4208 605 4280 quod
656 4209 787 4264 cceli
836 4215 1004 4266 erant
1055 4211 1220 4284 prius
1267 4216 1325 4267 et
1374 4216 1528 4268 terra
1566 4211 1639 4268 de
1689 4229 1850 4286 aqua
1879 4219 1934 4270 et
1983 4231 2090 4287 per

439 4311 683 4368 aquam,
717 4298 1103 4354 consistentes
1135 4300 1234 4354 Dei
1263 4299 1482 4368 verbo;
1526 4316 1633 4372 per
1657 4317 1793 4373 quae
1823 4301 1916 4357 ille
1949 4306 2090 4358 tunc

436 4384 702 4440 mundus
750 4384 1075 4442 inundatus
1101 4386 1290 4458 periit.
1346 4387 1486 4444 Caeli
1539 4394 1738 4444 autem
1775 4390 1881 4462 qui
1928 4406 2090 4446 nunc

2204 3245 2341 3312 post
2377 3243 2757 3296 Pentecosten
2804 3242 3105 3310 secundae,
3153 3260 3226 3300 ex
3257 3245 3394 3314 gelu
3420 3248 3590 3320 quod
3622 3250 3883 3308 draconi

2203 3345 2329 3402 prae
2387 3329 2612 3384 caeteris
2679 3331 3086 3386 animantibus
3149 3336 3346 3403 magis
3401 3342 3494 3393 est
3569 3341 3883 3404 naturale,

2204 3417 2357 3472 adeo
2377 3415 2727 3472 immutatus
2749 3423 2838 3474 est
2865 3435 2967 3474 aer
2988 3425 3052 3474 ut
3076 3425 3132 3476 et
3159 3419 3341 3477 febris
3373 3425 3599 3480 multos
3630 3427 3887 3486 invade-

2203 3509 2288 3559 ret
2315 3520 2385 3560 ac
2403 3505 2816 3575 jumentorum
2845 3522 2969 3562 non
3026 3507 3342 3565 minimam
3393 3517 3638 3584 partem
3692 3517 3887 3588 frigus

2203 3598 2597 3648 consumeret.
2651 3593 2786 3649 Alas
2812 3599 2868 3649 et
2915 3611 3090 3652 crura
3120 3597 3208 3652 vel
3237 3599 3444 3670 pedes,
3491 3605 3887 3677 quos-picto~

2201 3695 2296 3736 res
2325 3679 2549 3750 ﬁngere
2580 3682 2788 3750 solent,
2825 3684 3060 3755 penitus
3103 3701 3213 3741 nec
3251 3687 3465 3744 habuit
3493 3705 3612 3746 nec
3648 3693 3888 3750 habere

2201 3769 2366 3824 visus
2393 3776 2499 3837 est,
2525 3770 2749 3844 quippe
2771 3773 2866 3827 cui
2896 3789 3231 3844 squammaa
3257 3782 3315 3832 et
3340 3783 3523 3834 costa-3
3555 3781 3888 3839 sufﬁciunt

2202 3873 2312 3930 pro
2393 3858 2898 3916 deambulatione.
2984 3864 3335 3920 Grossitudo
3404 3870 3678 3939 pectoris
3771 3887 3888 3934 erat

2199 3947 2404 4020 parilis
2430 3948 2817 4018 grossitudini
2845 3950 3072 4022 capitis.
3117 3954 3252 4008 Post
3299 3954 3414 4010 hoc
3457 3957 3780 4028 paulatim

2200 4035 2580 4092 minuebatur
2608 4053 2794 4110 usque
2819 4037 2898 4094 ad
2919 4044 3184 4096 extrema
3211 4042 3441 4112 caudae,
3477 4049 3667 4118 cujus
3701 4058 3888 4108 extre-

2202 4123 2377 4180 mitas
2406 4139 2559 4197 pene
2585 4124 2946 4198 adaequabat
2970 4127 3193 4184 abietes
3223 4146 3504 4201 magnas.
3538 4135 3737 4196 Hunc
3768 4147 3885 4196 tam

2200 4211 2504 4281 ingentem
2533 4212 2790 4280 hostem,
2819 4219 2922 4269 aut
2977 4214 3287 4273 diabolum
3320 4225 3426 4275 aut
3451 4220 3704 4282 diaboli
3737 4230 3888 4283 ami-

2202 4316 2362 4370 cum,
2393 4300 2603 4356 nolens
2660 4303 2944 4358 Dominus
2987 4304 3210 4360 diutius
3264 4311 3479 4365 terrere
3521 4317 3885 4388 paupulum

2201 4389 2488 4458 ﬁdelium,
2567 4391 2762 4447 subito
2816 4392 2952 4448 fecit
3021 4393 3099 4449 ab
3156 4396 3437 4468 aquilone
3523 4407 3786 4461 moveri
3838 4413 3886 4461 et

1101 4447 1122 4458 -
1793 4447 1816 4462 .
2476 4447 2487 4458 .
2939 4447 2948 4448 κ
3163 4447 3434 4468 ηιμ-η-
3523 4447 3786 4461 _........
3838 4447 3883 4461 ν.

439 4477 597 4539 sunt,
625 4472 700 4530 de
730 4477 886 4530 terra
905 4474 1118 4530 eodem
1138 4474 1323 4531 verbo
1351 4476 1593 4548 repositi
1624 4481 1780 4545 sunt,
1811 4477 1932 4548 igni
1965 4495 2088 4534 ser-
2127 4447 2172 4500 D
2201 4477 2476 4534 densitati
2505 4478 2759 4534 nubium
2791 4496 2930 4534 cum
2951 4481 3168 4551 grandi
3187 4483 3416 4556 impetu
3443 4486 3883 4549 intermisceri.

435 4561 556 4617 vati
579 4561 642 4617 in
663 4561 823 4618 diem
843 4561 1051 4633 judicii
1080 4567 1136 4619 et
1164 4564 1510 4636 perditionis
1539 4565 1862 4638 impiorum
1891 4566 2088 4622 homi-

435 4665 584 4705 num
612 4651 781 4722 (138).
817 4654 883 4707 Et
908 4654 1044 4724 post
1073 4667 1285 4724 pauca:
1321 4653 1462 4711 Coeli
1483 4654 1758 4710 ardenter
1788 4655 2091 4711 solventur

436 4743 493 4794 et
533 4739 826 4796 elementa
871 4740 1025 4809 ignis
1072 4741 1285 4797 ardore
1325 4742 1650 4798 tabescent.
1706 4747 1902 4800 Novos
1947 4761 2088 4801 vero

435 4830 617 4885 caelos
638 4833 695 4885 et
724 4845 948 4886 novam
978 4834 1193 4886 terram
1223 4836 1281 4886 et
1308 4832 1609 4904 promissa
1649 4833 1879 4888 Domini
1909 4850 2086 4906 expe-

433 4922 690 4987 ctamus,
717 4917 778 4974 in
804 4917 1026 4991 quibus
1052 4918 1279 4989 justitia
1304 4919 1531 4975 habitat
1560 4920 1728 4992 (139).
1758 4924 1836 4977 De
1854 4922 2084 4992 angelis

433 5022 676 5080 quoque
713 5007 1012 5079 projectis,
1063 5007 1168 5079 qui
1196 5012 1492 5079 vagantur
1529 5008 1589 5064 in
1623 5009 1787 5065 caelis
1815 5009 1952 5080 igne
1981 5027 2085 5084 pe-

431 5097 695 5163 reundis,
725 5114 879 5170 quos
909 5097 1225 5168 Apostolus
1259 5098 1428 5153 aerias
1458 5103 1780 5170 potestates
1810 5117 1880 5156 ac
1910 5102 2083 5173 spiri-

431 5184 579 5239 tales
611 5184 872 5257 appellat
898 5185 1228 5256 nequitias;
1277 5202 1536 5258 quorum
1565 5191 1727 5244 tanta
1763 5189 2083 5248 multitudo

432 5276 522 5326 est
544 5272 605 5326 in
629 5289 783 5338 aere,
811 5273 874 5328 id
902 5279 990 5328 est
1017 5273 1076 5328 in
1107 5274 1269 5330 caelis
1319 5274 1716 5344 inferioribus,
1751 5283 1815 5334 ut
1840 5279 2080 5336 cuidam

433 5363 639 5414 sancto
685 5360 913 5415 homini
942 5361 1270 5418 revelatum
1314 5367 1406 5419 est
1431 5367 1493 5419 ut
1530 5364 1578 5419 si
1625 5365 1913 5422 haberent
1952 5383 2078 5423 cor-

430 5459 582 5516 pora
636 5448 1042 5519 corporalibus
1093 5451 1309 5507 nostris
1359 5451 1632 5524 aequalia,
1695 5454 2077 5526 splendorem

529 5569 652 5640 135)
681 5569 815 5624 Gal.
849 5585 921 5624 vr.

527 5643 649 5708 136)
675 5640 894 5708 Ephes.
936 5655 1014 5694 vi.

527 5645 624 5694 136
675 5645 894 5708 Ephes.
936 5655 986 5694 vi

527 5645 649 5779 £37;
674 5710 842 5765 Psal.
875 5725 986 5764 cxx.

501 5568 520 5778 ἓ

2177 4567 2390 4631 -Quem
2437 4583 2620 4622 cursu
2667 4567 3037 4624 velocissimo
3081 4587 3261 4643 super
3293 4589 3425 4635 nos.
3459 4581 3520 4632 et
3553 4583 3888 4639 transeun-

2198 4659 2319 4710 tem
2345 4655 2625 4726 vidimus,
2679 4656 2972 4730 sibiloque
3017 4659 3147 4730 ejus
3197 4662 3418 4733 pariter
3463 4680 3619 4724 cum
3655 4671 3890 4728 ﬁstula-

2196 4759 2332 4798 rum
2389 4743 2637 4799 stridore
2692 4760 2816 4800 non
2872 4746 2998 4801 sine
3052 4753 3215 4804 metu
3291 4751 3680 4826 audivimus,
3751 4777 3890 4816 mox

2197 4833 2389 4888 nubes
2413 4849 2548 4907 quae
2601 4850 2638 4890 a
2681 4850 2860 4890 mane
2892 4850 3084 4908 usque
3114 4837 3176 4892 in
3225 4839 3392 4896 illam
3435 4843 3678 4904 horam
3714 4852 3887 4924 quasi

2199 4922 2437 4979 stabant
2508 4923 2870 4994 immobiles,
2952 4925 3015 4982 in
3085 4932 3318 4984 tantum
3395 4922 3763 4996 commota;
3845 4949 3890 4996 et

2197 5012 2505 5068 concitatae
2563 5017 2718 5081 sunt,
2777 5017 2840 5070 ut
2892 5019 3014 5070 tota
3061 5015 3162 5074 illa
3217 5018 3313 5074 die
3367 5028 3606 5092 pariter
3675 5037 3744 5086 et
3795 5048 3887 5086 no-

2193 5106 2283 5156 cte
2330 5117 2452 5157 non
2519 5107 2817 5157 cessarent
2889 5103 3144 5160 tonitrua
3204 5123 3309 5162 seu
3379 5120 3885 5182 coruscationes,

2190 5188 2314 5244 imo
2337 5195 2786 5261 perseverarent
2821 5207 3014 5264 usque
3061 5193 3142 5248 ad
3175 5210 3498 5268 vesperam
3557 5210 3885 5280 sequentis

2190 5275 2327 5332 diei.
2362 5299 2390 5327 »

2814 5369 3230 5425 Ammonicius.

2259 5471 2291 5506 ‹
2310 5452 2590 5524 Nunquid
2615 5452 2676 5509 in
2705 5451 2803 5508 illo
2829 5458 3096 5527 tempore
3122 5458 3476 5518 recordatus
3533 5484 3607 5525 es
3637 5473 3878 5549 aliquid

2281 5579 2402 5634 138)
2432 5579 2500 5633 II
2520 5578 2684 5634 Petr.
2726 5595 2801 5633 ιιι.

2283 5648 2402 5706 139)
2441 5648 2594 5706 Ibid.

2252 5722 2404 5792 (MO)
2424 5721 2536 5778 Job
2563 5735 2677 5776 xu.
