3910 6374
48 305 170 358 1041

807 294 897 349 DE
936 294 1309 351 MIRACULIS
1352 293 1407 350 S.
1452 292 1870 348 EMMERAMMI
1912 292 2093 348 LIBRI
2133 293 2297 348 DUO.
2341 323 2411 332 —
2449 291 2577 347 LIB.
2622 294 2685 347 ΙΙ.

3328 296 3468 349 1042

38 428 247 482 horum
314 436 447 493 quae
480 418 692 474 beatus
722 421 981 475 Joannes
1008 419 1069 475 in
1096 418 1464 492 Apocalypsi
1489 434 1602 474 sua
1615 417 1690 473 de
1724 423 1770 473 Α
1804 416 1936 473 buit
1955 418 2314 491 quidquam,
2346 432 2454 490 per
2484 417 2771 487 suffragia
2812 423 3159 475 sanctorum
3214 432 3464 489 sperans

40 516 289 571 dracone
315 514 371 566 et
399 508 589 564 bestia
616 507 867 564 scribit?
894 532 921 558 ››

669 624 1062 680 Collectitius.

105 768 133 793 ‹‹
168 746 307 799 Vere
338 741 399 815 in
432 742 789 797 memoriam
812 744 1102 796 venerunt
1128 741 1279 807 haec,
1309 738 1574 795 maxime
1593 753 1694 793 au-

41 841 154 890 tem
193 831 443 901 urgebat
496 846 593 886 me
651 830 985 886 recordatio
1055 830 1369 902 Scriptura:
1418 827 1693 897 ejusdem

41 919 447 994 Apocalypsis,
480 918 539 974 in
569 934 693 990 qua
724 918 1058 974 continetur
1108 936 1120 973 :
1176 920 1271 973 Vae
1301 917 1494 989 vobis,
1549 915 1695 988 quia

40 1016 219 1067 Draco
243 1009 405 1065 venit
430 1008 508 1064 ad
540 1025 646 1064 vos
677 1025 817 1064 cum
869 1008 958 1064 ira
989 1023 1231 1076 magna,
1290 1007 1482 1063 sciens
1526 1005 1692 1079 quod

42 1100 340 1156 modicum
362 1102 599 1170 tempus
622 1098 843 1153 habeat
874 1100 1038 1169 (141).
1075 1097 1357 1163 Quamvis
1397 1096 1558 1151 enim
1589 1095 1695 1150 sci-

42 1206 161 1244 rem
186 1204 290 1260 per
317 1187 571 1243 bestiam
595 1192 650 1243 et
677 1187 1005 1243 draconem
1036 1186 1462 1242 Antichristum
1492 1190 1548 1240 et
1568 1185 1693 1240 dia-

42 1279 241 1335 bolum
271 1278 595 1348 designari,
628 1282 685 1333 et
713 1278 874 1333 diem
902 1276 1253 1333 universalis
1270 1275 1477 1348 judicii
1524 1274 1695 1330 mini-

36 1387 127 1425 me
158 1374 298 1424 tunc
320 1368 564 1439 instare,
595 1372 795 1424 tamen
823 1368 903 1423 ob
932 1367 1234 1424 insolitam
1264 1383 1467 1423 rerum
1499 1371 1694 1421 osten-

40 1460 316 1515 tationem
343 1457 616 1513 turbatus
647 1458 904 1527 cogitavi
931 1458 1138 1524 multa,
1168 1461 1224 1513 et
1271 1455 1569 1529 suspiravi
1622 1454 1693 1511 ti-

37 1548 230 1603 midus
259 1563 370 1621 pro
411 1553 601 1603 morte
633 1564 769 1604 mea
801 1548 922 1603 sive
965 1547 1241 1617 aliorum,
1300 1546 1403 1619 qui
1456 1561 1694 1601 mecum

38 1636 316 1691 videbant
334 1635 451 1690 ista
474 1634 773 1691 terribilia.
800 1635 967 1690 Tunc
987 1651 1094 1707 per
1116 1634 1333 1689 divinae
1357 1637 1693 1706 respectum

38 1726 356 1782 clementiae
387 1725 693 1781 restitutus
724 1725 783 1780 in
814 1741 983 1797 spem
1013 1723 1272 1792 vivendi,
1316 1724 1511 1795 primo
1561 1739 1695 1793 gra-

40 1816 144 1871 tias
167 1816 257 1885 egi
284 1818 403 1871 Deo
427 1815 823 1888 omnipotenti
848 1814 952 1887 qui
974 1831 1085 1870 nos
1114 1813 1389 1869 liberavit
1407 1813 1482 1868 de
1500 1817 1697 1885 potes-

40 1910 148 1961 tate
175 1905 450 1972 diaboli;
508 1904 724 1961 deinde
782 1904 935 1976 cmpi
992 1920 1232 1960 mecum
1289 1902 1546 1968 volvere,
1593 1918 1698 1957 seu

38 1999 228 2049 mente
257 1999 515 2050 tractare
546 1994 593 2050 si
624 2009 896 2066 unquam
936 1993 997 2048 in
1049 1992 1305 2063 legendo
1366 1992 1699 2063 Scripturas

40 2083 357 2139 scrutando
387 2082 534 2139 talia
563 2083 913 2149 invenerim,
947 2081 1151 2155 qualia
1181 2098 1276 2137 me
1306 2080 1405 2137 illo
1436 2080 1531 2135 die
1563 2096 1699 2135 con-

40 2174 157 2241 tigit
184 2173 428 2228 vidisse.
460 2176 527 2229 Et
550 2172 701 2228 inter
725 2178 938 2228 caetera
968 2188 1103 2244 quae
1122 2171 1360 2227 animus
1389 2185 1698 2243 percurre-

39 2263 151 2332 bat,
184 2262 497 2318 redierunt
520 2262 581 2317 in
610 2262 967 2318 memoriam
1000 2261 1160 2316 dicta
1194 2264 1251 2315 et
1279 2260 1499 2331 scripta
1540 2257 1699 2314 beati

42 2352 233 2407 Isidori
264 2352 538 2425 episcopi
565 2352 735 2421 (142),
766 2351 869 2424 qui
900 2350 956 2406 in
984 2350 1139 2406 libro
1186 2348 1697 2421 Etymologiarum

40 2442 106 2496 de
137 2446 353 2498 natura
380 2442 666 2497 draconis
693 2440 896 2496 scribit
924 2440 984 2495 in
1014 2441 1175 2495 hunc
1198 2439 1483 2495 modum:
1513 2442 1699 2493 Draco

38 2529 223 2599 major
248 2534 613 2585 cunctorum
645 2529 1032 2602 serpentium,
1075 2527 1195 2583 sive
1245 2526 1519 2583 omnium
1577 2525 1700 2581 ani-

40 2617 325 2673 mantium
354 2633 542 2690 super
570 2623 788 2673 terram
815 2635 828 2685 ;
861 2618 1022 2673 hunc
1056 2616 1241 2672 Graeci
1271 2616 1561 2672 draconta
1591 2631 1697 2672 vo-

38 2711 185 2761 cant.
216 2707 385 2763 Unde
409 2712 471 2763 et
495 2707 833 2763 derivatum
864 2710 950 2761 est
974 2707 1037 2761 in
1068 2705 1344 2775 latinum,
1405 2710 1469 2761 ut
1516 2704 1699 2760 draco

38 2793 323 2851 diceretur
352 2796 464 2869 qui
496 2812 653 2869 saepe
697 2812 733 2851 a
784 2795 1086 2868 speluncis
1133 2795 1469 2850 abstractus
1517 2793 1701 2848 fertur

39 2883 91 2937 in
117 2900 337 2952 aerem,
372 2886 831 2957 concitaturque
856 2890 1100 2957 propter
1129 2900 1268 2939 eum
1300 2900 1420 2939 aer.
1463 2886 1561 2939 Est
1590 2898 1698 2937 au-

40 2976 148 3027 tem
180 2974 486 3042 cristatus,
513 2990 615 3030 ore
637 2990 826 3047 parvo
852 2978 909 3029 et
937 2974 1112 3029 arctis
1134 2972 1366 3040 ﬁstulis,
1395 2988 1502 3045 per
1545 2987 1700 3044 quas

40 3060 204 3117 trahit
233 3063 523 3135 spiritum
554 3068 611 3118 et
636 3062 907 3131 linguam
941 3062 1161 3129 exerit;
1193 3061 1312 3116 vim
1343 3066 1541 3116 autem
1578 3076 1700 3115 non

38 3149 93 3205 in
121 3150 426 3223 dentibus,
461 3152 567 3207 sed
604 3152 666 3207 in
697 3152 895 3207 cauda
924 3151 1126 3221 habet,
1160 3155 1217 3207 et
1235 3149 1481 3206 verbere
1504 3149 1702 3222 potius
1738 3138 1779 3192 Ο

37 3255 212 3311 quam
244 3240 367 3297 ictu
400 3241 662 3313 [legend
695 3241 863 3313 rictu]
895 3245 1089 3297 nocet.
1147 3240 1429 3296 lnnoxius
1459 3244 1545 3295 est
1603 3255 1705 3295 au-

40 3334 148 3383 tem
170 3345 204 3384 a
224 3331 505 3387 venenis.
536 3330 649 3387 Sed
671 3330 805 3385 ideo
826 3330 965 3385 huic
990 3331 1067 3386 ad
1090 3334 1346 3385 mortem
1364 3328 1704 3385 faciendam

40 3433 255 3476 venena
276 3420 573 3477 dicuntur
600 3435 723 3475 non
753 3436 885 3475 esse
901 3418 1255 3475 necessaria.
1292 3418 1437 3491 quia
1458 3418 1704 3491 siquem

39 3505 318 3576 ligaverit,
354 3509 601 3566 occidit.
631 3514 676 3564 A
697 3524 820 3581 quo
850 3524 960 3564 nec
990 3508 1234 3581 elephas
1261 3512 1422 3587 tutus
1472 3511 1559 3562 est
1614 3505 1705 3561 sui

41 3598 300 3669 corporis
330 3599 757 3670 magnitudine
795 3618 807 3666 ;
836 3615 981 3654 nam
1011 3597 1169 3653 circa
1198 3597 1441 3653 semitas
1469 3596 1705 3651 delites-

38 3700 169 3741 cens
190 3705 300 3760 per
328 3706 493 3762 quas
524 3688 870 3761 elephantes
902 3687 1075 3743 solito
1122 3688 1496 3756 gradiuntur,
1528 3700 1705 3741 crura

37 3790 239 3832 eorum
265 3778 452 3834 nodis
484 3778 671 3847 illigat
699 3794 768 3833 ac
791 3778 1117 3833 suffocatos
1148 3776 1404 3849 perimit.
1437 3775 1706 3844 Gignitur

35 3870 229 3921 autem
261 3867 468 3937 magis
494 3867 556 3922 in
588 3867 892 3939 Ethiopia
912 3870 969 3921 et
993 3865 1162 3921 India
1183 3864 1243 3920 in
1266 3865 1397 3937 ipso
1428 3862 1707 3920 incendio

29 3952 183 4021 jugis
209 3961 421 4011 mstus.
462 3979 491 4006 »

657 4044 1085 4101 Ammonicius.

101 4174 126 4199 «
161 4151 359 4208 Credo
394 4151 671 4209 sufficere
710 4152 822 4208 ista
848 4151 943 4208 vel
973 4168 1009 4208 a
1041 4156 1095 4207 te
1123 4151 1271 4220 visa,
1302 4150 1391 4207 vel
1441 4151 1519 4206 ab
1579 4150 1709 4207 aliis

33 4240 183 4297 dicta
212 4242 290 4297 de
323 4242 617 4299 draconis
648 4247 884 4311 natura,
914 4258 1020 4298 seu
1049 4241 1123 4297 de
1152 4241 1348 4297 bestia
1370 4241 1525 4297 hosti
1549 4241 1701 4296 anti-

34 4346 149 4401 quo
172 4332 399 4388 amica.
447 4336 613 4388 Nunc
644 4348 787 4403 ergo
817 4336 1052 4404 oportet
1082 4334 1144 4386 ut
1187 4331 1502 4387 revertaris
1551 4330 1712 4386 unde

30 4418 339 4489 digressus
372 4438 465 4479 es.
503 4443 531 4471 ››

682 4511 1074 4567 Collectitius.

98 4640 125 4664 ‹‹
160 4619 319 4681 Quia
348 4622 597 4690 tempus
625 4616 740 4672 hoc
767 4615 947 4671 simul
977 4618 1035 4671 et
1062 4615 1212 4671 ratio
1258 4614 1451 4687 poscit
1507 4613 1714 4671 admo-

31 4706 323 4762 nitionem
356 4711 533 4761 tuam
556 4709 829 4762 secutum
858 4705 928 4760 iri
972 4710 1209 4777 meapte
1262 4704 1370 4760 erit
1400 4704 1461 4759 in
1499 4704 1715 4759 volun-

29 4799 166 4866 tate,
226 4798 382 4853 etsi
434 4796 724 4851 Dominus
779 4810 1034 4865 magnus
1095 4796 1372 4859 voluerit,
1428 4810 1547 4850 non
1590 4795 1716 4849 sine

34 4884 387 4943 humititate
442 4886 610 4957 (143).
664 4885 843 4955 Igitur
890 4889 955 4939 ut
1008 4884 1192 4957 paulo
1238 4889 1376 4940 ante
1430 4884 1714 4940 dictando

30 4990 277 5032 narrare
340 4975 527 5048 ccepi,
596 4974 815 5047 praesul
868 4974 1273 5041 venerandus,
1346 4978 1403 5029 et
1455 4973 1714 5029 multum

34 5079 67 5117 a
120 5064 305 5120 bonis
366 5063 470 5120 vel
520 5064 801 5120 fidelibus
848 5064 1168 5130 amandus,
1220 5080 1453 5119 memor
1508 5064 1716 5119 admo-

28 5153 276 5210 nitionis
333 5168 537 5226 quam
563 5153 707 5209 olim
764 5158 1078 5226 acceperat
1125 5170 1233 5226 per
1288 5152 1715 5208 revelationem

30 5242 247 5299 Christi
311 5242 689 5299 confessoris
721 5284 738 5314 ,
806 5257 918 5298 nec
971 5258 1094 5299 non
1151 5259 1261 5315 pro
1314 5246 1473 5298 certo
1522 5242 1715 5296 sciens

26 5332 380 5406 principem
446 5333 624 5404 hujus
699 5332 915 5388 mundi
995 5332 1072 5387 ad
1151 5348 1212 5388 se
1249 5337 1588 5397 venturum,
1663 5335 1720 5388 et

27 5435 167 5476 cum
226 5422 400 5478 aeris
457 5422 856 5493 potestatibus
906 5426 1114 5478 contra
1166 5438 1228 5478 se
1283 5427 1716 5495 pugnaturum,

26 5510 130 5566 sed
197 5511 265 5567 in
317 5511 744 5568 misericordia
819 5511 1073 5574 Domini,
1132 5511 1194 5567 in
1244 5527 1368 5584 quo
1436 5526 1561 5567 non
1616 5512 1719 5567 ha-

96 5638 254 5780 (141)
292 5638 498 5707 Apoc.
530 5654 631 5693 χιι.

123 5710 256 5780 142)
294 5710 372 5765 L.
409 5723 497 5780 xu

294 5710 1217 5835 Ιίίέξῗῐιοῐῗὲἶιιὲἒῗᾷιὲἀωὶηοτθ
1225 5779 1420 5835 littera
1434 5778 1583 5835 ascri

99 5777 262 5850 (143⁷)
304 5779 533 5836 Haecin
552 5777 842 5836 mslerant
858 5777 1217 5837 aliaminore
1225 5779 1420 5837 littera
1434 5778 1711 5851 ascripta.

1728 1778 1767 1831 Β
1806 1758 2111 1830 prohibuit
2139 1758 2345 1814 dicens
2403 1775 2415 1812 :

1803 506 2071 563 animam
2104 522 2279 563 suam
2308 506 2561 562 humani
2591 506 2824 575 generis
2849 507 3162 563 inimicum
3206 522 3461 578 supera-

1801 599 2019 660 turam,
2046 595 2230 667 jussit
2254 595 2318 652 in
2339 610 2532 665 agone
2557 595 2892 653 novissimo
2921 601 2986 651 ut
3034 612 3072 652 a
3090 595 3371 652 ﬁdelibus
3402 595 3465 652 in

1801 684 2129 741 oratorium
2157 690 2512 758 portaretur,
2544 690 2601 741 et
2629 690 2765 741 ante
2798 686 2982 742 altare
3008 685 3191 741 beati.
3237 685 3464 742 Otmari

1801 774 2218 846 deponeretur.
2250 775 2421 841 Quod
2448 791 2587 831 eum
2618 775 2841 831 factum
2893 779 3069 842 esset,
3117 775 3460 848 aliquantu-

1802 862 1925 918 lum
1986 880 2059 919 ex
2118 863 2455 923 inﬁrmitate
2497 864 2940 933 convalescens,
2970 864 3300 932 resedit;et
3324 866 3463 921 Ora-

1800 952 1957 1008 rium
1984 952 2283 1026 accipiens
2305 970 2411 1025 per
2434 953 2873 1009 confessionem
2893 953 3157 1026 primum
3180 969 3241 1008 se
3263 952 3463 1025 expia-

1800 1042 1901 1098 vit.
1939 1042 2080 1098 Dein
2110 1043 2215 1116 qui
2267 1043 2517 1099 aderant
2569 1058 2680 1115 pro
2731 1042 2871 1114 ﬁde,
2932 1059 3039 1114 spe
3096 1046 3153 1097 et
3176 1042 3461 1098 charitate

1802 1132 1944 1188 satis
1974 1133 2190 1189 utiliter
2214 1138 2272 1189 et
2298 1132 2630 1189 luculenter
2660 1132 3212 1189 commonefaciens
3260 1148 3363 1187 eos
3392 1148 3462 1187 ac

1801 1237 2013 1277 omnes
2073 1222 2185 1278 sibi
2243 1222 2621 1292 commissos,
2679 1226 2737 1277 et
2782 1220 3171 1277 nihilominus
3230 1220 3463 1277 obitum

1803 1327 1983 1366 suum
2013 1328 2151 1367 cum
2206 1312 2431 1367 intimis
2486 1311 2756 1384 suspiriis
2807 1314 2925 1367 Deo
2981 1315 3037 1366 et
3082 1310 3303 1366 sanctis
3333 1310 3464 1381 ejus

1805 1400 2270 1468 commendavit,
2304 1400 2511 1473 sicque
2540 1400 2753 1455 viatico
2806 1403 3047 1471 sumpto
3098 1400 3464 1454 humotenus

1805 1505 1865 1543 se
1896 1488 2250 1545 humiliavit.
2285 1492 2445 1545 Tunc
2477 1488 2679 1544 aeditui
2707 1488 2830 1543 sive
2861 1487 3210 1543 cubicularii
3253 1487 3463 1558 ejicere

1803 1578 2115 1633 tentabant
2144 1578 2455 1633 universos
2487 1578 2561 1632 de
2584 1576 2852 1643 ecclesia,
2876 1576 3136 1647 exceptis
3166 1574 3466 1631 familiari-

1804 1668 1921 1722 bus
1952 1668 2035 1723 ibi
2086 1685 2160 1723 ex
2209 1684 2375 1723 more
2417 1666 2964 1723 commanentibus.
3029 1668 3189 1731 Quos
3247 1664 3332 1721 vir
3364 1663 3467 1719 Dei

2476 1760 2747 1813 Reserate
2796 1756 2970 1823 ostia,
3028 1754 3197 1810 sinite
3229 1770 3462 1821 omnes,

1805 1847 1909 1919 qui
1930 1847 2024 1903 hic
2055 1863 2300 1904 manere
2329 1848 2530 1913 velint,
2565 1847 2778 1902 adesse
2820 1844 3169 1902 resolutioni
3221 1848 3463 1899 nostrae.

1808 1940 1933 1991 Non
1963 1937 2123 1992 enim
2150 1953 2280 2005 nos,
2330 1937 2435 2009 qui
2493 1953 2702 1991 sumus
2760 1934 3064 1997 mortales,
3117 1933 3468 1989 erubescere

1807 2026 2122 2095 debemus,
2151 2026 2265 2081 nisi
2294 2043 2367 2081 ex
2397 2025 2572 2081 malis
2603 2025 2908 2097 operibus,
2939 2040 3080 2079 cum
3110 2021 3319 2078 mortis
3367 2021 3468 2076 de-

1808 2114 2001 2170 bitum
2058 2115 2394 2171 necessario
2453 2114 2909 2178 exsolverimus,
2968 2110 3469 2184 quandoquidem

1808 2204 2091 2271 Christus,
2124 2204 2228 2277 qui
2266 2204 2413 2260 nihil
2457 2203 2634 2259 morti
2686 2202 2965 2267 debebat,
3027 2200 3210 2255 ferme
3267 2198 3470 2253 nudus

1808 2293 1963 2349 mori
1986 2310 2109 2349 non
2136 2293 2373 2349 erubuit
2408 2292 2469 2348 in
2522 2307 2699 2347 cruce
2757 2306 2866 2363 pro
2926 2288 3159 2359 generis
3213 2286 3469 2343 humani

1808 2382 2017 2438 salute.
2049 2382 2309 2455 Aspiciat
2336 2382 2591 2455 quisque
2622 2382 2682 2435 in
2708 2384 2899 2435 morte
2931 2383 3138 2435 nostra
3167 2376 3337 2450 quod
3357 2392 3466 2449 pa-

1808 2477 1940 2527 veat
1968 2477 2026 2527 et
2052 2488 2174 2528 non
2203 2476 2411 2527 caveat
2440 2472 2501 2527 in
2530 2487 2658 2526 sua.
2690 2473 2844 2525 Deus
2873 2467 3141 2523 misereri
3190 2466 3469 2535 dignetur

1807 2566 1865 2617 et
1893 2562 2037 2617 mihi
2066 2563 2284 2617 misero
2328 2559 2629 2633 peccatori
2676 2562 2933 2613 mortem
2984 2573 3144 2612 nunc
3197 2554 3463 2628 patienti,

1809 2656 1865 2706 et
1895 2651 2110 2723 cuique
2139 2666 2274 2705 eam
2303 2649 2509 2705 timide
2532 2665 2602 2704 ac
2627 2647 2930 2703 humiliter
2958 2644 3290 2717 aspicienti.
3327 2643 3465 2698 Haec

1809 2758 1949 2797 cum
1979 2740 2247 2805 dixisset,
2278 2744 2615 2795 reverenter
2670 2737 2980 2809 expiravit.
3038 2739 3164 2792 Mox
3223 2733 3467 2789 advenit

1811 2829 2297 2901 archiepiscopus
2325 2829 2474 2898 (144)
2500 2827 2676 2883 bona;
2726 2824 3055 2893 memoriae,
3112 2822 3463 2889 Hartwicus,

1810 2922 1867 2973 et
1893 2918 2051 2973 Arbo
2081 2933 2283 2973 comes
2309 2916 2560 2989 quidam
2590 2932 2662 2970 ex
2706 2930 2959 2969 numero
3007 2912 3279 2968 ﬁdelium
3326 2910 3469 2965 ﬁde-

1808 3007 2093 3077 lissimus,
2124 3006 2374 3078 viroque
2402 3004 2502 3060 Dei
2530 3004 2682 3059 inter
2701 3003 2887 3059 laicos
2905 3002 3317 3058 charissimus.
3348 3000 3470 3055 Hos

1811 3113 2053 3170 quoque
2082 3096 2182 3151 illo
2213 3100 2499 3151 venturos
2523 3098 2695 3150 nocte
2724 3093 3023 3166 praeterita
3054 3090 3266 3164 spiritu
3324 3106 3473 3163 prte-

1812 3187 2025 3242 doctus
2078 3184 2440 3241 venerabilis
2487 3182 2709 3257 praesul
2765 3181 3170 3251 Wolfgangus
3216 3178 3475 3235 innotuit

1812 3275 2204 3349 quibusdam,
2237 3279 2373 3347 post
2402 3274 2585 3343 longa
2612 3272 2865 3341 silentia,
2893 3276 2948 3327 et
2997 3270 3264 3344 corporis
3320 3267 3475 3324 rela-

1810 3370 1954 3421 xata
1977 3365 2274 3433 molestia,
2307 3368 2568 3419 astantes
2598 3366 2844 3431 terrens,
2892 3377 2963 3416 ac
3021 3361 3105 3415 sic
3162 3359 3359 3414 subito
3387 3357 3474 3413 in-

1811 3454 2026 3527 quiens
2078 3472 2090 3509 :
2155 3452 2429 3510 Mundate
2460 3451 2735 3517 domum,
2766 3452 3020 3522 purgate
3069 3448 3241 3514 atria,
3298 3446 3475 3502 hodie

1814 3544 2055 3599 venient
2079 3543 2254 3599 nobis
2273 3541 2419 3597 boni
2444 3541 2729 3612 hospites.
2790 3543 2856 3594 Et
2904 3542 2969 3593 ut
3018 3536 3272 3593 credatis
3327 3535 3476 3591 mihi

1817 3634 1959 3707 quia
1990 3649 2203 3688 verum
2232 3632 2389 3701 dico,
2413 3632 2529 3686 hoc
2557 3629 2728 3685 vobis
2786 3628 2894 3683 erit
2948 3627 3187 3697 signum
3246 3640 3320 3680 ex
3371 3640 3473 3679 ore

1814 3738 1949 3779 meo
2010 3740 2022 3777 :
2082 3721 2282 3787 Navis,
2344 3720 2405 3775 in
2461 3735 2585 3791 qua
2615 3717 2957 3773 ferebantur
2999 3718 3162 3770 bona
3188 3712 3475 3769 dominici

1816 3811 2090 3868 Hartwici
2116 3808 2581 3883 archipontiﬁcis
2606 3813 2663 3864 et
2705 3806 2930 3863 Arboni
2951 3804 3159 3877 optimi
3219 3802 3471 3870 comitis,

1815 3900 2199 3970 naufragium
2230 3903 2410 3970 atque
2437 3897 2737 3968 jacturam
2765 3895 2828 3951 in
2859 3892 3134 3949 Danubio
3190 3906 3478 3964 perpessa

1817 3994 1941 4057 est;
1976 3988 2084 4044 sed
2140 4004 2245 4060 per
2296 3984 2771 4042 misericordiam
2824 3982 2945 4049 Dei,
2995 3981 3273 4038 homines
3324 3979 3476 4036 salvi

1817 4078 1956 4135 facti
1982 4081 2141 4146 sunt,
2169 4082 2227 4133 et
2253 4076 2369 4150 ipsi
2397 4075 2629 4131 domini
2666 4090 2809 4130 mox
2830 4077 2967 4145 post
2995 4070 3227 4128 obitum
3274 4085 3481 4126 meum

1817 4169 1992 4226 vobis
2024 4173 2199 4225 erunt
2221 4167 2557 4224 adventuri.
2582 4164 2733 4227 Quid
2755 4164 2945 4220 multa
2965 4164 2993 4220 ?
3024 4161 3337 4234 completis
3360 4160 3478 4227 his,

1819 4277 1957 4333 quas
1989 4259 2148 4314 dicta
2176 4262 2333 4326 sunt,
2367 4272 2404 4311 a
2431 4256 2611 4311 beato
2658 4254 3031 4323 Wolfgango,
3085 4266 3304 4323 corpus
3350 4250 3481 4319 ejus

1821 4349 2174 4405 comitatum
2204 4347 2283 4402 ab
2308 4344 2761 4417 archiepiscopo
2791 4347 2847 4398 et
2870 4358 2907 4397 a
2935 4340 3164 4414 populo
3209 4337 3478 4395 ﬁdelium

1823 4439 2068 4512 copioso
2094 4440 2181 4492 est
2207 4435 2481 4505 religiose
2530 4432 2906 4498 translatum,
2958 4446 3069 4486 nec
3119 4444 3243 4485 non
3295 4426 3391 4482 die
3443 4442 3481 4482 a

1748 4500 1791 4553 Β
1822 4500 2073 4585 transitu
2110 4526 2266 4581 illius
2290 4500 2544 4597 septimo
2570 4522 2632 4577 in
2658 4522 2953 4577 civitatem
2984 4518 3373 4576 Ratisbonam
3399 4515 3479 4571 al-

1820 4619 2029 4674 latum.
2060 4615 2169 4671 Ubi
2198 4631 2338 4670 cum
2366 4610 2591 4686 praesul
2634 4611 2848 4666 beatus
2879 4607 3045 4681 apud
3069 4609 3353 4664 Sanctum
3374 4608 3478 4660 Pe-

1822 4712 1978 4763 trum
2009 4709 2163 4761 esset
2188 4706 2519 4776 susceptus,
2553 4716 2624 4756 ac
2653 4698 2991 4771 vigiliarum
3035 4696 3479 4767 missarumque

1825 4794 2327 4854 celebrationibus
2359 4795 2497 4858 Deo,
2532 4790 2629 4846 cui
2680 4787 3107 4855 famulabatur,
3140 4785 3290 4841 foret
3318 4800 3480 4839 com-

1825 4885 2167 4947 mendatus,
2185 4883 2246 4939 in
2262 4882 2509 4938 basilica
2519 4880 2678 4936 beati
2697 4876 2980 4951 Stephani
3000 4872 3477 4949 protomartyris,

1823 4980 1890 5031 ut
1914 4974 2117 5030 vivens
2139 4974 2525 5045 praeceperat,
2554 4966 2995 5042 pontiﬁcalibus
3020 4963 3239 5030 infulis,
3268 4962 3329 5017 in
3345 4960 3481 5034 qui-

1824 5065 1941 5121 bus
1970 5066 2355 5119 consecratus
2384 5065 2529 5126 erat,
2557 5056 2939 5125 induebatur,
2967 5056 3135 5125 juxta
3167 5053 3283 5107 hoc
3313 5049 3482 5123 quod

1826 5154 2113 5226 scriptum
2141 5155 2228 5207 est
2257 5169 2270 5206 :
2306 5151 2559 5206 lnduam
2589 5153 2643 5203 te
2674 5144 3007 5202 mutatoriis
3054 5144 3222 5212 (145).
3276 5140 3361 5196 Ibi
3417 5144 3484 5196 ut

1825 5243 2025 5301 audivi
2057 5241 2378 5314 aquodam
2409 5239 2756 5312 presbytero
2788 5250 2929 5289 sene
2956 5250 3025 5290 ac
3055 5232 3354 5303 religioso,
3378 5231 3483 5303 qui

1823 5349 1963 5389 eum
1973 5329 2340 5405 paramentis
2353 5328 2692 5391 amiciebat,
2712 5323 2791 5380 ad
2803 5321 3319 5379 manifestandum
3330 5320 3482 5377 tanti

1825 5420 2123 5496 pontiﬁcis
2152 5419 2452 5485 meritum,
2476 5432 2600 5472 non
2622 5417 2854 5472 tantum
2865 5412 3019 5468 odor
3034 5411 3231 5468 malus
3253 5411 3480 5478 aberat,

1826 5511 1933 5567 sed
1953 5511 2130 5567 etiam
2150 5509 2346 5565 bonus
2363 5507 2602 5574 aderat;
2622 5501 2957 5560 secundum
2973 5501 3140 5575 quod
3159 5500 3480 5573 Apostolus

1924 5638 2043 5693 144)
2088 5631 2557 5701 Salsburgensis,
2605 5629 2823 5685 Wurz.

1924 5638 2043 5693 144)
2088 5636 2384 5701 δειεδωνεε

1896 5636 2045 5778 1145)
2084 5703 2272 5762 Zach.
2304 5718 2384 5759 in.
