3968 6408
63 322 232 373 1045
882 326 970 377 DE
1011 326 1386 378 MIRACllLlS
1432 325 1485 379 S.
1532 316 1953 376 EMMERAMMI
1998 316 2175 371 LIBRI
2220 319 2380 374 DUO.
2424 352 2491 359 -η
2533 321 2663 374 LIB.
2705 322 2771 374 ll.
3415 321 3552 375 {M6

62 460 144 497 ac
188 450 406 498 mente
436 445 686 503 lllt'lllllS.
724 449 1043 501 veneran'li
1080 450 1375 519 pnniiiicis
1412 446 1681 513 adjuvari
1708 462 1767 498 se
1802 448 1846 498 Α
1886 447 1941 495 ct
1972 443 2297 513 potentiam
2332 448 2494 497 tuam
2525 444 2865 514 loquentur.
2910 442 3164 498 Proinde
3202 448 3257 499 et
3282 447 3344 499 tu
3374 444 3553 499 virili-

78 540 339 603 )ptaret
369 536 643 605 precibus
670 542 725 590 et
761 539 1000 603 meritis,
1038 540 1236 591 subito
1291 540 1484 592 laturis
1537 542 1770 589 contra-
1888 538 1970 585 ter
1998 548 2240 585 assume
2269 532 2577 594 dialogum
2623 534 2772 587 inter
2822 533 2975 587 duos
3006 533 3460 599 conferendum,
3496 541 3552 591 et

72 622 231 689 ctio,
271 628 335 675 et
366 630 715 678 caeterorum
760 627 989 679 nodosa
1050 628 1461 681 lDt'illltl'Ol‘lllll
1510 624 1772 685 alliuatio
1885 620 2123 674 srribito
2157 623 2555 677 venerabilem
2590 622 2783 676 virum
2815 621 3235 687 Ramuoldum,
3269 623 3547 693 quando-

70 717 167 763 est
207 712 439 778 soluta,
470 719 525 767 et
556 714 944 768 nihilominus
988 722 1105 769 tam
1166 718 1543 769 vehementer
1586 715 1773 766 disrn-
1882 725 1999 779 oue
2032 710 2335 781 scripseris
2370 713 2611 766 beatum
2644 711 3087 779 Wolfgangum,
3147 727 3385 766 summa
3443 712 3548 768 de-

70 805 189 868 pta
226 802 635 855 utsanuuinis
677 804 887 855 etl'usio
938 804 1229 857 (litllucget
1289 806 1341 857 in
1408 804 1768 873 pavimento.
1880 799 2116 852 xotione
2172 801 2608 855 commendans
2678 800 2837 855 ﬁdeli
2896 800 3221 866 memoriae,
3293 802 3549 872 qualiter

68 891 259 942 Tunc
298 890 534 957 mulier,
571 892 831 961 primum
856 894 1151 947 exterrita.
1204 911 1320 963 pre
1359 896 1563 945 timore
1598 891 1775 959 ciepit
1880 889 2202 943 luulabilis
2256 890 2512 945 dnalitas
2564 892 2708 945 tanti
2761 890 3033 946 antistitis
3081 894 3137 945 et
3179 890 3435 957 abbatis,
3460 892 3547 947 di-

71 976 389 1045 clamare,
423 980 558 1033 dein
593 981 867 1033 exsiliens
914 989 1107 1043 emittes
1164 983 1419 1036 reiltlixiit
1478 979 1773 1035 sulvatt'ici
1885 978 2133 1033 lectione
2166 981 2256 1034 Dei
2305 986 2360 1034 et
2411 981 2664 1051 proximi
2724 981 3064 1045 comitante,
3125 994 3264 1034 cum
3316 980 3433 1035 fide
3492 987 3549 1037 et

72 1073 326 1119 sanctae
355 1067 647 1122 Trinitatis
674 1070 1141 1141 omnipotentiae,
1200 1077 1376 1140 atque
1430 1075 1772 1123 sanctorum
1825 1089 1828 1091 λ
1884 1069 2186 1137 rbaritate,
2225 1070 2357 1123 illnc
2390 1070 2739 1141 pervenerit,
2776 1070 2876 1124 ubi
2908 1073 3114 1127 sancta
3143 1070 3394 1125 Trinitas
3418 1087 3547 1143 per-

72 1154 377 1209 sanitatis
412 1156 791 1227 iinpetratrici
824 1160 1169 1213 clean-num.
1212 1166 1410 1229 Itaque
1460 1159 1568 1211 sibi
1614 1156 1771 1209 resti-
1884 1158 2191 1226 petualiter
2216 1160 2467 1231 imperat
2498 1176 2604 1213 nec
2633 1176 2753 1214 non
2782 1159 3036 1215 indivisa
3067 1158 3390 1215 divinitatis
3418 1161 3547 1216 uni-

76 1248 217 1299 tnta
243 1244 325 1299 de
361 1246 675 1301 salutiferis
706 1248 967 1301 ecclesiie
1001 1249 1315 1302 «lomLciliis
1366 1247 1668 1317 repedavit
1695 1244 1773 1298 ad

78 1350 226 1387 sua.
272 1338 407 1389 Post
440 1337 562 1389 luec
596 1338 671 1391 ad
704 1355 857 1408 quos
893 1340 1069 1406 hujus
1110 1339 1187 1391 rei
1224 1356 1363 1392 cura
1419 1335 1770 1408 pertinebat.

78 1424 522 1489 scamnellnm,
553 1443 673 1496 quo
707 1427 801 1481 illa
837 1430 1201 1497 paupercula
1234 1429 1368 1481 totis
1416 1426 1640 1480 viribus
1692 1425 1775 1478 in—

78 1508 239 1562 nixa
276 1526 482 1579 repere
519 1513 712 1579 politis
755 1530 935 1582 quam
974 1514 1360 1567 tlt‘élllllilll‘ll‘t‘
1410 1512 1657 1577 solebat,
1695 1510 1771 1563 ad

83 1597 356 1659 gloriam
390 1600 649 1653 nominis
680 1601 881 1661 divini,
909 1607 961 1653 et
993 1602 1069 1655 ob
1109 1603 1458 1655 memoriam
1512 1600 1647 1654 tanti
1704 1600 1774 1653 si-

85 1686 220 1753 gni,
257 1704 443 1757 super
476 1690 627 1742 fores
658 1690 919 1743 ccclesim
955 1692 1422 1761 suspendi-bant.

165 1775 454 1838 Quadam
482 1778 575 1831 die
606 1780 730 1845 tu!”
766 1780 1085 1851 Dominico}
1133 1784 1454 1833 Ιι‹)η]ειιισ·ιο
1511 1794 1767 1849 pauper-
1803 1800 1844 1850 Β

87 1864 297 1922 culus.
329 1872 403 1931 et,
442 1873 501 1921 nt
535 1868 791 1922 veridica
836 1870 1116 1924 relatione
1166 1870 1365 1925 didici.
1422 1874 1769 1923 ltavennan-

89 1952 165 2003 tis
198 1953 469 2024 episcopi
503 1956 1033 2028 eleemosj‘naiius,
1069 1960 1253 2020 gratia
1284 1958 1492 2011 oramli
1524 1958 1678 2011 venit
1710 1972 1767 2010 in

87 2043 414 2099 ecclesiam
452 2049 506 2099 Β.
538 2048 977 2101 Emmeramnn.
1022 2058 1089 2108 Is,
1122 2050 1265 2102 «tum
1322 2048 1609 2117 frementi
1641 2062 1770 2101 ora-

94 2131 261 2184 tione
296 2148 356 2185 se
388 2133 623 2191 liberari
659 2144 1000 2191 sanctorum
1061 2138 1280 2191 meritis
1318 2138 1642 2206 postularet
1691 2135 1770 2189 ab

92 2220 427 2275 inlitereute
460 2223 570 2277 sibi
603 2224 702 2277 diu
740 2226 1492 2286 membrorumdebilitate,
1522 2225 1769 2279 demum

92 2310 389 2367 decubuit
420 2313 633 2367 inloco
664 2316 765 2385 qui
815 2315 968 2370 beati
1023 2316 1351 2383 Wolt'gangi
1412 2316 1650 2370 dotatus
1698 2316 1769 2368 si-

94 2399 225 2451 mul
260 2407 441 2471 atque
474 2403 692 2457 ditatus
724 2412 809 2458 est
836 2421 1081 2475 corpore
1136 2424 1325 2458 sacro.
1394 2405 1468 2457 ibi
1530 2404 1770 2458 feliciter

94 2496 442 2558 soporatus,
477 2494 803 2561 quemdam
842 2494 1030 2546 virum
1063 2501 1285 2547 statura
1333 2510 1667 2563 procerum,
1715 2497 1771 2545 et

94 2578 316 2631 canitie
376 2581 783 2635 venerandum
834 2588 1029 2636 astire
1088 2582 1245 2648 vidit,
1327 2582 1427 2653 qui
1492 2582 1568 2636 ad
1629 2598 1765 2635 eum

95 2667 250 2721 dixit
286 2685 296 2721 :
335 2671 399 2722 Ut
430 2671 572 2740 quid
600 2676 656 2724 tu
693 2672 782 2724 liic
811 2677 912 2725 aut
944 2673 1113 2740 cujus
1152 2674 1225 2724 rei
1262 2672 1449 2731 gratia
1501 2672 1615 2724 huc
1668 2670 1767 2723 atl-

96 2757 356 2813 venisti?
406 2760 507 2813 tilui
556 2760 647 2813 ille
711 2762 1021 2831 respondit
1063 2779 1074 2814 :
1131 2762 1391 2817 Domine,
1451 2778 1558 2831 pro
1594 2768 1767 2813 iterca

100 2846 283 2899 miser
332 2848 449 2901 huc
489 2850 621 2902 veni
677 2856 737 2903 nt
776 2866 954 2903 saner
1004 2866 1038 2903 a
1090 2850 1480 2911 laugi'ioribns
1541 2849 1763 2919 quibus

90 2936 224 3003 jam
256 2952 362 3006 per
394 2937 591 3007 plures
622 2956 813 2991 annos
844 2939 1107 2994 laboravi
1142 2941 1434 2993 detentus.
1486 2940 1557 2991 At
1592 2953 1763 2991 vene-

100 3024 304 3077 rabilis
332 3026 523 3087 heros,
557 3028 717 3093 virga
753 3030 1033 3097 pastorali
1062 3046 1246 3099 quam
1304 3045 1483 3082 manu
1532 3034 1762 3090 gestare

102 3113 414 3167 videbatur
448 3121 694 3173 tangens
727 3123 1040 3179 aegrotum,
1084 3134 1151 3170 ac
1200 3116 1407 3170 olli-iis
1466 3116 1761 3169 membro-

98 3218 233 3256 rum
260 3203 603 3258 destitntum
638 3206 1070 3274 miserabiliter,
1106 3206 1231 3259 intit
1267 3224 1277 3259 :
1326 3210 1465 3260 Ecce
1512 3206 1765 3259 sanabe-

99 3293 178 3346 ris
208 3292 263 3346 in
296 3293 537 3347 nomine
571 3303 789 3349 sanctss
822 3296 1133 3350 Trinitatis.
1168 3300 1346 3361 'l‘uuc,
1388 3295 1490 3365 qui
1521 3295 1765 3363 jacebat

98 3382 271 3453 quasi
300 3389 595 3445 mortuus,
632 3402 735 3456 per
766 3386 973 3439 merita
1028 3386 1294 3456 prses-uiis
1352 3384 1674 3445 revercnili,
1728 3392 1764 3438 a

100 3488 315 3525 sumno
344 3474 710 3536 {egritudinis
764 3476 1069 3532 CXt'lldllls‘,
1124 3480 1361 3545 repente
1412 3474 1665 3528 exsilivit
1710 3477 1765 3527 et

102 3576 222 3631 prre
255 3566 492 3633 stupore
525 3565 645 3617 sive
698 3565 955 3635 tripudio
1009 3564 1298 3631 clamans,
1352 3565 1407 3616 in
1464 3568 1762 3633 quantum

102 3651 307 3721 potuit,
346 3655 528 3706 Deum
562 3659 921 3723 sanctosque
950 3653 1105 3705 illius
1132 3662 1182 3705 et
1218 3653 1340 3722 ipse
1373 3652 1660 3711 laudavit,
1708 3655 1765 3705 et

103 3740 248 3795 alios
275 3740 347 3795 ad
381 3742 753 3797 laudandum
792 3743 1156 3811 provocavit.

178 3851 202 3875 u
248 3830 377 3883 Herc
408 3831 605 3902 itaque
636 3831 744 3884 tria
771 3830 1051 3900 capitula,
1087 3830 1165 3882 ob
1199 3828 1555 3882 memoriam
1588 3843 1763 3881 vene-

106 3919 273 3973 randi
303 3921 567 3992 episcopi
613 3921 670 3974 in
732 3920 971 3973 nomine
1030 3924 1250 3972 sanctae
1312 3917 1605 3971 Trinitatis
1657 3917 1757 3970 de-

110 4008 339 4079 scripta,
377 4024 485 4079 pro
520 4009 856 4063 testimonio
888 4008 1143 4061 duorum
1184 4007 1271 4060 vel
1307 4009 1480 4061 trium
1526 4006 1760 4059 testium

109 4097 368 4151 suilicere
401 4100 579 4153 credo
614 4100 701 4153 bis
734 4100 837 4170 qui
869 4116 984 4152 non
1020 4098 1281 4169 superbo
1313 4098 1486 4151 oculo
1519 4104 1575 4149 et
1600 4097 1759 4149 insa-

112 4189 283 4242 tiabili
312 4190 490 4243 corde
523 4190 928 4244 contradicere
958 4194 1182 4242 tentant
1216 4188 1442 4241 nomini
1477 4188 1627 4241 trino
1662 4202 1763 4257 pa-

110 4280 239 4332 riter
265 4285 317 4332 et
342 4280 563 4333 divino.
602 4282 848 4350 lnsnper
891 4296 1067 4349 spero
1098 4278 1372 4347 ejusdem
1415 4276 1600 4331 sancti
1636 4286 1760 4330 nie-

110 4370 273 4423 ritum
301 4369 424 4433 viri,
457 4386 717 4439 superna
746 4369 1063 4429 revelautc,
1098 4376 1151 4421 et
1188 4368 1573 4421 nihilominus
1619 4382 1758 4419 coo-

108 4464 341 4531 perante
370 4459 579 4528 gratia,
615 4459 982 4513 manifestius
1014 4459 1209 4512 adhuc
1243 4464 1297 4511 et
1349 4456 1755 4511 abundantius

110 4546 462 4601 declaratum
487 4546 575 4615 iri,
609 4562 713 4599 nec
740 4562 856 4599 non
892 4546 949 4599 in
983 4548 1232 4600 Domino
1261 4545 1492 4617 plenius
1517 4560 1552 4598 a
1584 4543 1757 4597 nobis

114 4637 226 4691 sive
257 4635 329 4689 ab
359 4635 488 4690 aliis
519 4636 830 4691 laudatum
864 4635 948 4690 iri.
1002 4660 1025 4683 ››

722 4711 769 4762 Α
780 4710 1148 4763 mmonirius.

181 4837 206 4863 ‹‹
247 4815 518 4869 Omnium
552 4814 819 4868 fidelium
852 4831 987 4886 spes
1022 4831 1138 4868 non
1170 4814 1363 4867 solum
1398 4828 1594 4884 aequo.
1651 4812 1757 4867 sed

116 4906 277 4959 etiam
310 4905 644 4959 necessario
676 4904 914 4975 ponitur
944 4911 997 4958 et
1032 4905 1229 4971 figitur
1258 4905 1313 4957 in
1349 4904 1758 4973 omnipotente

120 4995 350 5048 Domino
382 4996 483 5065 qui
517 4996 573 5048 in
604 4999 828 5048 tantum
878 4994 1294 5047 misericordize
1338 5009 1459 5045 sine
1494 5008 1757 5061 unguen-

121 5088 169 5136 ta
198 5083 467 5137 diffundit
491 5089 550 5137 ut
585 5099 689 5137 nec
720 5083 796 5136 ab
828 5082 1077 5147 ingraAis
1109 5082 1401 5134 beneficia
1454 5098 1563 5135 sua
1615 5080 1756 5134 sub-

118 5172 325 5225 traliere
360 5173 511 5225 velit.
549 5173 728 5240 tlujns
760 5172 890 5225 laus
941 5173 997 5224 in
1053 5181 1397 5224 sanctorum
1446 5171 1754 5235 memoria,

119 5278 287 5331 usque
314 5262 371 5314 in
408 5263 583 5314 tinem
620 5261 817 5314 saeculi
848 5260 1281 5314 confertissima
1315 5260 1487 5313 debet
1540 5259 1757 5331 recipe-

120 5367 172 5405 re
196 5351 568 5413 incrementa,
599 5350 932 5403 secundum
980 5350 1090 5403 hoc
1124 5350 1289 5420 quoii
1344 5349 1651 5403 l’salmista
1697 5350 1756 5403 in

120 5440 418 5495 centesimo
469 5439 936 5509 quadragesimo
985 5445 1197 5510 quarto
1258 5439 1495 5511 psalmo
1552 5439 1693 5493 dicit
1742 5456 1752 5491 :

120 5528 501 5582 Conﬁtcantur
558 5528 682 5593 tibi,
742 5528 1007 5596 Domine,
1060 5528 1264 5582 omnia
1309 5542 1491 5599 Opera
1540 5534 1659 5596 tua,
1704 5531 1760 5582 et

122 5617 286 5673 sancti
316 5616 395 5671 tui
424 5617 785 5671 benedicant
811 5618 932 5673 tibi.
960 5617 1215 5673 Gloriam
1239 5618 1407 5687 regni
1432 5617 1512 5673 tui
1540 5616 1755 5683 dicent,

185 5798 311 5871 (152)
349 5796 481 5855 Alia
509 5796 701 5854 littera
730 5798 809 5854 ad
834 5774 1191 5868 marginem.

1886 1252 1969 1299 tis
2001 1265 2136 1302 cum
2170 1250 2388 1303 sanctis
2419 1254 2473 1303 et
2500 1249 2699 1303 electis
2732 1248 3087 1303 reternaliter
3111 1253 3341 1315 regnat.
3386 1272 3415 1299 »

2515 1340 2906 1394 Collectitius.

1956 1448 1981 1472 ‹‹
2024 1432 2231 1493 Amen,
2266 1429 2365 1482 ttat
2394 1428 2667 1483 voluntas
2692 1428 2924 1483 Domini
2964 1428 3023 1483 in
3073 1427 3261 1483 salute
3311 1430 3544 1496 generis

1884 1516 1895 1567 1
1930 1516 2154 1577 umani,
2190 1522 2243 1571 et
2278 1518 2329 1571 in
2364 1518 2729 1589 paupercula
2758 1516 3155 1588 descriptione
3186 1516 3367 1586 hujus
3396 1534 3546 1590 opu-

1884 1604 2051 1658 sculi.
2081 1605 2282 1675 sicque
2317 1622 2493 1659 suum
2539 1606 2727 1676 stylus
2758 1610 2898 1675 agat
2923 1604 3209 1669 ofﬁcium,
3256 1610 3322 1660 ut
3346 1622 3454 1678 per
3482 1606 3544 1661 id

1884 1692 2256 1755 (ibeilientite,
2296 1698 2409 1747 Deo
2443 1701 2682 1764 paretur
2708 1693 3073 1765 acceptabile
3106 1693 3485 1750 sacrificium.

1956 1803 1983 1828 ‹‹
2030 1785 2159 1835 Post
2188 1783 2418 1837 obitum
2446 1784 2609 1855 atqui
2642 1784 2799 1838 beati
2839 1782 3175 1851 Wolfgangi
3219 1784 3540 1854 pontificis,

1886 1870 2102 1925 scilicet
2134 1872 2283 1925 servi
2320 1873 2415 1926 Dei
2444 1872 2928 1944 cunctipotentis,
2972 1871 3341 1927 Ramuoldus
3374 1888 3541 1941 egre-

1883 1960 1989 2023 gite
2014 1961 2319 2013 memoriae
2347 1961 2557 2025 abbas,
2591 1962 2650 2015 in
2697 1960 2983 2030 regimine
3033 1961 3379 2016 monasterii
3435 1978 3543 2017 seu

1880 2066 1897 2118 ι
1926 2050 2298 2103 rocnratione
2333 2051 2608 2119 cmnobii,
2642 2066 2747 2121 per
2784 2050 3144 2105 tentationes
3184 2050 3383 2107 varias
3439 2051 3542 2107 ad-

1878 2138 2184 2192 \ersitates
2212 2154 2537 2209 perpessus
2570 2144 2659 2194 est
2704 2139 2942 2195 multas.
3002 2140 3141 2203 Quae
3197 2139 3258 2194 in
3308 2144 3542 2196 tantum

1880 2234 2266 2281 excreverunt
2296 2233 2377 2294 ut,
2411 2228 2525 2281 sub
2550 2230 2745 2296 primo
2792 2230 2939 2297 (152)
2985 2227 3336 2287 Gebehardo
3383 2229 3541 2284 sedis

1881 2316 2059 2384 l.ujus
2089 2316 2372 2388 episcopo
2404 2317 2664 2371 famulus
2695 2316 2791 2372 Dei
2813 2316 2979 2389 apud
3012 2316 3245 2372 tertium
3268 2319 3543 2375 Ottonem

1880 2404 2323 2475 imperatorem,
2358 2407 2768 2477 quorumdam
2798 2406 3268 2462 detractionibus
3291 2406 3469 2462 simul
3489 2412 3545 2463 et

1881 2494 2365 2548 accusationibus
2394 2495 2803 2551 infamaretur.
2841 2496 3005 2551 Unde
3053 2495 3131 2550 ad
3180 2495 3239 2550 id
3296 2502 3543 2551 ventum

1879 2588 1963 2635 est
1991 2598 2113 2653 quo
2140 2582 2352 2637 iisdem
2394 2584 2673 2655 princeps
2702 2584 3002 2639 credendo
3027 2582 3194 2654 quod
3241 2599 3365 2638 non
3416 2600 3541 2639 cre-

1879 2671 2017 2723 uere
2044 2670 2272 2735 debuit,
2308 2672 2380 2725 de
2412 2672 2697 2737 religione
2728 2672 2835 2726 viri
2868 2671 2964 2727 Dei
2995 2670 3217 2725 dubius
3266 2670 3459 2727 factus
3487 2676 3544 2728 et

1879 2776 2120 2830 anceps,
2154 2760 2298 2814 dum
2330 2761 2404 2815 ad
2451 2767 2729 2815 sanctum
2788 2764 3321 2829 Emmerammum,
3377 2776 3541 2817 more

1880 2849 2326 2919 imperatorum,
2364 2850 2607 2915 veniret,
2641 2856 2697 2905 et
2726 2849 3093 2905 exacerbatis
3140 2848 3379 2918 animis,
3430 2865 3541 2907 nec

1879 2938 2099 3009 alloqui
2132 2956 2292 3004 eum,
2322 2956 2431 2994 nec
2458 2939 2664 2994 oculos
2694 2940 2753 2994 in
2781 2939 2949 2994 illum
2981 2944 3325 2994 convertere
3341 2939 3535 2995 vellet.

1820 3022 1823 3025 ’
1880 3034 2145 3099 (Λιηιψιρ
2174 3029 2251 3083 ab
2283 3046 2353 3083 eo
2385 3035 2619 3084 oratum
2648 3034 2801 3086 esset
2842 3028 2903 3083 in
2948 3028 3263 3083 secretario
3317 3028 3539 3099 altaris,

1796 3158 1835 3212 C

1878 3134 2081 3172 (eorum
2113 3135 2182 3171 eo
2209 3119 2309 3189 qui
2344 3118 2478 3173 fecit
2504 3119 2849 3174 machinam
2881 3117 3035 3185 coeli,
3077 3122 3245 3172 terras
3294 3133 3364 3173 ac
3417 3135 3542 3174 ma-

1878 3208 1977 3267 tis,
2005 3208 2251 3261 aet-.essit
2282 3207 2359 3262 ad
2408 3224 2544 3263 eum
2575 3208 2869 3279 despoton
2924 3206 3176 3279 quidam
3207 3211 3545 3278 symmysta

1876 3297 2004 3363 (ius
2059 3298 2302 3351 nomine
2360 3297 2718 3367 Heribertus,
2778 3302 2917 3351 tunc
2975 3295 3123 3351 forte
3173 3295 3541 3368 capellanus,

1874 3392 2080 3455 postea
2110 3403 2249 3440 vero
2281 3386 2647 3441 Coloniensis
2675 3388 3013 3458 episcopus.
3048 3390 3098 3440 Is
3137 3401 3211 3440 ex
3267 3386 3539 3442 consulto

1876 3474 1949 3527 ad
1984 3490 2122 3527 eum
2155 3474 2301 3528 dixit
2329 3493 2339 3527 :
2384 3475 2648 3535 Domine,
2680 3490 2803 3528 non
2829 3477 3062 3543 oportet
3090 3489 3199 3528 vos
3238 3473 3540 3542 indignari

1875 3568 2082 3615 contra
2111 3562 2301 3615 virum
2338 3562 2453 3616 Dei.
2506 3561 2595 3615 Ad
2640 3561 2770 3615 hiec'
2816 3560 3142 3630 imperator
3178 3560 3310 3615 inﬁt
3344 3578 3355 3615 :
3390 3565 3538 3617 Cum

1875 3651 2157 3721 scriptum
2192 3651 2305 3704 sit:
2344 3650 2673 3720 Principem
2706 3648 2914 3719 populi
2966 3648 3046 3703 tui
3096 3663 3169 3703 ne
3221 3648 3539 3705 maledixe-

1873 3740 1949 3792 ris
1985 3744 2154 3805 (133),
2208 3738 2329 3792 scio
2378 3739 2523 3809 quia
2579 3754 2701 3792 non
2752 3737 3031 3793 convenit
3082 3738 3390 3795 hominem
3436 3739 3539 3795 Dei

1874 3828 2014 3881 mihi
2045 3827 2354 3882 detrahere
2384 3827 2505 3881 sive
2528 3826 2882 3881 maledicere
2914 3844 2926 3893 ;
2961 3827 3293 3898 prassertim
3321 3844 3459 3883 cum
3481 3832 3539 3884 et

1874 3933 1984 3983 (go
2016 3917 2095 3971 illi
2131 3918 2273 3971 nihil
2318 3934 2589 3988 unquam
2644 3916 2885 3972 fecerim
2937 3918 3101 3990 quod
3158 3917 3233 3973 sit
3282 3918 3537 3987 dignum

1874 4007 2307 4062 maledictione.
2339 4011 2499 4062 ’l‘unc
2529 4007 2813 4063 dominus
2842 4006 3179 4063 Heribertus
3234 4008 3432 4063 bonus
3481 4014 3538 4064 et

1872 4097 2061 4151 tilelis
2093 4097 2484 4160 consiliarius,
2520 4097 2863 4169 respondit:
2915 4097 2971 4153 Si
3020 4097 3385 4170 principatus
3428 4099 3538 4154 im-

1873 4187 2015 4258 perii
2052 4188 2242 4253 gestit,
2267 4188 2416 4241 sicut
2444 4192 2501 4242 et
2521 4187 2699 4242 debet
2724 4187 2782 4241 in
2810 4188 3128 4258 prementia
3157 4188 3333 4243 vestri
3361 4204 3538 4245 vene-

1872 4276 2128 4331 randum
2170 4278 2475 4345 abbatem,
2533 4294 2735 4332 coram
2794 4280 3001 4332 sancta
3049 4278 3532 4345 congregatione,

1872 4382 2050 4435 super
2082 4366 2193 4419 bac
2228 4381 2287 4419 re
2318 4365 2694 4434 interrogate,
2746 4368 2803 4419 et
2856 4365 2957 4433 ita,
3019 4370 3220 4420 utrum
3276 4378 3416 4418 vera
3454 4378 3533 4418 an

1874 4454 2019 4508 falsa
2074 4454 2189 4507 sint
2242 4470 2377 4524 quas
2436 4453 2515 4509 illi
2573 4453 2960 4524 objiciuntur,
3019 4453 3283 4526 probari.
3344 4452 3533 4509 Credo

1869 4544 1929 4597 i1
1979 4546 2187 4609 Deum,
2242 4548 2299 4597 et
2358 4558 2531 4613 spero
2579 4542 2744 4615 quod
2790 4548 2911 4599 tam
2978 4543 3384 4599 venerabilem
3440 4558 3531 4598 se-

1868 4648 2007 4687 1-em
2055 4637 2111 4687 et
2166 4633 2488 4686 senectutis
2544 4632 2876 4697 maturitas,
2935 4648 3003 4687 ac
3057 4631 3342 4687 divinitus
3391 4646 3530 4687 cons

1869 4738 2035 4776 cessa
2088 4720 2377 4793 sapientia
2433 4725 2488 4776 et
2545 4720 2851 4777 humilitas
2913 4730 3232 4793 nunquam
3308 4720 3531 4793 permi-

1870 4813 2048 4868 serint
2097 4812 2316 4867 dixisse
2373 4811 2576 4884 qualia
2630 4811 2709 4866 ab
2758 4811 3013 4867 inimicis
3069 4811 3229 4867 dicta
3284 4816 3423 4867 sunt
3454 4810 3529 4866 de

1869 4918 1958 4963 eo,
1992 4901 2085 4956 vel
2118 4900 2274 4956 ﬁcta.
2337 4904 2483 4956 Tum
2519 4901 2845 4968 imperator
2896 4900 3202 4957 remittens
3233 4900 3527 4965 animum,

1870 4992 1943 5047 ad
1976 4992 2193 5045 divinae
2224 4990 2687 5062 dispensationis
2708 4996 2943 5054 nutum,
2974 5006 3179 5046 secum
3205 4989 3530 5062 assumptis

1868 5081 2250 5135 (,ilectoribus
2280 5081 2487 5152 paucis
2519 5081 2725 5152 [pacis]
2757 5081 2995 5135 intravit
3040 5080 3365 5135 claustrum
3421 5079 3530 5134 hu-

1869 5170 2021 5224 milis
2052 5176 2105 5224 et
2136 5170 2311 5223 mitis.
2345 5169 2427 5223 lbi
2460 5170 2666 5224 videns
2695 5170 3101 5225 venerabilem
3129 5172 3361 5225 Patrem
3390 5184 3529 5225 cum

1868 5259 2147 5313 fratribus
2220 5260 2580 5312 humotenus
2655 5264 3066 5331 prostratum,
3155 5260 3399 5331 expavit
3476 5262 3534 5315 et

1868 5348 2014 5402 dixit
2053 5364 2065 5401 :
2109 5347 2344 5401 Grande
2376 5346 2606 5401 malum
2633 5347 2768 5402 fecit
2800 5346 2966 5413 mihi,
2996 5348 3101 5420 qui
3128 5362 3200 5403 ex
3232 5347 3531 5417 legatione

1869 5436 2201 5491 (tebebardi
2234 5436 2500 5508 episcopi
2550 5453 2621 5492 ea
2660 5435 2969 5494 referendo
3023 5437 3238 5495 indidit
3280 5438 3531 5495 auribus

1868 5526 2038 5590 meis,
2071 5526 2292 5597 quibus
2324 5541 2417 5579 me
2450 5525 2859 5597 improvidum
2891 5532 3295 5584 commoveret
3324 5528 3531 5586 adver-

1870 5634 1972 5670 sus
2014 5616 2296 5671 abbatem
2352 5614 2534 5670 istum
2586 5621 2643 5672 et
2691 5616 2802 5672 sibi
2850 5619 3247 5681 commissum
3301 5623 3533 5676 sancto-

1944 5794 2094 5867 (153)
2131 5795 2332 5857 Exod.
2360 5810 2520 5863 XXII;
2549 5795 2685 5853 Act.
2715 5812 2878 5858 xm.
