3910 6410
392 312 527 366 1047
1438 309 1744 366 ARNOLDI
1784 305 1935 361 EMM

2317 303 2376 359 IS
2414 300 2751 360 MONACHI.
3742 301 3861 353 1041

388 448 524 486 rum
564 430 904 500 collegium.
942 430 1070 486 Scio
1098 430 1342 502 quidem
1368 431 1532 503 quod
1561 431 1692 486 vitae
1723 444 1871 484 mete
1897 442 2033 499 par-
2064 427 2110 478 Α
2148 424 2289 478 citer
2315 423 2631 496 usurpasti.
2668 422 2839 488 Quod
2869 421 3208 494 pessimum
3254 426 3313 476 et
3361 418 3694 475 omnium
3741 436 3862 491 pec.

391 536 469 574 va
497 535 621 574 non
651 524 739 574 est
763 519 998 587 agenda
1048 519 1392 589 paenitentia
1440 535 1549 591 pro
1604 518 1716 574 ista
1768 515 2035 572 falsitatis
2146 518 2416 567 catorum
2447 512 2970 567 mordacissimum
3008 511 3393 579 tenaculum,
3428 509 3729 583 provide
3780 524 3862 564 ca-

393 607 734 663 credulitate
764 607 1018 661 incauta.
1074 610 1235 663 Nunc
1265 623 1425 677 ergo,
1457 608 1602 679 quia
1631 609 1877 679 peccata
1903 619 2036 659 mea
2146 601 2306 656 vebit
2336 601 2460 656 sive
2492 600 2798 672 superabit
2833 599 3180 672 quicunque
3221 598 3508 671 implere
3567 597 3859 654 studuerit

393 696 771 750 nudaverunt
827 694 1074 763 vestigia
1129 700 1344 764 vestra,
1402 696 1674 764 obsecro,
1715 693 2037 749 recalceate
2149 690 2313 762 quod
2342 689 2660 762 Apostolus
2686 689 2828 745 dicit
2877 707 2890 745 :
2942 688 3361 744 Humiliamini
3422 687 3571 742 sub
3629 692 3855 761 potente

394 800 517 853 vos,
551 788 607 838 et
634 783 715 837 sic
746 783 926 838 redite
959 784 1037 839 ad
1066 799 1195 840 nos.
1231 787 1358 849 Quo
1392 784 1653 839 celeriter
1677 783 1852 845 facto,
1901 797 2037 835 cum
2148 795 2335 834 manu
2394 778 2515 847 Dei,
2589 783 2653 834 ut
2704 794 2814 834 vos
2860 777 3076 834 exaltet
3130 777 3194 832 in
3275 781 3595 849 tempore
3668 776 3854 833 visita-

393 869 669 925 fratribus
701 871 1054 926 venerabilis
1100 872 1274 927 heros
1320 872 1685 927 Ramuoldus
1742 885 2036 939 egressus,
2149 867 2325 922 tionis
2359 868 2523 938 (158).
2570 889 2597 916 ››

393 957 745 1014 ﬁducialiter
773 958 1004 1014 locutus
1042 964 1129 1014 est
1159 960 1236 1015 ad
1267 960 1597 1032 principem
1648 960 1852 1014 dicens
1885 975 1897 1012 :
1932 961 2039 1012 No-
2780 954 3169 1011 Collectitius.

394 1047 591 1102 Vimus
622 1048 845 1120 (ἶυίΡΡθ
875 1048 1015 1120 qum
1044 1049 1209 1121 CI“Od
1235 1049 1467 1105 habetis
1497 1049 1815 1122 imperium
1863 1048 2038 1102 desu'
2221 1083 2248 1111 «
2292 1062 2434 1116 Huic
2464 1061 2802 1117 testimonio
2832 1077 3018 1117 sacrm
3061 1060 3340 1118 lectionis
3404 1062 3675 1135 optime
3717 1078 3855 1117 com-

394 1151 503 1207 per
559 1140 647 1190 est
697 1135 905 1191 datum
956 1142 1131 1209 atque
1193 1138 1599 1199 constitutum,
1658 1143 1715 1192 et
1755 1137 1899 1209 quia

2320 1150 2485 1222 quod
2511 1151 2732 1206 Veritas
2756 1150 2817 1205 in
2846 1148 3167 1218 Evangelia
3198 1149 3348 1205 dicit
3380 1166 3405 1206 .'
3432 1151 3571 1216 Qui
3610 1167 3682 1206 se
3715 1151 3849 1206 exal-

398 1225 551 1278 Deus
580 1223 961 1291 benedixerit,
1001 1225 1347 1281 benedictus
1402 1227 1495 1281 sit.
1550 1226 1740 1296 Hujus
1798 1239 2039 1297 quoque
2149 1244 2294 1295 tam
2319 1238 2748 1308 humiliabitur’
2800 1243 2857 1294 ει
2908 1239 3014 1311 qui
3072 1254 3135 1294 se
3173 1238 3506 1304 humili“,
3575 1240 3850 1296 εχαιιεω.

398 1312 498 1379 rei:
548 1313 689 1384 (Ιηίδ
737 1328 843 1384 Per
890 1317 1077 1369 ίοίιιω
1133 1330 1255 1370 non
1304 1316 1524 1371 mimus
1573 1314 1813 1386 iDSiPidi
1847 1358 1860 1383 ν
1919 1314 2040 1368 imo
2148 1329 2432 1398 tur(159).
2464 1330 2603 1393 Qua:
2628 1327 2787 1383 dicta
2809 1327 3321 1399 veridica,utpote
3345 1328 3643 1400 quidem
3663 1334 3847 1384 sancta

397 1401 592 1455 adhuc
625 1417 833 1455 sumus
862 1417 932 1456 ex
964 1406 1129 1473 parte
1161 1403 1346 1469 scioli,
1382 1403 1539 1458 unde
1570 1402 1843 1474 parvitati
1892 1417 2038 1456 meae
2149 1420 2205 1471 et
2234 1415 2590 1485 Evangelica
2620 1415 2946 1485 insinuant,
2982 1414 3112 1470 aliis
3138 1430 3252 1487 pro
3305 1415 3722 1472 exaltatione
3762 1422 3851 1471 ιιιε.

395 1492 559 1543 tanta
587 1489 903 1560 temeritas;
935 1495 999 1545 ut
1028 1507 1139 1559 880
1180 1491 1308 1546 Vilis
1356 1491 1656 1559 Ϊιοιῐιιιίιιε,
1690 1505 2039 1545 mensuram
2149 1504 2458 1571 mendum,
2516 1504 2645 1559 aliis
2694 1520 2804 1576 pro
2852 1503 3187 1559 humilitate
3236 1504 3711 1573 gaudendum.
3756 1506 3847 1562 Sed

397 1593 594 1631 meam
625 1577 880 1648 plenitus
902 1578 1137 1643 oblitus,
1172 1580 1456 1634 auderem
1479 1580 1807 1635 celsitudini
1838 1585 2039 1634 vestrae
2148 1609 2288 1647 cum
2318 1593 2379 1647 in
2411 1592 2610 1647 multis
2642 1591 3025 1647 offendamus
3062 1608 3281 1647 omnes
3340 1596 3544 1663 (160),
3617 1594 3849 1666 superbi

397 1665 766 1735 maledicere.
797 1684 983 1738 quam
1009 1671 1129 1723 33X
1152 1684 1361 1737 regum
1414 1674 1471 1724 et
1513 1669 1797 1724 Dominus
1854 1668 2041 1724 άοωί·
2149 1685 2285 1736 sunt
2314 1681 2624 1750 tolerandi,
2657 1686 2713 1737 et
2741 1697 2847 1753 per
2875 1681 3167 1736 fraternas
3199 1665 3849 1739 admonitionesnassi-

396 1771 609 1810 norum
632 1756 761 1826 jam
795 1756 1041 1825 dignam
1090 1757 1227 1812 fecit
1274 1774 1382 1812 sua
1409 1758 1847 1813 benedictione!
1883 1762 2038 1822 Quo-
2072 1780 2111 1832 Β
2146 1769 2263 1824 due
2304 1769 2599 1835 visitandi,
2662 1773 2725 1824 ut
2769 1769 2936 1841 quod
2984 1768 3251 1841 superbe
3298 1769 3711 1843 delinquunt
3761 1787 3846 1843 per

396 1861 630 1916 cunque
685 1862 826 1915 ergo
868 1847 1094 1917 jUdiCiO
1139 1847 1436 1917 maiestati
1486 1853 1689 1903 vestri-'3
1735 1847 2038 1919 ΡῙᾶοιιθΓίῑ,
2146 1856 2495 1911 humilitatis
2552 1856 3035 1911 immutationem
3089 1855 3287 1927 possit
3343 1864 3726 1914 correctum
3775 1858 3846 1913 iri.

394 1939 638 2006 Paratus
694 1952 828 1991 sum
886 1952 982 1990 me
1035 1952 1105 1991 ex
1158 1935 1392 2006 Obiecto
1448 1951 1723 2007 Purgal‘e.
1766 1951 1875 1991 ῐιθϐ
1918 1951 2041 1990 non
2151 1948 2246 2000 Est
2275 1945 2434 2000 enim
2464 1945 2866 2017 periculosum
2894 1944 3069 2000 valde
3100 1944 3474 2016 superbiam
3521 1947 3712 2003 cordi
3760 1947 3847 2001 Ιιοο

396 2022 624 2077 cunctis
648 2023 1064 2094 astipulatione
1094 2024 1352 2078 veritatis
1384 2040 1491 2096 pro
1544 2025 1656 2079 hac
1707 2040 1765 2078 re
1815 2023 2043 2078 satisfa-
2150 2033 2328 2088 minis
2356 2034 2529 2105 quasi
2553 2032 2796 2106 proprio
2826 2032 2967 2088 nido
2992 2032 3275 2088 insidere.
3307 2033 3598 2091 Proinde
3619 2035 3850 2091 humili-

396 2127 546 2165 cere.
576 2112 900 2182 Imperator
937 2116 1135 2166 autem
1164 2128 1521 2182 responsum
1552 2112 1907 2175 deliberans,
1939 2113 2045 2167 hu-
2152 2126 2237 2176 ter
2262 2122 2587 2192 petendum
2611 2126 2700 2177 est
2730 2137 2766 2176 δ,
2804 2119 3106 2188 ﬁdelibus,
3164 2124 3233 2175 ut
3289 2125 3428 2177 tam
3496 2123 3847 2195 pestiferam

394 2199 660 2269 jusmodi
679 2200 863 2255 verba
883 2201 1192 2271 proponit:
1219 2201 1633 2256 Sicutveritate
1660 2201 2042 2269 delectamur,
2152 2209 2459 2265 dominam
2495 2226 2531 2265 δ,
2559 2210 2733 2265 nobis
2764 2213 2821 2265 et
2849 2208 2927 2264 ab
2958 2208 3247 2264 omnibus
3280 2210 3677 2268 Christianis
3707 2228 3848 2268 aver-

398 2287 479 2341 ita
510 2302 541 2340 e
570 2287 864 2342 contrario
890 2287 1237 2359 falsiloquiis
1268 2289 1715 2354 exacerbamur,
1769 2288 1926 2343 unde
1949 2289 2044 2357 ju—
2154 2302 2272 2353 tere
2301 2298 2578 2368 dignetur
2598 2296 3005 2353 misericordia
3037 2297 3135 2353 Dei
3159 2297 3662 2370 omnipotentis.
3709 2324 3739 2352 »

400 2375 624 2429 dicium
679 2376 774 2430 Dei
830 2392 1140 2432 censemus
1194 2377 1759 2449 superexaltandum
1822 2377 1944 2447 judi

1660 2393 1759 2432 um
1822 2377 2046 2447 judicio
2764 2404 3197 2460 Ammonicz'us.

402 2463 762 2530 mortalium,
818 2465 922 2536 qui
971 2465 1139 2522 facile
1190 2466 1402 2521 fallunt
1447 2470 1503 2522 et
1550 2465 1851 2522 falluntur.
1899 2465 2046 2522 Malo
2343 2509 2355 2521 .
2494 2510 2509 2524 .

402 2551 641 2587 "unum
676 2552 912 2587 “Mam
946 2553 1096 2587 ΝΜ
1129 2554 1201 2587 ΑΒ
1234 2553 1404 2587 km,“
1434 2568 1619 2587 "nam
1641 2552 1795 2587 mg,”
1821 2553 1894 2587 ΑΔ
1919 2569 2048 2587 ML
2233 2529 2253 2560 ι
2300 2512 2441 2579 Fiat,
2474 2511 2598 2577 hat,
2633 2510 2969 2566 secundum
2992 2508 3251 2565 verbum
3283 2514 3506 2580 tuum,
3546 2518 3623 2570 ut
3653 2530 3763 2587 per
3790 2520 3848 2568 te

402 2551 645 2623 quidem
676 2552 912 2607 credere
941 2553 1102 2608 bona
1128 2554 1201 2608 de
1233 2553 1405 2608 bonis
1434 2568 1623 2626 quam
1641 2552 1801 2609 mala
1820 2553 1894 2610 de
1919 2569 2048 2627 per-
2159 2602 2180 2653 ι
2235 2551 2253 2560 “
2300 2551 2441 2579 ⁸⁸“””
2476 2551 2598 2577 ““’“’
2634 2551 2969 2566 ⁹⁹“⁴“““““⁵
3005 2551 3251 2610 "mm?"
3287 2551 3509 2612 '“M’.
3550 2551 3623 2613 3"
3655 2551 3753 2587 ⁸⁸⁵⁸

402 2640 582 2671 Μῶα
646 2645 754 2671 MM
783 2642 938 2671 mh“
987 2658 1352 2671 mmmmmm
1388 2642 1553 2671 an“,
1606 2647 1824 2671 hum“
1874 2642 2013 2671 mm
2184 2615 2284 2653 um
2335 2599 2630 2654 mundum
2683 2598 2859 2655 cadat
2904 2598 3019 2654 hoc
3048 2598 3413 2671 pestiferum
3444 2606 3706 2660 Vitium.
3750 2626 3775 2652 ι·

400 2642 603 2695 Versis.
642 2645 755 2696 Nec
783 2642 941 2696 enim
985 2658 1357 2715 quemquam
1385 2642 1554 2697 decet
1606 2647 1824 2698 temere
1872 2642 2047 2715 quid-
2162 2642 2284 2653 ’ω-
2337 2642 2630 2654 “ww-
2684 2642 2859 2715 ww:-
2888 2642 3413 2715 -ῖ-νέξνυωυ--υι
3456 2642 3706 2660 unum.

401 2745 584 2801 quam
639 2730 877 2786 credere
931 2747 967 2787 a
1023 2748 1355 2803 quoquam.
1403 2731 1566 2787 Unde
1609 2736 1665 2787 et
1692 2732 1945 2787 verbotei

1644 2736 1665 2787 t
1692 2706 2050 2787 verbm-enus
2791 2706 3184 2764 Collectitius.

401 2822 603 2890 tuapte
635 2819 866 2891 prolata
892 2820 1108 2890 objecti
1139 2820 1444 2876 excusatio
1474 2826 1565 2876 est
1621 2820 1765 2876 mihi
1812 2837 1849 2876 a
1886 2824 2050 2876 tanto
2232 2832 2262 2865 ε
2303 2816 2466 2868 ΝαΠο
2492 2827 2635 2881 81⁸80
2662 2828 2784 2880 θοεν
2816 2828 2971 2885 quos
2996 2813 3372 2870 ωοΐάαοίιϐΐ
3427 2817 3847 2875 admoniti“!!-

400 2906 527 2962 viro
551 2923 883 2979 permagna
914 2907 1254 2976 satisfactio,
1287 2924 1409 2980 qua
1436 2908 1620 2963 modo
1649 2925 1815 2980 aeque
1859 2914 1923 2965 ut
1965 2908 2051 2964 al-
2166 2901 2300 2957 cula
2326 2906 2428 2957 tua
2457 2901 2684 2957 notavit
2710 2901 3215 2971 negligentiarum
3245 2908 3304 2958 et
3353 2904 3498 2961 vitii
3560 2908 3847 2965 vitiorum.

403 2995 582 3049 terius
622 2996 852 3064 generis
884 2995 1137 3050 evidenti
1168 2996 1438 3067 placatus
1477 2996 1723 3067 judicio,
1777 2997 1974 3053 senior
2017 3014 2053 3053 o
2165 2991 2337 3046 liceat
2375 2991 2466 3046 his
2495 3007 2627 3062 qum
2679 2991 3129 3063 subsequuntur
3186 2991 3469 3064 placare.
3538 2997 3849 3072 Imperator

405 3081 612 3136 dilecte
641 3085 776 3147 Deo,
812 3082 1057 3153 spiritali
1084 3084 1439 3139 allocutione
1466 3084 1685 3155 pariter
1731 3088 1787 3140 et
1843 3085 2052 3141 admo-
2087 3127 2126 3178 α
2164 3078 2655 3178 igiturAgIOi'io'sus
2684 3079 3158 3178 prmnominatus
3200 3084 3260 3135 et
3302 3097 3490 3154 seepe
3546 3088 3849 3142 nominan-

405 3169 626 3224 nitione
650 3169 732 3224 tui
755 3169 815 3225 in
847 3170 1047 3242 aliquo
1077 3178 1296 3227 secreto
1339 3176 1488 3239 (154)
1515 3172 1667 3242 loco,
1715 3175 1891 3245 cupio
1917 3190 2054 3231 eon-
2087 3163 2126 3181 “
2165 3165 2299 3231 dus.
2335 3167 2464 3222 Οῑῐο
2492 3166 2584 3233 ῙΙῙ,
2615 3166 2676 3221 in
2701 3165 2902 3222 munis
2925 3166 3265 3237 religiosus
3297 3184 3458 3225 cum
3515 3172 3759 3230 abbate
3787 3190 3851 3226 τε·

407 3259 600 3314 vem'ri
649 3274 750 3314 seu
780 3260 928 3329 (155)
967 3260 1285 3327 consolari,
1344 3266 1399 3315 et
1450 3277 1604 3316 onus
1653 3262 1839 3330 regni,
1892 3263 2056 3335 quod
2166 3253 2436 3310 nerando
2465 3254 2704 3310 intravit
2731 3254 3048 3310 ecclesmm
3080 3256 3278 3312 Sancti
3309 3258 3662 3318 Benedicti
3697 3263 3773 3319 ad
3800 3262 3853 3316 ta-

407 3344 689 3415 indignus
719 3346 942 3418 accepi,
975 3346 1248 3403 desidero
1305 3363 1410 3420 per
1462 3365 1600 3404 eum
1645 3349 1894 3405 relevari
1950 3351 2055 3423 qui
2164 3342 2394 3399 mulitia
2445 3343 2651 3400 divina
2679 3343 3079 3417 multipliciter
3117 3344 3371 3403 addicti.
3437 3350 3597 3415 Qua
3654 3351 3850 3426 oppido

408 3432 549 3487 dicit
570 3432 630 3488 in
662 3434 810 3489 Isaia
835 3435 1126 3506 propheta
1157 3452 1171 3489 :
1203 3436 1631 3508 Computrescit
1653 3438 1871 3509 jugum
1903 3454 1940 3495 a
1973 3440 2055 3495 fa-
2164 3430 2531 3502 humiliatus},
2580 3436 2638 3488 6t
2678 3447 2785 3505 per
2812 3431 3213 3490 00113358101118
3268 3434 3689 3497 medianam
3742 3456 3852 3496 con-

409 3521 495 3578 cie
516 3522 627 3579 olei
657 3523 817 3595 (156).
859 3547 888 3573 ››
2166 3524 2479 3590 sternatus,
2511 3520 2660 3577 inter
2686 3520 2810 3577 duo
2839 3521 3049 3577 altaria
3086 3522 3200 3578 sub
3230 3524 3447 3596 specie
3485 3533 3768 3598 gemina;
3794 3530 3855 3583 di-

1016 3616 1439 3671 Ammom’cius.
2163 3608 2429 3665 lectionis
2454 3610 2793 3680 constituta,
2826 3626 2896 3666 ac
2924 3610 2987 3666 in
3013 3611 3243 3667 honore
3270 3614 3588 3683 ejusdem
3632 3635 3855 3677 venera-

479 3723 507 3751 ‹‹
550 3704 667 3757 Hoc
694 3706 799 3772 est,
830 3703 996 3775 quod
1025 3720 1130 3776 per
1158 3706 1518 3777 prophetam
1555 3705 1770 3760 dicitur
1798 3724 1810 3761 :
1842 3706 2058 3763 Erube-
2163 3699 2374 3756 billimi
2398 3700 2604 3770 Patris,
2635 3704 2692 3756 et
2713 3700 2997 3773 praeclari
3031 3701 3315 3772 martyris
3374 3704 3627 3765 Christi
3662 3709 3854 3765 Kilianj

409 3807 526 3858 sce,
562 3791 763 3859 Sidon,
794 3792 941 3847 dixit
981 3809 1147 3848 mare
1180 3794 1343 3864 (157).
1397 3797 1539 3849 Ecce
1586 3810 1720 3863 nos,
1770 3794 1873 3866 qui
1924 3795 2058 3865 jure
2165 3791 2759 3858 consecrata,jussus
2790 3803 2826 3842 ἃ
2856 3787 3102 3860 spiritali
3131 3793 3322 3860 patre,
3354 3792 3548 3851 velut
3597 3798 3849 3855 servulu=

408 3879 738 3950 praepositis
768 3896 871 3951 per
895 3881 1101 3936 omnia
1121 3881 1413 3936 debemus
1437 3882 1758 3949 humiliari,
1793 3899 1949 3955 saepe
1980 3884 2059 3940 ob
2163 3876 2481 3931 vilissimus
2509 3876 2570 3931 in
2596 3876 2807 3932 humili
2828 3877 3114 3949 tripedica
3140 3894 3353 3935 coram
3382 3895 3469 3937 eo
3534 3888 3729 3957 sedit,

410 3966 595 4021 verba
626 3966 895 4024 fraternae
944 3968 1391 4037 admonitionis,
1451 3970 1747 4040 superbiai
1782 3971 2057 4045 stimulis,
2167 3964 2408 4021 militate
2439 3964 2753 4021 comitatus
2782 3966 3011 4038 optima
3038 3970 3252 4023 matre.
3269 3967 3362 4023 Ibi
3392 3972 3673 4032 audivit
3701 3978 3854 4033 multa

414 4054 490 4110 ad
521 4054 890 4113 iracundiam
918 4057 1244 4130 provocati,
1273 4060 1481 4112 contra
1517 4061 1718 4129 patres
1767 4064 1823 4114 et
1853 4059 2059 4117 fratres
2168 4070 2303 4127 quae
2330 4054 2522 4110 solent
2550 4070 2735 4127 opera
2762 4054 3066 4111 destruere
3105 4055 3305 4124 stulta,
3366 4074 3498 4117 nec
3570 4081 3711 4123 non
3768 4066 3854 4121 alia

414 4142 752 4199 indecenter
768 4149 825 4200 et
854 4160 1038 4216 supra
1066 4143 1319 4198 modum
1345 4142 1609 4199 solemus
1651 4150 2058 4218 commoveri;
2167 4142 2363 4216 plura,
2394 4158 2529 4215 quae
2574 4142 2760 4199 corda
2814 4143 3173 4200 stolidorum
3231 4146 3540 4219 accipere
3605 4156 3857 4212 abnuunt

415 4234 471 4286 et
498 4234 828 4288 econtrario
858 4231 1156 4287 saecularis
1184 4247 1461 4303 persona,
1522 4247 1646 4287 non
1694 4232 1889 4289 solum
1937 4236 2064 4293 otﬂ-
2171 4232 2396 4289 cervice
2424 4231 2722 4306 praedura.
2753 4236 3006 4290 Demum
3025 4250 3134 4308 per
3149 4250 3457 4295 conversa
3470 4240 3729 4301 tionem
3748 4245 3859 4302 alter

417 4320 573 4376 ciose
602 4320 663 4376 in
690 4320 955 4376 fascibus
983 4320 1322 4389 constituta,
1351 4319 1456 4375 sed
1503 4321 1681 4377 etiam
1729 4323 2061 4397 principali-
2170 4320 2381 4389 factus,
2413 4327 2470 4378 et
2492 4338 2599 4397 per
2636 4322 3112 4379 admonitionem
3159 4322 3443 4381 hominis
3516 4333 3641 4390 Dei
3688 4336 3855 4391 intimi

416 4412 502 4465 ter
524 4408 818 4481 imperiali
854 4406 1088 4477 fastigio
1136 4408 1472 4481 sublimata,
1530 4416 1843 4485 assumpto
1895 4396 2063 4471 sobe-
2099 4474 2139 4494 ἢ
2174 4414 2385 4482 tactus,
2418 4396 2673 4481 gratiam
2703 4411 2803 4466 Dei
2832 4411 2945 4468 sibi
2974 4412 3190 4468 adesse
3235 4414 3463 4484 sensit,
3526 4436 3692 4494 qua
3739 4440 3857 4480 con:-

417 4502 576 4553 mate
608 4474 1344 4563 humilitatis—confundit
1400 4474 1762 4572 superbiam.
1803 4502 2068 4574 dejectri-
2098 4474 2140 4527 Β
2172 4474 2560 4572 punctionem
2590 4500 2994 4571 largissimam
3023 4501 3107 4558 illi
3132 4502 3414 4572 contulit,
3448 4474 3855 4580 quIExtLB—oz

420 4601 551 4641 cem
577 4583 920 4653 archangeli
949 4588 1005 4641 et
1034 4592 1286 4643 matrem
1312 4587 1721 4654 diaboli.de
1744 4589 1857 4646 hac
1878 4592 2068 4648 humi-
2174 4590 2360 4646 homo
2388 4590 2650 4646 interiori
2678 4589 2910 4646 homini
2958 4607 3082 4647 non
3109 4592 3305 4648 solum
3350 4594 3523 4669 (161)
3578 4605 3861 4661 subtiliss':

419 4673 582 4728 litate
614 4672 773 4729 bona
802 4673 1076 4732 voluntas
1106 4682 1407 4750 operatur,
1436 4677 1554 4732 nisi
1585 4681 1649 4732 ut
1670 4679 1950 4749 superbia
1964 4698 2069 4738 no-
2176 4695 2273 4735 me
2304 4678 2691 4735 concordavit
2714 4680 2817 4735 sed
2833 4680 3011 4736 etiam
3041 4680 3365 4738 utilissime
3393 4686 3601 4755 (162).
3620 4694 3861 4763 Cumque

423 4765 544 4816 stra
572 4766 873 4832 arguatur,
902 4770 957 4820 et
970 4766 1199 4837 justitia
1228 4765 1686 4837 quodammodo
1717 4782 1828 4822 nos
1858 4786 2070 4828 conve-
2177 4767 2307 4823 haec
2337 4766 2638 4837 fragilitati
2664 4768 2949 4824 humanae
2978 4767 3123 4824 inid
3139 4771 3442 4841 temporis
3472 4780 3861 4837 satisfaceret.

421 4852 566 4919 niat,
595 4856 652 4908 et
681 4854 757 4909 ad
788 4870 890 4911 cor
924 4861 1199 4912 nostrum
1249 4854 1435 4910 verba
1488 4855 1837 4925 hujusmodi
1886 4860 2070 4917 intro-
2177 4854 2338 4913 foras
2368 4871 2664 4925 egressus,
2696 4855 2775 4912 ad
2805 4872 2947 4911 suos
2994 4855 3160 4913 dixit.
3224 4859 3373 4914 Vere
3424 4864 3721 4937 Spiritus
3771 4886 3861 4925 sar

421 4942 657 4998 mittat?
686 4944 998 5014 Erubesce,
1034 4943 1240 5012 Sidon,
1274 4942 1422 4999 dixit
1448 4959 1634 5015 mare,
1692 4944 1751 4999 id
1799 4952 1903 5015 est,
1936 4966 2074 5007 con-
2178 4950 2307 5001 ctus
2333 4945 2568 5002 locutus
2598 4950 2687 5002 est
2712 4962 2820 5020 per
2848 4961 2918 5001 os
2946 4945 3059 5001 viri
3086 4946 3281 5001 istius.
3318 4952 3533 5010 Hodie
3569 4957 3641 5014 in
3680 4976 3862 5017 sermo

420 5030 669 5088 fundere
694 5034 1003 5104 negligens
1049 5032 1369 5098 monache,
1416 5031 1536 5088 sive
1585 5036 2068 5108 sanctimonialis,
2177 5049 2254 5091 ne
2296 5033 2453 5090 illius
2496 5034 2749 5107 probavi
2797 5050 3008 5090 verum
3067 5050 3197 5089 esse
3252 5034 3415 5094 illud
3476 5044 3838 5105 Salomonis

420 5119 561 5176 dicit
582 5121 774 5177 ﬁdelis
803 5121 915 5176 etsi
940 5118 1424 5191 saecularis,quia
1451 5123 1887 5180 monachorum
1914 5142 2074 5183 sum-
2179 5122 2371 5179 Verba
2401 5122 2740 5196 sapientum
2769 5121 2948 5195 quasi
2977 5121 3128 5178 clavi
3157 5120 3219 5176 in
3250 5122 3464 5184 altum
3497 5134 3712 5193 deﬁxi
3734 5139 3841 5205 (163

421 5225 586 5264 mam
613 5210 914 5273 virtutem,
946 5208 1062 5263 hoc
1106 5212 1211 5274 est,
1262 5208 1653 5267 humilitatem
1701 5214 1983 5285 abjecisti,
2016 5220 2074 5272 et
2253 5232 2283 5260 «ι
2325 5211 2664 5269 Mandatum
2694 5210 2921 5284 quippe
2949 5209 3227 5266 divinum
3252 5215 3633 5281 certissime
3658 5229 3786 5282 suis
3811 5225 3862 5279 cf.

422 5296 759 5351 maximum
784 5293 1012 5361 vitium,
1043 5293 1107 5349 id
1135 5300 1241 5365 est,
1276 5298 1618 5369 superbiam
1660 5300 1766 5356 tibi
1812 5301 2072 5374 pertina-
2178 5301 2580 5357 amatoribus
2602 5301 2751 5372 (164)
2768 5298 2963 5355 reddit
2979 5298 3240 5356 liberum
3262 5302 3610 5372 animum.
3631 5317 3862 5387 Cumqut

521 5402 637 5470 154)
677 5400 806 5455 Alia
824 5398 1016 5457 littera
1043 5400 1105 5455 in
1134 5418 1247 5459 ms.
2256 5409 2380 5481 (160
2439 5410 2572 5466 Jac.
2605 5424 2687 5464 ιιι.

495 5400 647 5606 (155)
684 5469 814 5525 Alia
838 5486 1026 5527 manu
1051 5471 1114 5527 in
1142 5489 1255 5530 ms.
2251 5408 2403 5606 (161$
2442 5483 2505 5535 In
2532 5495 2649 5535 ms.
2683 5477 2865 5560 alia

523 5544 623 5595 156
688 5541 805 5596 Isa.
836 5557 995 5596 xxm.
2252 5552 2379 5606 (162
2441 5554 2508 5606 In
2537 5566 2651 5606 ms.
2678 5548 2797 5605 aha.
2825 5548 2865 5604 ll

524 5474 645 5547 166)
684 5469 814 5547 alia
838 5486 1026 5527 manu
1051 5471 1114 5527 in
1142 5489 1255 5530 ms.

2251 5469 2403 5547 (161)
2442 5483 2505 5535 In
2532 5495 2649 5535 ms.
2683 5477 2801 5535 alia
2828 5477 3042 5533 littera.

523 5541 647 5621 1ξ16)
688 5541 805 5621 (sa.
836 5557 995 5596 xxur.
2252 5541 2403 5621 (162)
2441 5554 2508 5606 In
2537 5566 2651 5607 ms.
2678 5548 2797 5605 alia
2825 5548 3037 5604 littera.

501 5611 646 5687 (ξεῖ)
686 5612 803 5687 ζερυ
832 5628 993 5687 ωλι.

2252 5611 2403 5687 (163)
2440 5621 2640 5678 Eccte.
2667 5634 2770 5676 xu.

501 5681 643 5764 (3??)
684 5682 905 5764 £3”???-
934 5700 991 5740 ν·

2254 5681 2294 5757 (1
2312 5694 2337 5725 ἐ
2352 5681 2398 5757 1.)
2438 5690 2802 5764 Μίᾶξϋῑιεη.

500 5752 647 5825 (159)
684 5752 901 5810 Matth.
933 5770 1111 5815 xxm..
