4696 6446
388 406 502 458 205

1451 412 1606 467 VITA
1647 411 1702 466 S.
1745 411 2203 479 CUNEGUNDIS,
2247 413 2361 468 UBI
2402 415 2490 469 DE
2532 418 2587 470 S.
2633 414 2961 469 HENRICO.

3848 421 3950 470 206

384 527 648 599 ipsique
681 536 987 603 tanquam
1016 532 1249 604 proprio
1283 532 1474 587 abbati
1525 533 1585 587 in
1625 532 1889 586 omnibus
1925 534 2152 603 penitus
2190 538 2234 587 A
2267 535 2507 589 videtur.
2558 536 2609 588 Is
2666 535 2818 588 enim
2860 551 3016 588 num.
3051 537 3080 587 ὅ
3114 534 3194 588 ait
3219 535 3519 606 indignum
3550 536 3691 599 fore,
3732 544 3793 591 ut
3830 540 3949 608 ipse

382 616 659 672 obedire
732 622 1061 674 secundum
1109 622 1321 690 regula:
1377 626 1745 691 praeceptum.
1796 621 1960 685 Quod
2024 637 2154 675 cum

380 707 856 774 spopondisset
900 710 1235 779 imperator,
1289 714 1457 778 atque
1498 715 1563 762 ut
1610 710 1919 762 monachus
1967 726 2154 762 susce-

379 799 528 860 ptus
595 794 852 863 fuisset,
886 797 1029 850 dixit
1080 797 1286 851 abbas:
1323 797 1650 850 «Volumus
1689 813 1825 867 ergo
1867 804 1925 850 et
1955 797 2152 867 praeci-

374 882 607 948 pimus
647 890 721 937 ut
768 885 842 937 ad
887 884 1330 954 gubernandum
1383 884 1542 937 vobis
1576 902 1609 937 a
1664 885 1778 937 Deo
1830 885 2156 955 delegatum

374 972 755 1040 imperium
798 975 1071 1029 redeatis.
1114 996 1141 1023 ››
1177 974 1379 1044 Sicque
1404 974 1532 1043 pius
1569 973 1901 1044 imperator,
1938 976 2156 1044 regulae

382 1061 728 1128 astrictus,
772 1062 1067 1132 reliquum
1109 1063 1237 1115 vitae
1278 1068 1505 1131 tempus
1533 1062 1593 1114 in
1638 1062 1909 1116 virtutum
1944 1062 2157 1116 exerci-

384 1149 487 1201 tiis
554 1150 909 1219 transegit,
955 1150 1304 1220 beatumque
1351 1150 1717 1203 Benedictum
1772 1165 1899 1203 vere
1944 1155 2007 1203 ut
2054 1151 2157 1203 Pa-

386 1238 555 1286 trem
598 1237 837 1290 coluit.
870 1237 1065 1291 Simile
1108 1238 1239 1290 huic
1269 1237 1477 1291 factum
1508 1236 1749 1306 contigit
1775 1236 1835 1290 in
1870 1244 2156 1291 monaste-

386 1321 481 1374 rio
535 1323 921 1378 Gellonensi
968 1326 1173 1379 saeculo
1229 1325 1592 1390 duodecimo,
1646 1325 1746 1378 ubi
1785 1326 2158 1395 Berengarius

386 1410 463 1463 de
495 1411 839 1480 Mayrosio
873 1413 1261 1467 obedientiam
1291 1414 1418 1482 pari
1471 1413 1643 1466 modo
1669 1412 1819 1466 vovit
1873 1413 2156 1467 Richardo

382 1500 786 1553 Gellonensi
819 1502 1034 1569 abbati,
1089 1505 1151 1554 ut
1183 1506 1337 1571 patet
1365 1517 1429 1553 ex
1484 1500 1605 1570 ejus
1662 1501 2028 1570 professionis
2074 1518 2158 1554 ce-

381 1588 535 1640 dula
605 1605 820 1659 quam
870 1605 936 1642 ex
990 1605 1093 1641 ms.
1151 1589 1341 1641 codice
1381 1589 1636 1657 ejusdem
1687 1588 2017 1641 monasterii
2046 1589 2158 1641 huc

384 1677 643 1729 referre
722 1678 925 1730 visum
988 1682 1108 1730 est:
1176 1679 1337 1731 Anno
1393 1677 1460 1730 ab
1525 1680 1897 1731 incarnatione
1946 1680 2159 1731 Domini

390 1769 568 1829 H62,
606 1768 684 1818 in
745 1770 972 1819 nomine
1026 1766 1250 1829 domini,
1300 1781 1393 1829 ego
1443 1768 1800 1832 Berengarins
1840 1766 1903 1818 de
1935 1769 2156 1833 Μαντο-

384 1857 491 1919 sio,
532 1854 768 1907 volens
831 1856 1156 1907 renuntia-re
1214 1855 1436 1906 terrenis
1465 1853 1534 1921 [et
1590 1854 1803 1906 inhiare
1839 1854 2156 1919 caelestibus,

384 1944 564 1996 trado
632 1946 707 1995 in
768 1959 943 1995 manu
998 1944 1211 1995 Domini
1243 1940 1504 1995 Richardi
1542 1941 1754 1994 abbatis
1794 1943 1970 1994 sancti
2001 1941 2159 1995 Guil-

382 2032 547 2083 lelmi
606 2046 714 2083 me
786 2033 970 2098 ipsum
1013 2030 1087 2082 ad
1138 2030 1507 2082 monachicum
1556 2028 1802 2083 habitum
1854 2030 2159 2097 suscipien-

381 2120 550 2184 dum,
635 2117 895 2185 quando
962 2117 1150 2169 abbati
1198 2116 1413 2169 domino
1476 2117 1758 2183 placuerit.
1831 2116 1937 2170 Sed
1990 2121 2039 2169 et
2101 2119 2160 2169 in

376 2209 877 2273 praesentiarum
926 2207 1183 2273 promitto
1238 2209 1288 2256 et
1335 2203 1691 2256 obedientiam
1741 2204 2029 2257 secundum
2060 2203 2162 2255 Dei

381 2302 432 2347 et
478 2296 663 2348 beati
719 2292 1022 2346 Benedicti
1076 2293 1337 2359 regulam.
1397 2291 1571 2343 Porro
1616 2291 1762 2344 hanc
1818 2290 1877 2344 in
1929 2290 2161 2344 beatum

386 2383 832 2436 Benedictum
892 2379 1121 2434 Henrici
1178 2378 1620 2449 propensionem
1680 2378 1885 2448 probat
1946 2379 2162 2431 lamina

388 2487 587 2523 aurea
642 2485 826 2539 quae,
883 2475 945 2520 ut
975 2484 1043 2520 ex
1093 2466 1262 2520 variis
1320 2466 1646 2520 auctoribus
1692 2467 1865 2519 refert
1908 2467 2163 2535 Angelus

391 2561 460 2612 de
498 2560 703 2612 Nuce
741 2556 812 2609 in
843 2555 994 2609 notis
1022 2555 1091 2609 ad
1151 2555 1246 2608 lib.
1280 2570 1319 2607 ιι
1350 2553 1613 2608 Chronici
1661 2553 2002 2619 Casinensis,
2036 2570 2157 2623 cap.

384 2652 481 2711 43,
551 2647 640 2700 in
706 2643 1023 2699 Basiliensi
1079 2643 1285 2713 majori
1341 2642 1593 2705 ecclesia,
1647 2659 1821 2712 quam
1886 2642 2162 2697 Henricus

383 2734 908 2795 restauraverat,
962 2730 1278 2795 visebatur;
1326 2729 1422 2781 ubi
1474 2735 1722 2799 quatuor
1778 2730 1967 2799 angeli
2030 2746 2160 2783 curn

382 2828 621 2877 sancto
721 2818 1043 2873 Benedicto
1100 2817 1311 2887 depicti
1371 2823 1555 2876 erant.
1618 2822 1789 2886 atque
1843 2817 1901 2870 in
1963 2833 2159 2871 eorum

384 2911 613 2965 medio
683 2907 964 2962 Christus
996 2905 1272 2958 Dominus
1312 2904 1850 2974 reprmsentabatur,
1901 2905 1970 2958 ad
2001 2906 2163 2974 cujus

383 3002 588 3070 pedes
640 2995 954 3051 Henricus
985 3010 1113 3047 cum
1167 2993 1517 3063 Cunegunde
1563 3010 1739 3047 uxore
1770 3010 1872 3046 sua
1901 2993 2159 3046 advolve-

386 3090 605 3141 batur.

392 3169 881 3241 Bambergensi
935 3169 1172 3222 ecclesia
1226 3168 1481 3237 sepultus
1539 3173 1654 3234 est;
1697 3168 1797 3237 qui
1845 3172 2042 3237 postea
2094 3167 2163 3220 ab

384 3260 701 3333 Eugenio
755 3257 839 3310 IlI
891 3272 1117 3310 summo
1172 3256 1442 3324 pontiﬁce
1472 3254 1534 3308 in
1591 3260 1913 3309 sanctorum
1956 3257 2163 3308 catalo-

384 3369 538 3421 gum
636 3345 983 3416 ascriptus,
1039 3343 1269 3414 publice
1322 3343 1383 3397 in
1429 3347 1550 3396 tota
1598 3342 1845 3396 Ecclesia
1890 3342 2165 3396 celebrari

381 3439 580 3508 coepit
596 3480 614 3492 .

464 3532 567 3581 15.
656 3518 1058 3589 Cunegundis
1114 3517 1222 3571 viri
1283 3517 1444 3571 obitu
1487 3517 1657 3587 plane
1707 3515 1886 3570 libera
1939 3516 2067 3582 fuit,
2108 3522 2168 3569 ut

387 3628 744 3687 quemque
808 3608 1013 3662 mallet
1054 3606 1185 3660 vitae
1216 3610 1426 3659 statum
1476 3609 1669 3676 posset
1720 3604 2001 3674 amplecti.
2037 3605 2166 3657 Pla-

385 3707 516 3760 cuit
598 3703 674 3757 ei
740 3714 879 3770 pra:
929 3696 1152 3750 cmteris
1208 3695 1589 3765 Confugiense
1643 3694 2076 3761 monasterium,
2107 3693 2168 3746 in

391 3794 564 3864 quod
608 3804 764 3843 sese
796 3785 1043 3855 recepit,
1077 3801 1144 3838 eo
1196 3784 1368 3838 modo
1415 3800 1530 3853 quo
1565 3783 1623 3836 in
1659 3782 1781 3851 ejus
1807 3781 1931 3835 Vita
1966 3782 2171 3836 descri-

388 3884 603 3947 bitur;
667 3889 872 3947 quam
927 3888 1058 3925 cum
1100 3872 1385 3941 integram
1440 3869 1815 3939 proferamus,
1872 3868 2052 3922 fusius
2100 3868 2169 3921 de

388 3970 599 4040 ipsius
637 3962 851 4036 gestis
885 3959 981 4014 hic
1012 3959 1175 4029 loqui
1202 3957 1405 4012 inutile
1435 3958 1606 4011 foret.
1636 3958 1808 4009 Porro
1836 3955 2018 4008 Vitam
2049 3957 2171 4025 ejus

385 4077 421 4112 a
480 4050 841 4110 Nonnosio
904 4048 1160 4117 quodam
1219 4044 1499 4100 monacho
1546 4043 1811 4113 scriptam
1843 4041 2020 4095 fuisse
2068 4057 2167 4094 au-

387 4154 533 4200 ctor
566 4148 677 4198 est
711 4137 1100 4194 Hofmannus
1128 4135 1188 4188 in
1248 4133 1566 4188 Annalibus
1618 4130 2166 4200 Bambergeusibus;

384 4235 495 4288 sed
563 4241 874 4302 quonam
926 4224 1024 4276 ille
1056 4229 1311 4292 tempore
1342 4219 1620 4282 ﬂoruerit,
1679 4224 1779 4272 aut
1807 4224 2001 4272 utrum
2051 4218 2172 4271 haec

387 4322 531 4389 ipsa
582 4317 675 4369 sit
738 4326 891 4382 quae
925 4308 997 4361 ad
1030 4324 1134 4360 nos
1166 4322 1348 4377 usque
1389 4304 1664 4374 pervenit,
1724 4304 2004 4356 incertum
2054 4307 2160 4356 est.

386 4408 583 4462 Certe
647 4403 985 4455 auctorem
1016 4393 1183 4463 Vitae,
1214 4392 1473 4464 quisquis
1516 4391 1613 4445 ille
1643 4390 1831 4457 fuerit,
1880 4390 1939 4443 in
1979 4389 2172 4460 aliquo

386 4497 538 4548 loco
576 4506 707 4563 per
740 4487 994 4541 beatam
1017 4481 1434 4552 Cunegundem
1456 4480 1651 4534 dotato
1696 4479 1918 4543 vixisse,
1955 4483 2173 4532 certum

688 3082 867 3137 Obiit
906 3081 1181 3136 Henricus
1233 3080 1369 3134 Julii
1404 3080 1467 3134 14
1516 3096 1668 3134 anno
1704 3080 1860 3149 1024,
1900 3084 2072 3150 atque
2103 3080 2163 3132 in
2202 3075 2241 3129 C
2272 3070 2727 3125 sanctimoniales
2806 3071 3155 3140 proscripta},

2265 621 2348 673 illi
2380 621 2676 675 subtrahat
2730 622 2982 675 ofﬁcium
3029 622 3162 681 oris,
3223 623 3384 692 cujus
3419 623 3771 692 providentia
3801 642 3949 694 quo-

2262 709 2402 762 tidie
2466 710 2737 762 alimenta
2778 710 3129 779 percipiebat
3172 711 3443 780 corporis.
3499 712 3738 765 Aitatem
3789 730 3950 766 suam

2266 813 2381 850 non
2414 797 2553 851 adeo
2585 799 2878 851 evidenter
2906 800 3130 869 prodit;
3155 800 3368 853 iudicat
3392 806 3583 854 tamen
3615 817 3774 854 num.
3818 806 3847 855 5
3892 819 3950 855 se

2265 893 2393 955 post
2422 887 2600 939 sancti
2660 887 2881 939 Henrici
2912 888 3418 949 canonizationem,
3456 906 3583 958 qua:
3613 906 3764 942 anno
3820 893 3951 943 1152

2266 990 2368 1043 per
2397 974 2714 1043 Eugenium
2745 974 2979 1027 tertium
3037 974 3184 1028 facta
3229 981 3329 1043 est,
3373 976 3682 1045 scripsisse,
3715 993 3842 1029 cum
3875 977 3954 1030 ait

2267 1060 2476 1129 scripta
2535 1064 2603 1113 de
2664 1060 2830 1113 beato
2896 1061 3240 1130 imperatore
3286 1063 3357 1115 ab
3429 1062 3671 1116 Ecclesia
3726 1069 3952 1133 recepta

2265 1145 2455 1199 fuisse.
2486 1145 2632 1209 Quin
2658 1152 2715 1199 et
2733 1162 2861 1199 cum
2892 1162 2956 1199 ea
2976 1147 3266 1200 occasione
3306 1148 3410 1200 sibi
3447 1150 3667 1202 venisse
3700 1149 3758 1202 in
3792 1166 3947 1202 men-

2266 1239 2382 1287 tem
2403 1234 2567 1290 dicat.
2604 1239 2666 1286 ut
2697 1234 2765 1287 de
2787 1234 2951 1287 beata
2982 1235 3333 1303 Cunegunde
3376 1237 3662 1304 scriberet,
3693 1238 3802 1291 hoc
3830 1239 3951 1308 ipso

2267 1328 2523 1392 tempore
2554 1339 2665 1392 quo
2698 1323 2766 1377 de
2817 1322 2981 1376 beato
3028 1323 3370 1393 imperatore
3398 1324 3456 1377 in
3485 1330 3805 1378 sanctorum
3838 1342 3951 1378 nu-

2269 1426 2490 1463 merum
2528 1409 2754 1479 publice
2812 1411 3159 1464 accensendo
3224 1412 3514 1481 agebatur,
3572 1428 3701 1465 cum
3752 1413 3950 1467 vixirse

2268 1497 2472 1567 conjici
2498 1503 2708 1567 potest;
2762 1514 3089 1569 quanquam
3114 1498 3341 1551 nonnisi
3369 1500 3474 1552 sub
3518 1500 3706 1552 δεξιουιί
3738 1500 3948 1554 duode-

2268 1585 2399 1638 cimi
2464 1587 2637 1638 tinem
2689 1586 2978 1655 scripsisse
3037 1586 3329 1639 fatendum
3370 1591 3469 1653 est,
3522 1588 3627 1639 nisi
3680 1587 3952 1641 miracula

2270 1689 2397 1742 quae
2437 1679 2564 1742 post
2614 1674 2795 1725 Vitam
2840 1673 3141 1739 habentur,
3188 1674 3258 1727 ab
3299 1675 3473 1726 altero
3517 1674 3789 1744 quopiam
3849 1692 3950 1727 au-

2269 1765 2424 1813 ctore
2474 1760 2755 1829 descripta
2800 1760 2972 1813 fuisse
3012 1761 3285 1814 dicamus.
3320 1762 3598 1814 Caeterum
3653 1767 3858 1830 praeter
3888 1778 3953 1815 ea

2269 1847 2565 1912 miracula,
2615 1864 2743 1917 quae
2792 1848 3277 1902 inferiusanobis
3324 1850 3476 1902 edita
3522 1855 3673 1913 sunt,
3711 1849 3955 1903 habetur

2266 1936 2324 1989 in
2358 1937 2686 2005 apographo
2728 1936 3127 2005 Bambergensi
3173 1937 3311 1990 item
3351 1937 3493 1990 alius
3546 1938 3951 1992 miraculorum

2268 2024 2433 2089 liber,
2458 2024 2555 2077 sed
2596 2040 2768 2093 quem
2825 2024 3146 2091 omisimus,
3177 2026 3327 2093 quod
3353 2025 3494 2078 nihil
3524 2025 3640 2078 fere
3667 2026 3955 2080 contineat

2268 2115 2474 2179 praeter
2505 2126 2570 2163 ea
2592 2126 2721 2180 qua:
2772 2111 3135 2179 protulimus.
3180 2111 3235 2165 Si
3267 2112 3393 2181 quis
3436 2116 3628 2164 tamen
3678 2111 3837 2164 illum
3871 2112 3951 2165 le-

2267 2213 2400 2267 gere
2423 2198 2633 2268 cupiat,
2665 2198 2825 2251 adire
2862 2205 3050 2268 potest
3077 2201 3395 2253 Gretsei‘um
3416 2199 3475 2252 in
3505 2199 3650 2252 libro
3687 2200 3761 2252 De
3811 2200 3953 2252 divis

2270 2286 2797 2355 Bambergensibus,
2854 2292 2951 2339 aut
3001 2287 3334 2340 Bollandum
3376 2288 3445 2340 ad
3475 2288 3627 2342 diem
3682 2290 3711 2340 3
3754 2288 3951 2351 Martii,

2269 2372 2365 2425 ubi
2399 2372 2620 2442 integer
2651 2372 2968 2426 exhibetur.

2343 2463 2427 2514 19.
2455 2462 2629 2513 Porro
2663 2460 3073 2515 monasterium
3112 2461 3511 2531 Confugiense,
3544 2462 3696 2531 quod
3740 2462 3958 2531 Capua-

2268 2563 2403 2616 gum
2458 2547 2783 2600 Dithmarus
2830 2547 2978 2601 libro
3030 2565 3105 2601 vn
3136 2550 3403 2619 appellat,
3462 2550 3743 2620 vulgoque
3774 2549 3956 2615 Kauf-

2266 2638 2473 2703 fungen
2510 2635 2738 2702 dicitur,
2765 2636 2918 2689 haud
2951 2636 3121 2705 longe
3147 2654 3174 2689 a
3209 2636 3475 2691 Cassellio
3509 2637 3717 2690 Hassize
3749 2637 3958 2707 oppido

2269 2722 2495 2788 celebri,
2564 2738 2744 2791 usque
2802 2721 2873 2776 ad
2932 2724 3201 2776 szeculum
3264 2724 3524 2792 proxime
3588 2724 3844 2793 elapsum
3899 2723 3960 2776 in

2270 2810 2518 2880 regulari
2560 2810 2916 2864 observantia
2970 2811 3368 2880 perseveravit.
3429 2812 3537 2865 Sed
3571 2817 3707 2865 tunc
3735 2818 3955 2882 tempo-

2271 2898 2347 2951 ris
2403 2902 2521 2951 tota
2581 2897 2817 2966 regione
2876 2897 2944 2950 ad
3002 2898 3307 2951 Lutherani
3376 2904 3564 2967 partes
3632 2899 3958 2967 accedente,

2269 2986 2501 3039 tandem
2550 3001 2698 3038 anno
2746 2984 2971 3038 circiter
3020 2988 3147 3038 1531
3203 2985 3307 3038 sub
3347 2985 3662 3054 lantgravio
3692 2986 3957 3055 Philippo

3251 3076 3305 3124 et
3400 3072 3601 3142 religio
3684 3072 3960 3126 catholica

2274 3159 2502 3230 penitus
2548 3158 2629 3212 ibi
2684 3158 2891 3212 abolita
2938 3159 3063 3212 fuit.
3124 3160 3199 3213 De
3244 3160 3352 3212 hoc
3404 3161 3749 3214 monasterio
3796 3161 3960 3230 plura

2273 3248 2536 3301 odservat
2590 3252 2784 3300 noster
2850 3247 3145 3316 Adolphus
3204 3247 3484 3301 Overham
3557 3247 3616 3301 in
3691 3254 3824 3301 nota
3888 3248 3957 3301 ad

2276 3351 2433 3388 num.
2469 3336 2534 3388 86
2591 3335 2730 3388 Vitta
2785 3334 2935 3389 beati
2962 3334 3279 3389 Meinwerci
3339 3335 3589 3406 episcopi
3644 3336 3960 3390 Paderbor-

2274 3423 2486 3477 nensis.

2350 3516 2434 3565 17.
2482 3510 2849 3581 Cunegundis
2901 3512 3236 3565 memoriam
3268 3528 3386 3565 non
3412 3512 3541 3565 fasti
3571 3513 3756 3565 solum
3784 3513 3959 3565 Bene-

2276 3598 2492 3665 dictini,
2532 3599 2627 3652 sed
2657 3603 2713 3651 et
2740 3598 3011 3668 pleraque
3044 3599 3363 3653 Germania:
3391 3604 3447 3652 et
3489 3599 3668 3669 Belgii
3718 3599 3963 3669 peculia-

2275 3687 2360 3740 ria
2408 3686 2808 3756 Martyrologia
2858 3702 2989 3739 cum
3039 3688 3296 3741 Romano
3361 3692 3833 3752 commemorant,
3900 3687 3962 3740 in

2276 3774 2485 3843 quibus
2516 3773 2682 3826 variis
2737 3772 2954 3837 diebus,
3006 3790 3105 3843 pro
3142 3774 3297 3827 varia
3336 3774 3575 3841 ratione,
3626 3775 3747 3843 ejus
3796 3774 3957 3827 festi-

2277 3862 2419 3914 vitas
2472 3861 2801 3915 celebratur.
2868 3861 3162 3931 Prazcipua
3230 3866 3316 3915 est
3358 3862 3447 3915 die
3506 3865 3535 3915 3
3599 3861 3784 3915 Martii
3847 3878 3961 3932 quo

2278 3965 2403 4003 eam
2435 3966 2464 4003 e
2510 3949 2650 4002 vivis
2679 3948 2981 4003 excessisse
3024 3956 3240 4003 certum
3290 3955 3391 4014 est,
3426 3949 3597 4020 idque
3646 3966 3794 4002 anno
3829 3951 3962 4002 1040

2278 4042 2375 4091 aut
2406 4037 2684 4108 sequenti,
2731 4037 2777 4090 si
2814 4053 2995 4091 annos
3024 4036 3351 4107 quindecim
3383 4044 3512 4106 post
3558 4053 3738 4090 unum
3769 4036 3962 4089 Vidui-

2277 4125 2412 4179 tatis
2461 4141 2678 4179 annum
2728 4124 2787 4177 iu
2838 4124 3184 4178 monasterio
3240 4124 3598 4194 transegerit,
3648 4128 3708 4177 ut
3765 4125 3965 4178 asserit

2278 4212 2458 4282 ipsius
2489 4214 2627 4266 Vitas
2655 4211 2921 4281 scriptor;
2972 4228 3321 4282 quamquam
3355 4212 3682 4265 Lambertus
3730 4212 3965 4266 Scafna-

2279 4300 2577 4370 burgensis
2628 4304 2869 4353 mortem
2946 4299 3125 4369 ipsius
3168 4316 3318 4353 anno
3384 4302 3537 4367 1030,
3597 4306 3654 4353 et
3705 4300 3965 4353 Thritbe-

2256 4388 2451 4456 rmius,
2485 4392 2609 4459 post
2658 4388 2971 4442 Marianum
3029 4387 3279 4457 Scotum,
3327 4404 3475 4441 anno
3510 4390 3643 4441 1038
3667 4387 3964 4457 consigna-

2282 4476 2415 4531 rint.

384 4607 2318 4633 ___________________________—_____

1341 4686 1698 4759 INCIPIT
1751 4686 1975 4757 VITA
2034 4685 2425 4758 SANCTAE
2482 4687 3118 4759 CUNEGUNDIS.

471 4847 531 4896 1.
602 4830 1001 4903 Cunegundis
1044 4832 1372 4899 imperatria:
1426 4833 1620 4898 nupta.
1662 4858 1731 4868 -—
1780 4829 1855 4881 Ex
1903 4828 2176 4897 praeclaro

386 4936 757 5003 parentum
823 4918 1117 4989 sanguine
1164 4923 1223 4971 et
1276 4922 1549 4987 Augusta:
1603 4915 1919 4969 nobilitatis
1970 4916 2172 4985 gradu,

385 5022 517 5073 duo
558 5006 1113 5071 immarcescibilis
1143 5005 1343 5075 gloria:
1376 5006 1544 5058 ﬂores
1570 5004 1785 5058 mundo
1822 5003 2174 5069 enituerunt,

387 5112 661 5162 sanctus
725 5096 1021 5153 videlicet
1073 5093 1369 5159 Henricus,
1431 5098 1809 5162 cognomento
1858 5091 2011 5155 Pius,
2046 5091 2173 5160 glo-

386 5192 842 5251 riosissimum
905 5180 1162 5238 Romani
1206 5180 1436 5250 imperii
1467 5180 1657 5247 decus,
1691 5180 1925 5249 ejusque
1957 5177 2174 5247 dignis-

389 5285 564 5338 simo
603 5274 981 5335 contectalis
1004 5269 1143 5341 (68),
1178 5269 1291 5338 piae
1337 5267 1630 5321 memoriae
1666 5266 2034 5336 Cunegundis
2060 5268 2175 5318 Au-

392 5380 594 5443 gusta
651 5375 716 5422 et
771 5358 1185 5435 imperatrix.‘
1212 5356 1423 5410 Eadem
1475 5371 1607 5409 vero
1655 5354 1819 5408 beata
1851 5359 1906 5407 et
1946 5353 2058 5406 Deo
2090 5351 2176 5407 di-

476 5478 615 5547 (68)
638 5473 913 5547 Aliquot_
954 5480 1129 5547 mss.,
1152 5462 1471 5547 collectalis;
1505 5457 2177 5547 sedgmelior‘n‘ostra‘le:

394 5529 576 5615 cti‘o',‘
597 5529 1024 5626 quod‘eod‘em
1054 5538 1233 5599 tecto,
1292 5547 1409 5626 ηεξ]
1439 5536 1630 5610 autem
1660 5529 1804 5626 Iacto
1834 5533 2172 5626 ntere-ritur.

402 5601 481 5673 1Ξῖ
501 5601 780 5689 quidem
812 5610 1035 5669 eadem
1096 5617 1242 5657 voce
1288 5601 1470 5654 utitur
1514 5601 1639 5669 ipse
1678 5601 1950 5653 Henricus
1992 5601 2052 5650 in
2082 5613 2176 5649 va-

2284 4827 2427 4880 lecta
2465 4827 2833 4897 Cunegundis
2896 4833 3125 4882 terreno
3196 4828 3527 4898 imperatori
3600 4831 3971 4901 corporaliter

2287 4918 2420 4982 (69),
2473 4931 2590 4968 non
2639 4914 2943 4969 carnaliter
2984 4918 3307 4987 conjuncta,
3353 4917 3565 4972 cmlesti
3616 4919 3757 4989 Regi
3808 4935 3970 4973 suam

2283 5003 2673 5072 virginitatem
2737 5004 3103 5069 consecravit,
3166 5021 3339 5076 quam
3414 5023 3592 5077 usque
3659 5007 3717 5060 in
3773 5007 3967 5073 ﬁnem,

2285 5090 2423 5144 casti
2489 5090 2749 5161 conjugis
2823 5108 3126 5161 consensu,
3203 5094 3314 5146 Deo
3368 5098 3532 5159 teste,
3599 5094 3967 5148 conservavit.

2288 5173 2447 5237 Quod
2476 5175 2841 5244 postmodum
2873 5175 3192 5229 Divinitatis
3222 5176 3633 5240 testimonium,
3679 5194 3749 5230 ne
3776 5178 3972 5230 lumen

2286 5260 2347 5314 in
2378 5261 2627 5315 tenebris
2660 5261 2880 5325 lateret,
2931 5262 3199 5327 ostendit,
3245 5263 3381 5317 dum
3426 5278 3552 5316 eam
3608 5263 3679 5316 ad
3723 5261 3970 5315 confun-

2287 5348 2543 5403 dendum
2594 5348 2937 5419 virginitatis
2991 5350 3238 5417 hostem,
3320 5356 3378 5403 et
3443 5347 3855 5403 obstruendum
3909 5364 3973 5401 os

2286 5453 2389 5508 riis
2411 5454 2840 5525 diplomatibus.

2358 5523 2798 5592 (69)‘Gretserus
2823 5540 2954 5587 cum
2983 5539 3092 5578 ms.
3128 5528 3177 5590 1,
3209 5523 3559 5592 copulariter.
