3968 6396
136 325 274 377 1049

925 326 1016 380 DE
1058 327 1432 383 MIRACULIS
1475 327 1531 382 S.
1577 321 1989 380 EMMERAMMI
2029 321 2211 375 LIBRI
2253 322 2416 376 DUO.
2459 353 2527 362 —
2568 321 2696 378 LIB.
2740 322 2805 377 II.

3428 328 3448 379 1
3460 327 3568 380 050

131 450 427 502 Cresarem
486 448 798 516 diligenter
850 449 1219 505 intuerentur
1274 451 1402 521 ejus
1455 449 1791 510 familiares,
1827 451 1871 500 Α
1913 443 2202 516 scriptum
2232 449 2349 499 est:
2404 448 2585 499 Ponet
2624 445 2910 501 Dominus
2952 446 3237 502 terminos
3284 449 3414 518 ejus
3462 465 3566 522 pa-

129 535 411 590 admirati
446 542 584 592 sunt
637 554 817 608 super
846 537 1263 593 immutatione
1319 539 1512 594 vultus
1552 539 1680 607 ejus
1714 536 1798 590 di-

127 628 369 678 centes:
404 625 669 694 Domine,
701 627 849 698 quid
880 627 984 682 tibi
1013 629 1276 697 contigit,
1299 629 1464 700 quod
1496 627 1648 682 adeo
1671 642 1798 698 per-

129 710 302 764 fusus
327 716 381 766 et
406 711 689 784 lacrymis
711 720 766 768 et
787 715 1043 771 sudore?
1070 716 1297 782 Quibus
1324 717 1416 771 ille
1448 715 1757 787 respondit
1781 731 1792 768 :

129 798 318 854 Nolite
353 800 554 856 mirari
584 802 750 872 quod
783 804 895 856 sim
948 803 1101 858 udus
1143 822 1214 858 ex
1248 804 1487 868 sudore,
1519 803 1623 857 sed
1655 803 1797 874 quia

126 887 271 942 vivo
323 905 446 960 prae
500 890 729 945 timore.
769 893 1092 960 Nunquam
1148 910 1243 948 me
1287 896 1592 961 contingat
1621 894 1795 948 talem

127 979 528 1048 quaestionem
559 979 837 1047 incidere,
867 982 978 1036 nisi
1009 999 1119 1054 pro
1151 983 1368 1038 animae
1400 1000 1548 1038 meae
1583 983 1792 1038 salute.

131 1071 195 1121 ln
228 1067 342 1122 isto
375 1074 580 1124 sancto
613 1071 845 1126 seniore
893 1073 1158 1144 comperi
1192 1073 1502 1128 manifeste
1534 1080 1796 1145 quantus

129 1156 331 1211 honor
373 1157 588 1213 debeat
619 1159 883 1214 exhiberi
917 1161 1100 1214 servis
1131 1161 1326 1216 electis
1361 1161 1476 1217 Dei.
1508 1165 1639 1216 Post
1673 1164 1795 1217 haec

121 1247 304 1315 jusstt
329 1248 682 1320 episcopum
733 1250 1224 1306 Ratisbonensem
1273 1252 1349 1306 ad
1402 1268 1464 1306 se
1495 1252 1791 1307 accersiri.

130 1336 197 1388 Et
243 1339 410 1390 stans
458 1342 593 1391 ante
625 1337 807 1392 altare
855 1339 1051 1394 Sancti
1084 1341 1526 1408 Emmerammi,
1561 1341 1674 1395 sub
1703 1341 1793 1396 in-

128 1423 548 1479 terminatione
585 1426 658 1480 ad
693 1443 831 1481 eum
864 1427 1042 1482 dixit:
1092 1433 1241 1484 Cave
1267 1445 1341 1483 ne
1386 1429 1558 1498 ultra,
1594 1446 1687 1485 me
1717 1432 1795 1484 vi-

129 1517 324 1578 vente,
359 1514 696 1586 quidquam
728 1517 871 1571 mali
903 1517 1088 1571 facias
1121 1518 1322 1573 abbati
1377 1519 1556 1588 hujus
1598 1535 1794 1575 caeno-

129 1600 212 1654 bii
252 1605 308 1656 et
336 1601 639 1673 fratribus,
673 1607 790 1659 Deo
831 1610 1157 1678 sanctoque
1205 1609 1649 1662 Emmerammo
1698 1608 1792 1662 hic

129 1687 589 1746 famulantibus.
626 1691 750 1747 Sint
783 1692 882 1747 tibi
933 1698 1034 1748 tua
1089 1693 1166 1748 ad
1214 1694 1632 1767 episcopatum
1659 1697 1792 1766 jure

1909 550 2039 588 cem
2072 539 2242 599 (£67),
2266 534 2399 588 ﬁliis
2421 551 2662 606 quoque
2692 535 3008 591 hominum
3030 537 3186 591 dans
3213 543 3566 610 potestatem

1907 624 2061 678 tiiios
2095 623 2193 678 Dei
2222 625 2369 688 fieri,
2398 624 2498 696 qui
2532 640 2653 679 non
2707 641 2779 680 ex
2818 627 3216 692 sanguinibus
3267 643 3463 700 neque
3493 645 3566 684 ex

1906 713 2208 768 voluntate
2241 713 2456 781 carnis,
2492 713 2597 768 sed
2639 730 2711 769 ex
2761 717 2878 769 Deo
2908 716 3031 770 nati
3083 720 3221 770 sunt
3249 718 3419 787 (£68).
3452 718 3566 773 Sed

1906 802 2050 873 quia
2077 803 2426 857 charitatem
2460 808 2623 858 tuam
2677 803 2734 858 id
2767 804 2940 858 avide
2971 805 3146 860 video
3176 810 3470 876 expetere,
3503 811 3568 861 ut

1907 890 1965 944 in
1996 891 2110 946 hoc
2141 891 2436 963 opusculo
2465 908 2568 964 per
2597 893 2950 964 parvitatem
2979 909 3178 949 meam
3225 893 3450 966 aliquid
3482 895 3567 950 in-

1905 981 1980 1035 de
2010 980 2352 1045 disseratur,
2387 981 2602 1037 faciam
2635 987 2692 1036 ct
2719 997 2831 1050 ego
2885 999 2995 1054 pro
3045 984 3291 1040 modulo
3319 1001 3476 1046 meo,
3509 989 3568 1041 et

1907 1069 1951 1122 si
1980 1084 2101 1124 non
2135 1075 2199 1124 ut
2222 1069 2377 1132 volo,
2411 1075 2611 1124 tamen
2643 1070 2798 1124 sicut
2823 1076 3050 1142 potero.
3087 1072 3267 1139 Igitur
3290 1089 3326 1128 a
3352 1074 3566 1130 consti-

1905 1159 2129 1214 tutione
2178 1158 2412 1224 mundi,
2444 1159 2646 1214 civitas
2699 1159 2794 1214 Dei
2841 1161 3307 1217 controversiam
3355 1162 3568 1219 habuit

1905 1265 2043 1303 cum
2076 1249 2305 1304 civitate
2335 1248 2580 1313 diaboli,
2613 1249 2785 1319 cujus
2817 1264 2957 1320 pars
2995 1266 3117 1305 non
3162 1251 3412 1308 minima
3459 1252 3567 1308 fuit

1908 1338 2172 1410 Babylon
2203 1337 2301 1392 illa
2329 1354 2464 1410 quas
2495 1337 2804 1392 dicebatur
2835 1340 3101 1405 gentium
3143 1341 3363 1412 inclyta
3392 1343 3561 1413 (169),

1904 1426 1964 1480 in
2007 1443 2192 1498 quam
2224 1425 2366 1481 olim
2397 1426 2712 1481 confusum
2747 1432 2834 1482 est
2872 1427 3098 1483 labium
3133 1429 3422 1484 universae
3453 1434 3567 1485 ter-

1904 1533 1983 1571 ra:
2011 1517 2180 1586 (170),
2210 1516 2288 1570 ob
2329 1516 2675 1587 superbiam
2722 1517 2961 1582 scilicet,
2993 1517 3318 1590 plusquam
3367 1519 3564 1573 altitu-

1903 1605 2042 1660 dine
2101 1611 2339 1660 centum
2395 1605 2601 1673 viginti
2669 1605 3007 1662 cubitorum
3062 1613 3338 1662 erectam.
3401 1608 3564 1664 Hanc

1906 1695 2170 1750 Christus
2200 1695 2258 1748 in
2291 1693 2520 1749 civitate
2552 1711 2682 1758 sua,
2713 1695 2773 1749 id
2817 1701 2923 1764 est,
2957 1696 3015 1750 in
3051 1696 3435 1763 Hierusalem,
3468 1714 3567 1752 cu-

128 1777 525 1848 pertinentia;
559 1782 998 1836 monachorum
1026 1782 1189 1837 bona
1218 1790 1502 1838 maneant
1530 1784 1644 1839 illis
1677 1785 1797 1839 val—
1827 1802 1865 1854 Β
1899 1785 1999 1855 jus
2031 1785 2408 1856 participatio
2437 1784 2571 1854 ejus
2616 1785 2674 1839 in
2725 1785 2985 1857 idipsum
3026 1788 3192 1856 (£71),
3225 1787 3320 1842 die
3360 1791 3564 1843 Pente-

129 1865 251 1921 lata
283 1867 397 1922 sub
431 1869 701 1925 omnium
748 1870 1046 1926 bonorum
1077 1872 1278 1928 tutela.
1310 1876 1680 1947 Quacunque
1711 1892 1795 1930 er-

129 1972 208 2025 go
253 1957 349 2012 die
398 1960 819 2030 praevaricatus
871 1961 1050 2016 fueris
1094 1963 1153 2017 in
1203 1963 1294 2018 his
1342 1981 1478 2036 quae
1531 1981 1794 2036 praesens

127 2046 381 2102 hausisti
411 2049 657 2104 auribus
691 2050 822 2113 tuis,
853 2052 1060 2123 procul
1115 2053 1302 2109 dubio
1352 2055 1516 2115 scito,
1551 2054 1672 2109 sive
1703 2055 1792 2109 di-

127 2134 346 2190 vinitus
377 2137 496 2192 sive
522 2137 892 2206 humanitus,
924 2156 1033 2212 pro
1065 2141 1226 2196 malo
1275 2143 1419 2198 tanti
1459 2143 1676 2214 piaculi
1710 2149 1792 2199 te-

129 2241 273 2280 cum
311 2225 536 2281 duriter
568 2243 638 2282 ac
687 2228 976 2284 acerbiter
1005 2233 1313 2286 actitatum
1362 2232 1450 2287 iri.
1486 2233 1625 2287 Dein
1658 2250 1795 2288 con-

128 2331 340 2370 versus
386 2315 714 2388 imperator
759 2319 837 2374 ad
885 2319 1167 2376 abbatem
1215 2327 1270 2376 et
1315 2321 1545 2385 fratres,
1578 2323 1794 2395 pietate

132 2403 305 2459 solita
333 2405 674 2462 valedicens
703 2407 836 2477 illis,
869 2410 986 2465 ait:
1021 2410 1268 2465 Interius
1312 2417 1368 2466 et
1398 2412 1653 2467 exterius
1689 2429 1794 2468 vos

130 2494 213 2549 ita
261 2510 616 2551 conservare
661 2497 940 2567 dignetur
993 2500 1306 2555 miserator
1357 2507 1412 2556 et
1461 2502 1795 2558 misericors

131 2584 445 2655 Dominus,
469 2592 534 2641 ut
561 2587 623 2642 in
649 2589 1022 2645 orationibus
1055 2591 1262 2645 vestris
1291 2607 1410 2646 non
1441 2592 1634 2647 solum
1662 2610 1796 2665 pos-

135 2673 260 2728 sitis
314 2691 614 2733 memores
663 2695 794 2734 esse
850 2680 1056 2748 nostri,
1091 2680 1195 2735 sed
1243 2685 1299 2736 et
1352 2682 1530 2736 totius
1587 2682 1792 2755 populi

133 2763 465 2819 Christiani.
501 2767 629 2830 Quo
659 2767 838 2830 dicto,
871 2769 1124 2840 psalmis
1173 2773 1230 2824 et
1255 2771 1499 2826 canticis
1542 2772 1794 2827 Domino

128 2855 593 2909 commendatus
643 2856 948 2927 piissimus
996 2863 1318 2927 Augustus,
1352 2875 1424 2915 ex
1453 2876 1619 2915 more
1649 2877 1797 2934 prae-

129 2941 377 2998 cedente
410 2950 618 3000 sancta
647 2951 704 3000 et
745 2946 1034 3002 crucifera
1073 2948 1368 3019 imperiali
1413 2949 1646 3018 lancea,
1681 2950 1797 3005 exi-

126 3032 209 3087 vit
237 3032 311 3086 de
343 3033 570 3089 civitate
601 3035 732 3102 ista,
760 3037 1051 3108 petiturus
1105 3037 1351 3107 Italiam,
1379 3055 1488 3094 nec
1519 3055 1638 3094 non
1672 3040 1795 3094 adi-

127 3126 298 3177 turus
363 3124 840 3196 potentissimam
911 3127 1124 3182 urbem
1190 3131 1544 3194 Romanam,
1607 3145 1794 3201 quam
1827 3155 1867 3210 ρ

129 3213 380 3285 quidam
411 3214 672 3271 vocitare
706 3215 897 3272 solent
948 3217 1162 3273 mundi
1215 3219 1525 3274 dominam
1571 3219 1658 3274 vel
1711 3236 1796 3274 re-

127 3319 264 3358 rum
294 3303 646 3360 maximam.
679 3329 708 3355 ››

743 3433 1170 3490 Ammonicz'us.

201 3556 226 3577 α
268 3536 434 3593 Unde
475 3539 589 3593 hoc
622 3544 687 3594 ut
717 3540 844 3596 haac
876 3545 1108 3596 terrena
1138 3542 1344 3597 civitas
1375 3559 1575 3598 rerum
1606 3543 1796 3598 nomi-

129 3630 302 3681 netur
326 3628 612 3694 maxima,
644 3645 780 3684 cum
812 3631 1186 3702 amplissima
1215 3631 1422 3686 civitas
1456 3633 1576 3698 Dei,
1608 3649 1796 3704 quam

127 3715 254 3787 ipse
301 3733 407 3788 per
436 3717 605 3772 vivos
648 3723 703 3772 et
735 3718 953 3773 electos
987 3719 1219 3790 lapides
1255 3721 1396 3788 (£65)
1428 3720 1605 3790 coepit
1651 3737 1794 3775 con-

131 3808 356 3859 struere
392 3805 469 3860 ab
496 3805 662 3860 initio
686 3806 918 3875 mundi,
936 3807 1070 3876 jure
1097 3807 1331 3862 dicatur
1360 3807 1522 3862 orbis
1547 3808 1796 3863 domina

126 3891 220 3947 vel
253 3909 454 3948 rerum
483 3893 789 3949 maxima?
817 3895 927 3948 Pro
957 3893 1040 3949 rei
1071 3894 1289 3950 etenim
1317 3895 1499 3965 hujus
1530 3896 1792 3963 veritate,

129 3998 254 4053 quo
286 3998 406 4037 non
426 3982 656 4038 dubitet
680 3983 866 4038 homo
887 3983 946 4038 in
977 4001 1084 4038 sua
1109 3984 1420 4053 fragilitate
1443 4001 1513 4039 ex
1547 3991 1798 4040 secreta-

127 4070 218 4125 rio
273 4087 382 4126 suo
430 4087 537 4142 per
584 4071 966 4127 Salomonem
1022 4073 1322 4144 Sapientia
1371 4072 1710 4130 clamitans.
1743 4079 1800 4130 et

130 4159 630 4232 omnipotentiam
682 4177 853 4218 suam
910 4161 1258 4233 propalans,
1291 4163 1468 4218 dicit:
1522 4167 1584 4218 In
1631 4163 1797 4218 omni

129 4248 357 4321 pepulo
389 4249 714 4321 primatum
739 4250 920 4316 tenui,
942 4251 1343 4323 superborum
1365 4257 1422 4307 et
1447 4251 1795 4307 sublimium

131 4337 282 4393 colla
314 4339 556 4411 propria
606 4340 812 4395 virtute
864 4339 1093 4395 calcavi
1127 4343 1293 4411 (£66).
1339 4344 1578 4413 Oportet
1632 4357 1794 4409 ergo,

132 4431 194 4482 ut
225 4426 369 4482 mihi
413 4429 665 4494 videtur,
699 4447 822 4502 quo
874 4447 1138 4502 praesens
1191 4430 1490 4501 dialogus,
1537 4430 1796 4485 evidenti

131 4517 380 4582 ratione,
411 4517 775 4591 simplicitati
804 4519 1079 4575 fraternae
1112 4520 1432 4575 satisfaciat
1473 4537 1653 4592 super
1683 4521 1793 4575 hac

132 4607 482 4680 quaestione.
510 4630 536 4656 »

770 4708 1160 4764 Colleclitius.

208 4832 236 4862 «
260 4810 554 4866 Putabam
607 4812 979 4868 satisfactum
1025 4830 1153 4868 esse
1179 4813 1484 4882 omnibus,
1520 4829 1625 4885 per
1655 4812 1797 4868 illud

132 4901 606 4957 famosissimum
641 4905 696 4956 B.
719 4903 1030 4971 Augustini
1057 4919 1234 4974 opus,
1261 4919 1382 4974 quo
1408 4902 1800 4958 abundantis-

135 4991 284 5047 sime
315 4993 580 5065 disputat
613 4997 690 5048 De
722 4993 964 5048 Civitate
994 4993 1116 5056 Dei,
1152 4993 1245 5048 cui
1277 4993 1575 5048 contraria
1606 4998 1692 5047 est
1722 4993 1799 5048 ci-

136 5080 282 5136 vitas
334 5081 578 5146 diaboli,
613 5099 796 5155 quam
843 5099 950 5154 per
994 5081 1340 5153 superbiam
1381 5086 1639 5136 erectam
1673 5081 1798 5152 ipse

134 5171 253 5223 Rex
275 5185 485 5238 regum
509 5171 773 5242 quotidie
805 5170 1076 5239 dejicitet
1100 5169 1348 5235 minuit;
1381 5175 1438 5224 et
1467 5169 1799 5224 econtrario

133 5273 240 5329 per
271 5257 622 5314 humilitatis
653 5259 928 5331 spiritum
959 5259 1177 5314 exaltat
1210 5275 1408 5325 suam,
1441 5275 1476 5313 a
1505 5257 1680 5312 bonis
1709 5259 1798 5313 in-

135 5346 436 5412 choatam,
468 5351 526 5401 et
553 5347 615 5402 in
646 5347 821 5402 bonis
865 5347 1217 5418 finiendam,
1251 5347 1584 5403 secundum
1634 5347 1799 5418 quod

205 5433 353 5504 (165)
391 5434 610 5490 IPetr.
643 5451 704 5489 ιι.

206 5504 351 5574 (£66)
389 5505 580 5560 Eccli.
615 5522 776 5562 xxxv.

205 5575 355 5641 (167)
393 5575 562 5631 Psal.
597 5592 800 5634 chvn.

203 5646 351 5859 ἴδε)
389 5647 568 5702 Joan.
599 5663 635 5703 ι.

231 5721 328 5773 169
389 5719 508 5774 Isa.
533 5735 634 5774 xm

232 5791 357 5859 £70)
395 5790 635 5848 Genua

389 5719 508 5774 Isa.
533 5735 634 5774 xm
654 5738 667 5788 ;
699 5721 919 5778 Jerem.
953 5739 1024 5779 Li.

232 5791 357 5862 £70)
395 5790 600 5848 Genet.
623 5807 703 5847 x1.

1905 1880 2099 1929 costes
2125 1873 2566 1929 evidentissime
2595 1875 2815 1942 stravit,
2848 1882 3025 1948 atque
3053 1893 3300 1932 suorum
3331 1878 3565 1932 humili-

1905 1968 2087 2018 tatem
2136 1963 2546 2036 potentissime
2594 1963 2862 2019 exaltans
2900 1964 3240 2020 declaravit.
3274 1965 3375 2020 Illa
3403 1967 3563 2022 enim

1905 2053 1979 2107 de
2012 2051 2263 2124 Spiritus
2297 2057 2540 2106 sanctus
2583 2052 2894 2125 repentino
2940 2053 3137 2108 sonitu
3183 2071 3364 2126 super
3391 2055 3564 2110 disci-

1903 2141 2080 2214 pulos
2125 2141 2394 2204 veniens,
2426 2145 2481 2196 et
2532 2141 2591 2196 in
2634 2141 2854 2211 linguis
2901 2142 3090 2212 igneis
3120 2143 3422 2199 visibiliter
3453 2144 3566 2199 illis

1905 2247 2226 2303 apparens,
2260 2230 2509 2295 collegio
2540 2236 2779 2286 centum
2810 2231 3012 2300 viginti
3065 2231 3312 2288 fratrum
3351 2233 3413 2288 in
3443 2249 3566 2289 uno

1906 2321 2219 2376 caenaculo
2251 2321 2366 2374 sub
2390 2336 2596 2375 amore
2619 2319 2859 2387 benigni
2889 2324 3027 2376 Jesu
3043 2328 3563 2391 congregatorum,

1906 2427 2042 2465 cum
2076 2411 2249 2482 copia
2279 2410 2534 2464 cmlestis
2577 2410 3004 2466 benedictionis
3044 2412 3292 2467 contulit
3339 2413 3566 2469 aduna-

1905 2499 2126 2553 tionem
2183 2497 2529 2565 linguarum
2577 2500 2744 2568 (£72),
2787 2500 3010 2572 quibus
3062 2517 3170 2572 per
3215 2500 3565 2554 universum

1905 2589 2110 2644 orbem
2159 2589 2554 2660 praedicarent
2601 2593 2656 2643 et
2689 2589 3146 2645 testiﬁcarentur
3189 2589 3566 2645 Dominicum

1904 2677 2299 2748 triumphum,
2334 2693 2458 2748 quo
2504 2676 2786 2732 diabolus
2817 2678 3028 2738 victus,
3063 2683 3120 2733 et
3148 2679 3371 2734 catenis
3401 2676 3567 2733 mali-

1905 2767 1996 2823 tiae
2028 2781 2150 2820 suae
2182 2765 2556 2830 constrictus,
2586 2781 2693 2837 per
2722 2771 2912 2820 totum
2955 2767 3255 2822 mundum
3300 2766 3482 2835 gemit
3511 2769 3570 2821 et

1907 2857 2095 2913 ululat
2125 2860 2466 2928 apostatam
2516 2855 2834 2919 civitatem,
2867 2855 3179 2927 quondam
3229 2873 3337 2928 per
3365 2872 3569 2929 super-

1905 2943 2068 2998 biam
2102 2959 2272 2998 suam
2302 2947 2612 3010 elevatam,
2637 2943 2819 2998 modo
2851 2960 2955 3015 per
2983 2943 3377 2999 humilitatem
3412 2942 3569 3000 Chri-

1908 3033 1946 3088 ti
1977 3032 2409 3103 discipulorum
2435 3033 2750 3102 dejectam,
2779 3033 2902 3088 imo
2933 3038 3116 3088 totam
3144 3039 3382 3098 gentem
3409 3031 3569 3088 Chri-

1909 3120 2135 3175 tianam
2169 3121 2381 3192 clypeo
2411 3121 2624 3176 divintr
2660 3121 3008 3176 munitionis
3037 3121 3402 3194 disqueritur
3431 3136 3569 3192 pro-

1909 3215 2146 3264 tectam.
2192 3210 2339 3264 Hinc
2386 3211 2709 3266 certissime
2754 3209 3108 3283 probabitur
3153 3210 3314 3283 quod
3367 3209 3572 3265 civitas

1913 3300 2012 3354 Dei
2045 3316 2283 3372 semper
2314 3301 2542 3366 crescit,
2575 3306 2632 3356 et
2659 3300 2863 3356 civitas
2914 3299 3137 3355 diaboli
3192 3299 3251 3354 in
3283 3305 3573 3354 aeternum

1909 3389 2219 3444 decrescit.
2254 3390 2444 3459 Hujus
2483 3390 2684 3461 itaque
2714 3389 2937 3457 civitas,
2969 3406 3104 3461 quae
3145 3389 3221 3444 ad
3261 3389 3574 3445 diabolum

1907 3478 2181 3550 pertinet,
2215 3478 2476 3550 antiquis
2520 3478 2889 3550 temporibus
2933 3477 3098 3531 haud
3147 3493 3332 3548 parva
3380 3477 3575 3549 portio

1907 3567 2256 3630 eratRoma,
2273 3565 2782 3637 peridololatriam
2808 3581 2842 3620 a
2863 3565 3107 3620 diabolo
3119 3581 3415 3636 possessa.
3431 3569 3575 3632 Qua:

1908 3654 2263 3726 priusquam
2299 3653 2596 3708 Christum
2640 3657 2730 3708 est
2768 3653 3063 3712 confessa,
3096 3657 3153 3706 et
3183 3653 3299 3707 sub
3328 3654 3573 3709 nomine

1907 3743 2036 3812 ejus
2079 3741 2366 3812 martyria
2397 3740 2584 3795 multa
2617 3757 2900 3812 perpessa
2933 3741 3112 3809 (dictu
3143 3739 3435 3807 mirabile,
3470 3741 3572 3796 sed

1907 3847 2113 3885 revera
2144 3829 2481 3901 probabile)
2511 3845 2618 3901 per
2647 3846 2785 3885 eum
2831 3833 3225 3884 transmutata
3256 3830 3360 3900 qui
3389 3830 3464 3885 de
3493 3829 3575 3885 la-

1908 3917 2152 3990 pidibus
2203 3923 2416 3990 potens
2461 3923 2548 3973 est
2592 3918 2874 3973 suscitare
2927 3917 3081 3972 filios
3120 3917 3371 3972 Abrahae
3402 3918 3573 3988 (173),

1910 4007 2138 4063 sociata
2188 4013 2277 4062 est
2324 4007 2544 4062 cmlesti
2575 4007 2958 4072 hierarchiaa;
3010 4013 3066 4063 et
3094 4024 3230 4080 quae
3281 4013 3457 4063 antea
3485 4007 3576 4064 ni-

1910 4097 2100 4153 mium
2128 4097 2330 4153 dedita
2357 4097 2465 4152 fuit
2488 4097 2788 4152 idolorum
2817 4097 3083 4162 culturae,
3109 4113 3270 4153 nunc
3293 4098 3579 4170 tripudiat

1911 4204 1974 4243 se
2006 4191 2273 4242 dotatam
2306 4203 2434 4242 esse
2477 4186 2689 4243 Christi
2719 4186 2858 4250 ﬁde,
2893 4203 2963 4242 ac
2993 4187 3304 4259 multiplici
3332 4203 3578 4242 venera-

1909 4277 2067 4332 tione
2098 4282 2465 4332 sanctorum.
2491 4279 2633 4330 Vere
2665 4275 2871 4330 ﬁdeles
2903 4277 2961 4330 in
2985 4277 3097 4331 hac
3125 4277 3357 4331 civitate
3388 4276 3578 4331 consi-

1908 4366 2120 4421 derant
2164 4365 2475 4436 impletum
2520 4381 2652 4419 esse
2680 4365 2844 4436 quod
2873 4364 3191 4436 Apostolus
3220 4365 3392 4420 dicit:
3427 4365 3576 4427 Quia

1911 4453 3572 4524 ubiabundavitiniquitas,superabundavitgratia(£74).
3647 4473 3650 4476 ·

1913 4547 2058 4599 Ecce
2108 4543 2207 4598 illa
2253 4541 2523 4613 Babylon
2558 4542 2827 4613 antiqua,
2857 4557 3014 4612 quas,
3049 4542 3336 4597 suadente
3367 4558 3576 4614 super-

1908 4633 2028 4697 bia,
2050 4632 2364 4704 quondam
2387 4630 2792 4686 arbitrabatur
2823 4647 2886 4686 se
2919 4631 3095 4685 totius
3120 4630 3331 4685 mundi
3358 4631 3578 4703 princi-

1906 4728 2116 4795 patum
2140 4737 2317 4793 posse
2339 4719 2628 4788 obtinere,
2651 4719 2811 4790 jacet
2839 4724 3093 4785 deserta,
3127 4719 3495 4775 draconibus
3518 4725 3576 4777 et

1907 4813 2084 4868 malis
2114 4811 2318 4867 bestiis
2368 4809 2598 4865 referta.
2630 4810 2766 4864 Haec
2797 4813 3020 4870 autem,
3054 4809 3115 4864 id
3145 4814 3233 4864 est
3262 4813 3473 4877 Roma,
3502 4826 3574 4866 eo

1906 4902 2074 4976 quod
2100 4907 2157 4956 et
2185 4901 2314 4972 ipsa
2357 4899 2497 4956 olim
2531 4904 2878 4971 sequeretur
2906 4897 3274 4953 diabolicum
3312 4914 3576 4955 errorem

1907 4998 1963 5048 et
2005 4991 2276 5046 omnium
2324 4989 2625 5043 malorum
2677 4986 3112 5051 confusionem,
3146 4991 3211 5042 ut
3235 4987 3448 5043 beatus
3478 4991 3576 5044 Pe-

1911 5088 2034 5137 trus
2065 5085 2328 5145 testatur,
2365 5077 2569 5132 sortita
2601 5076 2920 5148 Babylonis
2960 5092 3182 5131 nomen
3211 5078 3379 5146 (175),
3413 5081 3469 5132 et
3495 5077 3574 5133 ob

1909 5167 2235 5239 potentiam
2268 5165 2502 5237 imperii
2536 5169 2672 5221 tunc
2698 5169 2910 5220 vocata
2927 5163 3177 5219 domina
3200 5164 3441 5228 mundi;
3473 5165 3577 5221 sed

1910 5262 2122 5328 postea
2154 5272 2259 5327 per
2286 5254 2570 5310 eumdem
2603 5253 2956 5327 Apostolum
2985 5260 3040 5309 et
3069 5270 3176 5326 per
3202 5269 3580 5310 successores

1910 5345 2063 5400 illius
2109 5343 2439 5412 humiliata,
2483 5344 2598 5400 sub
2643 5343 2908 5416 potentia
2950 5344 3186 5413 Christi,
3217 5359 3292 5398 ex
3341 5343 3577 5399 civitate

1983 5434 2130 5502 (171)
2169 5433 2335 5488 Ρεαι.
2366 5448 2517 5487 CXXI.

1981 5505 2127 5575 (172)
2169 5504 2304 5558 Act.
2333 5520 2391 5559 ιι.

1981 5576 2132 5645 (173)
2171 5575 2388 5630 Matth.
2425 5590 2507 5629 ιιι.

1981 5649 2133 5715 (174)
2173 5647 2338 5701 Rom.
2375 5662 2426 5700 v.

1983 5717 2130 5790 (175)
2169 5718 2205 5772 Ῑ
2229 5717 2395 5773 Petr.
2429 5733 2482 5772 ν.
