3910 6428
343 344 478 402 {ﬁt

339 554 422 614 Vit
449 553 510 611 in
556 551 760 609 divino
788 550 952 608 cultu
979 554 1060 618 ut,
1092 564 1202 620 pro
1253 547 1438 602 ruinis
1470 561 1781 606 murorum
1812 548 1867 597 et
1893 557 1985 595 ve-

342 647 539 700 terum
564 640 864 704 fanorum,
891 641 1141 706 surgant
1169 635 1432 708 quotidie
1463 635 1776 690 innumera
1807 629 1985 685 tedii-

345 731 438 786 cia
479 727 865 786 ecclesiarum
911 725 1036 782 sive
1087 725 1608 782 monasteriorum.
1653 725 1692 778 E
1729 733 1986 793 quorum

345 815 670 876 incredibili
699 829 973 882 numero,
1005 818 1066 869 ut
1109 813 1306 868 audivi
1334 830 1371 869 a
1397 811 1665 884 quodam
1697 825 1856 874 sene,
1887 805 1986 877 qui

347 921 412 960 se
433 904 578 960 dixit
601 903 891 961 nutritum
941 902 1100 958 fusse
1145 902 1207 958 in
1255 901 1466 957 eadem
1506 901 1756 968 civitate,
1788 894 1990 963 viginti

347 993 735 1065 possidentur
795 1007 832 1047 ει
876 989 1444 1057 sanctimonialibus,
1502 986 1902 1060 quadraginta
1956 997 1991 1037 a

348 1081 680 1148 monachis,
711 1079 1016 1148 sexaginta
1045 1095 1080 1136 a
1105 1079 1426 1140 canonicis.
1459 1076 1718 1140 exceptis
1747 1073 1838 1128 his
1855 1087 1991 1144 quin

351 1177 518 1228 extra
547 1171 840 1227 civitatem
871 1173 1024 1230 sunt.
1053 1174 1109 1224 et
1137 1167 1264 1224 aliis
1309 1167 1572 1223 ecclesiis
1603 1166 1722 1220 sive
1753 1161 1993 1234 capellis

354 1275 490 1332 quin
536 1258 598 1314 in
629 1258 778 1316 Urbe
808 1257 1135 1313 abundant.
1167 1263 1286 1325 Age
1328 1257 1478 1326 jam,
1512 1255 1710 1316 frater,
1741 1253 1841 1324 qui
1881 1255 1995 1305 sto-

359 1347 654 1404 macharis
709 1353 914 1403 contra
957 1361 1060 1402 eos
1116 1347 1217 1416 qui
1269 1345 1475 1400 dicunt
1519 1348 1764 1398 Romam
1797 1355 1994 1396 rerum

359 1435 705 1492 maximam.
740 1433 1004 1501 Attende,
1037 1434 1084 1490 si
1129 1440 1317 1505 potes,
1349 1449 1484 1504 quae
1513 1432 1771 1497 dignitas
1796 1429 1874 1484 illi
1905 1445 1999 1480 ac-

359 1523 580 1585 ciderit,
613 1539 683 1577 ex
729 1521 824 1578 die
867 1538 988 1592 qua
1032 1523 1251 1585 Petrus,
1283 1527 1449 1578 extra
1489 1525 1722 1592 portam
1755 1514 2002 1572 civitatis

363 1613 659 1675 Romanae,
692 1609 828 1665 vidit
847 1609 957 1666 sibi
989 1609 1288 1665 Christum
1315 1623 1644 1673 occurrere,
1667 1605 1764 1661 ubi
1789 1609 1845 1659 et
1865 1602 2004 1658 ado-

362 1697 511 1753 ravit
555 1713 716 1765 eum,
747 1697 985 1752 dicens:
1039 1696 1307 1762 Domine,
1345 1712 1467 1768 quo
1511 1695 1721 1750 vadis?
1768 1695 1831 1748 Et
1861 1689 2006 1746 dixit

367 1785 688 1844 Dominus:
720 1785 902 1842 Venio
944 1787 1192 1842 Romam
1239 1785 1450 1840 iterum
1497 1781 1780 1849 cruciﬁgi.
1814 1781 2002 1834 Locus
2035 1807 2079 1860 Β

364 1873 458 1930 ille
481 1873 746 1947 quidem,
776 1873 876 1930 ubi
919 1873 1236 1930 cruciﬁxus
1281 1879 1368 1929 est
1416 1871 1676 1930 Christus
1713 1871 1774 1925 in
1822 1872 2004 1936 Petro,

368 1963 490 2018 sive
522 1964 720 2020 Petrus
749 1979 856 2034 pro
887 1963 1136 2031 Christo,
1161 1979 1270 2022 nec
1297 1979 1418 2020 non
1452 1961 1552 2017 ubi
1583 1959 1796 2018 Paulus
1819 1956 2012 2014 decol-

365 2051 521 2110 latus
551 2057 642 2109 est
663 2069 774 2124 pro
803 2053 1001 2124 Capite
1030 2067 1288 2112 summo.
1315 2051 1534 2118 dignus
1573 2055 1662 2105 est
1691 2047 2013 2112 omnigena

365 2141 766 2207 veneratione,
797 2139 912 2196 sub
938 2138 1094 2194 illius
1125 2138 1390 2196 videlicet
1435 2137 1748 2194 dilectione
1789 2135 1893 2206 qui
1936 2133 2014 2190 ad

371 2227 625 2284 salutem
654 2226 918 2284 ﬁdelium
958 2232 1122 2282 tanta
1155 2227 1348 2284 sanxit
1397 2225 1679 2280 ineffabili
1706 2240 1816 2282 sua
1846 2223 2014 2279 mise-

372 2315 620 2372 ratione.
649 2313 800 2382 Quid
832 2315 1049 2372 mirum
1102 2315 1278 2380 igitur
1327 2313 1376 2370 si
1423 2314 1522 2372 illa
1569 2313 1772 2368 civitas
1820 2327 2016 2367 rerum

375 2404 643 2460 maxima
667 2402 917 2472 dicatur,
938 2418 1126 2474 quam
1142 2403 1268 2474 ipse
1294 2418 1492 2460 rerum
1521 2402 1802 2458 Conditor
1826 2401 1905 2456 ita
1927 2400 2016 2455 di-

377 2495 593 2560 gnatus
619 2495 708 2546 est
735 2489 969 2548 visitare
1023 2497 1087 2548 ut
1128 2491 1398 2550 membra
1447 2507 1555 2546 sua
1601 2489 1900 2562 praecipua
1938 2487 2018 2544 ibi

379 2579 702 2638 clariﬁcare
733 2579 902 2637 vellet
925 2579 1349 2650 gloriosissima
1383 2581 1659 2652 passione
1685 2579 1696 2632 l

448 2690 476 2724 σι
506 2671 652 2726 Ecce
681 2685 812 2739 nos,
843 2669 946 2741 qui
999 2685 1187 2726 unum
1235 2676 1560 2740 martyrem
1607 2667 2016 2726 beatissimum

379 2757 596 2816 scilicet
643 2761 1174 2822 Emmerammum,
1209 2761 1324 2816 Deo
1368 2757 1650 2821 donante.
1701 2762 2021 2828 patronum

379 2847 693 2916 habemus,
717 2862 826 2920 pro
857 2847 1144 2904 memoria
1175 2853 1513 2902 sanctorum
1541 2845 1945 2916 jooundamus
1969 2850 2026 2900 et

380 2934 734 3002 gaudemus,
760 2939 986 3006 quanto
1017 2934 1213 3002 magis
1241 2933 1318 2988 illi
1344 2949 1497 3004 quos
1524 2933 1702 2991 Deus.
1729 2933 1831 3002 qui
1855 2932 2024 2988 dives

381 3026 474 3078 est
513 3022 574 3077 in
605 3037 814 3078 omnes
847 3026 1014 3090 (176),
1055 3021 1264 3078 ditavit
1307 3021 1658 3093 corporibus
1699 3027 1780 3076 tot
1809 3027 2028 3090 marty-

381 3127 538 3176 rum,
569 3115 645 3174 et,
679 3117 741 3167 ut
779 3110 860 3167 ita
888 3109 1106 3173 dicam,
1141 3109 1576 3180 pretiosissimis
1605 3115 1662 3164 et
1685 3109 2026 3164 clarissimis

381 3198 737 3272 pignoribus
767 3197 1097 3257 caelorum?
1143 3197 1298 3264 Quid
1346 3198 1574 3255 multa?
1629 3201 1746 3255 Deo
1789 3199 2026 3268 gratias,

383 3287 528 3360 quia
577 3286 788 3344 cecidit
839 3286 1102 3358 Babylon
1149 3287 1294 3357 (177)
1341 3287 1400 3342 in
1441 3289 1645 3344 Roma.
1683 3292 1740 3342 in
1769 3302 1888 3358 qua
1917 3286 2028 3341 sub

385 3374 802 3432 confessionne
853 3375 1109 3432 nominis
1155 3375 1364 3435 Christi
1408 3382 1579 3444 gente
1625 3382 2030 3452 surgenteno-

386 3463 560 3529 vella,
587 3481 765 3537 super
809 3465 1222 3520 immutatione
1251 3465 1341 3520 sui
1371 3463 1596 3536 oppido
1628 3465 1859 3530 mirata,
1891 3465 2030 3521 dicit

386 3568 523 3612 cum
551 3551 894 3610 Psalmista:
942 3552 1075 3609 Htec
1102 3557 1189 3608 est
1232 3557 1479 3610 mutatio
1521 3552 1775 3610 dexterae
1809 3553 2029 3610 Excelsi

387 3641 549 3714 (178).
581 3641 746 3698 Hanc
776 3641 1069 3714 siquidem
1100 3642 1310 3698 urbem
1341 3643 1514 3714 quasi
1545 3643 1839 3700 intuentes
1866 3643 2030 3698 undi-

385 3747 500 3802 que
528 3730 788 3788 collectie
816 3729 1088 3802 plurimae
1119 3736 1321 3799 gentes
1371 3738 1688 3788 assumunt
1729 3731 1913 3788 verba
1943 3747 2032 3787 sa-

385 3835 496 3876 cras
563 3819 878 3892 Scriptura!
937 3825 992 3877 et
1051 3819 1300 3878 dicunt:
1370 3821 1759 3892 Omnipotens
1824 3823 2030 3889 Roma,

388 3904 647 3975 gloriosa
697 3905 855 3962 dicta
930 3911 1069 3962 sunt
1137 3907 1210 3967 de
1293 3914 1378 3974 te,
1451 3910 1596 3981 quia
1659 3909 1864 3964 cvitas
1938 3910 2032 3964 Dei

389 3995 540 4064 (178)
569 4009 632 4050 es
661 3993 836 4050 facta.
867 3997 969 4052 Per
997 4003 1175 4069 caput
1220 4000 1492 4056 omnium
1521 3998 1840 4061 bonorum,
1869 3997 2032 4069 quod

390 4086 480 4139 est
508 4081 788 4148 Christus,
820 4083 924 4154 qui
969 4093 1176 4154 regnat
1219 4087 1283 4143 in
1335 4101 1555 4153 savum,
1585 4085 1700 4140 sub
1741 4087 2036 4157 apostolo-

392 4185 526 4228 rum
549 4169 961 4243 priedicatione
992 4191 1060 4230 ac
1085 4181 1425 4246 martyrum
1457 4173 1865 4229 testilicatione
1895 4175 1954 4228 in
1985 4181 2036 4230 te

393 4258 694 4318 confracta
724 4267 860 4319 sunt
899 4265 1094 4335 capita
1125 4261 1432 4328 Draconis,
1463 4266 1519 4316 et
1567 4268 1656 4317 est
1695 4261 1872 4317 datus
1903 4278 2038 4320 esca

395 4347 630 4420 populis
661 4349 880 4419 multis,
907 4352 1079 4422 juxta
1108 4349 1275 4422 quod
1309 4347 1810 4421 Psalmographus
1845 4352 2037 4408 Domi-

397 4451 541 4496 num
569 4437 823 4496 laudans
869 4441 931 4498 iu
979 4438 1228 4495 consilio
1257 4442 1598 4494 sanctorum
1629 4440 1744 4496 ait:
1790 4443 1874 4496 Tu
1903 4457 2038 4496 con-

395 4523 614 4595 fregisti
643 4526 836 4598 capita
864 4527 1183 4592 Draconis;
1211 4523 1424 4583 dedisti
1453 4544 1588 4584 eum
1620 4544 1820 4584 escam
1850 4546 2038 4602 popu-

394 4609 466 4668 lis
492 4613 830 4687 Ethiopum
859 4617 1028 4686 (180).
1058 4635 1084 4664 »ι

998 4703 1424 4761 Ammonis-ius.

471 4817 500 4848 α
523 4796 671 4864 Quia
699 4799 843 4859 mihi
872 4799 986 4857 sub
1009 4813 1269 4872 persona
1311 4799 1743 4856 concionatoris
1775 4803 2046 4873 quaestio-

399 4899 538 4946 nem
580 4889 864 4960 moventi,
891 4887 1190 4946 luculente
1245 4887 1471 4942 ratione
1510 4889 1856 4956 satisfecisti,
1889 4880 2047 4948 nunc

403 4979 580 5032 restat
611 4981 672 5032 ut
699 4977 1034 5036 secundum
1060 4991 1281 5030 nomen
1308 4980 1498 5042 tuum,
1522 4992 1558 5030 ο
1589 4978 1882 5048 Collectiti,
1915 4997 2047 5052 quae

403 5067 537 5133 pust
559 5063 696 5120 hinc
727 5062 1063 5134 colligenda
1089 5063 1224 5126 sint,
1245 5061 1554 5132 diligenter
1579 5066 2044 5122 siibscribantur.

409 5150 630 5208 Utilitas
657 5153 816 5210 enim
852 5153 1182 5221 legentium
1225 5154 1414 5222 pOscit
1453 5155 1668 5226 exponi
1697 5157 2048 5212 versiculum

407 5237 729 5294 Psalmistas
776 5256 958 5310 quem
990 5240 1369 5310 proposuisti.
1403 5245 1549 5297 Nam
1578 5243 1917 5300 incredibile
1951 5261 2048 5316 pe-

408 5339 486 5382 ns
513 5325 796 5382 erunibus
829 5327 1060 5383 videtur
1086 5329 1249 5398 quod
1283 5329 1554 5386 homines
1600 5332 1830 5404 possint
1865 5339 1922 5388 et
1948 5333 2050 5388 de—

410 5411 595 5468 beant
622 5415 951 5469 Draconem
979 5415 1306 5472 comedere.
1333 5440 1360 5467 ››

485 5554 632 5625 (176)
671 5553 886 5622 Ephes.
921 5570 978 5610 n.

487 5625 632 5694 (177)
670 5626 788 5678 Isu.
819 5641 938 5678 xxi.

516 5697 634 5766 178)
671 5696 844 5766 Ρεαι.
881 5711 1066 5752 Lxxvt.

512 5765 848 5842 179),Ρ.ςαι.
881 5779 1105 5825 Luxu.

1389 333 1695 391 ARNOLDI
1733 321 2332 386 EIMERAIMENSIS
2367 316 2703 378 MONACHI.

337 463 566 522 diaboli
589 462 746 520 facta
773 465 862 520 est
887 441 1094 517 civitas
1123 459 1255 522 Dei;
1286 475 1426 530 quia
1445 457 1504 512 in
1529 461 1759 512 tantum
1789 468 1979 509 excre-
2017 461 2060 510 A

2067 4502 2114 4556 D

3692 301 3840 356 1N2

2723 439 2948 496 Collect
2957 436 3115 492 ilius.

2167 558 2194 586 «
2224 538 2340 592 Mos
2369 538 2460 588 est
2501 547 2691 588 sacrm
2739 528 3056 598 Scripturtc
3107 526 3174 581 ut
3218 536 3329 594 per
3364 517 3744 576 schemata
3785 524 3833 566 ei

2097 624 2324 697 species
2355 622 2546 678 varias
2583 619 2818 678 ordinet
2845 613 3190 674 sententias.
3229 609 3494 666 Harum
3545 621 3696 664 una
3749 601 3829 659 di-

2097 716 2244 770 citur
2291 712 2664 782 metaphora,
2702 708 2763 764 id
2793 711 2904 769 est,
2937 698 3433 761 transformatio,
3475 711 3611 769 per
3640 709 3829 766 quam

2099 820 2236 858 seru
2261 819 2296 857 ο
2324 800 2562 856 divinus
2591 798 2733 855 dicit
2761 799 3093 852 Draconem
3123 787 3464 847 edendum
3503 784 3604 842 ab
3638 782 3826 838 homi-

2099 893 2300 950 nibus,
2333 889 2436 945 sed
2482 889 2609 946 hinc
2657 883 2947 941 comestio
2998 879 3145 936 nihil
3199 877 3378 934 aliud
3451 872 3828 940 intelligitur

2099 997 2284 1053 quam
2329 977 2767 1034 consummatio
2809 978 2867 1030 et
2910 969 3243 1029 annulatio.
3282 967 3478 1024 Sicut
3533 961 3722 1020 enim
3761 959 3826 1014 ci-

2100 1049 2216 1124 bus
2266 1073 2322 1123 et
2349 1083 2488 1122 esca
2530 1063 2812 1122 dentibus
2854 1060 3098 1120 molitur
3145 1062 3206 1114 et
3256 1055 3526 1121 teritur,
3563 1056 3632 1108 et
3663 1050 3750 1106 ita
3775 1049 3823 1102 in

2101 1159 2352 1214 nihilum
2386 1155 2686 1222 redigitur,
2715 1154 2800 1208 sic
2821 1166 3066 1224 quoque
3095 1150 3312 1208 Draco,
3341 1144 3414 1200 id
3441 1149 3554 1199 est
3577 1138 3824 1197 diaboli-

2105 1265 2230 1314 cus,
2261 1247 2468 1302 virtute
2501 1243 2708 1301 Christi
2741 1241 3049 1307 contritus,
3083 1238 3163 1294 ab
3198 1233 3510 1291 Eoclesiis
3543 1232 3695 1301 ejus
3729 1245 3822 1299 po—

2107 1344 2292 1393 tenter
2321 1335 2602 1397 calcatur,
2631 1333 2753 1387 sive
2773 1327 3117 1390 annulatur,
3157 1330 3222 1382 ut
3245 1325 3388 1396 ipse
3429 1321 3544 1378 Sa]
3557 1317 3822 1375 vatorad

2107 1424 2436 1496 discipulos
2473 1438 2613 1478 suos
2655 1421 2716 1476 in
2766 1416 3083 1486 Evangelio
3133 1431 3249 1470 suo
3290 1412 3428 1468 ait:
3497 1413 3670 1466 Ecce
3697 1407 3822 1462 dedi

2109 1514 2282 1569 vobis
2344 1516 2698 1585 potestatem
2753 1505 3022 1563 calcandi
3087 1517 3278 1574 super
3357 1503 3717 1572 serpentes
3767 1500 3823 1585 et

2112 1583 2476 1672 scorpiones,
2539 1603 2598 1655 et
2659 1611 2838 1668 super
2903 1607 3149 1650 omnem
3209 1589 3530 1646 virtutem
3605 1583 3823 1640 inimici

2119 1693 2282 1761 (181).
2315 1712 2343 1740 υ

2733 1771 3162 1828 Ammonicius.

2189 1892 2216 1919 ι(
2241 1870 2444 1924 Grates
2474 1868 2610 1927 Deo,
2629 1862 2771 1935 quia
2797 1859 3193 1927 morigeratus
3214 1871 3282 1910 es
3303 1853 3640 1910 inﬁrmati
3665 1867 3820 1908 mea.

2119 1959 2241 2014 sive
2271 1953 2600 2012 necessitati
2630 1952 2925 2008 fraterna).
2957 1947 3140 2003 etiam
3190 1945 3255 2002 in
3289 1945 3588 2014 hujusce
3635 1957 3820 2014 quies

2120 2047 2297 2103 tionis
2328 2043 2724 2101 absolutione.
2763 2039 3078 2095 Enimvero
3103 2036 3236 2106 jam
3267 2038 3547 2106 tempus
3575 2035 3644 2088 et
3691 2030 3824 2086 ratio

2122 2135 2300 2202 exigit
2324 2138 2405 2195 ut,
2439 2131 2530 2186 his
2561 2129 2621 2186 in
2662 2141 2930 2193 congruo
2978 2124 3118 2180 loco
3146 2121 3462 2190 (limissis,
3503 2119 3733 2176 redeas
3761 2116 3822 2172 ad

2122 2221 2430 2278 historiam
2463 2215 2795 2278 llamuoldi,
2819 2211 3150 2271 venerandi
3174 2209 3401 2270 abbati
3433 2225 3520 2266 ac
3547 2205 3821 2266 amantis-

2125 2311 2258 2368 simi
2289 2309 2490 2368 Patris.
2516 2329 2543 2357 ι»

2755 2407 3150 2465 Collectit‘ius.

2203 2524 2224 2556 ι
2250 2507 2380 2558 Post
2411 2499 2890 2574 quinquennium
2937 2511 3185 2568 quoque
3237 2491 3620 2564 imperialis
3649 2489 3823 2546 exitus

2127 2595 2200 2648 de
2250 2591 2479 2647 civitate
2535 2585 3026 2658 HiatOspolitana,
3053 2583 3234 2652 cujus
3285 2595 3414 2636 nos
3481 2579 3718 2636 incolat
3752 2589 3824 2630 ιιι·

2130 2699 2286 2742 mus.
2318 2681 2606 2745 languore
2649 2677 2932 2731 diuturno
2972 2674 3033 2728 Β.
3065 2671 3260 2726 abbas
3293 2669 3736 2734 Ramuoldus,
3760 2667 3818 2719 vi-

2132 2771 2295 2826 ribus
2345 2766 2608 2840 corporis
2637 2765 2815 2836 coepit
2843 2760 3103 2824 destitui,
3139 2759 3518 2832 spiritaliter
3565 2757 3822 2828 gaudens

2131 2859 2470 2915 interiorem
2499 2854 2806 2910 hominem
2853 2867 2958 2924 per
3003 2851 3161 2906 hanc
3191 2847 3652 2904 inﬁrmitatem
3688 2846 3821 2901 insti-

2136 2947 2238 3015 tui,
2308 2945 2638 3000 secundum
2705 2939 3050 3014 Apostolum
3113 2936 3410 2993 videlicet
3485 2937 3819 2992 dicentem:

2136 3035 2388 3101 Quando
2418 3033 2706 3094 intlrmor,
2727 3036 2865 3084 tunc
2899 3027 3104 3082 fortior
3131 3041 3272 3080 sum
3303 3030 3366 3080 et
3393 3031 3650 3098 potens
3680 3026 3820 3095 (182'.

2137 3124 2258 3178 Hac
2273 3123 2516 3194 quidem
2537 3119 2734 3174 carnis
2760 3116 3102 3172 infirmitate
3131 3113 3490 3186 perductus
3519 3119 3624 3170 est
3646 3113 3728 3170 ad
3749 3127 3822 3166 ne

2138 3212 2445 3268 vissimam
2475 3207 2780 3282 prmsentis
2803 3206 2934 3261 vitm
2964 3205 3182 3259 lucem.
3216 3205 3352 3266 Qua
3386 3202 3502 3258 die
3523 3201 3825 3258 venerata

2136 3301 2206 3356 lis
2234 3302 2428 3360 heros,
2463 3298 2694 3361 erigens
2729 3311 2789 3349 se
2816 3294 2889 3349 de
2917 3291 3132 3348 lectulo
3159 3306 3351 3362 quem
3378 3291 3531 3360 jam
3569 3307 3691 3364 per
3715 3305 3824 3345 cou-

2141 3389 2332 3444 tinuos
2363 3383 2816 3458 quatuordecim
2849 3381 2976 3436 dies
3006 3395 3130 3452 prie
3161 3379 3540 3436 valetudine
3587 3395 3717 3434 non
3749 3392 3825 3448 po-

2140 3483 2284 3534 terat
2313 3477 2603 3542 deserere,
2638 3471 2836 3528 tunica
2867 3469 3053 3525 sancti
3103 3467 3413 3542 propositi
3459 3471 3761 3525 amictus,
3787 3471 3827 3518 et

2141 3583 2244 3638 per
2275 3563 2597 3637 spiritalem
2630 3560 3013 3626 medicinam,
3046 3556 3519 3630 aliquantisper
3575 3557 3662 3613 de
3691 3556 3824 3612 febre

2139 3654 2454 3722 revelatus,
2486 3651 2675 3707 oratio
2708 3653 2953 3722 accepto
3003 3652 3060 3702 et
3111 3646 3360 3712 agmine
3399 3645 3691 3703 fratrum
3739 3641 3828 3700 ccl-

2138 3743 2310 3810 lecto,
2341 3739 2557 3796 resedit
2603 3739 2665 3793 in
2712 3735 2932 3802 medio,
2966 3751 3036 3790 ac
3069 3733 3296 3806 potenti
3353 3747 3679 3791 sermone
3710 3749 3827 3788 usus

2141 3836 2229 3886 est
2257 3829 2315 3885 in
2349 3831 2505 3884 hunc
2531 3827 2777 3882 modum
2803 3843 2816 3880 :
2858 3828 3008 3880 Deus
3038 3826 3204 3880 Pater
3235 3837 3488 3890 magna
3527 3823 3828 3880 dilectione

2143 3925 2320 3990 atque
2370 3931 2593 3981 magno
2637 3912 2882 3969 consilio
2911 3906 3074 3966 misit
3105 3909 3518 3975 Unigenitum
3558 3927 3746 3968 suum
3776 3925 3827 3962 ac

2145 4004 2600 4062 salviticandum
2638 4018 2825 4068 genus
2855 4001 3215 4055 humanum.
3251 3998 3435 4054 Unde
3479 4006 3553 4056 et.
3593 4017 3704 4074 per
3731 4003 3832 4054 Pro»

2143 4097 2386 4169 phetam
2420 4091 2621 4162 magni
2651 4089 2881 4146 consilii
2911 4085 3170 4158 Angelus
3203 4087 3354 4157 (t83)
3383 4090 3486 4144 est
3525 4088 3831 4164 prementi-

2146 4191 2338 4239 natus.
2375 4183 2504 4250 Qui,
2537 4196 2674 4235 cum
2707 4195 2812 4252 per
2848 4177 3117 4233 divinam
3170 4177 3536 4254 potentiam
3575 4195 3702 4235 nos
3731 4193 3832 4251 pos-

2149 4279 2234 4328 set
2259 4269 2482 4342 eripere
2514 4269 2587 4324 de
2619 4271 2904 4340 potestate
2937 4263 3184 4333 diaboli,
3219 4263 3425 4320 noluit
3459 4281 3551 4321 ea
3603 4283 3718 4344 per
3758 4281 3834 4320 nu-

2151 4362 2298 4418 dum
2331 4359 2412 4414 uti
2443 4358 2522 4414 ad
2551 4357 3023 4428 redemptionem
3057 4353 3292 4420 generis
3318 4352 3639 4420 humani,
3675 4358 3753 4412 ob
3773 4357 3832 4424 ju-

2151 4448 2622 4508 stitiam.scilicet
2647 4452 2865 4502 sanctae
2892 4441 3158 4499 Trinitati
3185 4442 3464 4497 maxime
3492 4447 3828 4519 propriam.

2152 4537 2256 4592 sed
2307 4533 2590 4591 ineffabili
2644 4549 2752 4588 sua
2801 4529 3208 4587 misericordia
3265 4530 3650 4603 hominem,
3686 4548 3833 4607 quem

2154 4641 2292 4680 cum
2322 4624 2525 4679 anima
2553 4621 2813 4694 suscepit
2835 4621 3181 4675 incarnatus
3213 4616 3289 4672 de
3318 4619 3618 4688 Virgine,
3652 4619 3836 4678 abtum

2153 4713 2326 4782 Patri,
2360 4727 2689 4782 suspensus
2733 4710 2792 4764 in
2829 4723 3024 4772 cruce,
3062 4707 3180 4760 Deo
3211 4707 3661 4765 reconcilians
3695 4725 3838 4766 mun-

2154 4801 2300 4857 dum
2348 4816 2454 4872 per
2502 4802 2951 4855 sacrosanctum
2998 4793 3364 4863 sanguinem
3426 4813 3666 4864 suum,
3711 4801 3838 4855 hunc

2155 4888 2424 4946 etiamin
2459 4888 2650 4944 forma
2694 4885 3043 4942 humilitatis
3092 4898 3426 4955 opponens
3489 4887 3674 4944 hosti
3729 4893 3841 4944 ant»

2155 4995 2297 5051 quo,
2331 4994 2513 5050 quem
2557 4976 2651 5032 ille
2682 4991 2743 5030 se
2777 4975 3048 5045 jactabat
3078 4986 3430 5044 superasse.
3467 4979 3842 5050 nequissima

2159 5067 2452 5139 superbire
2482 5065 2824 5121 homicidio.
2859 5063 3124 5120 Christus
3153 5062 3380 5116 etenim
3418 5063 3488 5120 in
3527 5065 3717 5136 ligno
3749 5081 3831 5121 cru

2159 5157 2260 5224 cis,
2291 5155 2564 5226 usquead
2597 5158 2850 5208 mortem
2883 5152 3072 5206 factus
3103 5154 3191 5204 est
3212 5147 3538 5210 obediens
3569 5157 3843 5212 volante:

2160 5245 2378 5312 Patris;
2413 5244 2585 5314 cujus
2615 5242 2694 5298 ad
2737 5245 2989 5296 mortem
3038 5239 3232 5294 factus
3271 5244 3367 5296 est
3419 5245 3632 5316 primi
3682 5244 3845 5302 homi-

2161 5333 2252 5388 nis
2315 5331 2598 5386 vulniﬁca
2655 5327 3078 5385 inobedientia.
3134 5329 3306 5382 Hane
3365 5331 3715 5406 virtutem,
3771 5336 3844 5388 frs-

2161 5427 2299 5482 tres,
2327 5419 2749 5479 obedientiam,
2780 5433 2903 5489 qua
2924 5415 3192 5473 Christus
3251 5421 3546 5487 patravit
3585 5421 3842 5482 humans

2237 5561 2375 5632 (180)
2419 5561 2584 5615 Psal.
2625 5573 2818 5613 Lxxni.

2236 5635 2380 5702 (181)
2420 5633 2563 5686 Luc.
2593 5646 2652 5683 Χ.

2265 5705 2386 5773 182)
2424 5703 2494 5756 II
2517 5703 2654 5757 Cor.
2685 5714 2786 5754 xu.

2236 5705 2388 5845 it83)
2425 5773 2658 5844 Isa.,1x.

2265 5774 2388 5842 183)
2425 5773 2658 5844 Ιεα.,ιι.
