3968 6418
133 333 296 388 1033
969 339 1059 392 DE
1093 332 1466 395 MIRACULYS
1508 338 1563 396 S.
1606 332 2025 394 EMMERAHMI
2063 333 2249 391 LIBRI
2289 336 2455 395 DUO.
2487 336 2713 393 -—LlB.
2756 336 2824 393 ΙΙ.
3474 339 3614 395 ΝΜ

124 457 601 530 redemptionis
625 460 960 526 elegantem
992 462 1418 518 continentiam
1448 480 1687 519 summa
1738 462 1834 517 de-
1869 466 1915 516 Α
1949 476 2058 515 sua
2089 478 2322 534 ponens
2351 461 2713 531 ﬁrmissime,
2754 461 3038 535 prmcepit
3064 460 3147 517 ibi
3198 460 3414 518 missas
3465 462 3614 519 cele-

126 553 408 603 votione
432 548 673 618 diligite,
711 552 1040 613 sectamini.
1072 559 1288 608 amate.
1338 554 1618 609 Sanctam
1657 550 1831 608 Trini-
1947 549 2129 611 brari,
2160 556 2216 605 et
2247 551 2566 605 Dominicae
2595 549 2895 622 passionis
2937 550 3297 606 memoriam
3349 550 3610 607 intentis-

128 640 367 701 tatem,
409 654 545 710 quia
572 655 683 694 nos
716 639 984 696 condidit
1016 640 1091 697 ad
1124 641 1455 707 imaginem
1486 648 1541 698 et
1572 642 1836 697 similitu-
1949 640 2100 695 sime
2122 641 2237 707 agi.
2274 643 2403 706 Qua
2426 647 2671 713 peracta
2702 656 2842 696 cum
2875 646 3120 695 ventum
3153 644 3317 695 esset
3342 639 3423 697 ad
3447 656 3613 697 com-

125 726 368 781 dinem
409 744 604 794 suam,
634 729 952 797 intellectu,
986 731 1279 786 memoria
1310 737 1365 786 et
1395 732 1718 797 voluntate,
1755 730 1840 785 di-
1947 731 2318 793 munionem,
2346 731 2474 803 ipse
2530 730 2623 786 vir
2669 730 2767 785 Dei
2832 734 2897 784 ut
2954 728 3185 801 accepit
3235 729 3504 800 corporis
3551 734 3611 786 et

126 814 566 879 ligentissima
599 816 828 873 timoris
858 823 913 874 et
945 819 1166 875 amoris
1198 820 1575 875 veneratione
1633 818 1837 873 lauda-
1946 820 2255 881 sanguinis
2289 820 2576 875 Dominici
2608 819 3056 884 eucharistiam,
3112 834 3252 874 mox
3308 818 3382 873 ad
3445 824 3613 876 uten-

130 910 215 960 te.
273 905 676 962 Emulamini
731 909 909 978 igitur
956 916 1153 965 mente
1210 908 1445 975 devota,
1504 909 1835 965 secundum
1942 926 2086 965 nam
2112 911 2367 982 patriam
2392 927 2463 967 ex
2494 910 2798 979 ergastulo
2830 911 3029 966 carnis
3058 910 3255 965 emisit
3310 908 3603 977 animam,

130 995 552 1067 Apostolum,
585 997 814 1066 majora
846 1000 1209 1055 charismata
1231 1003 1402 1069 (181),
1432 1004 1485 1055 et
1536 999 1679 1054 illud
1741 1002 1837 1055 Sa-
1943 998 2025 1053 ita
2056 999 2115 1053 in
2146 1015 2342 1068 agone
2371 1000 2704 1055 novissimo
2723 1014 2940 1055 manus
2973 1004 3245 1054 extentas
3270 997 3447 1068 juxta
3502 1013 3607 1054 ca-

127 1084 538 1140 lomonicum
582 1088 935 1143 cordetenus
983 1089 1279 1144 ruminate
1314 1108 1329 1145 :
1364 1092 1545 1144 Deum
1572 1089 1732 1157 time,
1782 1094 1841 1144 et
1943 1092 2049 1158 put
2076 1093 2281 1143 tenens
2309 1094 2371 1143 ut
2392 1094 2530 1143 ante
2553 1088 2615 1143 in
2644 1090 2914 1144 oratione
2936 1089 3132 1143 facere
3162 1086 3411 1143 solebat.
3440 1089 3607 1145 Tunc

130 1175 461 1230 mandata
491 1177 620 1246 ejus
651 1177 906 1233 observa
937 1198 949 1239 ;
982 1179 1097 1233 hoc
1118 1186 1208 1234 est
1241 1179 1437 1235 omnis
1462 1179 1645 1234 homo
1666 1179 1830 1248 (185).
1941 1176 2199 1246 religiosi
2230 1178 2514 1241 seniores,
2543 1178 2944 1239 Gotahardus,
2979 1177 3201 1233 scilicet
3241 1175 3437 1233 abbas
3476 1193 3607 1233 mo-

134 1267 226 1318 En
261 1280 390 1333 ego
434 1272 602 1320 aetate
630 1267 987 1338 decrepitus,
1018 1268 1078 1323 in
1130 1269 1247 1324 fide
1306 1286 1549 1342 quoque
1594 1269 1836 1324 catholi-
1941 1267 2182 1322 nasterii
2213 1266 2565 1333 Altahensis,
2592 1274 2774 1340 atque
2812 1267 3168 1339 Adalpertus
3200 1268 3374 1322 Pater
3396 1281 3602 1323 cmn0~

128 1370 271 1415 cus,
297 1357 362 1408 et
400 1358 462 1409 ut
490 1371 691 1410 verum
736 1356 940 1421 fatear,
982 1356 1042 1412 in
1070 1358 1282 1414 virtute
1322 1374 1457 1431 quae
1507 1359 1644 1414 huic
1695 1358 1832 1413 fidei
1939 1356 2019 1411 bii
2049 1356 2361 1421 Sewensis,
2396 1373 2534 1412 cum
2593 1356 2875 1413 fratribus
2924 1355 3153 1411 caeteris
3198 1360 3601 1422 necui-rentes,

127 1442 552 1514 suppeditare
575 1445 752 1501 debet
784 1447 1192 1517 permodicus,
1225 1448 1319 1503 die
1364 1448 1693 1504 vocationis
1748 1448 1832 1504 in—
1942 1448 2185 1518 Deoque
2206 1446 2467 1517 hymnos
2493 1461 2564 1501 ac
2594 1446 2804 1500 laudes
2822 1446 3037 1500 devota
3054 1449 3252 1499 mente
3280 1443 3597 1509 solventes,

124 1537 367 1599 stante,
406 1532 564 1588 viam
600 1533 903 1602 ingredior
957 1536 1249 1592 universae
1304 1537 1522 1606 carnis,
1576 1553 1826 1609 sperans
1939 1535 2211 1606 spirituum
2240 1536 2317 1607 pii
2351 1536 2533 1591 Patris
2565 1552 2703 1590 cum
2753 1534 3128 1591 orationibus
3171 1531 3601 1589 commendare

119 1636 231 1675 me
262 1627 605 1677 venturum
633 1623 710 1677 ad
738 1623 959 1688 gaudia
990 1626 1196 1697 patriae.
1227 1626 1479 1681 cmlestis
1528 1642 1635 1698 per
1688 1643 1826 1681 eum
1938 1624 2293 1689 satagebant
2350 1624 2791 1697 Omnipotentis
2832 1623 3039 1690 gratiae
3084 1619 3598 1677 miserationibus.

122 1710 239 1783 qui
272 1716 372 1765 est
412 1711 713 1767 Liberator
742 1714 1033 1768 mirabilis
1066 1714 1124 1770 in
1187 1715 1671 1771 miserationibus
1705 1717 1827 1770 suis
1938 1712 2169 1778 Quibus
2200 1713 2306 1768 rite
2338 1714 2727 1785 otiicioseque
2758 1712 2960 1777 tinitis,
2992 1711 3054 1766 hi
3104 1724 3366 1779 quorum
3413 1708 3599 1764 corda

131 1798 386 1855 multis.
423 1801 539 1855 Vos
573 1806 773 1857 autem
817 1803 877 1857 in
929 1803 1160 1859 Christo
1217 1805 1445 1860 viscera
1495 1821 1627 1861 mea
1667 1806 1829 1861 hunc
1867 1817 1907 1869 Β
1935 1818 2058 1874 prae
2081 1803 2308 1858 caeteris
2353 1803 2587 1857 visitare
2606 1802 2859 1867 dignata
2914 1807 3004 1856 est
3053 1798 3363 1871 inspiratio
3391 1797 3598 1854 divina

128 1891 390 1943 Patrem
418 1888 662 1958 diligite,
689 1891 861 1957 cujus
921 1892 1250 1963 paternitas
1281 1893 1339 1948 in
1386 1910 1640 1949 numero
1684 1892 1830 1949 ﬁlio-
1936 1908 2145 1947 vocem
2179 1909 2316 1947 cum
2347 1892 2466 1947 ﬁde
2499 1892 2835 1947 attollentes
2860 1891 3139 1947 dixerunt
3169 1906 3183 1944 :
3218 1887 3488 1953 Domine,
3512 1886 3598 1945 uti

129 1993 280 2032 rum
315 1978 679 2050 corporibus
709 1980 1002 2035 collocare
1027 1988 1225 2053 potest
1281 1982 1519 2037 animas
1577 1990 1822 2039 vestras.

134 2070 206 2125 Et
268 2066 397 2121 hoc
446 2067 615 2122 vobis
660 2068 995 2123 futurorum
1036 2070 1277 2132 signum
1308 2088 1496 2143 quam
1526 2073 1825 2143 probatum

132 2171 255 2228 per
287 2172 393 2210 me
422 2154 737 2225 indignum
767 2175 780 2211 :
813 2158 957 2230 quia
984 2158 1040 2213 in
1070 2158 1201 2214 loco
1228 2160 1343 2214 isto
1374 2162 1561 2217 multa
1590 2161 1826 2233 passuri

133 2244 289 2300 estis
327 2243 589 2300 adversa
640 2252 775 2317 post
820 2248 1156 2303 discessum
1213 2265 1438 2310 meum.
1486 2250 1707 2322 quibus
1766 2250 1821 2305 in

136 2339 393 2390 tantum
426 2336 935 2392 exacerbabimini
970 2343 1032 2393 ut
1062 2337 1237 2394 etiam
1266 2337 1399 2395 loco
1429 2341 1636 2395 cedere
1659 2356 1825 2395 com-

132 2422 482 2496 pellamini.
517 2425 738 2481 Verum
765 2432 942 2482 tantae
970 2430 1331 2501 tempestatis
1353 2432 1677 2485 commotio
1709 2431 1823 2485 cito

131 2512 469 2569 sedabitur
496 2512 698 2569 divino
732 2516 963 2572 solatio.
1030 2517 1194 2573 Unde
1255 2519 1572 2574 consilium
1626 2520 1705 2574 do
1760 2524 1824 2575 ut

126 2604 567 2675 unusquisque
602 2608 864 2660 vestrum
914 2605 1145 2662 festinet
1175 2608 1292 2664 huc
1318 2609 1525 2663 reveiti
1582 2610 1638 2664 in
1690 2627 1823 2682 pro-

122 2691 421 2748 fessionis
463 2691 683 2761 locum,
714 2694 813 2748 ubi
845 2696 1089 2751 des-{duo
1112 2697 1325 2751 audiat
1352 2699 1446 2753 vel
1480 2700 1625 2767 (186)
1658 2715 1819 2754 exer-

124 2789 266 2837 ceat
284 2782 671 2836 harmoniam
690 2784 1085 2855 spiritualium
1112 2788 1437 2841 vocum.De
1453 2792 1664 2842 cadere
1678 2805 1819 2843 vero

122 2872 189 2926 in
228 2872 351 2924 hoc
379 2886 538 2924 nunc
562 2872 1008 2928 conclusionem
1069 2874 1341 2929 fraternaD
1392 2878 1818 2933 admonitionis

125 2962 325 3014 tinem
378 2959 550 3025 facio,
583 2976 706 3031 quo
766 2961 845 3015 ita
907 2962 1291 3019 calliditatem
1344 2968 1817 3039 serpentis,quze

126 3049 343 3104 minor
372 3054 463 3101 est
491 3050 627 3103 intei
724 3052 946 3120 irtutcs,
977 3052 1197 3108 habere
1229 3055 1530 3113 studeatis.
1593 3074 1665 3111 ne
1710 3074 1816 3113 au-

126 3154 309 3195 ream
351 3138 648 3194 bumilitat
691 3156 748 3194 m
804 3141 1165 3197 columbinze
1223 3145 1637 3217 simplicitatis,
1679 3165 1815 3220 quin

128 3228 341 3289 maior
396 3234 503 3295 est,
547 3242 653 3299 per
704 3229 1065 3286 incautelam
1126 3233 1428 3290 amittatis.
1481 3236 1590 3290 Sed
1625 3238 1815 3293 omni-

128 3317 340 3373 modis
379 3317 492 3370 hoc
522 3320 845 3374 assumatis
872 3319 1038 3391 quod
1076 3322 1339 3377 Christus
1380 3322 1438 3378 in
1494 3326 1813 3390 Evangelio

130 3423 247 3462 suo
283 3404 601 3477 discipulis
633 3409 936 3481 praecepit.
972 3411 1179 3467 dicens
1211 3431 1223 3467 :
1258 3414 1452 3468 Estole
1484 3416 1810 3486 prudentes

128 3498 289 3551 sicut
324 3500 630 3565 serpentes
662 3502 717 3551 et
753 3497 1055 3569 simplices
1089 3500 1240 3554 sicut
1291 3501 1587 3558 columbre
1638 3507 1806 3569 (187).

127 3589 283 3642 Tum
320 3600 566 3639 summa
596 3586 930 3641 humilitate
958 3588 1111 3642 inter
1140 3588 1420 3644 abbatem
1469 3596 1523 3646 et
1576 3591 1806 3660 fratres,

127 3676 367 3731 alterna
405 3674 555 3728 facta
588 3674 962 3730 confessione
986 3693 1095 3731 nec
1140 3694 1261 3733 non
1313 3695 1343 3734 e
1397 3680 1559 3734 crrlis
1624 3683 1807 3753 petita

128 3781 237 3819 seu
263 3765 597 3835 imprecata
616 3766 1063 3834 pernecessaria
1087 3774 1471 3839 peccatorum
1494 3769 1806 3841 indulgen-

126 3855 233 3915 tia,
269 3852 499 3908 intimis
527 3853 703 3924 quasi
734 3854 952 3908 cretum
990 3859 1240 3919 tangens
1277 3857 1572 3929 suspiriis,
1632 3876 1807 3915 vene-

125 3940 339 3996 rabilis
375 3941 568 4010 heros,
601 3941 865 4013 primum
918 3959 1161 3997 summo
1215 3944 1441 4000 Pastori
1501 3963 1806 4002 commen-

126 4033 235 4086 dat
268 4046 514 4098 gregrem
548 4030 656 4084 sibi
688 4032 1110 4090 commissum.
1134 4033 1350 4088 deinde
1372 4034 1803 4104 fratribus,jam

126 4136 253 4192 prae
282 4118 570 4189 lacrymis
603 4136 670 4174 ac
707 4120 1076 4181 singultibus
1132 4123 1224 4177 vix
1282 4122 1390 4178 fari
1444 4124 1800 4195 valentibus,

129 4208 495 4273 valedicens,
527 4208 608 4264 ait
642 4226 655 4263 :
692 4210 881 4268 Abite.
918 4209 1126 4265 fratres
1162 4212 1522 4279 charissimi,
1555 4220 1611 4268 et
1654 4230 1803 4284 prte-

126 4314 227 4371 pa.
246 4302 339 4353 ate
363 4313 467 4351 vos
482 4297 558 4352 ad
579 4297 1006 4353 celebrandum
1024 4300 1292 4355 divinum
1328 4301 1800 4374 ofﬁciorumque

128 4402 375 4442 summa
437 4386 773 4442 festinantia
818 4389 1150 4443 concurrite
1210 4390 1286 4444 ad
1367 4392 1795 4463 complendum

128 4492 196 4530 ex
233 4490 401 4530 more
429 4475 700 4531 ordinem
735 4492 973 4531 sacrum
1011 4496 1022 4543 ;
1055 4482 1111 4532 et
1163 4480 1275 4533 hoc
1308 4480 1583 4534 ultimum
1643 4482 1798 4535 senis

128 4563 482 4619 memoriale
522 4581 630 4637 pro
662 4566 1074 4621 benedictione
1106 4568 1383 4623 habetote
1416 4585 1429 4622 :
1464 4573 1523 4623 In
1557 4572 1799 4625 nomine

132 4653 388 4717 Domini,
453 4653 617 4708 salus
673 4656 947 4710 omnium
1004 4658 1209 4711 nostri.
1257 4660 1527 4729 Cumque
1586 4675 1796 4713 omnes

129 4742 535 4797 communiter
564 4742 849 4807 dicerent,
878 4749 1087 4806 Amen,
1120 4751 1299 4817 atque
1321 4747 1548 4801 exirent
1580 4748 1794 4812 mresti,

129 4848 163 4885 a
195 4835 405 4884 sancto
435 4832 671 4899 Spiritu
701 4847 835 4888 vere
860 4835 1009 4904 (l88)
1038 4835 1339 4905 paraeleto
1369 4837 1675 4907 quaesituri
1705 4854 1796 4891 so-

126 4919 350 4977 lamen.
389 4918 476 4974 vir
507 4920 601 4975 Dei
636 4936 740 4992 per
774 4922 1048 4993 spiritum
1084 4924 1469 4995 priesentiens
1525 4925 1790 4981 animam

126 5006 201 5060 de
232 5021 484 5078 corpore
507 5009 771 5064 celeriter
800 5009 1068 5070 dissolvi.
1099 5011 1276 5080 jussit
1302 5027 1363 5065 se
1405 5012 1483 5066 ab
1541 5013 1633 5068 his
1689 5014 1792 5086 qui

127 5094 379 5149 aderant
412 5097 469 5151 in
495 5099 823 5153 oratorium
858 5098 1018 5153 cellae
1054 5114 1175 5152 sum
1206 5100 1548 5171 proximum
1595 5110 1795 5173 porta-

126 5182 194 5244 ri,
227 5187 283 5236 et
317 5183 468 5239 inter
496 5186 620 5241 duo
654 5187 864 5243 altaria
891 5187 1114 5259 deponi
1149 5205 1160 5249 ;
1195 5205 1517 5244 conversus
1543 5191 1789 5262 quidem

127 5277 307 5342 caput
336 5274 415 5327 ad
445 5282 615 5330 aram
642 5278 831 5333 sancti
861 5278 1044 5333 Patris
1084 5279 1403 5347 Benedicti,
1432 5282 1617 5352 pedes
1646 5297 1790 5337 vero

124 5359 200 5414 ad
232 5359 417 5417 altare
441 5365 631 5419 sancti
663 5364 882 5421 Kiliani
907 5367 1187 5439 martyris
1219 5369 1449 5425 Christi.
1508 5374 1565 5425 In
1617 5371 1788 5439 cujus

122 5446 387 5517 nomine,
424 5456 626 5521 utpote
666 5452 724 5507 in
773 5456 1046 5511 omnium
1095 5456 1304 5511 salutis
1332 5460 1555 5525 omine,
1615 5472 1785 5531 spem

199 5590 341 5660 (lSi)
387 5593 419 5645 Ι
448 5593 583 5647 Cor.
607 5611 707 5650 xu.

196 5663 343 5730 (185)
381 5664 581 5719 Eccle.
621 5682 715 5721 xu.

226 5734 344 5804 l86)
384 5734 511 5789 Alia
534 5736 744 5794 littera.

222 5806 341 5878 187)
376 5807 597 5865 Matth.
630 5826 688 5865 ι.

1896 5292 2164 5354 petitum.
2202 5299 2228 5326 υ

1936 1998 2269 2053 speramus,
2296 1982 2405 2037 iste
2441 1986 2578 2037 tuus
2632 1982 2820 2036 homo
2862 1981 3026 2036 haud
3070 1978 3487 2049 nequidquam
3532 1975 3594 2033 in

1934 2071 2209 2142 praesenti
2236 2070 2455 2126 sreculo
2495 2069 2944 2125 consummavit
2972 2073 3057 2125 tot
3083 2083 3277 2123 annos
3302 2066 3437 2124 vine
3466 2080 3597 2123 sum

1934 2176 2274 2228 concessos,
2307 2175 2487 2230 quem
2534 2159 2711 2213 hodie
2766 2156 3174 2212 centenarium
3208 2170 3314 2226 per
3341 2153 3597 2208 vocatio—

1932 2263 2071 2302 nem
2101 2254 2261 2302 tuam
2292 2246 2485 2315 magis
2511 2245 2807 2301 miramur
2824 2260 3013 2317 quam
3062 2242 3341 2299 dolemus
3367 2241 3443 2298 de
3470 2256 3596 2297 me-

1931 2337 2032 2392 dio
2062 2342 2429 2409 exemptum.

2004 2449 2031 2474 ‹‹
2067 2430 2231 2481 Certe
2261 2426 2350 2482 lex
2380 2441 2771 2482 numerorum
2791 2422 3187 2480 calculatoria!
3219 2421 3360 2479 artis
3389 2424 3596 2478 monet

1928 2516 2206 2588 peritum,
2228 2515 2393 2586 quod
2427 2532 2534 2588 per
2557 2513 2939 2570 tricenarium
2980 2527 3303 2568 numerum
3356 2510 3418 2565 in
3449 2509 3591 2566 sini-

1929 2612 2048 2660 stra
2071 2620 2257 2659 manu
2308 2610 2609 2676 proponat
2658 2601 2943 2669 legitimas
2989 2600 3215 2656 licitum
3260 2597 3591 2669 jugalitatis

1926 2695 2225 2748 osculum.
2262 2694 2399 2748 Dein
2433 2697 2697 2762 suggerit
2728 2697 2791 2745 ut
2818 2689 3032 2744 eadem
3055 2687 3277 2745 inlmva
3296 2702 3406 2758 per
3423 2701 3591 2742 sexa-

1929 2783 2244 2850 genarium
2287 2787 2560 2838 assumat
2588 2780 2812 2835 claram
2851 2777 3155 2833 viduitatis
3215 2790 3585 2847 pressuram.

1929 2873 2126 2928 Tertio
2175 2872 2355 2939 exigit
2401 2876 2702 2943 quatenus
2757 2866 3081 2923 centenarii
3138 2864 3587 2922 conclusionem

1928 2965 2048 3018 sive
2078 2963 2499 3035 perfectionem
2525 2975 2823 3032 quaerens,
2856 2962 3117 3013 transeat
3142 2955 3202 3013 in
3252 2955 3583 3022 dexteram,

1924 3058 1981 3108 et
2010 3053 2089 3107 ibi
2144 3052 2355 3125 pingat
2405 3065 2713 3113 coronam,
2761 3064 2896 3119 quae
2949 3043 3587 3114 signiﬁcatiniestima-

1923 3142 2102 3197 bilem
2137 3140 2486 3203 virginitatis
2533 3137 2784 3207 gloriam
2834 3152 2903 3192 ac
2950 3134 3221 3190 lauream
3274 3147 3441 3200 regni
3471 3147 3586 3187 cce-

1919 3230 2084 3285 lestis
2112 3237 2419 3285 aeternam.
2448 3226 2641 3297 Hujus
2668 3241 2913 3297 unoque
2934 3221 3168 3278 numeri
3197 3235 3586 3293 nequaquam

1920 3321 2143 3387 dignus
2169 3325 2258 3374 est
2286 3316 2671 3379 sublimitate,
2706 3316 2810 3387 qui
2858 3311 3198 3370 confoditur
3252 3309 3584 3367 Salomoni-

1920 3426 2003 3463 caa.
2036 3407 2384 3464 invectionis
2429 3406 2763 3461 dilectionis
2813 3402 3127 3470 diligenter
3177 3399 3584 3457 examinanda

1918 3497 2256 3559 subtilitate,
2290 3511 2428 3566 quae
2449 3493 2695 3548 stultum
2719 3491 2802 3547 sic
2840 3491 3106 3553 denotat,
3156 3487 3364 3543 dicens
3396 3505 3409 3542 :
3470 3489 3583 3543 Ma-

1913 3586 2164 3641 ledictus
2194 3599 2345 3656 puer
2367 3588 2609 3638 centum
2637 3595 2935 3635 annorum
2970 3579 3135 3646 (189).
3174 3574 3346 3639 Quod
3388 3574 3581 3630 omni-

1914 3675 2108 3729 modis
2142 3688 2362 3728 cavens
2390 3672 2481 3725 hic
2521 3675 2657 3724 tuus
2697 3667 2968 3730 dilectus,
3025 3664 3198 3734 cujus
3254 3678 3581 3735 corpuscu-

1914 3765 2035 3818 lum
2063 3765 2192 3832 jam
2223 3760 2571 3815 defunctum
2605 3757 3063 3813 circumstantes
3106 3751 3352 3809 i'uneriis
3409 3750 3580 3807 obsev

1912 3853 2067 3925 quiis
2094 3864 2512 3922 procurumus,
2545 3845 2831 3902 omnibus
2874 3844 2999 3898 vitae
3048 3858 3170 3897 sua:
3225 3840 3285 3898 in
3338 3839 3577 3897 illorum

1912 3957 2164 3998 numero
2196 3938 2481 4007 gestiebat
2508 3934 2755 3992 inveniri
2797 3950 2953 4006 quos
2984 3930 3301 3999 consignat
3328 3929 3425 3985 ille
3482 3931 3577 3985 in-

1911 4034 2095 4101 signis
2126 4034 2271 4099 (190)
2307 4027 2390 4083 tui
2419 4040 2629 4081 versus
2661 4020 3115 4093 Psalmographi
3144 4036 3157 4073 :
3195 4024 3342 4076 Cum
3366 4025 3577 4076 sancto

1911 4127 2153 4178 sanctus
2218 4118 2352 4181 eris,
2415 4121 2472 4172 et
2521 4131 2660 4171 cum
2703 4113 2889 4169 electo
2947 4109 3170 4166 electus
3235 4108 3350 4164 eris
3405 4108 3576 4178 (191).

1911 4211 2073 4266 Unde
2098 4209 2264 4264 sicuti
2292 4206 2544 4263 credunt
2572 4203 2650 4262 tui
2686 4201 2913 4262 fideles,
2948 4216 2985 4255 a
3016 4204 3094 4267 te,
3150 4197 3254 4270 qui
3311 4195 3478 4254 dives
3509 4212 3576 4253 es

1907 4300 1967 4354 in
1997 4314 2229 4362 omnes,
2256 4312 2367 4368 pro
2392 4292 2733 4349 centenaria
2763 4288 3124 4360 perfectione
3149 4287 3281 4356 jam
3311 4284 3576 4341 donatus

1907 4396 1990 4443 est
2026 4387 2189 4460 apud
2228 4392 2279 4439 te
2309 4382 2530 4439 ccelesti
2561 4379 2998 4437 benedictione.
3034 4376 3196 4430 Libet
3250 4387 3392 4441 ergo
3442 4388 3577 4430 nos-

1908 4485 2031 4532 met
2067 4473 2341 4530 scrvulos
2370 4478 2524 4535 tuos,
2557 4467 2922 4540 oppetitione
2952 4462 3369 4531 rerentihujus
3390 4461 3573 4517 nostri

1907 4564 2160 4619 senioris
2192 4560 2386 4615 dilecti
2412 4559 2682 4613 luctuose
2716 4558 3151 4615 consternatos,
3182 4550 3237 4607 in
3268 4548 3352 4607 tui
3382 4547 3572 4605 sancti

1910 4670 2053 4709 nom
2082 4652 2173 4706 nis
2204 4646 2579 4705 confessione
2601 4642 2820 4716 pariter
2849 4647 2905 4698 et
2925 4638 3330 4695 consolatione
3362 4636 3441 4692 ob
3479 4637 3569 4692 in-

1905 4742 2271 4803 ﬁrmitatem,
2305 4735 2580 4792 videlicet
2616 4733 2899 4788 humana:
2949 4726 3277 4796 fragilitatis
3306 4725 3572 4782 relevan-

1903 4835 2068 4891 dam.
2103 4824 2550 4901 aliquantulum
2583 4823 2979 4893 requiescere,
3006 4823 3060 4873 et
3092 4815 3481 4873 nihilominus
3506 4815 3566 4873 in

1901 4924 2126 4977 fervore
2149 4917 2344 4973 laudis
2368 4914 2541 4970 almae
2563 4909 2857 4968 Trinitatis
2888 4906 3192 4963 hominem
3211 4904 3564 4962 exteriorem

1900 5029 2037 5068 cum
2089 5008 2368 5065 interiore
2421 5000 2772 5073 hujusmodi
2832 4997 3026 5057 verbis
3092 4996 3559 5054 exercitamento

1896 5102 2093 5174 placet
2120 5098 2553 5154 concalescere.
2584 5090 2779 5147 Gloria
2808 5088 2930 5153 tibi,
2985 5085 3256 5152 Trinitas,
3313 5084 3562 5156 aequalis

1899 5207 2020 5246 una
2052 5189 2266 5256 lleitas,
2302 5190 2358 5239 et
2385 5188 2521 5239 ante
2551 5179 2757 5237 omnia
2783 5175 3021 5243 saecula,
3055 5181 3112 5233 et
3138 5190 3297 5231 nunc
3330 5179 3387 5230 et
3434 5190 3566 5246 per-

2508 5357 2937 5416 Ammonicius.

1966 5460 2223 5509 «Amen.
2262 5455 2402 5506 Ecce
2420 5452 2653 5503 constat
2678 5442 2993 5499 manifeste
3023 5442 3217 5501 virum
3246 5441 3343 5499 Dei
3364 5454 3562 5500 exem-

1962 5600 2106 5665 (188)
2152 5594 2275 5650 Alia
2307 5593 2516 5646 littera.

1962 5672 2111 5737 (181))
2160 5671 2273 5720 [δα.
2314 5680 2441 5737 nu.

1963 5734 2114 5811 (190)
2156 5734 2525 5811 Αιὶἃᾼϋιιθτᾶ,

1966 5809 2109 5885 (191)
2147 5809 2318 5866 Psal.
2350 5822 2487 5862 xvn.
