3910 6390
373 287 506 340 1055

1410 275 1717 336 ARNOLDI
1755 270 2344 330 EMMERAMMENSIS
2381 275 2714 334 MONACHI.

3633 280 3789 334 1056

368 408 468 480 plo
499 406 800 476 majorum
845 404 1027 459 vitam
1089 404 1397 459 virtutibus
1445 402 1720 458 refertam
1777 397 1837 452 in
1894 396 2008 450 hoc
2038 397 2086 449 A
2122 395 2360 453 rissimo
2390 398 2581 471 elegit,
2615 405 2668 458 et
2697 401 3084 458 nihilominus
3137 406 3345 476 postea
3396 403 3458 459 in
3505 403 3792 459 fascibus

370 496 588 552 saeculo
619 494 884 557 duxisse,
917 509 1095 565 quem
1129 499 1248 548 tam
1280 496 1624 547 veneranter
1651 485 1890 556 contigit
1919 485 2009 540 in-

369 589 457 640 ter
489 583 765 640 mortales
795 582 1276 652 coicum[zoix6v]
1329 581 1582 636 exuisse.
1638 578 1782 632 Hinc
1830 575 2008 631 etiam

369 671 806 742 conjiciendum
841 669 1069 724 aestimo
1099 670 1239 741 quia
1271 670 1337 735 is,
1369 669 1532 742 quod
1564 665 1871 737 gloriolam
1905 679 2009 718 saa-

369 761 483 816 culi
515 760 606 814 hic
633 759 910 822 vivendo,
950 758 1008 813 in
1031 764 1325 831 quantum
1350 759 1558 830 potuit,
1588 756 1884 813 declinare
1905 769 2008 808 cu-

368 847 541 913 ravit,
572 847 904 912 moriendo,
936 863 1042 901 seu
1071 847 1376 902 hominem
1405 846 1680 902 exuendo
1729 845 1898 912 (192),
1945 840 2010 896 il-

367 939 467 994 lud
500 953 734 1010 semper
754 938 1048 992 manentis
1068 938 1266 1006 gloria:
1283 937 1541 992 introivit
1561 935 1848 1004 gaudium
1865 930 2008 987 inef-

367 1026 565 1090 fabile,
592 1026 757 1098 quod
787 1026 1115 1081 secundum
1144 1027 1494 1097 Apostolum
1525 1042 1538 1080 :
1581 1029 1692 1080 Nec
1715 1022 1874 1078 auris
1904 1037 2008 1076 au-

367 1116 535 1181 divit,
560 1132 666 1170 nec
696 1115 755 1170 in
787 1132 889 1170 cor
917 1116 1176 1171 hominis
1204 1115 1492 1183 ascendit,
1524 1131 1655 1186 quae
1709 1126 2006 1185 praepara-

367 1205 448 1260 vit
507 1205 790 1260 Dominus
839 1204 929 1258 his
990 1205 1093 1276 qui
1147 1204 1400 1270 diligunt
1453 1203 1616 1258 illum
1679 1203 1845 1272 (193).
1903 1199 2006 1256 Cui

367 1293 647 1348 maximis
703 1293 1128 1348 consolationis
1168 1293 1422 1348 evidenti
1480 1291 1818 1348 testimonio
1869 1305 2008 1345 con-

369 1383 574 1437 cordat
595 1381 777 1436 David
798 1381 986 1436 ﬁdelis
1007 1383 1211 1438 dicens
1243 1383 1492 1438 Domino
1521 1399 1533 1437 :
1564 1384 1755 1448 Quam
1785 1395 2009 1449 magna

366 1471 685 1527 multitudo
715 1471 1045 1526 dulcedinis
1076 1477 1209 1538 tuae,
1247 1473 1513 1542 Domine,
1536 1488 1722 1544 quam
1748 1471 2006 1527 abscon-

369 1560 505 1615 disti
536 1559 878 1614 timentibus
902 1565 956 1615 te
987 1561 1153 1631 (194).
1185 1565 1250 1616 Et
1273 1567 1406 1633 post
1443 1577 1637 1634 pauca
1671 1578 1683 1615 :
1743 1560 2006 1615 Abscon-

368 1649 472 1703 des
503 1664 602 1704 eos
632 1649 689 1702 in
723 1649 1078 1704 abscondito
1131 1650 1300 1705 faciei
1331 1655 1445 1705 tua;
1477 1667 1511 1705 a
1558 1648 2008 1705 conturbatione

2119 490 2473 543 constitutus
2499 490 2686 559 regni,
2737 490 3012 546 eamdem
3070 508 3306 565 semper
3353 509 3560 549 secum
3610 493 3793 549 velut

2115 573 2347 646 insigne
2369 577 2648 651 triumphi
2671 579 2993 635 reservavit
3023 579 3143 636 sive
3170 581 3426 638 retinuit.
3457 605 3485 631 ››

2725 670 3147 725 Ammonicius.

2191 775 2217 801 ί(
2265 753 2438 810 Haud
2481 755 2710 828 absque
2766 757 3158 814 admiratione
3208 758 3496 816 sciscitari
3559 762 3786 832 potero

2118 848 2316 898 utrum
2339 844 2465 899 haec
2488 862 2559 900 ex
2589 851 2886 919 praecepto
2917 852 2972 902 et
2995 848 3300 904 voluntate
3329 848 3440 904 viri
3465 849 3566 904 Dei
3611 847 3787 903 facta

2118 932 2252 1000 sint,
2285 949 2362 988 an
2393 950 2536 988 casu
2577 934 2657 989 ita
2710 935 3100 1006 contigerunt.
3158 941 3305 993 Nam
3349 953 3486 994 raro
3539 937 3785 993 factum

2119 1021 2320 1077 audivi
2355 1028 2416 1078 ut
2444 1023 2578 1095 quis
2603 1024 2920 1096 sepulturae
2951 1026 3200 1082 traditus
3231 1027 3293 1082 in
3331 1043 3472 1083 arca
3524 1025 3783 1082 claude-

2116 1114 2277 1165 retur
2305 1111 2448 1166 seris
2479 1113 2728 1168 munita.
2762 1137 2789 1163 »

2741 1202 3133 1260 Collectitius.

2188 1310 2215 1336 «
2244 1291 2370 1345 Non
2396 1294 2484 1345 est
2504 1290 2722 1346 mirum
2753 1291 2802 1346 si
2829 1292 3012 1349 homo
3043 1293 3298 1366 simplex
3357 1309 3537 1367 super
3587 1292 3785 1363 huju-

2117 1378 2383 1434 scemodi
2425 1380 2638 1435 reculis
2687 1381 2951 1451 miretur,
3005 1399 3142 1438 cum
3194 1382 3379 1439 David
3403 1399 3505 1439 rex
3535 1387 3595 1439 et
3638 1397 3785 1455 pro-

2117 1469 2318 1540 pheta,
2349 1469 2444 1523 cui
2471 1469 2774 1541 sapientiae.
2805 1470 3038 1526 occulta
3087 1476 3225 1527 sunt
3266 1471 3549 1528 divinitus
3581 1470 3788 1526 mani-

2119 1557 2346 1622 festata,
2400 1574 2581 1629 super
2609 1558 2818 1614 virtute
2867 1566 3381 1617 sacramentorum
3435 1560 3786 1616 caelestium

2118 1647 2433 1702 miraretur
2458 1647 2662 1702 dicens
2693 1665 2705 1702 :
2739 1649 3014 1704 Mirabilis
3057 1653 3210 1705 Deus
3237 1649 3298 1705 in
3343 1650 3564 1706 sanctis
3625 1666 3785 1718 SlllS,

369 1737 680 1792 hominum
712 1738 878 1806 (195).
927 1738 1090 1793 Unde
1116 1744 1171 1793 et
1197 1743 1278 1807 tu,
1313 1755 1348 1793 ο
1385 1738 1682 1802 Collectiti,
1711 1742 2008 1810 protectus
2040 1747 2080 1800 Β
2117 1737 2270 1790 Deus
2303 1735 2497 1800 Israel,
2527 1736 2653 1808 ipse
2675 1736 2842 1793 dabit
2867 1738 3142 1794 virtutem
3175 1739 3342 1810 (197).
3402 1739 3586 1810 Cujus
3644 1754 3788 1811 per—

367 1841 402 1881 a
425 1825 883 1881 contradictione
908 1826 1247 1896 linguarum
1269 1829 1328 1882 in
1351 1827 1732 1882 tabernaculo
1757 1826 2006 1894 Domini,

371 1931 548 1987 perge
579 1915 737 1970 viam
769 1916 1017 1984 regiam,
1053 1922 1115 1971 ut
1153 1917 1397 1989 coepisti,
1428 1918 1860 1990 perscripturus
1889 1917 2007 1972 cla-

367 2003 665 2058 rissimam
685 2005 869 2059 vitam
891 2005 1152 2060 hominis
1179 2006 1298 2062 Dei.
1333 2025 1361 2057 ι

996 2093 1270 2149 σοιιερεέι
1279 2096 1385 2149 ius.

443 2203 469 2229 ‹‹
503 2179 716 2248 Placet,
763 2179 970 2242 fateor,
1019 2198 1056 2236 o
1115 2183 1468 2249 Ammonici,
1540 2183 1682 2255 quia
1727 2199 1823 2237 me
1874 2187 2010 2254 post

367 2273 618 2323 mortem
652 2268 910 2323 hominis
939 2270 1036 2325 Dei
1067 2271 1250 2326 vitam
1303 2271 1456 2326 illius
1500 2271 1879 2344 praescribere
1909 2272 2011 2327 ad-

367 2357 638 2412 hortaris.
665 2360 782 2412 Hoc
809 2359 965 2413 enim
1018 2359 1265 2415 ﬁrmiter
1317 2365 1472 2415 tenet
1520 2363 1653 2428 Lex,
1685 2361 1904 2432 pariter
1953 2365 2010 2416 et

369 2460 503 2516 spes
531 2443 670 2499 ﬁdei
702 2445 1062 2513 Christiana,
1105 2448 1267 2519 quod
1299 2448 1502 2505 sancti.
1553 2448 1769 2503 scilicet
1820 2449 2006 2516 electi,

368 2549 504 2586 cum
531 2533 843 2588 carnaliter
867 2535 1082 2590 mortui
1115 2535 1327 2590 fuerint
1355 2537 1603 2605 mundo,
1632 2553 1768 2591 vere
1798 2554 1867 2592 ac
1897 2536 2010 2608 spi-

367 2621 648 2676 ritualiter
670 2621 954 2694 incipiant
984 2626 1176 2679 vivere
1204 2628 1340 2680 Deo.
1378 2626 1539 2681 Unde
1587 2631 1643 2681 et
1693 2626 1770 2682 ad
1799 2643 2009 2682 eorum

367 2714 603 2764 mortua
633 2727 772 2764 ossa
812 2711 1191 2768 crebrescunt
1213 2714 1521 2783 miracula,
1553 2731 1662 2769 nec
1688 2731 1809 2770 non
1839 2715 2010 2770 innu-

367 2815 531 2854 mera
559 2799 911 2855 mortalibus
940 2818 1046 2873 per
1070 2802 1335 2874 ipsorum
1381 2805 1510 2875 pias
1558 2805 2008 2860 intercessiones

367 2892 725 2959 praestantur
755 2887 1064 2944 beneﬁcia.
1116 2891 1340 2946 Horum
1371 2909 1612 2964 quoque
1664 2893 2006 2962 commoda,

364 2991 547 3046 quam
575 2975 901 3032 luculenter
952 2979 1029 3033 ad
1082 2980 1354 3035 tumbam
1413 2981 1578 3036 istius
1631 2982 2007 3053 confessoris,

2116 1824 2328 1880 valida:
2356 1841 2595 1881 summo
2649 1826 2910 1882 donante
2958 1828 3256 1900 particeps
3308 1828 3500 1885 factus
3552 1828 3786 1884 beatus

2118 1917 2285 1969 Pater
2313 1914 2683 1970 Ramuoldus
2736 1916 2796 1970 in
2844 1915 3206 1972 ﬁrmitudine
3253 1917 3393 1973 ﬁdei
3433 1917 3782 1984 catholicae,

2120 2003 2310 2058 sciens
2365 2005 2595 2059 Petram
2653 2004 2968 2070 Christum,
3026 2006 3277 2062 modum
3339 2006 3608 2062 salvasse
3666 2023 3785 2080 per

2116 2091 2367 2159 lignum,
2414 2093 2788 2164 sarcophago
2816 2092 3055 2165 lapideo
3097 2095 3276 2165 jussit
3322 2096 3624 2152 arcellare
3655 2097 3785 2151 ὐθὶ

2116 2181 2450 2249 sepulcrale
2477 2181 2618 2250 (198)
2644 2181 2926 2237 scrinium
2955 2182 3192 2238 immitti
3221 2183 3508 2254 ligneum,
3532 2183 3616 2239 ob
3650 2199 3784 2239 me-

2117 2268 2368 2323 moriam
2400 2268 2622 2340 quippe
2677 2269 2972 2341 passionis
3032 2271 3351 2327 Dominicae
3405 2271 3566 2328 corio
3611 2271 3786 2328 rubi-

2118 2358 2316 2413 cundo
2345 2358 2621 2412 vestitum
2653 2376 2666 2426 ;
2700 2359 2864 2431 quod
2886 2365 3019 2432 post
3059 2360 3322 2418 defuncti
3377 2361 3784 2418 condendum

2123 2446 2447 2518 susciperet
2481 2447 2925 2518 corpusculum,
2955 2465 3026 2504 ea
3056 2449 3324 2506 videlicet
3349 2465 3453 2522 spe
3490 2455 3557 2506 ut
3583 2466 3783 2522 quem

2119 2535 2266 2607 ipse,
2313 2535 2458 2590 dum
2515 2539 2574 2590 in
2623 2540 2906 2606 praesenti
2934 2538 3077 2609 (199)
3130 2539 3376 2606 vixerat,
3422 2539 3497 2594 de
3551 2539 3785 2595 eodem

2120 2625 2335 2680 scrinio
2364 2624 2423 2680 in
2450 2641 2787 2698 pauperum
2840 2643 3016 2696 grege
3059 2629 3325 2700 quotioie
3379 2628 3612 2685 solebat
3665 2645 3784 2701 pa-

2121 2730 2282 2768 scere
2313 2718 2489 2785 atque
2517 2715 2750 2776 vestire,
2784 2732 2905 2771 non
2936 2716 3360 2788 dedignaretur
3380 2734 3441 2774 se
3457 2719 3516 2773 in
3548 2734 3779 2774 nume-

2116 2820 2183 2858 ro
2213 2803 2535 2858 electorum
2561 2804 2954 2876 omnipotenti
2984 2823 3094 2862 sua
3143 2807 3553 2863 misericordia
3610 2824 3786 2864 resu-

2120 2891 2328 2947 scitare
2383 2895 2439 2947 et
2485 2892 2546 2947 in
2595 2892 2730 2946 sinu
2766 2898 2998 2949 aeternae
3028 2895 3410 2951 beatitudinis
3449 2895 3782 2952 collocare.

2123 2981 2217 3036 His
2250 2997 2390 3050 ergo
2416 2982 2690 3052 pauculis
2717 2982 2933 3052 verbis,
2965 3000 3001 3039 o
3031 2985 3386 3052 Ammonici,
3421 2985 3469 3040 si
3518 2985 3785 3040 minime

364 3065 438 3120 de
471 3081 592 3136 quo
622 3066 798 3121 nobis
827 3073 916 3122 est
949 3085 1164 3140 sermo,
1212 3087 1242 3124 e
1287 3071 1448 3126 ccelis
1497 3073 1828 3128 ministrata
1871 3074 2005 3141 sint,
2042 3095 2083 3148 ο
2117 3070 2484 3126 satisfactum
2511 3087 2639 3126 esse
2669 3071 2970 3128 arbitraris
3016 3079 3127 3129 tuae
3177 3075 3560 3131 admirationi
3591 3075 3788 3132 simul

365 3158 502 3226 post
523 3170 718 3226 pauca
747 3155 998 3211 breviter
1025 3158 1279 3228 edicam,
1312 3177 1434 3231 quo
1473 3160 1670 3215 minus
1721 3162 2005 3234 protelem

365 3242 714 3298 charitatem
747 3243 1089 3312 fraternam,
1122 3248 1199 3302 ad
1221 3249 1346 3302 haec
1373 3248 1451 3303 ad
1482 3249 1597 3305 alia
1627 3250 2008 3322 percipienda

365 3346 487 3386 non
513 3332 746 3386 modice
796 3333 1056 3390 avidam.
1115 3336 1425 3392 Enimvero
1481 3337 1642 3394 fama
1691 3339 2005 3396 evolitante

364 3420 556 3474 virum
582 3420 677 3475 Dei
708 3423 1044 3494 Oppetiisse,
1077 3441 1151 3479 ex
1181 3426 1471 3482 industria
1488 3427 1823 3483 credentem
1842 3429 2005 3500 apud

367 3510 549 3563 Deum
576 3509 741 3565 illum
773 3511 1008 3572 vixisse.
1035 3513 1092 3567 in
1125 3513 1183 3568 id
1237 3520 1365 3570 rata
1412 3515 1762 3571 ministratio
1806 3533 2004 3572 rerum

363 3599 650 3670 processit
675 3604 736 3654 ut
782 3601 892 3655 sub
932 3601 1328 3670 festinatione,
1357 3604 1434 3659 ad
1486 3605 1800 3676 exsequias
1857 3607 2003 3662 tanti

363 3688 545 3742 Patris
575 3696 1024 3746 concurreretur
1059 3709 1094 3747 a
1123 3694 1345 3759 multis,
1388 3711 1521 3750 cum
1547 3713 1785 3752 summa
1831 3697 2006 3752 devo-

362 3776 519 3831 tione
548 3779 760 3833 cordis.
818 3784 971 3834 lnter
1019 3799 1173 3853 quos
1239 3788 1361 3838 erat
1411 3785 1690 3839 Henricus
1747 3787 2004 3859 hypatos

361 3869 503 3919 tunc
532 3864 677 3920 forte
710 3866 1109 3939 principatum
1139 3875 1345 3926 tenens
1376 3889 1554 3944 super
1608 3874 1865 3947 populos
1897 3879 2006 3932 No-

361 3951 515 4005 ricos
545 3955 601 4006 et
622 3953 960 4010 Karinthios
1008 3958 1179 4029 (196),
1210 3965 1342 4031 post
1372 3977 1595 4032 paucos
1622 3979 1760 4020 vero
1811 3980 2003 4020 annos

359 4056 463 4094 rex
492 4039 723 4096 futurus
754 4059 873 4098 non
906 4045 1098 4100 solum
1123 4050 1448 4105 Germania;
1477 4051 1597 4106 sive
1629 4052 1849 4116 Galliae,
1897 4053 2002 4108 sed

361 4126 540 4181 etiam
564 4127 884 4199 imperator
915 4133 1087 4187 totius
1115 4135 1304 4200 Italiae,
1340 4141 1514 4210 atque
1546 4143 1846 4209 Augustus
1879 4143 2000 4196 Cae-

363 4231 461 4270 sar
489 4216 736 4272 civitatis
769 4221 1069 4276 Romanis.
1100 4223 1169 4289 Is,
1204 4232 1515 4298 assumpto
1564 4245 1766 4284 secum
1811 4230 2001 4284 Gobe-

359 4303 549 4359 hardo
579 4307 880 4380 episcopo,
910 4312 1012 4383 qui
1067 4319 1240 4369 antea
1299 4321 1504 4371 sancto
1548 4317 1675 4372 viro
1720 4335 1792 4374 ex
1833 4324 2000 4382 parte

359 4394 688 4498 contrarius
721 4394 844 4462 fuit,
879 4399 1128 4498 sedtum
1152 4408 1297 4498 teste
1354 4404 1758 4476 lacrymarum
1817 4407 1998 4478 fonte,
2035 4445 2076 4498 D

358 4479 706 4538 immutatus
730 4491 925 4542 mente
951 4489 1208 4552 advenit,
1243 4509 1412 4547 servo
1444 4494 1538 4548 Dei
1579 4494 1639 4549 in
1698 4495 2003 4567 sepultura

357 4571 656 4628 humiliter
680 4575 1073 4649 obsequendo
1113 4598 1173 4635 se
1203 4599 1442 4638 servum
1470 4583 1725 4655 praebuit
1764 4602 2002 4642 summo

357 4660 563 4716 humili
593 4663 975 4722 dominorum
1007 4672 1276 4728 Domino.
1306 4675 1473 4736 Nam,
1506 4673 1564 4728 in
1619 4691 1808 4729 unum
1859 4691 2000 4730 con-

359 4750 613 4817 gregatis
649 4756 703 4807 et
736 4754 808 4807 ad
844 4754 1022 4809 funus
1070 4758 1149 4828 pii
1209 4759 1444 4814 abbatis
1503 4759 1762 4816 officiose
1810 4764 2002 4819 conci-

356 4837 633 4894 nentibus
662 4857 811 4912 pene
843 4845 1123 4900 omnibus
1155 4848 1492 4903 Ratisbonae
1527 4852 1642 4904 Deo
1699 4851 2002 4907 servienti-

355 4922 489 4992 bus,
515 4927 639 4998 ipse
668 4930 943 5004 princeps
973 4935 1229 5006 propriis
1280 4936 1543 4991 humeris
1587 4953 1709 4992 non
1767 4940 2004 4996 erubuit

356 5011 632 5071 feretrum
665 5024 923 5089 portare,
947 5037 1056 5076 nec
1087 5039 1207 5078 non
1249 5025 1582 5080 accuratius
1633 5027 2000 5099 sepulturam

355 5115 588 5171 parare.
624 5109 872 5162 Demum
906 5109 1160 5165 introivit
1184 5111 1410 5167 fossam
1469 5113 1741 5185 sepulcri,
1770 5120 1826 5171 et
1871 5117 2001 5189 ipse

357 5189 565 5246 clausit
589 5209 810 5256 arcam,
835 5214 970 5269 quae
989 5199 1116 5267 jam
1163 5201 1423 5272 suscepit
1450 5219 1667 5276 corpus
1723 5204 1826 5260 viri
1879 5206 1998 5276 Dei,

356 5293 423 5332 ac
450 5279 558 5334 sibi
592 5282 941 5340 claviculam
972 5288 1243 5357 ejusdem
1274 5306 1426 5346 arcae
1457 5307 1565 5362 pro
1591 5293 1837 5364 pignore
1859 5296 2000 5351 cha-

451 5369 572 5438 192)
613 5372 647 5422 Ι
673 5372 808 5427 Cor.
841 5390 934 5428 xv.

454 5439 576 5507 193)
614 5439 805 5495 [σον.
838 5459 900 5497 ιι.

425 5367 573 5590 ἓξὲξ)
613 5509 779 5590 Issa!-
809 5528 930 5565 ω

454 5439 576 5507 193)
614 5439 805 5495 ICor.
838 5459 900 5497 ιι.

451 5509 573 5567 194)
613 5509 779 5564 Psal.
809 5528 950 5566 xxx.

454 5576 572 5643 195)
613 5576 763 5632 Ibid.

426 5597 573 5781 El
613 5597 744 5702 liii:
751 5621 972 5706 littera.

459 5713 578 5781 197)
617 5717 785 5775 Psal.
815 5735 967 5776 van

459 5713 578 5784 197)
617 5717 785 5775 Psal.
815 5735 988 5776 van.

2116 3165 2172 3215 et
2201 3159 2598 3228 sciscitationi,
2629 3177 2882 3228 recurre,
2914 3179 3142 3234 quaeso,
3173 3163 3250 3219 ad
3277 3163 3337 3220 id
3367 3164 3534 3237 quod
3572 3165 3785 3238 Scrip-

2116 3252 2249 3304 tura
2299 3248 2484 3304 dicit:
2539 3249 2690 3305 Nihil
2737 3250 2798 3305 in
2850 3251 3017 3306 terris
3066 3251 3129 3307 ﬁt
3178 3252 3302 3308 sine
3361 3269 3543 3308 causa
3600 3254 3781 3325 (200).

2116 3338 2284 3401 Quod
2309 3339 2370 3392 in
2421 3344 2764 3394 sanctorum
2815 3340 2993 3410 gestis
3050 3341 3428 3412 potissimum
3458 3341 3646 3398 debet
3666 3359 3784 3399 no-

2115 3427 2242 3493 tari,
2271 3432 2328 3482 et
2355 3427 2655 3483 verissime
2682 3433 2875 3501 potest
2904 3430 3164 3502 probari.
3215 3435 3364 3487 Nam
3408 3432 3578 3504 quod
3636 3433 3788 3490 bea-

2117 3517 2382 3571 tissimus
2413 3516 2604 3572 abbas
2633 3519 2998 3574 Ramuoldus
3029 3520 3106 3575 ad
3146 3526 3383 3594 tempus
3414 3523 3789 3594 compulsus

2112 3611 2200 3660 est
2228 3606 2658 3663 Ratisbonense
2697 3609 3040 3664 coenobium
3097 3609 3390 3677 deserere,
3446 3627 3517 3666 ac
3570 3613 3787 3668 Trevi-

2113 3712 2282 3751 rense
2309 3702 2594 3768 repetere,
2641 3713 2824 3754 causa
2851 3699 3065 3754 exstitit
3095 3699 3263 3755 civile
3290 3699 3539 3770 bellum,
3603 3702 3788 3774 quod

2111 3790 2236 3840 erat
2262 3784 2412 3840 inter
2445 3785 2755 3842 Henricum
2805 3786 3021 3842 ducem
3071 3792 3128 3843 et
3179 3788 3579 3845 Perchtolfum
3608 3807 3788 3847 mar-

2110 3874 2508 3943 chicomitem,
2541 3880 2719 3949 atque
2748 3876 2899 3932 inter
2929 3881 3172 3933 caeteros
3218 3879 3542 3951 optimates
3606 3881 3786 3952 prin-

2110 3963 2257 4036 cipis
2311 3965 2538 4020 Ottom‘s
2591 3971 2716 4020 tum
2767 3967 3062 4023 civitatem
3095 3969 3583 4025 Ratisbonensem
3627 3971 3790 4027 obsi-

2110 4053 2301 4110 dentis
2330 4054 2498 4123 (201).
2534 4053 2704 4118 Quod
2738 4054 2944 4110 sedato
2983 4059 3040 4111 et
3068 4055 3242 4127 quasi
3271 4055 3560 4112 innuente
3589 4057 3787 4114 beato

2112 4145 2571 4208 Emmerammo,
2629 4158 2736 4212 per
2792 4144 2907 4199 loci
2958 4145 3054 4199 sui
3092 4147 3461 4214 provisorem
3518 4147 3787 4216 repeda-

2111 4236 2234 4285 tum
2287 4232 2366 4285 iri
2413 4231 2582 4301 (202),
2639 4231 2835 4287 senior
2912 4233 3290 4289 venerandus
3362 4249 3398 4289 a
3450 4236 3788 4293 Treverica

2110 4317 2337 4373 civitate
2387 4319 2771 4392 Hiatospolim
2820 4325 2912 4376 est
2957 4337 3283 4389 reversus;
3337 4321 3478 4378 inde
3559 4340 3786 4380 secum

2109 4406 2468 4463 transferens
2507 4408 2728 4464 multas
2778 4414 3120 4466 sanctorum
3177 4411 3485 4484 reliquias.
3544 4415 3789 4470 Harum

2109 4512 2351 4568 quoque
2411 4496 2687 4552 salutaris
2755 4498 2955 4555 allatio
3019 4499 3236 4554 exstitit
3305 4516 3493 4556 causa
3539 4507 3788 4576 cryptae

2108 4585 2271 4657 apud
2320 4588 2603 4642 Sanctum
2655 4591 3168 4645 Emmerammum
3213 4589 3546 4646 aediﬁcatae.
3586 4595 3789 4665 Cujus

2108 4675 2444 4744 aedificatio,
2475 4692 2581 4748 per
2609 4677 2802 4734 virum
2835 4679 2933 4734 Dei
2987 4679 3128 4734 satis
3160 4679 3478 4736 artiﬁciose
3530 4683 3791 4739 ordina-

2108 4767 2189 4830 ta,
2221 4763 2507 4820 trifariam
2538 4781 2648 4820 nec
2696 4783 2815 4822 non
2876 4767 3307 4840 quadrifariam
3363 4769 3638 4840 speciem
3694 4773 3790 4829 in-

2110 4853 2410 4910 tuentibus
2445 4854 2700 4911 exhibet.
2750 4859 2814 4912 Et
2869 4857 3013 4928 quia
3075 4857 3256 4927 hujus
3304 4859 3503 4929 operis
3561 4868 3792 4917 auctor

2109 4947 2380 4998 sanctam
2410 4943 2678 5000 dilexerit
2697 4945 3057 5014 Trinitatem,
3087 4951 3264 5018 atque
3284 4951 3551 5018 quatuor
3582 4953 3791 5007 Evan-

2109 5031 2399 5102 geliorum
2472 5033 2718 5089 ﬁrmiter
2779 5035 3031 5090 tenuerit
3103 5035 3308 5102 ﬁdem,
3375 5039 3560 5108 quasi
3624 5057 3788 5114 quo-

2107 5121 2247 5177 dam
2273 5123 2610 5178 testimonio
2636 5123 2914 5179 credibile
2945 5124 3230 5196 perhibet.
3263 5124 3601 5182 Colummae
3633 5147 3790 5187 vero

2106 5226 2241 5282 quae
2261 5211 2538 5267 eamdem
2565 5211 2895 5284 crypticam
2917 5212 3614 5283 ecclesiamsustentant,
3632 5220 3792 5277 dua-

2105 5298 2265 5353 litate
2318 5315 2430 5355 sua
2469 5301 2774 5367 geminam
2822 5301 3219 5367 dilectionem,
3276 5302 3375 5359 Dei
3435 5305 3674 5365 scilicet
3732 5315 3794 5366 et

2206 5389 2323 5456 198)
2365 5386 2491 5442 Alia
2520 5387 2711 5442 littera
2739 5388 2797 5442 in
2822 5405 2934 5444 ms.

2204 5459 2320 5527 199)
2362 5456 2489 5511 Alia
2517 5456 2707 5513 littera
2735 5457 2797 5512 in
2827 5475 2939 5514 ms.

2200 5529 2324 5597 200)
2363 5527 2494 5582 Job.
2521 5543 2586 5597 7v.

2201 5596 2329 5654 201')
2367 5597 2494 5652 Alia
2519 5596 2710 5653 littera
2737 5597 2799 5653 in
2824 5614 2936 5654 ms.

2203 5666 2332 5728 202)
2367 5667 2495 5726 Alia
2518 5666 2730 5728 littera.
