3910 6386
146 299 279 353 1057

914 303 1002 357 DE
1042 303 1413 361 MIRACULIS
1455 305 1511 361 S.
1554 299 1975 360 EMMERAMMI
2016 300 2199 355 LIBRI
2240 301 2403 357 DUO.
2446 331 2516 341 —
2556 302 2685 357 LIB.
2730 302 2797 357 Il.

3436 304 3577 362 1058

142 421 425 493 proximi,
456 423 853 495 pulcherrime
899 427 1311 499 compingunt.
1375 429 1649 501 Quinque
1703 444 1805 483 au-
1831 431 1877 482 A
1917 424 2174 480 multum
2205 425 2481 497 perdidit.
2515 426 2602 482 Ob
2635 426 2746 480 hoc
2778 425 2959 480 etiam
3007 425 3103 480 die
3156 431 3458 501 noctuque
3497 431 3579 488 la-

144 515 263 567 tem
295 512 527 582 altaria,
558 513 620 568 in
650 514 871 586 quibus
905 517 1148 573 totidem
1197 518 1449 590 pyxides
1503 518 1803 573 collocatae

146 618 283 657 cum
310 602 575 675 reliquiis
599 620 752 676 quas
780 607 1254 677 prienominatus
1296 608 1472 663 heros
1497 608 1569 663 de
1604 608 1808 662 Lotha-

146 690 339 759 ringia
369 692 689 762 transtulit,
718 694 985 766 quinque
1016 695 1305 751 librorum
1335 697 1552 769 Moysis
1596 696 1809 769 princi-

145 779 343 852 palem
375 780 820 837 observantiam
845 783 905 838 in
936 786 1227 841 memoria
1245 791 1491 842 monent
1524 786 1728 851 teneri,
1753 790 1809 840 et

144 868 207 924 in
231 870 500 943 quinque
534 872 807 927 sensibus
833 874 1099 946 corporis
1125 876 1437 931 hortantur
1467 876 1808 948 quinariam

142 960 526 1031 prudentiam
554 977 791 1033 semper
819 962 1045 1017 haberi.
1067 966 1307 1019 Sextum
1326 965 1572 1037 quidem
1600 965 1802 1031 altare,

142 1048 309 1120 quod
335 1048 549 1105 dicitur
578 1050 656 1105 ad
682 1051 884 1123 pedes,
919 1053 1135 1107 senarii
1168 1054 1525 1125 perfectione
1575 1054 1805 1109 denun-

146 1138 251 1194 tiat
305 1140 509 1197 omnia
558 1140 853 1196 concludi.
914 1145 975 1197 In
1023 1142 1137 1198 hac
1194 1160 1337 1213 ergo
1382 1149 1505 1199 tam
1551 1144 1805 1216 typifera

141 1226 412 1295 basilica,
445 1245 480 1284 a
509 1228 686 1285 beato
718 1230 1070 1300 Wolfgango
1102 1232 1162 1287 in
1207 1233 1433 1288 honore
1485 1238 1705 1288 sanctae
1750 1237 1807 1288 et

142 1316 471 1373 individua;
500 1318 794 1375 Trinitatis
842 1325 899 1375 et
942 1322 1218 1377 omnium
1269 1328 1614 1377 sanctorum
1645 1322 1806 1377 dedi-

141 1411 301 1477 cata,
329 1408 816 1464 venerabillimus
848 1412 1015 1465 Pater
1054 1411 1445 1480 Ramuoldus,
1505 1412 1567 1466 in
1615 1411 1807 1483 sepul-

140 1512 247 1552 cro
272 1496 437 1569 quod
464 1497 575 1553 sibi
604 1502 738 1553 ante
767 1498 1114 1570 quindecim
1154 1516 1347 1555 annos
1384 1501 1514 1570 jam
1563 1516 1804 1572 parave-

140 1591 250 1645 rat.
285 1586 347 1641 in
378 1586 623 1642 australi
652 1587 832 1643 latere
860 1589 1131 1658 ejusdem
1159 1595 1588 1662 cryptae,secus
1620 1590 1803 1645 altare

141 1677 202 1730 Β.
238 1675 499 1745 Gregorii
527 1692 699 1748 papae
730 1680 819 1731 est
868 1676 1199 1749 depositus,
1254 1684 1433 1751 atque
1485 1679 1803 1748 magnifice

142 1765 430 1837 sepultus,
474 1770 703 1821 astante
733 1766 953 1839 pariter
1000 1773 1055 1821 et
1110 1768 1399 1840 psallente
1454 1768 1799 1823 clericorum
1834 1783 1873 1836 Β

140 1854 371 1924 ordine,
423 1860 480 1912 et
508 1856 899 1912 mhilominus
956 1858 1307 1912 concinente
1364 1859 1803 1914 monachorum

141 1958 341 2013 grege,
390 1960 500 1999 nec
544 1960 667 1999 non
723 1945 1019 2013 virginum
1077 1946 1199 2001 sive
1253 1947 1803 2003 sanctimonialium

141 2032 296 2088 trina
320 2034 627 2103 concione,
661 2034 930 2089 animam
961 2036 1107 2091 tanti
1152 2037 1336 2091 Patris
1381 2054 1620 2092 summo
1651 2037 1803 2092 Patri

142 2123 627 2179 commendante.
660 2126 793 2179 Post
816 2124 965 2190 haec,
999 2142 1034 2179 o
1066 2126 1421 2191 Ammonici,
1465 2126 1544 2182 ad
1577 2133 1801 2198 tempe-

140 2214 401 2270 randum
432 2215 788 2270 miraculum
820 2216 1058 2271 claustri
1088 2218 1175 2271 vel
1203 2217 1503 2273 claviculas
1551 2223 1715 2273 tanto
1770 2234 1804 2273 a

138 2302 409 2376 principe
439 2304 518 2359 ob
547 2304 943 2361 humilitatem
974 2312 1244 2378 arreptae,
1308 2324 1414 2361 seu
1458 2307 1537 2363 ob
1575 2307 1807 2375 religio.

140 2408 281 2448 nem
311 2393 591 2465 abreptae,
623 2394 1147 2451 satisfactionalem
1178 2412 1364 2451 unum
1415 2414 1599 2452 sacrae
1662 2397 1805 2453 Scri-

139 2486 331 2554 ptura;
372 2483 751 2551 versiculum,
805 2484 1077 2540 charitati
1128 2489 1260 2554 tuae,
1324 2490 1560 2558 meapte
1610 2486 1807 2558 placet

143 2571 516 2627 subnectere.
553 2572 644 2629 Sic
669 2572 829 2628 enim
856 2573 997 2629 dicit
1029 2574 1333 2637 Dominus,
1366 2575 1443 2638 ad
1473 2576 1803 2647 quemdam

142 2660 399 2717 electum
430 2678 607 2717 suum
642 2679 654 2716 :
690 2663 753 2717 In
782 2662 882 2718 illo
921 2663 1016 2718 die
1077 2664 1399 2736 suscipiam
1457 2670 1509 2719 te
1563 2681 1804 2721 servum

142 2767 370 2815 meum,
404 2757 460 2806 et
481 2767 706 2823 ponam
738 2756 791 2807 te
818 2752 968 2807 sicut
994 2752 1375 2821 signaculum
1396 2754 1454 2807 in
1478 2762 1803 2826 conspectu

143 2854 303 2908 meo,
336 2838 626 2912 quoniam
654 2839 804 2909 elegi
834 2844 886 2895 te
919 2841 1090 2910 (203).
1136 2864 1164 2891 ››

762 2930 1190 2985 Ammonicius.

218 3038 247 3071 ‹
288 3016 593 3086 Pigmenta
624 3034 761 3072 cum
794 3022 1082 3088 teruntur,
1140 3018 1199 3073 in
1250 3019 1558 3076 meliorem
1607 3020 1802 3076 visum

141 3110 593 3174 convertuntur,
620 3107 700 3163 ita
730 3111 786 3163 et
812 3112 874 3162 tu
906 3124 1043 3163 cum
1077 3123 1182 3179 per
1225 3109 1618 3181 quaestionem
1673 3126 1808 3183 pro-
1835 3140 1875 3195 ρ

138 3200 393 3251 vocatus
417 3195 615 3261 fueris,
650 3196 709 3251 in
735 3196 1017 3251 dictando
1045 3201 1099 3251 et
1124 3196 1184 3251 in
1216 3198 1553 3264 scribendo,
1608 3199 1711 3254 tibi
1752 3204 1807 3255 et

140 3281 423 3355 proximo
454 3284 650 3340 utilior
678 3285 811 3341 eris.
847 3289 990 3341 Ecce
1043 3287 1191 3342 dum
1245 3304 1500 3359 parvam
1556 3294 1805 3343 conatus

141 3387 207 3426 es
234 3370 542 3429 absolvere
572 3375 1095 3446 quaestiunculam,
1122 3392 1245 3431 non
1278 3376 1471 3431 solum
1515 3379 1806 3446 grandem

140 3463 497 3534 promovisti
526 3466 904 3536 sententiam,
934 3466 1037 3522 sed
1069 3466 1249 3522 etiam
1290 3466 1549 3536 agilitate
1599 3468 1811 3523 divini-

140 3557 240 3608 tus
272 3569 578 3623 concessa,
610 3555 763 3612 adeo
792 3573 927 3611 eam
960 3556 1144 3612 fecisti
1174 3557 1447 3613 festivam
1476 3563 1538 3613 ut
1575 3557 1807 3629 lapides

139 3642 602 3714 quodammodo
652 3661 895 3715 cogeres
968 3664 1096 3702 esse
1168 3647 1471 3720 loquaces.
1556 3648 1807 3703 Proinde

139 3730 311 3804 quod
338 3748 497 3788 nunc
528 3740 725 3801 restat,
759 3735 865 3790 erit
895 3741 1130 3790 strenue
1159 3736 1486 3805 agendum,
1532 3737 1812 3808 pedibus-

141 3836 266 3893 que
299 3822 602 3878 charitatis
635 3826 743 3881 hoc
770 3826 883 3881 iter
909 3829 1057 3891 (207i)
1090 3826 1727 3899 tuapteincedendum,
1752 3826 1807 3882 id

141 3915 257 3977 est,
296 3915 358 3966 ut
386 3912 765 3981 miraculum,
793 3914 959 3987 quod
1002 3915 1333 3987 perduxisti
1377 3916 1455 3972 ad
1510 3917 1809 3987 propheti-

140 4016 287 4055 cum
347 4001 742 4071 signaculum,
799 4010 1129 4077 sequantur
1180 4005 1473 4061 miracula
1528 4006 1805 4074 etsigna,

138 4087 371 4162 quibus
424 4097 559 4161 post
622 4098 867 4171 mortem
956 4094 1101 4164 (205)
1181 4094 1469 4166 probetur
1547 4095 1808 4150 hominis

143 4178 251 4234 Dei
282 4179 419 4236 vita.
466 4203 494 4231 η

778 4274 1173 4329 Collectitz'us.

219 4381 249 4407 «
292 4361 534 4415 Paratus
566 4377 722 4427 sum,
756 4364 1003 4418 Domino
1044 4363 1426 4425 concedente,
1474 4364 1810 4420 secundum

140 4447 493 4520 petitionem
526 4454 689 4506 tuam
721 4450 935 4511 facere.
972 4452 1470 4525 quandoquidem
1509 4458 1565 4509 et
1607 4454 1807 4526 ipsum

140 4553 243 4593 me
276 4537 399 4593 scio
423 4538 525 4593 tibi
556 4545 733 4596 antea
763 4542 1181 4614 spopondisse.

220 4648 249 4675 ‹‹
290 4625 545 4689 Quidam
595 4629 779 4686 homo
811 4632 968 4687 venit
996 4632 1073 4686 ad
1114 4636 1390 4687 sanctum
1450 4635 1812 4687 Emmeram-

134 4731 316 4771 mum
348 4716 635 4787 petiturus
661 4720 946 4789 suﬂragia
969 4725 1336 4776 sanctorum.
1372 4725 1442 4785 Is,
1496 4721 1637 4793 quia
1683 4727 1810 4777 erat

135 4804 424 4859 daemone
455 4821 794 4877 possessus,
826 4825 1031 4865 coram
1085 4810 1367 4865 omnibus
1418 4809 1671 4865 nimium
1725 4815 1813 4864 est

135 4892 446 4962 fatigatus.
508 4897 669 4951 Tunc
722 4896 951 4965 fratres,
1007 4898 1250 4970 qualem
1300 4900 1529 4953 Patrem
1580 4900 1808 4953 noviter

138 4980 501 5052 sepelissent
529 4984 929 5051 recordantes,
971 4985 1237 5041 fecerunt
1282 4987 1592 5043 hominem
1644 4988 1804 5057 duci,

135 5069 267 5124 imo
298 5069 448 5125 trahi
477 5071 538 5126 in
569 5079 862 5145 cryptam,
924 5074 1031 5129 viri
1092 5076 1191 5130 Dei
1220 5092 1469 5148 corpore
1514 5076 1805 5132 dotatam.

138 5159 255 5215 Ubi
286 5158 721 5217 diuvolutatus
754 5167 811 5219 et
839 5180 875 5219 a
916 5180 1261 5235 possessore
1288 5166 1611 5235 plusquam
1652 5168 1809 5223 male

134 5248 479 5316 discerptus
529 5250 708 5322 coepit
755 5252 1009 5308 stm’dere
1059 5259 1113 5308 et
1171 5270 1303 5309 cum
1355 5255 1604 5323 fremitu
1658 5254 1808 5325 (206)

134 5336 429 5401 clamare,
464 5354 572 5393 nec
600 5354 721 5395 non
753 5356 892 5395 cum
915 5341 1194 5396 conviciis
1226 5343 1633 5398 maledicendo
1658 5344 1807 5413 (207)

132 5430 515 5499 perstrepere
557 5427 763 5484 dicens
824 5447 835 5484 :
892 5431 987 5484 Vae
1047 5430 1170 5500 tibi,
1228 5430 1481 5497 Rantolt,
1523 5431 1667 5503 quia
1701 5434 1808 5486 Do-

132 5514 311 5570 mino
366 5532 507 5572 meo
559 5516 749 5575 multa
798 5518 961 5574 mala
1007 5518 1193 5574 fecisti
1232 5524 1289 5576 et
1317 5536 1423 5592 per
1451 5525 1505 5577 te
1536 5520 1627 5575 sui
1651 5520 1805 5590 juris

211 5642 365 5856 3203)
402 5643 453 5698 A

233 5715 366 5857 204g
405 5718 453 5769 Α

234 5788 342 5841 205
404 5787 453 5840 Α

501 5659 575 5714 ge
602 5660 661 5700 ιι.

480 5714 534 5771 ia
564 5714 778 5772 littera.

234 5784 365 5845 201)
404 5784 539 5843 Alia
560 5785 774 5845 littera.

1913 514 2141 570 borasti
2178 520 2239 570 ut
2266 515 2346 570 illi
2375 516 2660 587 injuriam
2697 515 2943 584 faceres,
3007 520 3065 571 et
3117 519 3234 573 Deo
3290 524 3390 574 tuo
3437 538 3578 593 quo-

1914 620 2185 676 scunque
2216 620 2424 677 posses
2455 606 2783 676 colligeres.
2838 610 2917 659 Ac
2965 622 3145 677 super
3193 608 3322 662 haec
3373 611 3579 666 omnia

1914 694 2098 748 modo
2128 710 2224 748 me
2251 694 2541 760 incendis,
2567 702 2623 750 et
2654 710 2940 763 magnam
2972 694 3094 749 vim
3126 695 3364 765 ingeris.
3399 702 3577 753 Cum-

1914 798 2030 854 que
2080 783 2194 837 sub
2248 784 2666 854 hujuscemodi
2719 782 3046 853 angoribus
3105 786 3344 841 (183111011
3397 792 3579 860 caput

1914 871 2113 927 miseri
2144 872 2405 938 hominis
2446 875 2792 945 pavimento
2822 879 2946 929 tam
2976 873 3171 928 valide
3209 875 3578 947 imprimeret

1914 966 1979 1017 ut
2008 978 2147 1017 eum
2173 978 2324 1034 pene
2352 969 2606 1018 mortem
2635 962 2800 1017 obire
2853 963 3253 1034 compelleret,
3296 981 3576 1022 accuren-

1914 1054 2000 1106 tes
2030 1051 2134 1123 qui
2165 1052 2413 1107 aderant
2453 1052 2984 1117 levaverunteum,
3045 1058 3101 1107 et
3147 1058 3453 1110 traxerunt
3497 1056 3575 1111 ad

1916 1139 2189 1195 tumbam
2216 1140 2573 1195 confessoris
2604 1140 2836 1197 Christi.
2872 1140 2951 1194 lbi
2983 1156 3247 1212 quoque,
3290 1148 3353 1197 ut
3383 1143 3571 1211 illum,

1912 1228 2139 1284 viribus
2165 1229 2391 1284 diaboli
2424 1229 2756 1301 periculose
2799 1230 3171 1299 renitentem,
3204 1231 3302 1286 vix
3330 1249 3577 1305 compu-

1911 1316 2107 1371 lerunt
2138 1324 2317 1389 caput
2342 1318 2627 1374 inclinare
2661 1336 2728 1373 ac
2774 1334 2954 1389 super
3002 1318 3345 1390 sepulcrum
3391 1338 3575 1394 pone-

1912 1423 1996 1477 re,
2027 1408 2215 1475 gratia
2248 1409 2348 1463 Dei
2378 1407 2662 1463 liberatus
2714 1412 2819 1462 est.
2878 1414 3006 1471 Quo
3053 1408 3223 1476 signo
3274 1410 3571 1480 laetiﬁcati,

1912 1496 2016 1567 qui
2056 1513 2163 1568 per
2219 1497 2704 1568 compassionem
2756 1496 2921 1568 prius
2974 1502 3143 1551 erant
3200 1500 3571 1568 mrestiﬁcati,

1913 1586 2131 1653 gratias
2156 1586 2531 1657 Redemptori
2560 1586 2883 1641 retulerunt
2913 1585 3284 1655 magniﬁcas,
3305 1605 3426 1643 non
3449 1594 3573 1644 tan—

1914 1677 2037 1728 tum
2071 1690 2175 1745 per
2204 1675 2336 1740 hoc,
2370 1675 2513 1747 quia
2544 1676 2727 1730 homo
2785 1691 2820 1730 a
2876 1681 3158 1747 potestate
3212 1676 3438 1733 diaboli
3482 1683 3573 1733 est

1914 1768 2172 1835 ereptus,
2203 1770 2499 1837 quantum
2533 1781 2641 1835 pro
2668 1781 2738 1819 eo
2790 1765 2955 1836 quod
3006 1781 3108 1836 per
3139 1782 3399 1837 praesens
3447 1785 3572 1824 ma-

1913 1854 2090 1922 gnale
2123 1854 2448 1909 revelatum
2479 1860 2570 1909 est
2602 1855 2775 1923 cujus
2818 1854 3007 1909 meriti
3042 1854 3116 1909 sit
3145 1858 3309 1911 Pater
3337 1858 3442 1929 qui
3470 1857 3575 1912 ini-

1910 1943 1970 1997 bi
2001 1959 2193 2015 nuper
2224 1944 2490 2015 sepultus
2525 1944 2716 1999 fuerit.

1984 2055 2011 2079 «
2054 2036 2205 2087 More
2237 2033 2409 2087 solito
2438 2032 2763 2104 peregrinis
2794 2037 2851 2086 et
2895 2033 3122 2087 civibus
3172 2034 3247 2088 ad
3296 2035 3575 2091 festivita-

1911 2125 2031 2175 tem
2062 2121 2249 2175 sancti
2305 2122 2731 2176 Emmerammi
2794 2123 3059 2193 undique
3111 2123 3570 2191 confluentibus,

1912 2209 2063 2263 inter
2094 2215 2337 2265 creteros
2362 2210 2467 2281 qui
2499 2216 2879 2265 accurrerant
2900 2211 3249 2265 muliercula
3268 2212 3572 2283 quaedam,

1914 2298 2227 2353 oculorum
2259 2300 2493 2371 privata
2522 2299 2768 2367 lumine,
2813 2300 3073 2362 advenit.
3124 2317 3259 2372 quae
3311 2307 3575 2372 tempore

1913 2394 2207 2443 nocturno
2248 2388 2479 2443 felicem
2512 2394 2786 2459 cryptam
2830 2390 3090 2458 intravit,
3147 2394 3204 2444 et
3255 2390 3332 2445 ad
3386 2389 3576 2461 sepul-

1914 2494 2083 2532 crum
2116 2477 2475 2532 confessoris
2534 2478 2741 2533 Christi
2798 2478 3111 2533 Ramuoldi
3165 2479 3454 2547 adoravit,
3505 2495 3575 2534 ac

1913 2582 2119 2639 preces
2148 2584 2284 2621 cum
2315 2567 2600 2637 lacrymis
2630 2568 2796 2622 fudit.
2826 2570 2986 2621 Tunc
3032 2567 3414 2638 omnipotens
3468 2570 3575 2622 Do-

1913 2657 2133 2720 minus,
2191 2655 2393 2710 volens
2452 2655 2747 2710 famulum
2808 2672 2987 2709 suum
3040 2655 3364 2711 clariﬁcare
3421 2656 3574 2711 inter

1913 2744 2193 2799 mortales
2225 2761 2330 2816 per
2358 2744 2655 2800 ineffabile
2688 2761 2933 2812 numen,
2968 2744 3046 2799 illi
3086 2762 3219 2817 quae
3247 2762 3405 2800 caeca
3452 2745 3574 2800 fue-

1912 2839 2005 2889 rat
2034 2833 2293 2889 reddidit
2315 2834 2538 2888 lumen.
2574 2834 2772 2889 Mulier
2802 2838 3001 2889 autem
3043 2850 3293 2903 surgens
3339 2835 3574 2889 vocavit

1915 2922 2195 2977 maritum
2227 2939 2405 2977 suum
2436 2922 2496 2976 in
2524 2938 2730 2977 aurem
2759 2922 2838 2976 illi
2865 2922 3071 2977 dicens
3103 2941 3115 2977 :
3153 2922 3419 2988 Domine,
3453 2925 3572 2977 Deo

1916 3010 2153 3080 gratias,
2183 3011 2327 3083 quia
2355 3010 2553 3066 visum
2582 3011 2797 3083 recepi.
2844 3013 2972 3075 Quo
3000 3025 3123 3065 non
3169 3010 3463 3078 credente,
3519 3014 3576 3065 et

1913 3100 2013 3155 illa
2042 3101 2373 3156 econtrario
2413 3106 2572 3156 certa
2627 3102 2799 3169 signa
2851 3105 3244 3167 monstrante,
3294 3100 3461 3155 inﬁt:
3496 3100 3575 3157 Si-

1913 3190 2094 3246 lentio
2121 3190 2344 3247 factum
2393 3190 2731 3263 opprimere
2785 3190 2989 3259 debes,
3038 3190 3182 3263 quia
3236 3190 3615 3246 clanculum.

1916 3280 2020 3336 tibi
2052 3285 2107 3335 et
2137 3280 2464 3349 agendum,
2500 3286 2563 3335 ut
2592 3286 2727 3335 ante
2754 3280 2948 3335 lucem
2980 3280 3361 3349 egrediamur
3398 3280 3472 3335 de
3504 3280 3578 3335 ci-

1915 3369 2132 3435 vitate;
2190 3368 2437 3423 clericus
2486 3369 2647 3423 enim
2687 3386 2841 3431 sum,
2888 3374 2943 3423 et
2991 3369 3126 3424 ideo
3179 3369 3466 3425 erubesco
3514 3371 3577 3424 in

1917 3463 2080 3514 tanta
2112 3457 2491 3513 multitudine
2524 3463 2717 3513 tecum
2748 3458 3089 3513 consistere.
3122 3461 3392 3530 Cumque
3422 3464 3577 3514 tene-

1916 3546 2165 3601 brarum
2196 3545 2441 3601 consilio
2472 3548 2851 3600 consentiens
2889 3546 3113 3600 femina
3155 3552 3420 3601 recenter
3448 3548 3577 3603 illu-

1918 3634 2163 3702 minata,
2223 3651 2361 3688 cum
2401 3634 2613 3688 clerico
2672 3633 2798 3688 sine
2856 3634 3087 3688 cautela
3134 3634 3446 3705 repedaret
3496 3636 3575 3691 ad

1917 3722 2159 3795 propria
2205 3722 2505 3794 extemplo
2562 3739 2667 3793 per
2718 3721 3175 3777 incommodum
3234 3722 3344 3777 sibi
3403 3723 3575 3779 valde

1916 3812 2111 3868 aliena
2140 3816 2230 3867 est
2261 3812 2519 3867 caecitate
2551 3828 2853 3883 percussa.
2901 3835 2926 3861 ιο

2476 3933 2480 3937 ⁴
2534 3941 2960 3995 Ammonicius.

1990 4090 2018 4116 «
2062 4070 2196 4123 Haec
2226 4084 2320 4122 res
2359 4066 2418 4121 in
2451 4067 2807 4122 memoriam
2838 4066 3119 4139 perduxit
3156 4067 3321 4140 quod
3372 4067 3579 4123 decem

1918 4156 2171 4229 leprosis
2199 4173 2235 4211 a
2266 4155 2518 4211 Domino
2547 4157 2869 4222 mundatis,
2910 4172 3017 4211 nec
3065 4173 3189 4212 non
3245 4156 3477 4213 decimo
3506 4158 3583 4213 ad

1922 4247 2382 4317 gratificandum
2432 4263 2669 4301 reverso
2720 4247 2844 4317 ipse
2896 4246 2953 4300 in
3012 4246 3327 4315 Evangelio
3384 4247 3525 4301 dicit
3569 4265 3580 4301 :

1923 4342 2127 4393 Nonne
2158 4337 2367 4391 decem
2398 4336 2671 4391 mundati
2703 4340 2861 4401 sunt,
2893 4341 2949 4391 et
2974 4352 3193 4390 novem
3245 4335 3346 4390 ubi
3393 4340 3585 4391 sunt?

1924 4430 2050 4482 Non
2082 4430 2169 4481 est
2193 4426 2468 4479 inventus
2498 4425 2601 4495 qui
2628 4423 2937 4487 rediret,et
2963 4424 3129 4479 daret
3160 4423 3410 4493 gloriam
3441 4427 3579 4491 Deo,

1840 4502 1883 4555 Ῑ)
1924 4517 2035 4571 nisi
2062 4516 2155 4571 hic
2180 4514 2561 4581 alienigena?
2593 4513 2697 4568 Cui
2723 4528 2865 4567 mox
2912 4513 3286 4581 Evangelista
3340 4513 3585 4583 subjun-

1922 4608 2003 4677 git
2033 4625 2043 4661 :
2080 4609 2143 4661 Et
2169 4606 2215 4659 is
2245 4609 2371 4659 erat
2402 4604 2814 4660 Samaritanus
2841 4604 3003 4674 (208).
3060 4604 3197 4658 [nde
3228 4603 3455 4674 liquido
3482 4620 3583 4675 pa-

1921 4700 2001 4752 tet
2028 4695 2319 4768 quoniam
2345 4694 2449 4766 qui
2479 4694 2748 4750 animam
2771 4709 2942 4747 suam
2967 4692 3243 4759 custodit,
3274 4708 3343 4747 ac
3368 4692 3583 4765 iniqui-

1920 4790 2099 4841 tatem
2139 4784 2265 4840 odit
2296 4782 2705 4839 Samaritanici
2739 4780 3034 4849 vocabuli,
3078 4796 3196 4835 non
3232 4783 3341 4836 erit
3366 4796 3580 4852 expers

1918 4882 1976 4932 et
2002 4875 2200 4931 ofﬁcii.
2228 4878 2379 4945 Ergo
2408 4878 2489 4942 tu,
2518 4890 2553 4928 o
2596 4872 2909 4934 Collectici,
2958 4871 3101 4943 quia
3129 4876 3261 4942 post
3291 4870 3584 4926 tristitiam

1918 4966 2203 5021 induxisti
2230 4964 2517 5025 laetitiam.
2548 4968 2604 5018 et
2638 4963 2772 5017 huic
2806 4962 3006 5015 denuo
3051 4960 3415 5029 subjunxisti
3442 4979 3586 5016 mue-

1919 5054 2158 5124 stitiam,
2193 5056 2540 5123 competens
2566 5056 2653 5105 est
2681 5067 2803 5122 quo
2836 5050 2882 5103 si
2918 5048 3203 5103 Dominus
3246 5054 3367 5103 tam
3415 5051 3585 5119 gravi

1916 5143 2241 5198 infortunio
2264 5141 2508 5213 aliquod
2540 5140 2872 5195 remedium
2904 5139 2963 5193 in
3006 5138 3068 5193 id
3108 5138 3396 5209 temporis
3446 5156 3587 5194 con-

1918 5232 2133 5303 tulerit,
2187 5232 2445 5288 charitas
2501 5236 2619 5297 tua,
2671 5231 2803 5300 jure
2863 5227 3105 5298 dialogi,
3162 5228 3328 5283 ocius
3378 5229 3581 5302 expla-

1918 5328 2041 5378 net.
2089 5346 2116 5372 »

2556 5409 2949 5466 Collectitius.

1991 5541 2020 5568 ‹‹
2064 5517 2474 5590 Redemptoris
2502 5516 2688 5572 nostri
2720 5514 2913 5587 gratia
2942 5514 3349 5571 remediorum
3397 5516 3588 5572 nescit

2013 5642 2138 5722 29¢)
2178 5641 2305 5722 Atia
2335 5641 2549 5722 littera.
2585 5686 2605 5701 ο

1996 5712 2141 5785 [207)
2181 5712 2311 5769 Alia
2337 5712 2550 5769 littera.

1996 5784 2143 5857 (208)
2184 5785 2330 5841 Luc.
2360 5800 2502 5841 xm.
