3968 6418
412 314 550 371 1059

1468 292 1780 353 ARNOLDI
1816 285 2411 347 ωηωεηείς
2449 284 2784 345 MONACHI.

3712 278 3873 337 4080

408 454 611 496 carere
642 434 835 508 copia.
868 432 931 487 in
960 430 1134 499 cujus
1160 422 1531 497 plenitudine
1557 418 1808 485 conﬁsa,
1860 412 2073 469 mulier
2094 414 2148 467 ,Α
2181 410 2453 468 dentium
2478 411 2538 467 in
2571 407 2880 476 coronula,
2912 422 3049 479 quae
3084 422 3265 477 super
3312 403 3471 459 idem
3504 402 3868 475 sepulcrum

406 505 858 602 praedium—sub
889 535 996 591 spe
1028 514 1270 571 luminis
1299 508 1669 585 percipiendi
1708 508 1923 561 itemm
1966 505 2072 558 Ra-

403 592 708 675 tisbonam
728 610 973 668 devenit
997 626 1009 673 ;
1038 611 1099 661 et
1127 604 1422 659 accedens
1458 599 1539 656 ad
1562 598 1766 654 locum
1790 592 2070 667 sepulcri,

406 708 509 764 ubi
545 712 721 761 antea
749 713 974 771 magna
1005 695 1188 750 sensit
1230 690 1540 751 beneﬁcia,
1590 703 1700 761 per
1750 682 2074 740 confessio-

404 812 543 852 nem
575 793 838 867 primum
880 801 941 841 se
962 798 1175 840 coram
1226 777 1642 836 sacerdotibus
1682 772 1968 847 expiavit,
2010 774 2073 825 et

405 882 547 956 quid
575 860 661 936 illi
684 875 965 935 acciderit
994 870 1305 928 manifeste
1330 866 1565 932 retulit;
1597 864 1735 919 dein
1766 860 2071 916 solotenus

399 951 723 1047 prostrata,
782 972 837 1023 et
888 960 1281 1019 nihilominus
1330 963 1529 1012 mente
1576 951 1912 1011 bumiiiata,
1961 964 2070 1005 nec

402 1038 527 1118 non
552 1058 833 1134 precibus
858 1058 979 1111 Deo
1020 1050 1221 1107 dilecti
1265 1044 1623 1103 confessoris
1660 1040 1925 1097 celeriter
1964 1038 2071 1094 ad-

401 1131 688 1223 juta,_per
719 1148 944 1203 fontem
974 1141 1246 1198 omnium
1292 1136 1597 1192 bonorum
1640 1131 1902 1202 recipere
1946 1143 2069 1183 me-

398 1217 522 1296 ruit
551 1217 706 1294 male
744 1233 1040 1307 perditum
1072 1230 1278 1284 lumen
1304 1224 1819 1280 oculorum'l‘imc
1848 1217 2070 1287 gratias

400 1330 674 1399 ingentes
709 1306 823 1380 Deo
856 1320 1201 1383 retulerunt,
1237 1322 1357 1371 tam
1382 1315 1513 1385 ipsa
1536 1326 1730 1384 quam
1769 1314 1827 1363 et
1874 1306 2067 1361 ceeteri

402 1396 507 1490 qui
561 1416 687 1472 haec
740 1413 1054 1469 audierant
1106 1414 1162 1463 et
1206 1405 1524 1469 viderant;
1556 1402 1760 1472 sicque
1792 1396 2067 1469 proprios

400 1488 556 1562 lares
613 1501 1035 1576 unusquisque
1093 1513 1233 1552 cum
1282 1492 1505 1561 gaudio
1552 1488 1774 1547 revxsit.
1820 1492 2068 1557 portans

402 1611 607 1651 secum
643 1572 846 1667 triplex
878 1572 1260 1646 miraculum.
1282 1599 1407 1656 quo
1439 1586 1647 1636 sancta
1686 1577 1936 1633 Trinitas
1984 1572 2069 1628 di-

403 1692 585 1755 gnata
609 1690 697 1740 est
714 1664 1039 1738 declarare
1098 1678 1266 1750 pium
1324 1672 1608 1729 abbatem
1660 1664 2068 1724 Bamuoldum

2180 499 2503 572 pendebat,
2537 506 2838 569 argentea.
2861 498 2985 551 Hoc
3010 496 3253 562 signum
3280 494 3395 565 ipsi
3425 510 3534 549 nos
3566 491 3865 555 vidimus,

2179 595 2238 644 et
2277 590 2559 646 manibus
2592 589 2813 645 nostris
2863 585 3269 659 palpavimns,
3324 589 3381 638 et
3439 582 3664 638 scimus
3707 582 3870 655 quia

2178 694 2391 734 verum
2446 685 2536 735 est
2579 683 2854 734 nostrum
2910 676 3024 730 hac
3079 673 3138 730 in
3188 679 3354 744 parte
3410 670 3868 736 testimonium,

2176 784 2248 822 ac
2296 785 2418 824 non
2474 770 2827 833 ignoramus
2884 765 3030 837 quia
3082 779 3189 835 per
3244 765 3359 820 hoc
3414 778 3621 817 recens
3668 759 3869 817 mira-

2174 858 2403 922 culum,
2454 860 2608 914 sicut
2634 864 2691 913 et
2721 873 2826 928 per
2855 862 3069 912 caetera
3119 853 3501 909 sanationum
3532 851 3866 909 beneﬁcia.

2174 948 2594 1020 cunctipotens
2646 946 2934 1005 Dominus
2984 943 3299 999 miriticare
3344 940 3529 996 voluit
3567 946 3869 996 sanctum

2180 1054 2382 1094 suum.
2430 1061 2457 1088 η
3828 1070 3865 1081 ο

2800 1124 3228 1182 Ammonirius.

2252 1256 2281 1284 α
2327 1235 2538 1295 Placet,
2590 1234 2802 1302 fateor,
2840 1230 3136 1287 sharitatis
3176 1235 3292 1283 tum
3343 1228 3455 1282 tela
3484 1242 3668 1299 quam
3712 1238 3871 1278 cum

2173 1324 2611 1378 sententiarum
2668 1321 2926 1377 stamine
2982 1325 3038 1375 et
3097 1318 3488 1374 nihilominus
3532 1316 3865 1377 signorum

2176 1413 2523 1468 subtemine
2554 1414 2628 1466 de
2658 1418 3007 1467 sanctorum
3040 1411 3163 1464 vita
3182 1425 3303 1464 non
3341 1407 3534 1462 solum
3573 1420 3733 1463 vere‘
3754 1402 3869 1459 sed

2174 1502 2360 1558 etiam
2395 1502 2591 1574 lepide
2618 1500 2997 1556 contexuisti.
3050 1499 3192 1553 Huic
3233 1499 3358 1566 jam
3408 1493 3690 1551 convenit
3732 1505 3872 1563 quo

2172 1608 2283 1663 per
2302 1592 2437 1647 licia
2470 1591 2878 1653 grammaticae
2910 1589 3180 1644 innectes
3204 1604 3298 1642 res
3331 1585 3551 1645 varias,
3585 1582 3871 1651 undique

2172 1681 2606 1736 rationabiliter
2629 1680 2928 1747 collectas,
2958 1679 3035 1733 ad
3064 1678 3377 1732 utilitatem
3408 1675 3634 1730 scilicet
3654 1672 3873 1735 legen-

401 1791 579 1829 suum
611 1772 793 1828 fuisse
824 1768 1240 1824 ﬁdelissimum
1270 1761 1589 1828 famulum,
1616 1763 1821 1831 utpote
1866 1757 1971 1826 qui
2003 1770 2067 1808 se
2092 1776 2138 1828 Β
2172 1770 2324 1825 tium
2352 1777 2546 1841 (quas.
2576 1771 2669 1826 Sic
2694 1770 2860 1825 enim
2894 1768 3128 1829 agilitas
3163 1765 3384 1829 ingenii
3415 1770 3474 1819 et
3498 1761 3867 1818 exemit-mm

394 1879 609 1918 verum
639 1860 908 1916 dilexerit
939 1855 1276 1911 nominum.

476 1976 503 2002 «
546 1952 672 2008 Alio
698 1966 941 2023 quoque
971 1941 1434 2017 tempore,fama
1458 1936 1894 1994 miraculorum
1928 1934 2067 1988 cita-

400 2049 475 2099 tae
504 2046 796 2097 venerunt
822 2039 959 2093 dure
992 2034 1225 2089 feminae
1253 2031 1329 2087 ad
1370 2037 1649 2085 sanctmn
1704 2029 2068 2081 Emmeram-

403 2149 597 2199 mum,
628 2129 825 2185 ambre
854 2124 1153 2181 diabolica
1184 2120 1496 2176 vexatione
1520 2116 1869 2189 permiseris
1921 2128 2068 2183 qua-

400 2238 538 2278 rum
569 2216 1062 2275 emundationem
1092 2227 1198 2266 seu
1240 2209 1657 2263 liberationem
1698 2204 1903 2258 divina
1947 2202 2070 2272 pie-

403 2315 519 2366 tate
564 2324 601 2363 a
655 2311 1001 2361 sanctorum
1049 2299 1333 2355 charitate
1380 2293 1722 2351 venerando
1770 2292 1920 2346 Patri
1956 2290 2069 2345 ita-

402 2396 652 2454 muoldo
673 2407 1023 2449 concessam
1056 2388 1236 2443 fuisse
1268 2386 1325 2441 in
1363 2386 1475 2440 hoc
1495 2384 1708 2439 claruit
1740 2379 2067 2435 evidentis-

406 2486 555 2542 sime
588 2483 753 2557 quod
785 2481 1012 2537 eaedem
1045 2475 1429 2533 mulierculas.
1448 2473 1616 2541 prius
1646 2472 1727 2525 ad
1754 2468 2069 2524 memorias

402 2577 661 2632 aliorum
692 2577 1037 2629 sant-torem
1062 2566 1364 2631 adducta},
1396 2577 1504 2618 nec
1541 2561 1884 2627 redemptae,
1934 2562 2065 2626 post

403 2681 541 2722 vero
572 2679 690 2719 non
718 2677 840 2716 uno
871 2659 1186 2726 eodemque
1214 2653 1316 2708 sed
1344 2656 1492 2717 (909)
1526 2650 1765 2705 diverso
1797 2653 2067 2717 tempore

404 2755 707 2810 famasam
737 2755 1010 2821 cryptam
1040 2746 1408 2811 ingresszeet
1428 2740 1505 2795 ad
1538 2738 1878 2810 sepulcrum
1909 2733 2065 2790 beati

404 2844 512 2899 viri
542 2841 886 2899 exorcisata-
919 2851 1026 2907 per
1076 2850 1266 2888 unum
1312 2830 1720 2899 eamdemque
1744 2825 2067 2880 dominum

408 2950 441 2988 a
470 2931 734 3004 pessimo
765 2928 1042 2982 invasere
1083 2928 1221 2978 sunt
1268 2916 1729 2975 misericorditer
1774 2915 2062 2969 liberatae.

406 3003 596 3090 Hujus
638 3017 728 3073 rei
781 3013 1187 3071 testimonium
1241 3009 1553 3081 perhibere
1613 3005 1804 3060 solent
1855 3003 2067 3057 fratres

407 3107 889 3178 congregationis
912 3109 1135 3159 nostrae
1171 3100 1393 3156 ﬁdeles.
1425 3097 1528 3170 qui
1564 3101 1700 3151 tunc
1730 3096 1878 3149 forte
1929 3091 2067 3147 ade—
2096 3128 2141 3179 (η

406 3206 561 3267 rant,
592 3205 650 3253 et
671 3197 833 3269 quod
867 3200 952 3249 est
986 3191 1253 3247 mirabile
1280 3190 1462 3256 dictu,
1494 3187 1765 3240 viderant
1792 3182 2069 3254 spiritum

406 3287 794 3347 immundum
847 3286 922 3339 de
956 3299 1075 3337 una
1100 3281 1324 3335 femina
1357 3293 1545 3333 exnsse
1568 3291 1682 3348 per
1712 3272 2068 3329 nebulosam

410 3379 736 3437 fceditatem
763 3375 837 3431 de
861 3374 976 3429 alia
1005 3387 1145 3427 vero
1178 3386 1281 3442 per
1302 3366 1601 3422 scarabaei
1631 3371 1840 3419 tetram
1871 3362 2068 3416 defor-

406 3469 697 3525 mitatem.
728 3465 875 3526 Quid
913 3463 1085 3535 plura
1106 3462 1134 3515 ?
1164 3463 1472 3528 nostraptc
1499 3455 1720 3527 quippe
1745 3468 1846 3507 ore
1873 3452 2072 3505 dicen-

406 3558 575 3619 dum,
609 3559 725 3611 imo
756 3554 932 3609 rorde
973 3550 1310 3619 ﬁrmissime
1356 3545 1673 3601 tenendum
1730 3546 1900 3609 (210),
1950 3542 2070 3593 Deo

407 3648 648 3718 gratias.
672 3644 825 3710 Quia
852 3642 946 3696 his
972 3645 1033 3695 et
1063 3638 1282 3693 talibus
1314 3634 1565 3697 indiciis,
1597 3647 1705 3704 per
1744 3631 1904 3685 clara
1953 3627 2069 3682 ele-

406 3741 638 3791 ctorum
667 3732 898 3797 merita,
932 3745 967 3784 a
997 3727 1123 3782 suis
1154 3723 1525 3780 benelieitur
1558 3720 1870 3778 Dominus,
1897 3723 1957 3770 et
1990 3714 2070 3769 uti

406 3826 657 3893 dignum
691 3827 778 3876 est
805 3837 841 3875 a
874 3834 993 3873 non
1025 3817 1152 3870 suis
1204 3812 1591 3869 confunditur
1647 3826 1717 3863 ac
1769 3806 2072 3878 repellitur

406 3913 707 3980 diabolus,
765 3912 1079 3964 attestante
1130 3904 1432 3976 Scriptura
1488 3907 1543 3956 et
1589 3899 1865 3954 dicente:
1902 3895 2073 3951 Novit

408 4002 717 4061 Dominus,
746 3999 847 4071 qui
876 4002 1017 4051 sunt
1039 3995 1192 4049 illius
1220 3995 1385 4063 ('2ll).

478 4114 506 4141 (ι
547 4093 836 4161 Tempore
861 4084 1198 4158 quoddam,
1232 4096 1369 4137 cum
1401 4096 1436 4134 a
1467 4076 1827 4135 Christicolis
1874 4073 2070 4130 homi-

405 4181 605 4249 nibus,
640 4195 760 4235 nou
790 4176 985 4232 solum
1007 4174 1081 4228 de
1105 4174 1235 4245 ipsa
1250 4167 1784 4226 Batisbonensium
1811 4166 2069 4233 civitate,

407 4271 509 4327 sed
541 4286 611 4325 ex
639 4266 914 4338 ejusdem
945 4262 1313 4319 suburbanis
1338 4259 1481 4315 locis
1514 4260 1967 4314 concurreretur
1992 4253 2072 4309 ad

405 4360 719 4417 ecclesiam
751 4356 950 4412 Sancti
978 4350 1401 4409 Emmerammi
1446 4347 1749 4418 martyris,
1792 4345 1852 4399 in
1893 4350 2067 4399 ciete-

403 4452 482 4506 ris
508 4449 608 4522 qui
643 4450 1063 4503 convenerant.
1095 4441 1305 4496 mulier
1330 4436 1612 4511 qmedam
1655 4434 1902 4490 accessit
1927 4449 2066 4487 cum

401 4539 653 4615 pignore
683 4533 950 4590 miraculi
982 4531 1254 4587 recentis.
1293 4526 1553 4583 Adhaesit
1578 4525 1737 4580 enim
1767 4523 1921 4578 illius
1948 4532 2089 4576 ma-'

402 4629 505 4685 nui
534 4627 727 4696 fusus,
758 4625 1000 4680 ﬁlorum
1030 4620 1286 4676 tortione
1313 4617 1632 4673 confertus.
1678 4616 1876 4678 Quem
1926 4628 2066 4666 cum

402 4718 744 4774 nullatenus
783 4731 813 4769 e
866 4713 1000 4767 vola
1038 4710 1338 4777 divellere,
1393 4723 1502 4761 nec
1549 4704 1670 4760 ullo
1715 4702 1898 4758 modo
1941 4708 2066 4755 tam

403 4809 631 4880 grande
652 4806 880 4862 malum
909 4818 945 4857 a
968 4818 1029 4855 se
1057 4800 1250 4872 quiret
1272 4797 1574 4869 repellere,
1604 4793 1786 4848 auxia
1814 4791 2062 4846 demum

404 4898 563 4953 venit
592 4897 665 4952 ad
701 4893 1046 4967 sepulcrum
1066 4885 1497 4944 venerabillimi
1518 4883 1700 4938 Patris
1726 4880 2061 4935 Hamuoldi.

404 4988 510 5045 Ubi
564 5004 702 5043 cum
763 4984 1039 5039 adoraret
1095 4986 1273 5050 atque
1330 4992 1468 5031 cum
1527 4972 1811 5044 lacrymis
1857 4986 2065 5044 preces

400 5077 693 5142 funderet,
750 5074 864 5129 sub
923 5087 1028 5143 spe
1082 5067 1285 5123 salutis
1335 5080 1587 5121 manum
1642 5062 1962 5117 tremulam
2006 5065 2070 5115 ut

401 5168 665 5243 primum
718 5163 921 5239 pOsuit
975 5172 1156 5231 super
1202 5155 1360 5211 beati
1417 5154 1523 5208 viri
1579 5151 1874 5212 tumbam,
1924 5166 2066 5204 mox

403 5241 507 5328 per
548 5254 874 5328 potentiam
934 5246 1257 5305 Dominicis
1328 5258 1546 5299 manus
1630 5241 1815 5295 homo
1889 5254 2067 5293 suam

403 5343 541 5398 inde
592 5344 805 5400 levavit
846 5356 1053 5397 sanus.
1096 5340 1258 5393 Tunc
1297 5334 1402 5407 qui
1448 5331 1686 5388 fortuito
1732 5332 1868 5385 huic
1912 5329 2068 5383 facto

403 5431 743 5493 intererant,
804 5447 914 5485 nec
971 5443 1093 5483 non
1172 5423 1374 5480 mditui
1448 5421 1553 5494 qui
1635 5422 2019 5475 accurrerant
2054 5459 2068 5485 ,

406 5516 630 5584 gratias
679 5523 922 5583 agentes
972 5517 1089 5571 Deo
1140 5519 1199 5570 et
1242 5514 1421 5568 beato
1492 5509 1656 5573 viro,
1730 5507 2067 5580 suspende-

405 5608 545 5658 runt
573 5604 853 5659 eumdem
884 5603 1084 5659 fusum
1113 5601 1365 5676 posteris
1396 5599 1474 5658 ad
1516 5598 1805 5672 magnale
1862 5603 2068 5654 osten-

500 5709 627 5773 209)
666 5708 793 5765 Alia
813 5709 1025 5767 littera.

540 5777 624 5849 t0)
660 5778 790 5837 Alia
814 5779 1008 5837 littera
1032 5780 1097 5839 in
1123 5795 1241 5837 me.

2175 1861 2374 1927 studii,
2403 1863 2525 1915 imo
2551 1875 2795 1915 summa
2825 1858 3121 1914 varietatis
3155 1856 3411 1924 hujusce
3460 1858 3735 1915 texturae,
3798 1855 3869 1904 ut

2174 1950 2321 2005 mihi
2349 1949 2606 2018 videtur,
2640 1949 2902 2004 relevare
2935 1947 3059 2001 sive
3101 1945 3367 2000 nuntiem
3425 1941 3582 1997 valet
3638 1938 3866 1997 multi-

2172 2040 2361 2111 plices
2387 2056 2607 2095 causas
2638 2044 2756 2093 tuze
2786 2052 2964 2092 curae.
2996 2035 3085 2089 Ad
3116 2034 3243 2087 hinc
3264 2046 3520 2104 quoque
3566 2029 3865 2086 fraterni-

2174 2134 2358 2183 tatem
2386 2136 2551 2183 tuam
2583 2127 2885 2183 admoneo
2908 2130 2973 2179 nt
3003 2123 3062 2178 in
3093 2121 3660 2192 augendoprmsens
3694 2134 3866 2189 opu-

2176 2218 2430 2275 sculum.
2458 2217 2757 2272 edisseras
2786 2213 3061 2269 ordinem
3091 2211 3407 2277 abbatum,
3456 2208 3605 2264 illud
3638 2206 3864 2265 videli-

2166 2307 2616 2362 cetenucleans
2640 2304 2741 2376 qui
2783 2309 2840 2358 et
2867 2308 3019 2374 quot
3072 2304 3268 2356 Patres
3312 2297 3663 2370 priefuerint
3712 2296 3864 2352 huic

2170 2396 2537 2450 sanctissimi
2569 2394 2819 2462 patroni
2847 2398 3038 2447 nostri
3073 2394 3223 2458 (212)
3270 2386 3573 2451 coenobio,
3618 2385 3679 2441 in
3722 2402 3864 2457 quo

2170 2499 2419 2539 summo
2448 2482 2818 2537 famulamen
2845 2481 3097 2535 debetur
3128 2478 3404 2533 Domino.
3449 2494 3476 2523 ο

2818 2605 3212 2661 σοίιθσῑίτὶῑιε.

2252 2740 2276 2765 u
2324 2715 2583 2771 Primum
2618 2717 2670 2769 te
2704 2712 2851 2768 scire
2889 2710 3048 2773 volo,
3090 2728 3126 2764 o
3158 2705 3515 2773 Ammonici,
3565 2702 3709 2775 quia
3760 2716 3863 2754 sa-

2182 2806 2377 2861 nitatis
2415 2804 2726 2870 bent-licia,
2787 2820 2921 2873 quae
2978 2799 3158 2873 paulo
3218 2804 3355 2853 ante
3394 2790 3725 2871 prrenotavi
3778 2791 3858 2844 ad

2182 2895 2525 2967 sepulcrum
2576 2894 2728 2947 beati
2798 2889 3114 2947 Hamuoldi
3203 2887 3408 2944 Christi
3490 2882 3863 2939 confessoris

2181 2991 2460 3056 expertus
2511 3000 2644 3038 sum
2698 2981 2758 3036 in
2809 2980 3234 3053 absuinptione
3291 2975 3550 3050 propriae
3604 2970 3863 3027 iulirmi-

2186 3072 2335 3127 tatis.
2372 3076 2518 3127 Nam
2546 3088 2684 3127 cum
2714 3087 2864 3143 puer
2885 3086 3077 3124 essem
3111 3075 3167 3123 et
3194 3068 3254 3124 in
3283 3067 3415 3123 loco
3463 3060 3860 3135 requietionis

2180 3160 2339 3216 beati
2395 3160 2496 3217 viri
2554 3161 2863 3233 perplures
2926 3158 3163 3214 sanitati
3203 3155 3465 3212 redditos
3513 3150 3856 3219 audissem,

2180 3249 2343 3305 febre
2376 3249 2627 3305 nimium
2655 3250 2903 3304 allectus
2934 3252 2990 3303 et
3019 3245 3098 3302 ob
3131 3246 3309 3316 hujus
3339 3241 3766 3299 relevationem
3792 3239 3857 3293 in

2179 3340 2528 3411 pavimento
2557 3339 3229 3411 projectus,persuasus
3247 3331 3493 3387 consilio
3525 3328 3858 3399 cujusdam

2180 3427 2503 3483 sacerdotis
2534 3427 2637 3501 qui
2686 3427 2957 3498 ejusdem
3002 3424 3088 3497 pii
3140 3422 3341 3488 Patris,
3399 3421 3547 3475 dum
3596 3418 3854 3481 vixerat,

2179 3518 2398 3572 exstitit
2455 3516 2796 3585 familiaris,
2875 3514 3096 3571 tentavi
3153 3530 3248 3568 me
3315 3510 3540 3566 ibidem
3628 3522 3855 3562 somno

2180 3606 2346 3662 dare.

2253 3719 2279 3746 α
2324 3700 2593 3769 Cumque
2624 3695 3059 3767 aliquantisper
3085 3695 3405 3765 soporatus
3433 3688 3699 3753 fuissem,
3741 3702 3856 3760 per

2182 3803 2463 3841 somnum
2500 3785 2615 3841 vidi
2648 3790 2876 3839 Patrem
2902 3782 3323 3850 reverendum,
3372 3778 3582 3836 habitu
3633 3792 3854 3830 mona-

2182 3878 2327 3932 stico
2374 3876 2673 3933 indutum.
2731 3874 2905 3949 quasi
2949 3874 3153 3928 sedere
3187 3870 3471 3926 adextris
3519 3866 3679 3921 beati
3714 3868 3852 3922 Em-

2182 3965 2496 4022 inerammi
2529 3965 2827 4037 martyris.
2879 3964 3061 4035 Cujus
3114 3960 3522 4017 venerandam
3568 3956 3852 4012 canitiem

2179 4055 2448 4121 intuitus,
2481 4053 2747 4111 mirabar
2780 4068 2958 4126 super
2989 4049 3433 4123 pulchritudine
3464 4046 3664 4100 vultus
3696 4047 3745 4115 ej
3761 4062 3849 4105 us.

2180 4162 2289 4199 nec
2333 4159 2456 4199 non
2506 4159 2683 4215 super
2732 4142 2995 4197 candore
3040 4146 3393 4195 cretei-orum
3432 4135 3853 4191 membrorum

2180 4234 2354 4289 illius.
2390 4238 2518 4299 Qua
2547 4232 2768 4287 visione
2812 4230 2983 4287 valde
3015 4229 3369 4293 lretiticatus,
3421 4226 3525 4299 qui
3556 4230 3734 4281 antea
3769 4225 3855 4279 fui

2180 4324 2482 4393 fatigatus,
2541 4320 2765 4376 surrexi
2819 4336 3025 4381 sanus,
3096 4322 3214 4374 Deo
3269 4316 3490 4389 gratias
3561 4314 3851 4381 referens,

2180 4418 2324 4488 quia
2350 4412 2503 4468 sensi
2536 4411 2812 4467 levamen
2844 4409 3159 4464 salutiferae
3190 4423 3427 4464 manus.
3474 4428 3502 4454 ››

2798 4534 3227 4591 Ammouicius.

2252 4668 2278 4693 ‹‹
2322 4644 2516 4701 Merito
2550 4642 2801 4715 pueritia
2834 4648 2951 4705 tua,
2986 4656 3023 4695 ο
3055 4638 3358 4707 Collectiti,
3389 4636 3671 4692 divinitas
3700 4652 3848 4691 eon-

2177 4735 2385 4795 solata.
2412 4735 2475 4790 in
2510 4732 2799 4788 memoria
2830 4731 3191 4785 beneﬁcium
3222 4729 3491 4784 tenacius
3519 4726 3860 4795 reservavit

2177 4825 2527 4896 repositum,
2578 4822 2664 4877 ob
2720 4822 2781 4875 id
2820 4835 3097 4891 quoque,
3162 4824 3224 4873 ut
3270 4816 3508 4887 juvenis
3566 4814 3847 4883 haberes,

2178 4914 2337 4968 unde
2386 4918 2548 4967 tanto
2603 4910 2755 4982 patri
2814 4914 3010 4977 grates
3062 4907 3448 4979 rependeres,
3511 4904 3641 4974 ejus
3678 4905 3853 4975 atqui

2179 5009 2348 5067 gesta
2380 5018 2539 5057 nunc
2568 5002 2781 5055 devote
2814 4996 3224 5069 scriptitando,
3259 4995 3363 5067 qui
3404 5000 3457 5049 te
3486 5008 3646 5047 nunc
3677 4992 3852 5063 adju-

2176 5096 2276 5154 vit.
2307 5100 2364 5149 et
2394 5093 2592 5147 adhuc
2624 5089 2833 5145 sedulo
2883 5087 3132 5157 adjuvat
3187 5085 3439 5141 orando.
3507 5086 3583 5137 De
3632 5090 3851 5138 caetero

2174 5198 2377 5237 rerum
2406 5181 2588 5248 exigit
2626 5178 2795 5245 ordo,
2828 5192 2953 5247 qua
2986 5178 3234 5229 Patrum
3294 5172 3663 5232 postulatam
3712 5188 3850 5226 suc-

2178 5272 2530 5334 cessionem,
2561 5274 2695 5340 post
2724 5266 2859 5321 hinc
2903 5263 3244 5319 describere
3278 5262 3427 5318 velis
3466 5276 3580 5332 per
3631 5267 3847 5327 ratam,

2181 5365 2243 5413 ut
2267 5364 2521 5432 oportet,
2552 5357 2878 5412 verborum
2911 5353 3378 5409 successionem.
3423 5372 3453 5400 »

2816 5480 3208 5537 Collectitius.

2251 5614 2277 5640 (ι
2296 5594 2400 5646 Per
2420 5590 2768 5645 charitatem
2785 5591 3034 5659 paratus
3048 5556 3179 5642 sum
3209 5585 3472 5658 proximi
3485 5584 3858 5644 voluntatem

2253 5701 2332 5773 (21
2350 5701 2399 5771 ι)
2442 5698 2665 5773 natm.
2694 5712 2752 5752 ιι.

2252 5768 2406 5843 (212)
2440 5769 2570 5828 Alia
2598 5768 2811 5834 littera.
