3968 6394
128 304 263 358 1061

899 306 985 357 DE
1028 302 1403 361 MIRACUIJS
1438 301 1499 358 S.
1542 298 1963 356 ΕΜΜΕΒᾹΜῙ
2004 302 2183 361 LIBRI
2232 308 2395 364 DUO.
2439 341 2466 349 —

1219 302 1403 361 ZUIJS
1438 301 1499 358 S.
1542 298 1963 356 EMMERAMMI
2004 302 2183 361 LIBRI
2232 308 2395 364 DUO.
2439 341 2505 350 ——
2547 311 2675 367 LIB.
2720 316 2786 369 II.

3435 321 3574 376 1062

123 444 237 482 seu
269 425 645 481 dilectionem
675 428 862 497 sequi,
897 445 1031 499 quae
1064 430 1228 483 omni
1268 428 1495 482 homini
1526 426 1800 481 Christia-
1831 427 1875 478 Α
1920 429 1974 482 in
2011 446 2257 487 carruca
2290 451 2448 492 eum.
2483 438 2761 506 quamvis
2792 438 3120 495 laboriosse
3152 442 3575 513 advectabant,

122 534 230 580 no,
285 517 333 570 si
378 525 538 570 recto
586 517 819 570 tramite
869 518 1106 579 incedit,
1142 526 1428 572 reternam
1462 517 1797 570 felicitatem

124 607 398 678 paritura
432 607 543 659 erit
593 608 758 670 (213).
791 606 962 670 Quod
995 608 1311 678 Apostolus
1364 607 1683 661 confirmat
1712 606 1798 659 di-

124 713 273 749 cens
309 714 319 749 :
361 695 597 749 tlilectio
633 697 886 765 proximi
920 696 1145 750 malum
1177 713 1297 749 non
1346 702 1647 767 operatur,
1684 695 1800 765 ple-

124 783 343 836 nitudo
376 797 518 845 ergo
548 782 692 849 legis
719 789 803 835 est
833 783 1069 835 dilectio
1116 788 1283 852 (214).
1324 784 1501 845 Igitur
1531 789 1664 853 past
1713 798 1799 834 re—

124 871 467 924 verendam
528 874 756 923 Patrem
820 871 1243 937 Itamuoldum,
1297 888 1531 937 magnae
1585 870 1805 923 scilicet

127 962 440 1014 memoriie
466 960 680 1027 virum,
718 961 982 1027 regimen
1018 962 1198 1029 hujus
1234 961 1575 1016 monasterii
1608 976 1803 1012 susce-

132 1050 219 1121 pit
253 1050 443 1103 abbas
482 1049 935 1109 Wolf‘rammus,
966 1056 1021 1103 et
1052 1050 1177 1120 ipse
1230 1051 1285 1103 in
1342 1049 1802 1103 mansuetudine

134 1140 491 1209 caterisque
536 1139 849 1193 virtutibus
884 1141 976 1193 Dei
1029 1157 1253 1193 servus.
1308 1141 1401 1192 Hic
1435 1139 1641 1192 habuit
1677 1156 1805 1191 sue—

130 1244 440 1281 cessorem
490 1244 557 1280 ex
593 1228 843 1291 collegio
896 1229 1141 1281 fratrum
1194 1228 1474 1281 abbatem
1528 1226 1799 1283 electum.

128 1317 380 1370 nomine
416 1316 795 1369 Rihboldum.
835 1317 978 1369 Huic
1011 1316 1298 1369 successit
1342 1316 1625 1369 dominus
1660 1316 1802 1368 Har-

134 1404 350 1457 twicus
388 1418 621 1463 magnae
658 1405 882 1458 virtutis
934 1405 1183 1466 amicus,
1236 1405 1360 1474 qui,
1396 1410 1605 1473 sponte
1639 1404 1803 1456 dese-

130 1508 273 1545 reus
306 1492 694 1563 priesulatum
734 1492 1013 1559 eienobii,
1056 1493 1292 1563 reliquit
1340 1491 1647 1545 abbatiam
1693 1491 1799 1544 do-

131 1582 301 1634 mino
336 1582 677 1635 Burchardo
710 1581 1055 1641 regendam.
1082 1584 1211 1645 Quo
1237 1582 1541 1645 defuncto,
1572 1580 1799 1639 divina,

136 1670 215 1722 uti
254 1685 591 1740 speramus,
645 1670 1027 1740 providentia
1081 1670 1538 1723 necessitatibus
1590 1670 1803 1722 nostris

130 1757 455 1810 destinavit
482 1758 669 1811 virum
699 1758 1097 1811 venerabilem
1133 1759 1350 1828 pariter
1379 1763 1435 1810 et
1480 1757 1803 1811 amabilem
1838 1783 1875 1835 Β

132 1845 475 1911 dominum,
504 1847 775 1899 videlicet
811 1848 1170 1910 Udalricum,
1208 1848 1368 1917 prius
1419 1847 1475 1900 in
1512 1849 1802 1900 canonica

132 1935 252 1988 vita
288 1935 595 2005 plurigena
637 1936 928 2006 probitate
980 1938 1350 1993 decoratum.
1405 1951 1563 1989 nunc
1604 1948 1803 1989 autem

133 2023 485 2089 regulariter
510 2031 565 2077 et
592 2025 937 2077 monasticae
972 2026 1105 2077 huic
1129 2025 1579 2089 congregationi
1601 2025 1809 2097 praela-

136 2120 284 2166 tum.
351 2114 561 2166 Beatus
616 2129 758 2173 ergo
832 2114 1224 2179 Ramnoldus,
1276 2115 1383 2184 qui
1441 2114 1805 2167 desiderium

137 2216 339 2265 suum,
372 2201 535 2271 quod
582 2202 789 2255 habuit
816 2202 872 2255 in
909 2204 1247 2269 hominum,
1289 2202 1511 2271 optime
1550 2202 1809 2272 prodidit

135 2290 437 2343 vocabulo
492 2291 689 2343 arietis
756 2290 885 2360 [al.,
934 2291 1197 2360 arietem}
1269 2291 1536 2350 volentis,
1590 2291 1645 2343 id
1698 2297 1803 2349 est,

137 2381 437 2433 t’lbristum
508 2379 940 2441 desiderantis;
1002 2382 1233 2452 primus
1294 2381 1564 2447 pt'OvlsOl‘
1630 2380 1808 2449 hujus

136 2468 247 2521 loci
281 2469 616 2522 secundum
650 2470 914 2529 regulam
943 2471 1223 2523 existens.
1272 2470 1437 2522 Hunc
1469 2471 1571 2539 qui
1626 2471 1807 2523 modo

136 2558 454 2611 nobiscum
485 2562 749 2622 regimen
783 2560 1037 2612 cmnobii
1072 2560 1365 2612 ministrat
1392 2574 1426 2611 a
1462 2574 1521 2609 se
1556 2574 1807 2612 numero

138 2653 398 2709 sextum,
436 2648 645 2701 merito
687 2647 1060 2702 demonstrat
1108 2648 1462 2701 secundum.
1516 2648 1636 2700 Sub
1684 2663 1806 2718 quo

139 2737 315 2789 nobis
347 2743 627 2806 optamus
676 2742 737 2789 ut
786 2738 955 2791 liceat
1007 2740 1309 2790 senarium
1361 2744 1805 2791 sacramentum

138 2824 244 2877 diu
274 2825 595 2889 celebrare,
630 2841 735 2878 nec
770 2840 888 2878 non
928 2826 1130 2879 divina
1163 2824 1560 2887 confessione,
1595 2834 1803 2878 caetera

139 2914 337 2967 studia
368 2914 602 2985 pietatis
634 2930 811 2983 opere
838 2920 891 2967 et
922 2915 1104 2967 verbo
1135 2929 1426 2968 exercere.
1476 2936 1501 2961 ››

758 3022 802 3073 Α
816 3040 866 3073 m
878 3036 1009 3073 mon
1019 3024 1186 3073 (eius.

215 3132 238 3155 ‹‹
268 3110 559 3163 Dictatum
582 3114 748 3162 tuum
770 3126 949 3180 quem
972 3109 1152 3163 fecisti
1178 3111 1464 3181 paulatim
1491 3109 1807 3163 scribendo
1839 3137 1877 3187 η

140 3214 333 3268 usque
381 3200 493 3251 huc
534 3214 756 3269 repere,
818 3206 948 3269 post
1000 3200 1136 3252 hinc
1189 3215 1428 3253 necesse
1479 3205 1565 3252 est
1620 3204 1681 3252 ut
1735 3202 1810 3251 t'a-

142 3288 263 3341 cias
306 3303 559 3347 currere,
595 3306 663 3341 ea
694 3288 965 3341 videlicet
994 3290 1218 3342 ratione
1245 3304 1366 3359 quo
1403 3288 1627 3359 aliquid
1664 3298 1807 3342 tem-

142 3377 359 3447 pestive
392 3377 634 3435 colligas
664 3378 749 3430 vel
783 3379 1146 3435 conscribas,
1183 3379 1344 3448 quol
1401 3394 1457 3430 in
1493 3378 1808 3431 festivitate

146 3466 199 3518 S.
234 3464 679 3521 Emmerammi.
706 3481 839 3534 quie
864 3467 989 3531 jam
1019 3467 1224 3518 faciem
1254 3466 1811 3536 prrparansquod-

143 3553 474 3605 dammodo
498 3554 619 3605 suis
649 3554 867 3607 arridet
900 3569 1121 3605 novum
1167 3557 1406 3618 offeras,
1459 3560 1661 3622 utpote
1715 3562 1811 3606 tuo

146 3640 386 3711 speciali
420 3650 695 3711 patrono,
730 3642 849 3693 imo
883 3641 1191 3693 communi
1223 3642 1496 3695 omnium
1543 3656 1813 3711 quaeren-

146 3730 289 3782 tium
320 3730 641 3783 Dominum
674 3728 907 3782 fautori.
940 3752 965 3775 ι)

784 3818 1175 3871 Callet-(ilius.

218 3930 243 3957 ‹‹
280 3907 421 3962 Novi
452 3922 547 3960 me
580 3906 652 3960 ad
704 3905 761 3959 id
798 3906 968 3959 valde
998 3906 1310 3973 indignum
1365 3912 1427 3959 ut
1480 3906 1621 3959 mihi
1672 3922 1809 3976 pec-

145 3998 327 4051 catori
427 3996 720 4049 vindicem
816 3995 960 4049 tanti
1042 3996 1275 4065 patroni
1358 3994 1808 4064 specialitatem.

148 4086 393 4140 Proinde
446 4084 789 4137 humiliatus
820 4094 961 4155 opto
992 4090 1049 4135 ut
1078 4084 1351 4153 parvitati
1405 4099 1550 4136 mete
1601 4084 1811 4136 saltem

146 4176 508 4229 concedatur
538 4190 641 4244 per
682 4190 885 4244 preces
917 4174 1093 4233 illitis,
1127 4182 1428 4243 quatenus
1459 4189 1594 4226 cum
1641 4181 1810 4226 (riete-

146 4266 223 4319 ris
256 4264 527 4316 tidelil-us
558 4263 835 4333 amplecti
864 4262 1097 4315 valeam
1150 4263 1641 4315 communionem
1678 4264 1813 4314 bea-

148 4360 287 4406 tam.
321 4352 441 4404 Sub
471 4352 645 4419 hujus
672 4366 813 4417 ergo
844 4350 923 4403 rei
966 4350 1276 4403 affectione
1307 4349 1625 4417 aggrediar
1677 4366 1810 4419 quae

147 4448 477 4512 sequuntur
515 4441 751 4494 cudere.
812 4441 919 4493 Per
975 4441 1296 4493 animalem
1330 4440 1491 4509 atqui
1535 4455 1808 4505 cursum,

148 4530 448 4587 redeunte.
483 4528 753 4597 ejusdem
788 4529 1019 4598 patroni
1072 4529 1255 4581 nostri
1306 4544 1465 4598 smpe
1519 4527 1810 4580 nominati

149 4623 484 4691 saepiusque
520 4618 869 4671 nominandi
903 4617 1167 4671 natalitio
1200 4618 1315 4683 die,
1363 4618 1441 4669 ob
1490 4618 1660 4670 solita
1713 4616 1812 4669 bc-

148 4710 377 4771 neficia,
412 4715 773 4762 convenerat
804 4708 938 4761 illuc
972 4708 1141 4761 turba
1175 4725 1292 4761 non
1328 4707 1583 4762 modica.
1631 4712 1809 4761 (Ium-

150 4818 263 4871 que
296 4799 375 4853 ibi
406 4814 513 4869 per
560 4797 763 4851 divina
810 4798 1007 4851 otIicia
1062 4801 1177 4851 Deo
1232 4805 1287 4850 et
1335 4798 1556 4850 sanctis
1610 4798 1815 4850 oblata

151 4897 348 4945 essent
396 4889 643 4943 laudum
701 4888 1011 4957 sacrificia,
1061 4904 1129 4942 ac
1173 4904 1292 4942 non
1348 4888 1577 4958 absque
1632 4889 1815 4953 signis

152 4986 205 5033 et
235 4978 534 5034 miraculis
578 4979 681 5032 rite
734 4987 973 5049 peracta
1028 4980 1219 5031 forent
1270 4977 1582 5045 solemnia,
1637 4993 1816 5030 unus-

151 5070 403 5141 quisque
458 5086 592 5124 cum
629 5070 850 5137 gaudio
892 5069 1178 5121 remeavit
1228 5068 1303 5121 ad
1354 5068 1615 5139 propria.
1674 5074 1815 5121 tum

152 5158 394 5225 contigit
441 5160 767 5231 quemdam
817 5174 1166 5229 pauperem,
1216 5157 1319 5228 qui
1369 5174 1504 5210 cum
1559 5156 1687 5210 aliis
1740 5158 1811 5210 ad

152 5253 313 5301 tanta
366 5248 585 5313 gaudia
634 5248 717 5300 ire
767 5247 1043 5309 decrevit,
1095 5262 1203 5299 nec
1252 5247 1561 5317 pervenire
1607 5247 1816 5317 potuit,

150 5336 244 5390 vix
277 5336 516 5389 tandem
545 5336 604 5389 in
655 5336 748 5389 die
801 5336 1055 5407 septima
1105 5338 1179 5389 ad
1223 5338 1490 5406 cupitum
1540 5335 1740 5390 locum
1784 5352 1819 5390 a

154 5422 272 5477 suis
304 5422 547 5494 perduci
578 5438 796 5493 posse;
841 5429 966 5477 erat
1010 5438 1171 5477 enim
1220 5424 1608 5495 paralyticus.
1655 5430 1706 5477 et
1752 5430 1814 5475 ut

154 5514 232 5566 ita
258 5511 472 5577 αἰσίμη,
502 5512 641 5579 plus
677 5527 855 5582 quam
885 5513 1138 5567 claudus
1162 5518 1302 5583 (216)
1341 5513 1421 5567 ob
1450 5514 1566 5567 hoc
1614 5513 1816 5583 itaque

225 5642 373 5705 (213)
404 5638 437 5692 Ι
464 5638 599 5693 Cor.
636 5655 754 5693 xm.

246 5712 373 5781 214)
403 5711 573 5781 Itum.
603 5726 718 5765 xui.

244 5780 372 5852 215)
403 5781 538 5839 Alia
560 5780 775 5839 littera.

1850 4492 1885 4539 ll

1918 526 2118 589 utpote
2147 522 2219 575 de
2248 523 2378 577 loco
2406 524 2759 597 longinquo.
2791 528 2841 580 Is
2870 529 2925 583 in
2962 530 3156 601 prima
3184 530 3333 587 hora
3364 540 3579 589 octava

1913 609 2049 673 diei,
2098 612 2342 665 nutibus
2378 618 2437 666 et
2464 614 2649 677 signis
2681 616 2902 687 quibus
2944 620 3153 689 potuit,
3206 636 3267 674 se
3317 621 3393 675 ab
3427 622 3575 677 ami—

1914 698 1996 750 cis
2025 700 2145 751 suis
2174 699 2228 753 iu
2264 702 2575 756 ecclesiam
2626 706 2678 757 S.
2736 707 3160 761 Emmerammi
3219 709 3434 765 deduci
3479 727 3577 766 ro-

1914 789 2091 849 gavit.
2127 790 2400 851 Quicum
2458 808 2703 845 suorum
2750 796 3035 849 manibus
3068 802 3123 850 et
3172 797 3431 853 brachiis
3482 816 3578 854 su-

1913 882 2203 931 stentatus
2259 880 2315 933 in
2370 881 2721 936 occidentali
2776 891 2943 955 parte
2992 886 3339 941 consisteret
3394 888 3577 943 felicis

1913 966 2194 1027 basilicae,
2230 985 2399 1021 secus
2427 970 2772 1025 columnam
2808 972 3027 1027 scilicet
3075 991 3211 1047 quae
3262 991 3577 1031 consecra-

1916 1060 2033 1107 tam
2081 1055 2137 1107 in
2182 1063 2348 1126 petra
2380 1058 2526 1112 solet
2572 1059 2792 1114 haoere
2852 1077 3076 1133 aquam
3128 1080 3455 1118 conversus
3500 1064 3579 1119 ad

1912 1146 2220 1211 orientem,
2264 1146 2576 1216 paululum
2624 1150 2911 1204 inclinato
2963 1154 3157 1223 capite
3208 1153 3335 1208 sine
3382 1154 3579 1209 verbis

1912 1235 2120 1299 oravit,
2154 1236 2295 1305 quia
2322 1236 2483 1307 loqui
2516 1254 2633 1291 non
2668 1240 2879 1310 potuit.
2919 1244 3058 1295 Ecce
3086 1242 3233 1296 vidit
3262 1258 3293 1296 e
3335 1244 3578 1311 regione

1912 1322 2235 1377 beatissimi
2270 1327 2550 1395 martyris
2596 1344 2761 1381 aram
2798 1330 2969 1399 quasi
3002 1330 3241 1395 igneam
3270 1336 3326 1385 et
3354 1346 3579 1397 magno

1913 1410 2137 1465 lumine
2167 1413 2619 1479 circumdatam,
2655 1421 2710 1469 et
2753 1416 2826 1469 de
2859 1433 2929 1471 ea
2967 1418 3142 1473 veluti
3187 1419 3327 1473 solis
3375 1420 3577 1475 radios

1916 1500 2061 1553 mitti
2094 1503 2400 1565 conspexit
2430 1502 2483 1555 in
2512 1504 2725 1557 faciem
2761 1520 2955 1559 suam.
2991 1509 3151 1560 Tunc
3179 1508 3258 1561 ob
3278 1508 3579 1563 insolitam

1914 1589 2204 1643 visionem
2238 1592 2580 1661 perterritus
2614 1600 2789 1663 atque
2822 1594 3223 1658 tremefactus,
3272 1597 3581 1669 nimioque

1914 1678 2131 1731 sudoie
2202 1680 2596 1741 humef'aetus,
2650 1682 2899 1737 demum
2960 1685 3408 1753 convalescens,
3467 1702 3581 1740 coa-

1918 1768 1999 1837 pit
2056 1768 2159 1821 fari
2199 1768 2281 1822 sic
2322 1770 2526 1823 dicens
2565 1788 2575 1824 :
2632 1774 2747 1825 Deo
2788 1775 3029 1838 gratias.
3075 1776 3266 1838 Quam
3294 1791 3581 1841 magnam

1916 1872 2037 1909 rem
2084 1858 2293 1911 video!
2342 1859 2480 1911 Vere
2536 1862 2823 1913 Dominus
2869 1868 2956 1915 est
3006 1862 3063 1915 in
3114 1862 3245 1917 loco
3290 1864 3427 1932 isto,
3478 1865 3580 1936 qui

1918 1960 2021 2014 per
2060 1960 2267 2014 preces
2297 1946 2385 1999 sui
2414 1947 2608 2001 dilecti
2638 1950 2795 2002 testis
2812 1951 3045 2022 optima
3073 1951 3167 2005 bic
3200 1954 3426 2006 confert
3456 1969 3583 2007 me-

1916 2034 2217 2088 dicamina
2240 2036 2360 2089 sive
2389 2037 2685 2091 solamina
2710 2040 2945 2106 :egrotis
2968 2047 3023 2093 et
3044 2042 3294 2095 mrrstis.
3324 2042 3422 2095 His
3444 2043 3582 2096 visis

1917 2130 1971 2176 et
2022 2124 2259 2187 auditis,
2294 2125 2367 2177 dc
2403 2131 2522 2180 tota
2570 2126 2818 2181 ecclesia
2874 2129 3266 2197 concurritur,
3298 2135 3354 2185 et
3397 2148 3431 2185 a
3477 2146 3583 2202 po-

1917 2213 2060 2285 pulo
2098 2216 2459 2268 miraculum
2508 2216 2656 2270 idem
2708 2220 2850 2283 (216i
2908 2224 3236 2289 spectante,
3292 2236 3360 2274 ac
3406 2220 3585 2274 simul

1919 2303 2276 2369 admirante,
2310 2306 2501 2373 Kyri'e
2531 2309 2748 2361 elcison
2792 2315 3083 2362 cantatur.
3132 2310 3313 2379 Cujus
3358 2309 3586 2365 clamor

1921 2408 2055 2444 cum
2094 2393 2183 2445 vix
2220 2394 2467 2447 auribus
2496 2402 2697 2464 posset
2744 2396 2998 2457 sufierri,
3042 2399 3427 2470 primamque
3474 2414 3584 2453 nos

1918 2481 2150 2535 interim
2185 2489 2493 2537 cantantes
2534 2486 2759 2556 oppido
2809 2486 3145 2548 deterreret,
3190 2488 3348 2541 idem
3400 2489 3584 2543 homo

1920 2573 2283 2627 catervatim.
2331 2572 2408 2625 ab
2455 2573 2543 2625 his
2593 2575 2693 2643 qui
2736 2580 2875 2628 tunc
2924 2576 3067 2629 forte
3123 2576 3202 2629 ob
3252 2582 3583 2631 novrtatem

1917 2660 1996 2712 rei
2057 2659 2468 2715 confluxerant
2523 2662 2795 2732 stipatus,
2870 2665 3120 2718 chorum
3176 2670 3263 2719 est
3318 2665 3585 2719 introdu-

1918 2755 2067 2801 ctus.
2104 2753 2372 2820 tluinque
2406 2751 2482 2803 ab
2512 2767 2580 2803 eo
2628 2758 2763 2804 ante
2809 2751 2991 2806 altare
3042 2756 3095 2807 S.
3150 2755 3585 2809 Emmerammi

1918 2839 2266 2907 aliquandiu
2322 2846 2555 2892 oratum
2586 2847 2761 2900 esset,
2796 2841 3054 2911 indeque
3106 2843 3401 2913 completa
3452 2860 3585 2897 ora-

1919 2930 2093 2991 tione,
2130 2932 2301 2981 emtiu
2340 2928 2586 2982 fratrum
2619 2930 3021 2985 accedentium
3050 2936 3197 2997 (217)
3225 2934 3587 2987 assurrexis-

1922 3029 2025 3073 set,
2067 3018 2269 3085 jussus
2316 3025 2400 3071 est
2446 3034 2481 3073 a
2528 3021 2723 3089 priore
2758 3022 2813 3072 in
2848 3021 3136 3088 gradibus
3186 3022 3392 3076 sedere
3446 3039 3585 3077 cau-

1918 3124 2168 3177 sitmqie
2222 3124 2393 3161 suam
2457 3124 2659 3161 coram
2722 3108 2984 3163 recitare.
3055 3110 3186 3173 Qui,
3246 3126 3385 3164 mox
3440 3111 3585 3165 obe-

1918 3198 2087 3249 (tiens
2118 3200 2172 3249 ct
2204 3197 2345 3267 quid
2384 3214 2596 3267 passus
2627 3198 2695 3250 sit
2730 3200 2787 3251 in
2843 3196 3093 3253 infantia
3125 3198 3376 3253 breviter
3405 3216 3585 3272 expe-

1919 3286 2112 3349 dii-us,
2146 3286 2429 3339 indicavit
2460 3302 2519 3339 se
2552 3286 2629 3340 ab
2662 3294 2795 3340 Octo
2849 3288 3022 3341 annis
3078 3304 3264 3359 usque
3314 3290 3371 3343 in
3419 3290 3585 3344 illum

1918 3376 2077 3427 d.cin
2115 3376 2371 3445 paralysi
2414 3391 2541 3429 esse
2593 3376 2874 3433 solutum.
2924 3375 3242 3448 ofﬁcioque
3290 3394 3583 3432 manuum

1918 3464 2289 3523 destitutum,
2320 3480 2431 3515 nec
2474 3479 2592 3517 non
2636 3466 2857 3535 pedum
2897 3484 2956 3518 se
2988 3472 3237 3535 questus
3282 3473 3369 3520 est
3414 3468 3583 3537 peni-

1920 3559 2011 3605 tus
2042 3553 2303 3604 caruisse,
2332 3553 2587 3605 incessu.
2621 3555 2783 3605 'l‘unc
2834 3554 3013 3624 petito
3064 3555 3285 3624 pariter
3330 3561 3386 3609 et
3433 3572 3585 3626 prte-

1920 3642 2052 3693 stito
2114 3640 2348 3699 baculo,
2414 3640 2557 3710 quia
2622 3648 2867 3711 propter
2930 3647 3242 3696 nutantem
3314 3658 3585 3711 gressum

1918 3746 2071 3799 Opus
2103 3737 2226 3781 erat
2258 3729 2451 3782 alieno
2504 3729 2929 3797 sustentaculo,
2980 3731 3243 3784 crucifixi
3296 3733 3374 3786 ob
3424 3749 3587 3786 amo-

1917 3833 2040 3870 rem
2096 3822 2151 3870 et
2200 3834 2365 3887 spem
2414 3816 2843 3888 Redemptoris,
2898 3835 3006 3890 pro
3053 3835 3176 3890 quo
3217 3820 3444 3873 effusus
3497 3826 3590 3875 est

1918 3912 2252 3976 martyrum
2311 3908 2577 3969 sanguis,
2640 3908 2865 3979 accepit
2925 3926 3186 3976 crucem,
3240 3925 3352 3980 per
3399 3926 3586 3981 quam

1918 3994 2217 4049 credimus
2247 4003 2301 4049 et
2351 3996 2572 4050 scimus
2626 3997 2894 4051 humano
2942 3999 3140 4061 generi
3193 3998 3399 4053 datam
3446 3999 3589 4053 ﬁdei

1917 4084 2134 4147 lucem,
2172 4086 2376 4155 sicque
2426 4086 2676 4155 praevius
2724 4087 3118 4142 multitudinis
3158 4086 3278 4141 dux
3336 4088 3592 4159 perrexit

1919 4174 1993 4228 ad
2032 4178 2313 4229 Sanctum
2350 4179 2604 4233 Petrum.
2638 4192 2699 4229 se
2734 4193 2870 4230 cum
2906 4178 3138 4231 novella
3173 4177 3421 4231 sanitate
3444 4193 3592 4247 prte-

1922 4274 2165 4319 seutaus
2199 4266 2521 4337 episcopali
2575 4266 2721 4329 sedi,
2776 4273 2837 4321 ut
2889 4276 2944 4321 et
2975 4269 3173 4338 plures
3224 4274 3593 4329 contingeret

1922 4356 2199 4407 inti-resse
2234 4372 2349 4415 gau
2379 4356 2812 4422 liocommuni,
2864 4362 2919 4409 et
2968 4357 3093 4427 ipse.
3140 4356 3384 4427 implere
3433 4356 3591 4410 vide-

1922 4448 2080 4491 retur
2106 4455 2226 4509 quo
2255 4439 2267 4491 ι
2306 4440 2591 4491 Dominus
2622 4439 2678 4492 in
2714 4440 3027 4507 livangelio
3061 4440 3240 4494 dicit:
3275 4442 3372 4507 tte,
3397 4446 3591 4494 Osten-

1920 4528 2038 4581 dite
2083 4545 2185 4579 vos
2232 4527 2645 4581 sacerdotibus
2689 4531 2856 4595 (218).
2909 4528 2987 4581 Ibi
3039 4545 3073 4581 ἃ
3116 4528 3590 4583 Matricularibus

1921 4616 2169 4669 consilio
2202 4622 2449 4686 accepto
2479 4631 2548 4669 ne
2581 4633 2718 4670 cum
2748 4631 2965 4670 novem
2997 4618 3267 4683 ingratus
3294 4618 3588 4685 existeret,

1923 4707 2024 4759 set
2062 4721 2367 4765 regressus
2400 4705 2535 4758 iiluc
2569 4705 2667 4759 ubi
2701 4705 2906 4759 salutis
2936 4706 3095 4759 dona
3126 4707 3407 4777 suscepit,
3452 4723 3591 4760 cum

1923 4796 2178 4853 decimo.
2232 4795 2284 4846 id
2320 4799 2407 4847 est
2441 4794 2837 4859 Samaritano,
2872 4809 3126 4861 magnas
3180 4795 3401 4861 gratias
3450 4809 3590 4863 age-

1924 4892 2027 4953 ret,
2065 4891 2183 4937 tota
2217 4900 2365 4955 pene
2398 4884 2630 4937 civitate
2663 4885 2980 4938 comitatus
3019 4885 3091 4938 ad
3128 4887 3184 4939 ‘S.
3223 4887 3590 4939 Emmeram-

1928 4990 2093 5028 mum
2126 4981 2213 5027 est
2247 4990 2531 5027 reversus.
2572 4973 2670 5027 llla
2701 4974 2985 5027 nimirum
3041 4974 3136 5027 die
3180 4990 3284 5045 per
3338 4974 3588 5045 plateas,

1926 5066 2047 5118 imo
2080 5080 2180 5134 per
2206 5064 2409 5116 omnia
2443 5064 2960 5134 Ratisponensium
2996 5064 3159 5118 urbis
3207 5064 3356 5121 loca.
3402 5066 3592 5135 Kyri'e

1926 5156 2061 5207 cleis
2104 5170 2140 5207 η
2190 5154 2464 5207 sonabat.
2518 5154 2751 5208 Christe
2806 5158 3021 5208 eleiscn
3072 5154 3420 5209 resultabat.
3471 5156 3592 5209 Deo

1924 5250 2175 5313 gratius,
2206 5248 2371 5305 grata
2400 5242 2818 5301 vicissitudine,
2854 5243 3151 5297 interdum
3173 5243 3251 5297 ab
3274 5244 3385 5305 his,
3418 5244 3593 5298 inter-

1925 5333 2070 5386 dum
2101 5334 2178 5387 ab
2210 5332 2321 5385 illis
2354 5333 2685 5399 dicebatur,
2720 5338 2898 5403 atque
2930 5334 2987 5387 in
3020 5334 3178 5388 hunc
3211 5334 3463 5389 modum
3486 5335 3594 5389 iter

1924 5422 2059 5475 ﬁ'lei
2094 5422 2172 5476 ab
2204 5422 2486 5476 omnibus
2520 5422 2837 5477 terebatur.
2877 5427 2935 5477 In
2978 5423 3225 5479 ecclesia
3255 5440 3397 5479 vero
3426 5429 3592 5479 tanta

1925 5511 2237 5566 exsultatio
2267 5511 2371 5565 fuit
2400 5514 2581 5565 Deum
2605 5511 2982 5567 laudantium
3003 5519 3059 5568 et
3080 5518 3212 5569 octo
3235 5529 3427 5569 annos
3454 5529 3590 5569 cum

2021 5638 2143 5708 216)
2186 5636 2309 5690 Alia
2339 5636 2550 5708 littera.

2018 5712 2145 5779 217)
2177 5708 2306 5763 Alia
2333 5707 2543 5765 littera.

2022 5782 2152 5853 218)
2177 5781 2323 5838 Luc.
2351 5796 2490 5837 ινιτ.
