3910 6390
460 273 595 328 1063

414 466 419 469 _
454 395 697 452 totidem
728 394 1192 451 beatitudinibus
1220 399 1440 450 octavas
1469 393 1585 449 diei
1632 388 2086 463 comparatium.
2119 388 2171 441 Α

459 490 521 541 ut
543 501 647 557 per
673 485 1058 542 confessionis
1082 489 1139 539 et
1167 482 1644 556 cumpunctionis
1691 480 1860 536 valde
1890 494 2093 533 neces—

458 574 681 629 sarium
706 573 977 642 ﬁdelibus
1002 572 1251 638 bonum,
1281 588 1351 626 ea
1378 571 1472 627 die
1500 568 1777 626 diabolus
1808 566 2097 635 multipli-

457 662 604 716 citer
630 662 912 730 confusus
938 659 1324 728 ingemiscere
1354 659 1467 714 sibi
1494 661 1650 715 male
1694 657 1939 723 factum,
1990 668 2096 709 nec

456 765 573 805 non
622 750 691 805 ob
732 752 1019 820 martyris
1062 756 1411 805 conventum
1457 752 1603 818 (219)
1654 746 1823 820 queri
1870 742 2094 814 grande

455 843 762 907 cogeretur
789 838 1229 894 detrimentum.
1264 836 1417 902 Quid
1459 836 1633 909 plura
1652 836 1680 890 ‘2
1725 838 1831 889 Pro
1869 830 2093 888 beneﬁ-

454 926 559 982 ciis
588 926 870 982 solemnis
896 926 1260 992 visitationis,
1301 942 1336 982 a
1361 926 1539 995 clero,
1588 922 2096 980 monachorumve

456 1016 637 1072 choro
666 1021 725 1072 et
748 1016 1133 1071 nihilominus
1172 1015 1249 1071 ab
1280 1031 1455 1070 sexus
1496 1014 1803 1085 utriusque
1847 1009 2093 1083 populo,

456 1103 690 1159 trifariis
718 1104 888 1172 votis,
938 1103 1109 1158 almae
1157 1102 1416 1158 Trinitati
1468 1100 1802 1173 persolutis,
1854 1098 2096 1153 tandem

457 1208 596 1246 cum
624 1190 1031 1246 benedictione
1071 1189 1306 1245 licentia
1334 1189 1476 1244 data
1500 1194 1587 1244 est
1616 1188 1842 1242 cunctis
1873 1186 2097 1242 abeun-

456 1278 535 1344 di,
569 1295 677 1334 nec
706 1294 827 1333 non
852 1295 986 1333 cum
1012 1277 1268 1349 tripudio
1286 1276 1524 1349 triplicis
1551 1275 1822 1332 miraculi
1845 1274 2096 1330 domum

456 1367 762 1422 redeundi.
795 1389 825 1417 ››

1059 1456 1484 1511 Ammonicius.

526 1567 554 1593 ‹‹
588 1548 703 1601 Hoc
732 1544 997 1600 trifidum
1025 1544 1192 1617 quod
1220 1545 1279 1600 in
1312 1560 1431 1599 uno
1456 1542 1699 1599 homine
1727 1541 2095 1597 declaratum

455 1633 734 1705 scripsisti
764 1632 1140 1699 miraculum,
1171 1632 1233 1688 in
1262 1632 1505 1688 nomine
1535 1636 1752 1687 sanctas
1778 1630 2092 1698 Trinitatis,

453 1726 655 1793 tuapte
682 1722 855 1793 quasi
882 1721 1162 1792 quasdam
1193 1721 1465 1776 salutatio
1493 1725 1581 1775 est
1597 1719 1958 1775 imminentis
1980 1719 2093 1773 fes-
2127 1736 2165 1788 Β

454 1810 709 1874 tivitatis,
758 1826 901 1865 nam
928 1810 1060 1882 ipsa
1093 1809 1437 1865 solemnitas
1483 1808 1808 1864 beatissimi
1861 1807 2094 1879 patroni

453 1900 637 1954 nostri
666 1899 1085 1954 Emmerammi
1118 1898 1395 1971 martyris
1424 1898 1695 1953 videlicet
1744 1896 1956 1951 Christi
2003 1895 2096 1950 tri-

453 1986 603 2042 faria
620 1992 725 2042 est.
757 1986 1037 2041 Praecedit
1063 1985 1223 2040 enim
1252 2001 1388 2040 eam
1426 1984 1582 2040 beati
1621 1984 1869 2040 Matthaai
1915 1998 2093 2055 apos-

453 2074 553 2130 toli
582 2073 960 2143 evangelista:
989 2072 1397 2144 passionarius
1424 2072 1550 2127 dies
1602 2070 1817 2126 natalis
1863 2075 1921 2126 et
1961 2087 2093 2126 cum

454 2164 802 2218 clarisslmw
832 2162 1146 2231 virgininis
1184 2162 1477 2217 memorias
1530 2160 1715 2215 Tectae
1765 2163 1908 2229 (220)
1950 2158 2093 2213 sub-

454 2256 729 2306 secutura
762 2257 849 2306 est
879 2249 1235 2322 percelebris
1265 2248 1559 2304 dedicatio
1604 2248 1783 2318 hujus
1830 2247 2093 2303 ecclesias

454 2340 768 2412 purpureis
797 2338 1032 2394 ossibus
1060 2338 1329 2408 ejusdem
1370 2338 1529 2392 testis
1577 2336 1815 2392 feliciter
1854 2337 2089 2403 dotatae,

452 2427 553 2483 illa
580 2427 934 2482 mediastina
960 2426 1267 2480 festivitate
1297 2424 1658 2480 nostratibus
1683 2440 1925 2496 quoque
1950 2440 2095 2496 prae-

453 2515 649 2587 cipua,
704 2515 1081 2570 medietatem
1135 2529 1310 2568 suam
1351 2516 1506 2568 inter
1557 2513 1985 2582 precedentem
2040 2517 2095 2567 et

451 2604 893 2675 subsequentem
950 2604 1113 2674 (22f),
1146 2602 1314 2673 quasi
1342 2602 1674 2673 quamdam
1726 2601 2094 2671 regalitatem

450 2698 721 2766 potenter
750 2698 1000 2748 tenente.
1057 2691 1219 2747 Unde
1263 2706 1384 2746 non
1415 2695 1507 2745 est
1551 2690 1770 2745 mirum
1818 2690 1982 2761 quod
2031 2694 2095 2745 tu

450 2781 813 2855 opusculum
844 2787 1033 2849 tuum,
1064 2795 1429 2851 quocunque
1458 2794 1564 2851 per
1593 2778 1937 2834 varietatem
1960 2794 2093 2833 sen-

451 2870 769 2926 tentiarum
799 2873 1084 2938 vagatum
1113 2868 1287 2922 fuerit
1313 2867 1392 2923 ad
1433 2866 1678 2922 laudem
1720 2871 1938 2922 sancta:
1980 2866 2095 2922 Tri-

450 2959 649 3014 nitatis
704 2958 1000 3013 reﬂectere
1052 2956 1304 3012 conaris.
1355 2959 1521 3011 Nunc
1566 2971 1729 3027 ergo,
1778 2955 1922 3027 quia
1972 2971 2093 3010 uno

451 3048 783 3119 eodemque
814 3048 965 3101 trino
995 3047 1165 3114 signo
1211 3043 1568 3100 miraculum
1615 3043 1975 3138 proposuisti
2019 3043 2093 3099 de
2121 3083 2161 3138 Ο

454 3137 510 3191 S.
546 3139 1004 3196 Emmerammo,
1028 3149 1400 3205 consequens
1439 3138 1527 3187 est
1556 3138 1618 3187 ut
1654 3132 1880 3203 aliquid
1925 3149 2093 3187 assu-

450 3239 583 3279 mas
612 3223 777 3295 quod
802 3221 1210 3277 numeralitate
1250 3219 1635 3276 fecundatum
1678 3222 1875 3290 exigat
1920 3220 2093 3292 quid-

450 3313 595 3368 dam
625 3312 981 3368 tertiandum
1022 3327 1144 3382 quo
1171 3326 1337 3365 more
1367 3313 1468 3364 tuo
1519 3309 1812 3382 perducas
1860 3310 2097 3365 conclu-

453 3403 684 3459 sionem
714 3402 792 3458 ad
822 3407 1039 3456 sanctae
1065 3398 1354 3455 Trinitatis
1377 3399 1689 3454 honorem.
1721 3420 1748 3447 »

1078 3489 1467 3544 Cotteclitius.

521 3604 547 3632 ‹‹
582 3579 1077 3651 Quandoquidem
1108 3578 1291 3633 homo
1320 3577 1503 3633 habet
1529 3577 1874 3633 Trinitatem
1902 3577 1964 3632 in
2010 3594 2095 3633 se-

448 3672 725 3743 metipso,
757 3684 999 3724 necesse
1032 3673 1118 3722 est
1148 3672 1210 3721 ut
1239 3671 1509 3721 creatura
1534 3665 1773 3721 subdita
1803 3665 1876 3721 sit
1920 3669 2091 3722 Crea-

449 3761 578 3821 tori.
611 3760 781 3829 cujus
811 3757 954 3813 nihil
989 3753 1464 3828 praeponendum
1510 3760 1597 3809 est
1643 3754 1853 3809 amori.
1905 3755 2088 3825 Cujus

447 3848 811 3904 taxationem
839 3863 977 3902 cum
1003 3860 1212 3900 omnes
1248 3844 1521 3898 homines
1570 3844 1747 3899 simul
1794 3844 1855 3899 in
1898 3860 2089 3900 unum

446 3940 587 3990 vota
613 3933 980 3991 conferentes
1004 3931 1265 3988 Amatori
1288 3931 1588 4003 praecipuo
1610 3931 1774 3987 haud
1795 3931 2092 3987 sufﬁciant

447 4024 793 4097 rependere,
836 4028 1061 4095 quanto
1110 4022 1308 4076 minus
1347 4036 1458 4089 ego
1506 4020 1770 4075 misellus
1821 4020 1925 4092 qui
1970 4020 2088 4075 huc

448 4129 637 4185 usque
679 4112 761 4167 nil
808 4112 1059 4180 dignum
1095 4110 1319 4179 egerim
1369 4108 1577 4164 ordine
1620 4124 1774 4164 meo.
1834 4111 2088 4173 Quamo-
2135 4171 2139 4175 .

445 4202 615 4259 brem
651 4202 854 4257 intime
900 4200 1077 4256 corde
1116 4204 1364 4254 tenusve
1414 4215 1653 4254 mecum
1706 4197 2084 4270 perpendens

444 4298 739 4365 quantum
768 4289 1011 4363 periculi
1048 4289 1250 4359 gignat
1279 4293 1337 4343 et
1362 4287 1510 4344 ferat
1552 4287 1909 4357 negligentia
1956 4287 2085 4357 ejus

444 4398 579 4454 quas
605 4382 665 4436 in
709 4396 803 4435 me
833 4386 919 4435 est
944 4378 1236 4446 trinitatis,
1266 4378 1328 4433 id
1355 4381 1447 4432 est
1474 4376 1823 4445 intellectus,
1855 4392 2084 4431 memo-

443 4472 565 4542 riae,
593 4487 663 4527 ac
680 4470 1017 4532 voluntatis.
1041 4469 1134 4523 vix
1149 4467 1393 4523 tandem
1419 4466 1608 4536 gratia
1623 4467 1916 4522 malorum
1936 4466 2084 4537 (222)

441 4560 686 4617 remedii
714 4559 958 4632 pigritia:
988 4574 1135 4612 meae
1160 4556 1468 4629 imperavi,
1495 4560 1558 4611 ut
1585 4555 1749 4627 quod
1778 4554 1920 4609 olim
1946 4570 2088 4626 pue-

441 4650 583 4704 rulis
607 4650 918 4705 curiositas
946 4648 1019 4701 de
1051 4646 1291 4701 utilibus
1321 4644 1501 4700 rebus
1538 4644 1875 4712 collegerat,
1924 4658 2084 4699 nunc

435 4738 714 4809 juvenilis
741 4736 1072 4793 verbositas
1099 4733 1439 4806 simpliciter
1464 4737 1721 4804 promat.
1758 4731 1968 4804 Sicque
1981 4732 2086 4803 qui

441 4828 722 4900 operibus
748 4842 1002 4898 nequeo,
1033 4824 1241 4879 saltem
1270 4822 1515 4878 etdictis
1546 4821 1751 4876 videar
1792 4820 2083 4877 deservire

439 4917 652 4973 honori
679 4914 1102 4987 omnipotentis
1131 4929 1200 4968 ac
1234 4912 1419 4967 unicae
1448 4910 1758 4965 Trinitatis.
1793 4910 1912 4965 Hac
1941 4926 2088 4981 quo-

439 5020 557 5076 que
584 5003 906 5060 intentione
929 5001 1093 5072 quod
1118 4998 1442 5071 scripturus
1474 5013 1607 5051 sum
1631 5012 1962 5063 assumam,
1993 5014 2083 5051 se-

439 5094 705 5149 cundum
734 5091 1201 5148 admonitionem
1233 5094 1417 5143 tuam.

513 5205 540 5231 ‹‹
572 5185 718 5239 Cum
748 5182 898 5237 inter
940 5184 1151 5234 caetera
1196 5175 1434 5245 ﬂagella
1477 5174 1698 5246 quibus
1748 5175 1936 5243 gratia
1984 5175 2084 5231 Dei

441 5270 864 5342 omnipotentis
895 5268 1142 5338 dignata
1168 5270 1257 5320 est
1295 5264 1531 5319 visitare
1580 5264 1855 5319 homines
1902 5264 2084 5335 hujus

441 5362 656 5413 nostra:
684 5360 897 5413 nativae
936 5354 1277 5429 provinciae,
1308 5354 1576 5424 quodam
1618 5356 1885 5424 tempore
1938 5352 2085 5409 mul-

536 5500 662 5569 219)
692 5497 820 5569 Alia
846 5497 1055 5554 littera.

535 5567 661 5625 220)
691 5567 818 5624 Alia
845 5568 1055 5625 littera.

535 5572 640 5621 220
691 5572 818 5624 Alia
845 5572 1055 5625 littera.

532 5639 628 5692 221
687 5637 815 5695 Alia
841 5639 1055 5695 littera.

533 5572 661 5779 222i
688 5707 820 5767 Alia
844 5709 1055 5766 littera.

533 5707 661 5767 222)
688 5707 820 5767 Alia
844 5709 1057 5766 littera.

512 5498 531 5777 Ξ

1498 267 1804 327 ARNOLDI
1844 262 2429 322 EMMERAHMENSIS
2465 264 2800 323 MONACHI.

3736 269 3764 321 1
3779 267 3899 321 064

2206 390 2333 443 tum
2360 387 2699 446 laborarent
2723 389 3040 446 oculorum
3066 389 3291 459 dolore,
3320 389 3401 446 ab
3439 388 3746 446 omnibus
3792 388 3900 444 de-

2206 493 2375 532 mum
2401 479 2581 551 plaga
2613 480 2854 536 tandem
2881 484 3170 549 cessante,
3198 480 3350 535 adeo
3380 496 3478 535 me
3532 478 3752 535 subito
3807 479 3898 535 in-

2205 567 2360 622 vasit
2385 573 2465 635 ut,
2499 568 2803 624 sinistrum
2832 567 3075 623 oculum
3105 568 3481 625 mediocriter
3498 567 3758 638 dolens,
3783 585 3895 641 per

2204 655 2459 711 nimium
2490 662 2786 712 tumorem
2826 656 3016 712 dextri
3064 656 3262 713 ofﬁcio
3306 658 3544 729 penitus
3573 673 3883 713 carerem.

2205 745 2384 800 Pestis
2435 746 2594 801 enim
2641 744 2993 814 gravissima
3032 761 3170 801 eum
3228 746 3309 802 ita
3352 746 3702 818 occupavit,
3760 762 3886 817 quo

2205 833 2379 904 quasi
2408 849 2649 906 pugnus
2680 833 2760 889 illi
2786 834 3081 889 videretur
3122 850 3250 890 esse
3292 835 3632 907 oppositus.
3689 836 3884 905 Cujus

2206 923 2289 978 rei
2336 923 2525 991 gratia
2564 940 2703 979 cum
2754 928 2925 978 nocte
2973 923 3053 979 ad
3103 924 3416 980 ecclesiam
3472 924 3784 989 venirem,
3832 929 3885 979 et

2200 1011 2373 1082 juxta
2423 1012 2857 1067 confessionem
2904 1012 3061 1068 beati
3110 1013 3532 1069 Emmerammi
3580 1013 3884 1069 secretius

2203 1116 2457 1167 orarem,
2491 1100 2751 1156 breviata
2781 1100 3046 1156 oratione
3078 1101 3327 1170 surrexi,
3353 1105 3412 1157 et
3457 1101 3603 1174 quia
3656 1106 3882 1174 captus

2203 1188 2407 1244 dolore
2432 1189 2657 1261 oppido
2692 1188 2776 1244 fui
2817 1195 3122 1259 gravatus,
3156 1189 3442 1246 sedebam
3468 1189 3620 1245 inibi
3654 1190 3725 1245 in
3779 1204 3883 1245 an-

2205 1278 2344 1348 gulo
2369 1284 2637 1333 moestus.
2668 1281 2826 1334 Tunc
2851 1278 3004 1351 ccepi
3033 1279 3186 1335 intra
3215 1294 3313 1335 me
3345 1294 3526 1351 super
3554 1280 3678 1335 hoc
3705 1279 3879 1352 quod

2204 1367 2350 1421 mihi
2378 1366 2589 1422 accidit
2626 1367 3015 1436 cogitationes
3053 1367 3246 1423 varias
3293 1366 3554 1436 volvere,
3604 1366 3781 1422 unde
3826 1373 3879 1423 et

2205 1455 2520 1511 hurm'liato
2568 1454 2744 1511 corde
2802 1457 2952 1525 (223)
3003 1453 3409 1527 compellebar
3458 1454 3713 1511 dicere:
3771 1458 3881 1512 Do-

2203 1543 2383 1610 mine,
2413 1544 2463 1599 si
2491 1544 2595 1608 vis,
2630 1548 2796 1615 potes
2836 1560 2932 1599 me
2966 1543 3193 1600 salvare
3225 1546 3392 1615 (224),
3424 1548 3482 1599 et
3511 1559 3622 1615 per
3657 1559 3878 1616 preces

2201 1631 2436 1703 patroni
2481 1631 2618 1697 mei,
2656 1631 2740 1687 tui
2780 1632 2999 1687 scilicet
3041 1632 3239 1687 dilecti
3286 1632 3590 1705 martyris,
3643 1636 3709 1687 et
3763 1633 3879 1688 hoc

2203 1721 2431 1776 malum
2460 1721 2686 1790 grande
2712 1720 2880 1777 facile
2909 1720 3043 1793 quis
3074 1720 3424 1794 propellere.
3460 1720 3576 1777 Sed
3608 1721 3763 1777 novi
3780 1738 3877 1777 me

2202 1809 2400 1864 minus
2428 1809 2713 1865 idoneum
2743 1809 2805 1865 in
2837 1826 2960 1882 quo
2999 1810 3286 1865 ostendas
3317 1809 3664 1865 miserabile
3718 1826 3876 1883 opus

2200 1898 2648 1955 miserationum
2680 1904 2936 1966 tuarum,
2966 1904 3049 1969 tu,
3078 1899 3298 1954 summi
3324 1898 3516 1954 Patris
3556 1898 3877 1971 Sapientia

2200 1987 2407 2052 nostri,
2436 1986 2578 2058 quia
2600 1987 2729 2057 jam
2767 2003 2874 2060 per
2902 1986 3104 2060 plures
3154 2002 3349 2043 annos
3391 1987 3616 2043 insidet
3658 1987 3875 2043 animo

2200 2091 2335 2131 meo
2361 2076 2725 2147 quandoque
2757 2075 3053 2132 mirabilia
3080 2080 3181 2131 tua
3229 2075 3506 2147 scribere,
3552 2092 3627 2132 ac
3677 2077 3879 2133 omni-

2201 2164 2525 2237 potentiam
2582 2168 2747 2220 tuam
2795 2165 2858 2220 in
2902 2164 2996 2220 his
3049 2164 3318 2236 laudare,
3368 2170 3427 2221 et
3467 2165 3875 2222 nihilominus

2200 2252 2520 2307 electorum
2545 2252 2702 2307 dicta
2748 2257 2802 2308 et
2830 2251 2986 2308 facta
3029 2268 3135 2324 per
3159 2252 3384 2308 litteras
3413 2252 3734 2309 memorias
3768 2270 3875 2327 po-

2200 2339 2366 2395 steris
2389 2340 2636 2395 tradere.
2665 2340 2722 2394 Si
2751 2340 3103 2411 benignitati
3135 2345 3248 2395 tuas
3301 2340 3364 2396 in
3405 2341 3519 2396 hac
3562 2357 3628 2396 re
3670 2341 3876 2413 placet

2198 2427 2364 2500 quod
2393 2427 2570 2493 volui,
2588 2433 2646 2483 et
2666 2427 2863 2483 adhuc
2890 2428 3048 2497 volo,
3075 2428 3295 2497 gratias
3315 2444 3460 2498 ago;
3492 2428 3587 2484 sin
3607 2445 3716 2485 me
3746 2446 3875 2486 ma-

2201 2517 2289 2571 vis
2337 2517 2597 2571 caacitate
2644 2517 2955 2585 castigare,
3000 2534 3137 2572 sum
3186 2521 3454 2589 paratus,
3504 2522 3721 2590 utpote
3769 2518 3872 2575 tibi

2199 2606 2433 2661 debitor
2461 2622 2566 2678 per
2594 2606 2820 2676 omnia,
2872 2606 3034 2678 quod
3079 2606 3375 2678 judicium
3418 2612 3593 2663 tuum
3648 2608 3874 2679 ingerit

2200 2695 2491 2768 patienter
2521 2695 2828 2751 sustinere.
2864 2696 2963 2750 His
2993 2695 3227 2751 occulto
3267 2696 3350 2752 sic
3379 2695 3656 2765 cogitatis
3684 2703 3871 2770 atque

2199 2782 2391 2848 dictis,
2424 2782 2688 2837 facturus
2719 2782 2882 2854 quod
2913 2782 3230 2839 humilitati
3252 2799 3405 2839 mea:
3443 2782 3597 2838 ﬁdes
3651 2785 3872 2841 Christi

2200 2886 2306 2943 per
2343 2872 2613 2928 intimam
2663 2871 3115 2943 inspirationem
3153 2871 3458 2941 agendum
3504 2872 3868 2942 insinuavit,

2201 2961 2604 3015 summitatem
2658 2960 2908 3033 pollicis,
2964 2977 3291 3034 parumper
3350 2961 3702 3018 humectavi
3774 2980 3868 3019 sa-

2198 3049 2336 3114 liva,
2368 3066 2477 3104 nec
2508 3064 2628 3103 non
2676 3048 2778 3103 ubi
2830 3048 3186 3121 ampliorem
3215 3050 3373 3104 sensi
3426 3049 3733 3122 dolorem,
3785 3056 3867 3107 ter

2200 3139 2435 3208 signum
2499 3137 2703 3192 salutis
2758 3137 3071 3210 impressi;
3129 3138 3363 3195 interim
3422 3139 3603 3194 corde
3676 3141 3864 3196 rumi-

2199 3243 2353 3283 nans
2385 3226 2771 3282 nihilominus
2803 3243 2903 3282 ore
2933 3227 3329 3299 pronuntians
3357 3228 3506 3283 illud
3552 3231 3867 3300 Evangeli-

2199 3333 2384 3372 cum:
2437 3318 2650 3371 Lutum
2697 3315 2833 3371 fecit
2879 3331 2952 3370 ex
3001 3320 3178 3388 sputo
3211 3316 3518 3383 Dominus,
3570 3322 3633 3373 et
3672 3318 3866 3375 linivit

2198 3404 2404 3460 oculos
2428 3420 2596 3459 meos
2631 3421 2644 3459 :
2677 3407 2735 3459 et
2778 3404 2898 3459 abii
2922 3408 2980 3460 et
3004 3404 3143 3474 lavi,
3174 3409 3231 3460 et
3254 3405 3376 3460 vidi
3405 3407 3578 3477 (225),
3630 3411 3695 3463 et
3751 3425 3868 3466 cre-

2197 3491 2319 3546 didi
2354 3494 2489 3547 Deo.
2524 3490 2745 3546 Eodem
2793 3499 3101 3547 momento
3129 3492 3191 3547 in
3220 3508 3319 3547 me
3368 3497 3493 3550 tam
3541 3493 3870 3553 subitanea

2196 3581 2352 3636 facta
2383 3585 2470 3635 est
2498 3580 2742 3635 mutatio
2772 3580 3027 3637 dexterae
3058 3580 3283 3636 Excelsi
3307 3598 3431 3653 quo
3459 3582 3577 3638 sub
3608 3584 3868 3642 incredi-

2196 3668 2299 3723 bili
2324 3668 2615 3723 celeritate
2647 3668 2863 3737 fugatis
2892 3668 3200 3724 doloribus
3244 3669 3319 3724 de
3345 3670 3564 3742 capite,
3613 3671 3750 3729 imo
3800 3674 3871 3728 de

2201 3762 2319 3813 toto
2349 3772 2597 3830 corpore
2626 3756 2827 3812 ablata
2869 3758 3159 3829 pernoxia
3196 3763 3386 3831 peste,
3439 3759 3571 3831 ipse
3620 3777 3868 3818 mecum

2197 3861 2379 3917 super
2406 3846 2520 3901 hoc
2552 3844 2707 3900 facto
2749 3845 3199 3915 diligentissime
3248 3844 3534 3914 tractans,
3567 3849 3723 3906 satis
3757 3851 3864 3907 mi-

2193 3937 2311 3991 rari
2337 3934 2581 3990 minime
2610 3950 2850 4006 possem
2878 3936 3013 4007 quis
3043 3933 3277 4002 fuerim,
3309 3936 3448 4008 quis
3478 3943 3863 3996 essem.Tum

2192 4022 2366 4094 quasi
2408 4021 2675 4094 quadam
2725 4021 3059 4077 curiositate
3102 4022 3491 4096 mihimetipsi
3539 4041 3735 4098 super
3781 4044 3865 4083 re-

2191 4110 2434 4183 pentino
2445 4108 2734 4164 miraculo
2754 4111 3001 4181 cupiens
3017 4110 3378 4175 satisfacere,
3392 4117 3655 4185 utraque
3669 4132 3861 4173 manu

2191 4198 2437 4271 palpavi
2477 4197 2677 4253 locum
2718 4198 3002 4269 periculi;
3032 4198 3091 4253 in
3121 4214 3244 4271 quo
3273 4216 3383 4255 nec
3415 4199 3637 4257 saltem
3687 4204 3862 4260 vesti-

2192 4288 2249 4356 gi
2259 4304 2357 4342 um
2369 4286 2595 4342 doloris
2609 4287 2733 4341 sive
2755 4287 3002 4343 tumoris
3013 4287 3302 4359 reperisse
3315 4305 3414 4345 me
3430 4290 3685 4359 gavisus
3702 4310 3858 4349 sum.

2192 4376 2441 4431 Proinde
2472 4391 2742 4445 surgens,
2776 4376 3178 4449 properabam
3202 4376 3342 4432 illuc
3373 4377 3477 4433 ubi
3515 4386 3710 4437 antea
3737 4399 3861 4439 ora-

2190 4465 2356 4530 bam,
2370 4464 2569 4536 ibique
2587 4463 2806 4533 gratias
2822 4465 2917 4533 egi
2938 4468 3055 4520 Deo
3067 4470 3124 4520 et
3150 4472 3357 4522 sancto
3378 4470 3857 4527 Emmerammo.

2193 4557 2341 4610 Cum
2400 4553 2691 4608 accedens
2738 4553 2817 4608 ad
2847 4553 3163 4610 candelam
3204 4554 3401 4625 legere
3448 4562 3758 4616 tentarem
3802 4560 3860 4615 in

2189 4643 2341 4698 libro
2364 4657 2471 4714 pro
2496 4647 2783 4697 vetustate
2821 4659 2973 4715 pene
2998 4642 3285 4711 obsoleto,
3316 4646 3573 4717 probavi
3625 4664 3733 4705 me
3764 4666 3862 4723 pu-

2189 4732 2406 4787 riorem
2430 4732 2627 4787 visum
2658 4731 2948 4803 recepisse
2978 4748 3165 4804 quam
3196 4734 3362 4804 prius
3396 4734 3757 4793 habuerim.

2262 4843 2290 4869 «
2316 4822 2482 4875 Nunc
2506 4820 2773 4892 quidem,
2804 4836 2877 4875 ne
2910 4821 3046 4876 huic
3077 4826 3254 4877 tanta:
3298 4822 3694 4894 solemnitati,
3730 4843 3859 4900 qua:

2188 4909 2400 4965 laetitia:
2422 4914 2623 4964 nectar
2642 4908 3011 4965 examussim
3028 4910 3309 4982 propinat
3322 4911 3605 4968 fraterna:
3626 4914 3859 4972 utilitati

2188 5003 2490 5070 nostrapte
2525 4998 2670 5070 quid
2704 4997 2969 5054 videatur
2990 4999 3219 5065 deesse,
3248 5000 3688 5073 subsequentis
3720 5005 3858 5061 rela-

2190 5088 2345 5143 tione
2372 5087 2644 5142 miraculi
2676 5086 2919 5158 plenum
2944 5088 3025 5143 sic
3055 5088 3476 5144 instruendum
3502 5094 3856 5149 convivium

2187 5182 2294 5242 est,
2324 5182 2387 5232 ut
2427 5175 2723 5247 expletiva
2761 5177 3065 5233 conclusio
3095 5177 3427 5234 tertiatione
3452 5178 3724 5239 ﬁdeliter
3763 5184 3855 5240 mi-

2187 5265 2394 5321 nistret
2424 5279 2534 5318 sua
2552 5263 2721 5335 quod
2748 5270 2955 5321 sancta
2977 5265 3228 5321 Trinitas
3259 5272 3510 5339 operata
3530 5275 3628 5327 est
3648 5271 3717 5328 in
3744 5271 3852 5328 illa.

2188 5352 2315 5411 Fuit
2341 5351 2593 5424 quidam
2631 5350 2878 5409 clericus
2925 5353 3112 5409 nobili
3165 5355 3451 5427 prosapia
3504 5365 3711 5430 ortus,
3760 5359 3854 5433 qui

2281 5493 2407 5563 223)
2436 5491 2562 5547 Alia
2589 5491 2800 5548 littera.

2282 5566 2411 5630 224)
2440 5563 2657 5618 Matth.
2690 5578 2809 5618 vui.

2283 5637 2410 5704 225)
2436 5634 2614 5691 Joan.
2646 5649 2725 5689 ix.
