3910 6368
103 268 226 319 1065

892 263 979 316 DE
1021 260 1391 316 MlliAtLUlJb‘
1433 263 1487 314 ὃ.
1535 257 1718 314 EMME

1919 259 1942 310 ,Ι
1986 259 2164 315 LIBRI
2207 261 2372 319 ΗΕΘ.
2405 295 2469 302 ~—
2507 267 2634 318 l.|B.
2679 267 2742 319 ll.

3369 277 3510 328 1066

93 395 350 458 tempore
379 386 646 458 quodam
683 385 1028 440 necessitate
1053 391 1354 456 poscente,
1388 384 1508 438 imo
1559 379 1723 437 chari
1781 382 1826 431 Α
1861 381 2106 438 sudasse
2137 386 2329 447 vinea.
2369 387 2748 462 multumque
2780 389 3040 446 fructum
3074 391 3277 448 tulisse
3336 396 3395 451 in
3423 415 3514 453 ea.

93 482 201 532 tate
241 476 506 544 jubente,
542 475 962 548 hospitalitatis
1012 475 1200 540 gratia
1250 478 1522 546 receptus
1575 477 1660 526 est
1692 471 1748 524 in

90 566 462 620 mansionem
508 564 841 635 quamdam
892 564 1167 618 ea-nolde
1329 560 1747 618 timmerammi

88 655 450 716 contiguam.
485 653 588 706 [ω
617 669 753 706 cum
781 651 1060 724 cmpisset
1085 651 1396 719 infirmari,
1430 656 1565 724 post
1607 666 1752 721 pau-

89 763 188 797 cos
215 742 341 797 dies
371 741 670 796 nimietate
705 742 1063 796 valetiuiinis
1089 742 1164 795 ad
1199 742 1256 796 id
1282 748 1371 795 est.
1402 741 1747 813 perductus,

88 849 205 903 quo
254 832 490 902 penitus
535 831 953 902 desperaretur
987 831 1102 886 vita
1151 832 1324 885 illius.
1369 833 1517 886 Tum
1559 829 1748 884 noctis

89 919 282 974 medio
314 918 488 990 quasi
519 917 593 972 de
626 918 1101 984 gravievirilans
1121 937 1333 974 somno
1365 918 1543 973 dixit:
1581 919 1621 973 Ο
1643 916 1750 970 liti-

87 1026 225 1064 nam
256 1007 471 1079 aliquis
501 1007 647 1062 mihi
676 1008 904 1061 deferat.
932 1025 1154 1080 aquam
1188 1009 1262 1062 ad
1296 1007 1747 1063 refocillandam

88 1098 349 1152 animam
398 1113 595 1151 meam
629 1095 702 1152 de
737 1097 895 1151 fonte
931 1100 983 1152 Β.
1035 1097 1478 1160 Emmerammi,
1513 1096 1615 1168 qui
1663 1102 1748 1151 est

87 1187 142 1241 in
162 1186 423 1242 claustro
453 1186 702 1241 fratrum
747 1189 864 1241 Deo
906 1186 1138 1259 sibique
1159 1187 1547 1242 servientnm!
1576 1187 1746 1251 Quod

87 1292 239 1331 unus
288 1276 640 1340 astantium,
695 1275 926 1348 sibique
964 1278 1021 1329 in.
1065 1277 1127 1331 id
1157 1279 1436 1346 temporis
1469 1278 1612 1346 (“226)
1667 1277 1749 1330 fa-

85 1365 441 1421 inulantium
483 1365 748 1419 celeriter
779 1366 1061 1436 perlicere
1107 1366 1334 1431 volens,
1382 1365 1642 1420 cucurrit
1671 1365 1745 1420 ad

83 1454 418 1513 ecclesiam.
445 1459 520 1521 et,
548 1460 608 1509 ut
640 1453 699 1508 in
733 1455 946 1508 talibus
973 1455 1150 1509 rebus
1181 1455 1308 1510 fieri
1335 1455 1500 1518 solet,
1530 1455 1749 1528 impro-

87 1545 230 1600 biter
286 1544 553 1617 pulsavit
603 1545 878 1613 januam.
945 1545 1051 1611 Qui
1113 1561 1252 1599 mox
1303 1562 1338 1599 a
1396 1545 1747 1600 custodibus

85 1635 482 1701 intromissus,
517 1639 592 1703 et,
646 1635 789 1706 quia
843 1634 1152 1689 familiaris
1193 1641 1337 1702 erat,
1397 1635 1472 1690 ad
1523 1634 1744 1690 fontem

1859 473 1901 526 Ο
1935 479 2162 543 quanta
2195 475 2414 542 ltelitia,
2450 478 2681 534 volante
2725 480 2908 549 fama,
2946 497 3018 536 ex
3048 482 3400 553 hujusmodi
3433 504 3518 542 re-

1859 559 1970 612 bus
2029 565 2460 621 transl‘mulitur
2517 569 2573 622 in
2629 568 2783 622 filios
2845 570 3137 637 Ecclesiae,
3195 590 3333 629 cum
3390 575 3518 631 haec

1857 649 2032 716 longe
2083 652 2317 726 lateque
2352 656 2668 712 audierunt
2727 659 3068 716 solemniter
3099 661 3394 719 celebrata
3443 665 3518 719 de

1858 741 2078 794 matre!
2110 743 2402 810 t‘ujus‘rei
2434 747 2620 810 gratia
2653 752 2733 808 tu,
2759 749 3126 804 adaucturus
3155 754 3517 823 opusculum

1859 834 2045 894 tuum,
2089 848 2468 905 qua-cunque
2515 837 2718 890 animo
2772 838 3200 895 rationabiliter
3249 858 3518 900 occurre-

1857 921 1987 984 rint,
2039 915 2275 977 summa
2329 923 2630 988 diligentia
2684 927 2741 980 in
2802 928 3083 984 horreum
3141 932 3516 989 Dominicum

1856 1015 2185 1079 comporta.
2224 1012 2312 1067 Sic
2335 1013 2492 1068 enim
2522 1031 2613 1083 ea,
2645 1031 2780 1086 qua:
2823 1015 2880 1070 in
2912 1017 3253 1089 quadritido
3284 1021 3516 1078 climate

1855 1098 2062 1153 mundi
2094 1116 2127 1154 a
2162 1106 2369 1156 saneta
2405 1103 2677 1158 Trinitate
2713 1109 2850 1160 sunt
2882 1105 3056 1172 facta,
3094 1113 3396 1182 utcunque
3429 1111 3514 1167 lo-

1854 1202 1990 1241 cum
2019 1187 2328 1244 habebunt
2353 1191 2530 1246 etiam
2565 1191 2622 1247 in
2655 1193 3051 1266 descriptione
3083 1201 3202 1252 tua.
3239 1223 3263 1245 ››

2489 1282 2878 1338 Collectih‘us.

1930 1391 1952 1410 μ
1989 1365 2132 1428 Quia
2168 1366 2413 1422 strictim
2471 1369 2682 1425 notasti
2733 1377 2994 1442 quatuor
3037 1373 3248 1444 plagas
3280 1380 3512 1448 mundi,

1853 1453 2075 1523 quibus
2107 1470 2212 1525 per
2239 1462 2450 1527 quater
2499 1461 2664 1512 terna
2697 1459 2814 1513 sive
2848 1464 2931 1514 ter
2976 1467 3267 1532 quaterna
3315 1466 3517 1523 distin-

1855 1542 2055 1611 guitur
2108 1544 2385 1615 insignia,
2449 1547 2527 1600 ob
2584 1548 2995 1606 dulcissimam
3041 1554 3274 1622 patroni
3328 1559 3514 1613 nostri

1857 1633 2235 1703 memoriam,
2284 1634 2480 1706 placet
2529 1638 2924 1694 anterioribus
2973 1640 3160 1696 tribus
3214 1646 3514 1702 miraculis

84 1724 354 1793 emissus,
389 1722 622 1794 absque
653 1723 935 1778 dilatione
984 1723 1182 1778 hausit
1224 1741 1468 1796 aquam,
1503 1723 1578 1779 ad
1609 1740 1747 1778 eum
1785 1740 1821 1791 Β
1853 1720 1945 1774 hic
1979 1721 2327 1778 subnectere
2383 1740 2570 1779 unum
2603 1726 2768 1797 quod
2809 1727 2968 1782 idem
3020 1729 3092 1784 sit
3123 1735 3178 1786 et
3205 1739 3510 1806 quartum,

85 1832 119 1868 a
139 1829 257 1884 quo
288 1812 516 1867 missus
548 1817 635 1866 est
660 1813 987 1868 certissime
1019 1818 1333 1884 reportans
1365 1813 1546 1868 illam.
1575 1818 1746 1869 Cum-

85 1919 196 1976 que
227 1902 299 1956 de
328 1918 399 1957 ea
433 1918 652 1973 parum
685 1907 988 1965 gustasset
1016 1909 1300 1972 aagrotus,
1329 1920 1468 1958 mox
1493 1920 1599 1976 per
1629 1921 1748 1959 me-

85 1993 457 2048 liorationem
490 1992 602 2047 sibi
633 1992 898 2048 redditus
935 1998 1109 2058 totus,
1145 1994 1373 2065 inquit:
1411 1995 1473 2048 In
1504 1995 1747 2050 nomine

89 2082 335 2149 Domini,
365 2081 667 2154 optimum
683 2080 892 2137 vinum
919 2082 1039 2136 bibi
1061 2098 1169 2154 pro
1201 2099 1359 2154 aqua
1390 2099 1575 2155 quam
1599 2087 1748 2138 attu-

87 2171 212 2226 listi.
251 2175 465 2227 Beatus
498 2175 978 2226 Emmerammus
1000 2171 1198 2226 bonus
1231 2171 1500 2226 medicus
1537 2172 1614 2226 ab
1645 2189 1748 2246 0p-

88 2260 224 2315 timo
254 2261 480 2316 Medico
509 2260 740 2333 accepit
766 2261 927 2333 quod
957 2261 1096 2315 mihi
1132 2261 1316 2316 modo
1339 2261 1623 2332 prrestitit.
1658 2263 1744 2317 Ad

86 2349 200 2404 hinc
229 2349 546 2421 respondit
574 2348 678 2422 qui
732 2365 956 2421 aquam
988 2349 1212 2405 attulit:
1250 2350 1454 2405 Nescio
1509 2351 1552 2405 si
1587 2366 1747 2422 aqua

85 2455 363 2494 conversa
395 2439 472 2494 sit
499 2439 560 2493 in
592 2438 798 2493 vinum
826 2456 840 2504 ;
864 2439 976 2493 hoc
1012 2440 1206 2494 solum
1240 2439 1561 2495 certissime
1585 2439 1743 2510 novi,

83 2529 239 2598 quod
271 2545 376 2601 per
393 2527 646 2584 antliam
667 2528 903 2583 laticem
934 2528 1006 2584 de
1030 2533 1210 2600 puteo
1234 2529 1742 2599 exantlavi.Cujus

88 2616 258 2672 verba
287 2616 395 2672 viri
425 2622 484 2672 et
524 2615 803 2671 mulieres
837 2617 937 2688 qui
971 2616 1222 2671 aderant
1251 2616 1547 2688 prosecuti
1581 2621 1739 2683 sunt,

82 2704 336 2760 dicentes
369 2724 380 2761 :
421 2708 559 2760 Late
600 2708 811 2760 notum
838 2708 924 2758 est
957 2706 1070 2758 vim
1106 2705 1526 2774 hujuscemodi
1558 2705 1739 2760 febris

83 2809 195 2863 qua
240 2800 300 2849 tu
323 2795 572 2850 laboras
598 2809 721 2848 non
752 2793 946 2848 solum
993 2793 1309 2849 absumere
1352 2795 1501 2850 vires
1531 2811 1740 2867 corp0~

83 2883 176 2949 ris,
223 2883 322 2938 sed
371 2883 558 2938 etiam
604 2900 676 2937 ne
726 2881 878 2937 bene
915 2882 1114 2954 sapias
1141 2883 1459 2940 immutare
1493 2890 1737 2953 gustum

83 2972 253 3042 palati
296 2979 353 3028 et
382 2973 661 3041 gutturis.
699 2972 926 3038 Quibus
970 2972 1062 3026 ille
1111 2973 1422 3045 porrigens
1453 2974 1736 3046 poculum

82 3059 148 3114 de
170 3078 288 3134 quo
318 3062 592 3127 bibebat,
627 3061 800 3116 dixit:
833 3060 1012 3115 Bibite
1044 3067 1099 3116 et
1131 3078 1257 3128 vos,
1278 3066 1455 3134 atque
1489 3063 1737 3134 probate
1770 3087 1808 3140 ρ

87 3156 269 3207 utrum
316 3152 651 3220 fefellerim,
685 3168 761 3207 an
800 3167 1002 3206 verum
1035 3151 1107 3207 sit
1150 3151 1317 3224 quod
1347 3151 1620 3208 dixerim.
1654 3153 1737 3210 Illi

82 3257 212 3306 ergo
241 3245 301 3296 ut
324 3241 614 3295 biberunt
642 3258 711 3294 ac
746 3239 862 3294 vini
896 3255 1173 3311 saporem
1223 3241 1508 3296 veraciter
1540 3259 1736 3297 sense-

83 3335 225 3391 runt,
251 3347 467 3384 vocem
495 3346 631 3384 cum
663 3329 781 3383 tide
810 3329 1075 3384 levantes
1097 3329 1376 3386 dixerunt
1401 3349 1412 3386 :
1453 3332 1568 3386 Deo
1594 3348 1735 3401 gra-

81 3418 202 3486 tius,
233 3419 374 3492 quia
406 3423 537 3474 tam
568 3418 798 3474 bonum
829 3418 1037 3474 vinum
1069 3424 1312 3492 tamque
1345 3420 1543 3475 nobile
1571 3422 1735 3476 omni

79 3507 188 3562 vita
216 3513 420 3563 nostra
458 3511 760 3563 transacta
793 3507 1037 3563 minime
1065 3508 1310 3577 contigit
1351 3524 1462 3562 nos
1489 3508 1731 3563 bibisse.

80 3597 186 3650 Hoc
215 3597 376 3670 atqui
430 3597 656 3665 grande
711 3597 1070 3653 miraculum
1102 3614 1222 3652 non
1274 3597 1350 3652 ab
1397 3597 1637 3654 homine
1669 3598 1735 3651 fi-

78 3690 246 3752 ctum,
280 3688 386 3742 sed
422 3687 505 3741 ob
537 3686 816 3757 martyris
843 3687 1122 3741 meritum
1155 3705 1190 3741 a
1222 3704 1461 3742 summa
1491 3686 1731 3760 veritate

80 3775 484 3842 t'actum,testis
507 3781 594 3830 est
617 3775 996 3845 Engilmarus
1019 3775 1496 3842 antistes,adhuc
1528 3775 1588 3829 in
1620 3776 1730 3831 hac

77 3865 187 3919 vita
211 3865 598 3922 manens.Hic
617 3881 883 3938 quoque,
899 3865 1068 3934 dum,
1085 3865 1420 3920 Ratisbonaa
1451 3864 1732 3920 constitu-

80 3957 186 4016 tus,
210 3955 373 4027 apud
394 3958 450 4012 S.
477 3957 985 4010 Emmerammum
1014 3954 1234 4025 scripta
1254 3971 1402 4009 mete
1420 3954 1731 4026 parvitatis

77 4043 361 4100 videretet
381 4044 794 4116 legeretatque
817 4038 1118 4116 probaret,
1146 4043 1241 4099 die
1259 4043 1524 4116 quadam
1569 4047 1732 4099 stans

72 4131 230 4200 juxta
274 4139 528 4206 puteum
561 4151 666 4188 seu
696 4133 919 4189 fontem
953 4150 1057 4205 per
1083 4149 1264 4205 quem
1305 4133 1734 4189 recordabatur

75 4222 178 4277 sibi
209 4240 426 4280 sanam
477 4223 619 4278 olim
666 4223 961 4279 redditam
1000 4223 1182 4278 fuisse
1215 4224 1471 4278 frontem
1501 4224 1734 4280 vocavit

76 4327 180 4378 me,
213 4318 287 4379 et,
319 4313 707 4369 occasionem
740 4330 986 4367 sumens
1019 4330 1086 4367 ex
1122 4312 1336 4368 eodem
1370 4311 1550 4378 fonte,
1586 4313 1733 4368 dixit

71 4401 227 4470 quod
274 4402 508 4475 scripsi,
541 4401 853 4458 afﬁrmans
900 4401 1013 4457 sub
1064 4401 1471 4458 testiﬁcatione
1521 4403 1730 4458 Christi

73 4505 270 4546 verum
309 4492 428 4548 hoc
454 4508 607 4558 esse,
633 4508 700 4547 ac
732 4508 854 4547 non
886 4491 943 4547 in
977 4491 1111 4557 alio,
1146 4491 1250 4547 sed
1299 4492 1358 4547 in
1405 4492 1728 4564 semetipso

71 4578 222 4636 idem
271 4581 556 4652 magnale
603 4585 726 4637 tam
759 4581 953 4637 veraci
998 4597 1183 4653 quam
1237 4581 1462 4637 efficaci
1501 4581 1730 4654 experi-

75 4675 268 4726 mento
299 4671 601 4727 didicisse.
634 4695 658 4719 »ι
1347 4681 1352 4688 '

684 4761 1110 4817 Ammonicius.

138 4873 160 4892 ιι
201 4849 414 4904 Fidelis
432 4866 628 4905 sermo
656 4854 712 4905 et
733 4849 898 4906 omni
930 4849 1276 4921 acceptione
1303 4849 1526 4918 dignus
1559 4852 1724 4922 (227),

69 4937 204 5008 quia
237 4939 370 4994 vitis
419 4957 577 5006 vera,
624 4956 759 5011 qua:
819 4940 1082 4995 tiliristus
1117 4943 1207 4994 est
1253 4939 1397 5008 (2‘28)
1429 4939 1507 4993 ad
1536 4939 1730 4996 decla-

72 5027 252 5082 randa
298 5028 512 5083 merita
561 5027 880 5100 palmitum
936 5044 1202 5096 suorum,
1238 5027 1299 5083 id
1357 5032 1444 5083 est
1493 5033 1731 5100 aposto-

69 5112 256 5171 lorum
307 5120 367 5172 et
426 5123 759 5188 martyrum
812 5134 918 5172 seu
977 5122 1327 5172 cancrorum
1379 5116 1725 5187 electorum,

68 5205 327 5274 quotidie
386 5205 479 5261 his
538 5211 595 5262 et
650 5207 871 5262 talibus
931 5207 1236 5262 miraculis
1293 5207 1465 5276 quasi
1536 5221 1726 5261 novas

69 5293 302 5366 nuptias
335 5295 494 5351 facit.
546 5299 690 5352 Ecce
731 5296 1020 5351 memoria.
1076 5295 1398 5350 beatissimi
1450 5295 1728 5365 martyris

71 5384 491 5440 Emmerammi
527 5385 683 5456 juste
715 5386 921 5440 vinum
974 5402 1083 5456 pro
1115 5400 1276 5456 aqua
1308 5401 1443 5438 cum
1479 5384 1726 5438 sanitate

69 5472 428 5544 propinavit.
469 5474 556 5529 Ab
606 5475 718 5530 hoc
779 5474 990 5546 procul
1020 5472 1207 5527 dubio
1251 5473 1413 5527 vitali
1457 5488 1728 5544 compro-

70 5557 304 5617 baretur
335 5562 494 5618 facto
525 5579 663 5618 eum
695 5561 1009 5635 quondam
1060 5560 1120 5616 in
1152 5560 1458 5615 Dominica
1504 5561 1724 5634 optime

135 5671 283 5738 (226)
314 5669 447 5728 Alia
467 5671 677 5730 littera.

136 5742 282 5811 (-227)
314 5743 350 5795 I
380 5742 525 5796 Tim.
561 5759 596 5799 ι.

511 5833 748 5887 Ρηιιοι..
793 5833 965 5888 CXLI.

1855 1825 1925 1864 ea
1956 1809 2173 1866 scilicet
2202 1812 2427 1867 ratione
2462 1819 2523 1868 ut
2562 1815 2755 1869 unitas
2784 1815 2861 1871 ita
2893 1817 3190 1875 cohaereat
3217 1821 3510 1894 Trinitati,

1852 1903 2150 1969 quatenus
2189 1901 2518 1971 probabilis
2551 1905 2919 1975 quaternitas
2970 1906 3222 1964 laterum
3271 1913 3514 1984 aequali-

1855 1992 1968 2042 tate
2003 1987 2254 2044 solidata
2294 1989 2472 2045 tidem
2504 1996 2763 2064 quatuor
2793 1996 3247 2063 Evangeliorum
3279 2016 3515 2058 conser-

1857 2081 1949 2131 vet
1979 2093 2086 2148 per
2125 2078 2348 2134 omnia.
2399 2082 2531 2134 Erat
2575 2080 2823 2152 quidam
2856 2082 3039 2139 homo
3087 2091 3513 2162 pauperculus,

1855 2166 2126 2238 quicum
2170 2167 2286 2222 alio
2329 2185 2498 2240 asque
2538 2169 2840 2238 indigente
2882 2171 3015 2228 loca
3058 2183 3266 2232 sancta
3304 2181 3518 2250 quaesi-

1855 2259 2044 2321 turus,
2079 2272 2198 2310 non
2233 2256 2450 2311 baculo
2483 2258 2778 2326 suffultus,
2823 2261 2925 2316 sed
2973 2266 3312 2321 scamnellis
3368 2268 3518 2325 inni-

1855 2363 1978 2410 sus,
2017 2347 2209 2414 magis
2241 2345 2400 2400 viam
2432 2347 2611 2419 repsit
2639 2364 2825 2418 quam
2857 2351 3208 2410 ambulavit.
3244 2357 3514 2430 Cumque

1851 2434 2006 2489 circa
2037 2434 2248 2489 horam
2300 2434 2534 2505 prandii
2586 2440 2832 2492 ventum
2863 2444 3017 2494 esset
3065 2442 3141 2497 ad
3182 2446 3513 2514 quemdam

1851 2525 2074 2578 fontem
2125 2523 2311 2578 laticis
2359 2523 2676 2595 perspicui,
2733 2526 2880 2580 dixit
2935 2531 3385 2588 scamnellarius
3435 2536 3513 2591 ad

1849 2611 2070 2668 itineris
2099 2611 2403 2666 soeium.0
2423 2613 2616 2679 sodes,
2643 2613 2769 2668 istic
2795 2615 3243 2684 jentaculumin
3269 2624 3511 2681 nomine

1853 2701 2082 2757 Domini
2126 2700 2299 2756 nobis
2349 2701 2454 2754 erit
2510 2702 2894 2766 sumendum,
2941 2710 2996 2760 et
3044 2723 3181 2762 cum
3223 2710 3510 2769 refectum

1847 2791 2038 2854 fuerit,
2096 2806 2233 2844 cum
2282 2789 2609 2859 gratiarum
2665 2791 2896 2847 actione
2956 2793 3325 2856 abeundum.
3380 2802 3510 2866 Quo

1847 2879 2202 2933 assentiente
2243 2895 2311 2932 ac
2356 2878 2430 2932 ad
2474 2882 2646 2951 panis
2687 2896 2857 2936 esum
2904 2883 3033 2938 solo
3084 2890 3254 2942 tenus
3302 2889 3362 2944 in
3403 2907 3511 2948 ora

1847 2968 2022 3023 fontis
2049 2967 2429 3032 consedente,
2449 2969 2898 3025 scamnellarius
2925 2973 3510 3051 homuncio,aquam

1847 3057 2128 3113 hauriens
2177 3075 2248 3112 ex
2276 3057 2661 3113 abundantia»,
2691 3060 3015 3130 purissimo
3051 3066 3318 3136 speculo,
3353 3075 3513 3126 ante-

1845 3163 2034 3221 quam
2062 3151 2391 3220 apponeret
2420 3147 2505 3202 ori
2538 3153 2769 3220 potum,
2804 3150 2886 3206 sic
2917 3150 3160 3209 invocat
3187 3155 3510 3216 Dominum

1850 3239 2071 3311 ubique
2094 3237 2374 3292 fidelibus
2402 3242 2613 3292 notum
2650 3255 2662 3292 :
2697 3241 2943 3296 Domine
2972 3245 3109 3297 Jesu
3141 3246 3390 3319 Christe,
3404 3250 3508 3322 qui

1844 3327 2207 3383 desiderium
2275 3343 2611 3399 pauperum
2679 3329 2833 3382 soles
2918 3333 3228 3402 exaudire,
3297 3341 3509 3397 merita

1845 3417 2124 3488 martyris
2159 3416 2242 3471 tui
2292 3417 2716 3472 Emmerammi
2768 3419 3028 3476 claritica
3058 3421 3116 3476 in
3167 3440 3263 3479 me
3304 3426 3502 3498 hodie,

1842 3507 1945 3579 qui
1995 3507 2280 3562 eharitate
2322 3505 2510 3577 ipsius
2564 3510 2616 3561 te
2675 3506 3062 3566 benedicente
3110 3527 3272 3568 nunc
3315 3515 3502 3584 gestio

1842 3598 1998 3653 sitim
2025 3597 2407 3665 restinguere.
2433 3598 2493 3650 Et
2515 3612 2647 3650 ecce
2665 3595 2815 3651 inter
2843 3597 3320 3667 bibendmn,nec
3352 3603 3501 3660 dum

1841 3690 1918 3744 ab
1958 3705 2057 3742 ore
2111 3701 2360 3740 manum
2407 3685 2510 3757 qui
2540 3684 2772 3741 biberat
2809 3688 3164 3762 retrahente,
3222 3707 3328 3763 per
3358 3709 3498 3750 eum

1839 3779 2008 3848 cujus
2067 3775 2254 3844 gratia
2306 3775 2491 3830 nescit
2546 3775 2715 3831 tarda
2753 3775 3086 3848 molimina,
3134 3779 3328 3835 soluta
3359 3784 3499 3836 sunt

1841 3866 2114 3922 omnium
2165 3863 2578 3919 membrorum
2627 3865 2756 3934 ejus
2799 3867 3144 3924 retinacula.
3202 3869 3312 3935 Qui
3355 3886 3498 3926 mox

1840 3955 2114 4012 exsiliens
2146 3959 2323 4026 atque
2378 3954 2494 4009 huc
2546 3953 2806 4027 illucque
2864 3955 3222 4024 discurrens,
3279 3959 3499 4030 gratias

1840 4045 1958 4116 egit
2001 4048 2120 4101 Deo
2161 4047 2487 4117 sanctoque
2533 4045 2779 4116 martyri
2820 4048 3285 4104 Emmerammo.
3339 4052 3499 4105 Tunc

1839 4135 2050 4192 incolas
2083 4133 2251 4190 acciti
2283 4134 2557 4204 ejusdem
2588 4135 2847 4190 novitate
2879 4136 2982 4205 rei,
3033 4137 3113 4192 ob
3143 4138 3500 4196 memoriam

1841 4229 1966 4280 tam
2002 4223 2338 4278 excellentis
2369 4222 2661 4289 miraculi,
2693 4223 2754 4278 in
2795 4224 3023 4280 honore
3056 4226 3333 4297 martyris
3360 4243 3499 4282 con-

1842 4315 2186 4369 struxerunt
2233 4310 2544 4366 ecclesiam
2589 4311 2688 4365 ibi.
2738 4314 2853 4366 Hoc
2897 4312 2951 4366 in
2999 4314 3269 4385 partibus
3323 4314 3495 4369 Italire

1840 4405 2087 4464 factum,
2136 4401 2419 4456 relatione
2464 4401 2776 4469 cujusdam
2812 4401 3006 4456 fratris
3059 4419 3131 4457 ex
3178 4403 3328 4458 laico
3360 4419 3497 4459 con-

1840 4492 2015 4555 versi,
2062 4490 2258 4545 adhuc
2312 4487 2639 4560 puerilibus
2691 4489 2749 4542 in
2809 4490 2982 4545 annis
3030 4491 3239 4547 talium
3295 4508 3496 4548 rerum

1837 4579 2284 4638 curiosissimus
2313 4577 2548 4634 auditor
2575 4579 2838 4651 comperi
2870 4597 2882 4647 ;
2915 4581 3016 4652 qui
3047 4597 3154 4653 per
3193 4581 3496 4638 confiden-

1838 4673 1980 4728 tiam
2031 4675 2087 4725 et
2124 4667 2594 4724 consolationem
2644 4667 2825 4738 hujus
2877 4668 3149 4724 beneﬁcii
3206 4670 3263 4724 in
3322 4670 3381 4725 id
3431 4689 3493 4727 se

1836 4764 2226 4835 provocatum
2286 4773 2414 4813 esse
2472 4757 2780 4813 confessus
2832 4764 2920 4814 est
2975 4763 3037 4814 ut
3093 4759 3490 4826 latrocinium,

1835 4851 1999 4924 quod
2050 4850 2176 4919 jam
2210 4863 2316 4920 per
2365 4846 2567 4919 plures
2615 4862 2806 4903 annos
2854 4847 3166 4902 crudeliter
3214 4849 3492 4917 exercuit,

1837 4941 2159 5003 desereret;
2195 4953 2302 4992 nec
2329 4952 2448 4991 non
2479 4935 2638 5009 apud
2673 4939 3492 5006 sanctumEmmerammum,

1835 5029 2104 5100 lupinam
2154 5025 2541 5098 rapacitatem
2598 5025 2941 5096 deponeret,
2999 5025 3198 5098 sicque
3246 5029 3374 5081 ovis
3421 5045 3492 5083 ex

1835 5118 1980 5190 lupo
2011 5133 2149 5172 cum
2181 5116 2396 5170 ovibus
2441 5113 2651 5169 Christi
2682 5118 3022 5185 pasceretur
3046 5114 3104 5169 in
3133 5115 3270 5170 ovili
3304 5119 3498 5172 Domi-

1837 5206 1993 5261 nico.
2032 5229 2058 5254 ››

2454 5294 2496 5344 Α
2509 5292 2876 5345 mmom’m’us.

1909 5410 1932 5430 ιι
1961 5383 2110 5448 Quia
2133 5377 2422 5436 beneficia
2445 5378 3126 5440 tlhristi,obmemoriam
3152 5389 3497 5442 sanctorum

1835 5474 1988 5527 illius
2011 5489 2116 5543 per
2137 5469 2340 5524 omnia
2361 5468 2750 5540 propaganda
2763 5485 2841 5532 m,
2866 5475 2921 5524 et
2948 5489 2982 5525 a
3011 5472 3185 5527 bonis
3212 5474 3499 5530 universis

1834 5563 2006 5615 unice
2036 5556 2537 5631 amplectendam,
2564 5557 2852 5613 hactenus
2872 5559 3158 5618 dictando
3191 5566 3496 5636 utcunque

1905 5669 2050 5739 (228')
2081 5669 2256 5722 Joan.
2291 5683 2384 5721 xv.

3037 5834 3105 5885 3—5
