3910 6394
449 310 595 366 1067

1500 298 1803 354 ARNOLDI
1846 289 2429 349 EMM‘ERAMMENSIS
2470 290 2779 346 MONACHI

3725 294 3878 345 {068

433 430 980 503 digessisti,noviter
1008 427 1161 483 facta
1188 425 1488 480 bonorum
1505 423 1690 477 sancti
1714 423 2076 475 Emmeram-
2112 416 2155 466 A
2189 412 2402 466 astutia
2426 413 2782 468 etcalliditas
2813 414 3040 468 eu'litlis
3072 413 3359 468 int'atuata
3390 420 3500 485 est,
3526 431 3685 488 quo,
3705 432 3879 470 com-

433 521 519 578 mi
545 519 881 586 minoratio,
914 516 1088 572 simul
1118 517 1173 570 et
1194 511 1598 585 quorumdam
1631 525 1811 583 super
1839 506 2077 562 hocha—

431 609 558 666 bita
582 607 896 683 querelosa
922 602 1353 669 mussitatio,ut
1382 599 1525 654 mihi
1549 599 1932 665 videtur,non
1956 594 2079 683 sine

432 682 658 756 ratione
706 693 966 770 postulat
1010 696 1306 767 quatenus
1353 689 1573 744 dictata
1620 686 1805 743 vivaci
1856 682 2077 754 aliquid

430 787 569 844 huic
596 782 886 860 opusculo
914 783 1356 853 inseratur,quo
1395 783 1452 833 et
1477 778 1783 833 invasores
1815 772 2082 830 ecclesia-

432 875 711 932 sticarum
763 887 964 928 rerum
1023 869 1483 933 admoneantur,
1534 865 1581 919 si
1635 864 1814 919 velint
1866 876 2078 915 sanum

431 963 601 1039 sequi
627 961 962 1027 consilium,
986 962 1050 1014 ut
1078 956 1427 1029 resipiscant
1452 971 1464 1009 :
1489 954 1557 1007 Et
1586 954 1636 1008 si
1664 952 1766 1024 qui
1794 952 1976 1021 hujus
1997 947 2079 1001 rei

428 1052 770 1110 tortitudine
800 1046 1017 1106 turbati
1048 1048 1185 1101 sunt
1212 1043 1305 1099 vel
1333 1039 1985 1110 mcestiticati,a1iquam
2009 1051 2077 1089 ex

429 1142 631 1199 aeterni
656 1140 826 1212 Regis
854 1134 1200 1194 rectitudine
1236 1132 1413 1188 simul
1446 1136 1501 1186 et
1531 1129 1911 1185 miseratione
1944 1143 2081 1181 eon-

431 1232 783 1290 solationem
826 1244 887 1283 se
914 1229 1261 1298 accepturos
1291 1222 1416 1278 fore
1448 1219 1691 1275 minimc
1718 1217 2010 1273 difﬁdant.
2048 1238 2074 1263 »

1052 1312 1437 1371 Collectitius.

501 1434 529 1463 ‹‹
557 1414 704 1468 Cum
733 1422 943 1464 omnes
969 1403 1071 1478 qui
1115 1400 1409 1474 sapientia
1449 1403 1791 1455 sanctorum
1821 1396 2078 1450 abutun-

430 1507 544 1573 tur,
572 1498 784 1576 procul
811 1496 997 1553 dubio
1022 1498 1123 1550 aut
1152 1492 1247 1549 hic
1279 1495 1383 1547 aut
1410 1490 1471 1545 in
1502 1490 1697 1543 futuro
1730 1486 2075 1576 puniantur,

429 1574 877 1665 compescendae
945 1586 1082 1639 sunt
1146 1579 1554 1636 immoderata:
1616 1574 2075 1642 mussitationes,

425 1662 642 1756 partim
671 1673 1008 1734 clanculum
1024 1670 1296 1745 querelas
1314 1662 2077 1735 concinentium,partimvc

428 1754 743 1829 manifesto
766 1781 835 1822 ac
868 1760 1119 1836 simplici
1150 1774 1424 1814 sermone
1450 1754 1800 1810 dicentium:
1830 1755 2078 1807 Sanctus
2110 1767 2148 1819 Β

429 1862 909 1916 Emmerammus
940 1865 1101 1907 nunc.
1132 1846 1371 1916 dormit,
1419 1844 1524 1917 qui
1553 1844 1715 1898 bona
1746 1858 1853 1895 sua
1906 1839 2077 1912 quasi

429 1965 552 2006 non
582 1962 692 2002 sua
732 1942 846 1998 sibi
887 1939 1131 2010 suisque
1158 1933 1426 1991 subtrahi
1456 1932 1690 2006 perfert.
1720 1929 1946 1995 Quibus
1975 1944 2080 2000 per

432 2038 704 2095 sensatos
763 2035 820 2088 et
868 2027 1192 2102 prudentes
1249 2024 1409 2079 viros
1471 2022 1579 2077 erit
1634 2017 2077 2087 suggerendum

431 2129 609 2199 atque
638 2117 998 2178 dicendum:
1035 2118 1179 2169 Ecce
1220 2126 1342 2169 non
1388 2109 1669 2165 dormitat
1694 2107 1795 2199 qui
1816 2106 2081 2199 custodit

430 2195 611 2273 Israel
641 2208 1080 2284 (228').Insuper
1105 2207 1161 2258 et
1177 2202 1292 2258 hoc
1322 2203 1622 2271 nostrapte
1653 2195 2077 2267 adjiciendum,

432 2304 578 2380 quia
615 2301 778 2357 bona
825 2293 1015 2351 sancti
1062 2287 1510 2357 Emmerammi,
1555 2303 1690 2359 quae
1738 2302 1872 2339 vere
1920 2284 2081 2380 bona

435 2372 594 2460 sunt,
647 2404 757 2446 nec
788 2383 901 2440 sibi
939 2380 1208 2438 subtrahi
1236 2394 1347 2434 nec
1377 2376 1498 2431 suis
1541 2373 1916 2429 consortibus
1960 2372 2079 2426 ullo

432 2481 616 2540 modo
670 2473 860 2534 minui
900 2474 1173 2545 possunt.
1234 2469 1347 2522 Ista
1386 2482 1526 2520 vero
1565 2480 1699 2535 qUtB
1749 2462 2079 2517 secundum

434 2569 719 2630 saeculum
763 2563 1060 2632 dicuntur,
1114 2559 1297 2626 bona,
1338 2554 1870 2629 quantulacunque
1920 2556 2078 2620 sunt,

432 2661 577 2735 quia
603 2672 726 2715 non
754 2651 970 2710 fuerint
1004 2649 1316 2718 hucusque
1360 2650 1523 2699 extra
1564 2659 1769 2697 curam
1801 2646 1855 2697 et
1884 2645 2079 2697 custo-

433 2731 596 2809 diam
649 2740 874 2803 summi
914 2736 1170 2795 Pastoris
1202 2739 1258 2790 et
1302 2732 1594 2802 Custodis,
1649 2747 1757 2785 nec
1786 2746 1909 2785 non
1954 2731 2081 2799 ejus

432 2836 836 2917 provisionem
869 2827 1066 2886 dilecti
1090 2824 1388 2896 martyris,
1418 2839 1489 2877 ex
1516 2820 1773 2892 antiquis
1802 2819 2079 2891 tempori-

430 2908 548 2988 bus
576 2941 699 2984 non
719 2921 914 2979 solum
934 2913 1299 2980 mirabiliter,
1327 2910 1434 2966 sed
1459 2910 1636 2965 etiam
1664 2908 1885 2964 fortiter
1912 2908 2082 2962 innu-

434 3016 615 3079 meris
659 3007 974 3069 virtutibus
1002 3002 1367 3060 declaratum
1401 2997 1760 3064 audivimus,
1807 2996 2080 3065 legimus,

433 3105 719 3165 vidimus.
751 3102 792 3155 E
823 3094 1045 3171 quibus
1073 3092 1151 3149 ad
1180 3106 1339 3146 nunc
1370 3086 1650 3159 temporis
1680 3084 2083 3140 necessarium
2114 3115 2154 3168 Ο

436 3209 629 3254 unum
684 3185 911 3261 grande
966 3179 1344 3246 miraculum,
1392 3192 1502 3249 pro
1545 3174 1955 3245 magnitudine
1994 3174 2083 3229 sui

434 3284 611 3344 valde
662 3280 813 3335 inter
843 3272 1159 3347 optimates
1190 3272 1367 3339 atque
1398 3264 1661 3337 plebeios
1691 3262 1963 3317 homines
1998 3262 2082 3317 di-

434 3372 748 3443 vulgatum
793 3359 1022 3420 utilitati
1050 3356 1371 3429 legentium
1417 3352 1754 3443 consulens,
1786 3350 2009 3443 pariter
2029 3354 2083 3405 et

437 3440 728 3523 exactioni
754 3457 992 3510 tuarum
1019 3447 1372 3522 petitionum
1404 3440 1792 3511 satisfaciens,
1824 3440 1949 3495 istic
1997 3440 2082 3494 in-

434 3554 668 3613 nectere
705 3541 949 3601 curabo.

509 3664 537 3693 ‹‹
567 3631 957 3708 Temporibus
986 3627 1184 3699 itaque
1208 3620 1437 3679 Henrici
1452 3620 1535 3675 Pii
1557 3619 1801 3689 Augusti
1820 3624 1875 3673 et
1892 3619 2082 3708 impe-

432 3728 647 3791 ratoris
678 3707 899 3795 eiimii,
940 3715 1141 3774 multis
1168 3711 1347 3769 rebus
1376 3727 1446 3765 ex
1474 3709 1776 3782 episcopio
1822 3707 2084 3763 Hatisbo-

435 3818 612 3880 nensi
659 3829 766 3888 per
816 3804 1175 3866 incautelam
1226 3799 1488 3888 perditis,
1522 3804 1579 3855 et
1609 3797 1704 3888 de
1757 3797 1998 3888 abbatia
2025 3800 2079 3853 S.

437 3884 882 3968 Emmerammi,
915 3894 995 3952 ob
1025 3887 1488 3948 controversiam
1518 3885 1795 3958 Episcopi
1824 3890 1880 3940 et
1903 3884 2085 3941 abba-

438 3999 534 4066 tis,
562 3990 836 4069 pluribus
874 3983 1050 4041 bonis
1107 3976 1484 4052 pessundatis
1536 3974 2079 4069 atquendissipatis,

440 4064 685 4155 contigit
708 4083 774 4136 ut
804 4072 1085 4131 dominus
1117 4072 1333 4130 Bruno,
1366 4081 1688 4155 germanus
1719 4064 1895 4155 frater
1912 4064 2083 4155 pejus:

440 4178 582 4237 dem
611 4153 1019 4244 imperatoris,
1051 4158 1163 4215 sub
1194 4155 1509 4214 occasione
1532 4154 1683 4226 juris
1730 4153 2085 4208 hzereditarii

438 4266 688 4328 tentaret
744 4255 856 4313 sibi
904 4250 1204 4309 vindicare
1257 4245 1695 4320 possessionem
1748 4247 1805 4298 et
1859 4246 2085 4299 curtem

439 4372 576 4432 quae
598 4350 781 4420 vulgo
810 4343 1022 4403 dicitur
1059 4336 1375 4432 Enterhof,
1406 4335 1465 4391 id
1497 4340 1601 4432 est,
1632 4335 1846 4432 uenerii
1863 4334 2084 4432 atrium

440 4422 493 4505 et
524 4442 733 4511 curtis,
786 4434 887 4493 sed
933 4429 1255 4489 secundum
1302 4442 1393 4481 eos
1433 4426 1538 4497 qui
1583 4424 1816 4479 altioris
1863 4422 2089 4494 ingenii
2119 4470 2161 4522 Β

439 4539 576 4593 sunt
593 4537 647 4589 et
669 4538 911 4602 quaeque
929 4517 1291 4591 ingeniosius
1308 4519 1737 4586 quaerunt,spes
1756 4512 2009 4602 aetheris,
2024 4512 2086 4565 id

439 4629 523 4683 est
553 4599 706 4685 caeli,
729 4630 848 4670 non
878 4606 1359 4667 inconvenienter
1383 4603 1503 4658 dici
1522 4606 1737 4671 potest,
1758 4601 1943 4669 juxta
1977 4599 2085 4654 hoc

441 4711 597 4787 quod
623 4706 991 4766 Saxonicum
1030 4698 1251 4753 idioma
1282 4692 1665 4787 Teutonizare
1693 4690 1855 4744 solet.
1900 4688 2085 4787 Saxo-

440 4778 540 4862 nes
572 4800 725 4859 enim
773 4807 933 4863 spem
983 4794 1045 4844 ut
1076 4783 1531 4855 separationem,
1584 4780 1767 4848 hujus
1813 4778 2087 4832 vocabuli

440 4892 676 4951 nomine
714 4882 966 4955 ﬁnitimo
998 4875 1256 4934 vocitare
1280 4874 1553 4927 suescunt
1599 4866 1911 4955 (2‘29).Qui
1938 4866 2084 4921 dum

437 4977 676 5055 publice
705 4974 913 5030 contra
955 4964 1216 5021 edictum
1264 4957 1508 5017 Caesaris
1534 4955 1674 5055 ‘vim
1706 4954 1919 5009 inferre
1963 4970 2085 5055 non

440 5043 685 5128 auderet
723 5059 903 5119 rebus
954 5049 1379 5117 ecclesiasticis,
1413 5044 1654 5103 tandem
1702 5061 1775 5099 ex
1813 5043 2085 5099 consulto

439 5158 503 5214 in
526 5156 590 5212 id
634 5154 883 5209 ventum
911 5145 1111 5209 estut,
1155 5139 1217 5194 in
1253 5137 1385 5193 loco
1427 5136 1530 5208 qui
1577 5134 1789 5190 dicitur
1826 5133 2082 5202 jEtinga,

442 5259 621 5316 super
668 5230 1087 5310 hujuscemodi
1134 5244 1197 5284 re
1252 5225 1571 5283 haberetur
1626 5222 1912 5295 placitum
1968 5222 2085 5276 sive

436 5310 718 5406 judiciale
759 5320 1142 5395 colloquium.
1174 5319 1237 5373 In
1293 5331 1436 5406 quo,
1459 5312 1738 5406 omnibus
1780 5310 2085 5381 judicibus

442 5404 539 5475 vel
568 5411 1014 5475 scabinionibus
1044 5408 1147 5481 qui
1172 5406 1234 5463 in
1264 5405 1457 5460 eodem
1487 5404 1771 5458 comitatu
1802 5405 1973 5456 erant
1990 5416 2086 5468 pe-

446 5507 628 5564 cunia
655 5500 970 5570 corruptis,
1003 5512 1072 5553 ac
1101 5497 1236 5552 aliis
1262 5494 1405 5565 (230)
1430 5490 1703 5547 alicunde
1726 5488 1785 5543 in
1807 5487 1868 5541 id
1890 5488 2087 5559 ipsum

447 5591 721 5651 mercede
778 5584 1105 5651 conductis,
1171 5583 1253 5638 ita
1317 5580 1586 5635 omnium
1652 5575 2091 5632 causidicorum

541 5700 687 5767 228‘)
713 5693 876 5750 Psal.
907 5705 1034 5767 exs.

541 5702 687 5767 228')
713 5702 876 5750 Psat.
907 5705 1034 5767 exs.

517 5702 666 5840 i229)
697 5768 761 5822 In
790 5780 901 5821 ms.
932 5759 1049 5816 aha
1075 5757 1281 5812 littera.

2188 500 2355 554 muni
2405 504 2649 557 consilio
2704 522 2771 556 ex
2808 503 3147 557 adversaria
3200 508 3365 573 parte
3422 502 3721 558 inductus
3770 511 3877 557 aut

2189 588 2546 644 subornatus
2572 592 2817 661 quidam
2835 590 3037 659 judex.
3064 589 3305 643 nomine
3324 591 3542 661 Otpolt,
3574 592 3768 661 cujus
3792 591 3873 645 lo-

2187 678 2470 749 quacitati
2501 680 2576 733 ad
2612 685 2747 734 tunc
2782 679 3062 749 temporis
3102 679 3287 731 multa
3320 680 3872 735 committebantur

2188 781 2222 819 a
2254 767 2469 831 multis,
2504 784 2609 821 nec
2645 769 2817 821 sciret
2841 784 2947 821 nec
2986 772 3179 837 posset
3205 767 3476 836 judicare
3509 769 3869 840 quidquam

2187 856 2349 925 quod
2382 858 2565 911 sancti
2602 857 3019 910 linnmsrammi
3050 856 3136 910 vel
3171 862 3438 911 nostram
3470 858 3703 912 laedere
3738 849 3881 929 qui?

2188 949 2272 997 ret
2302 961 2571 999 causam.

2261 1056 2285 1081 ‹‹
2325 1034 2483 1087 [Inde
2516 1039 2589 1103 et,
2623 1052 2655 1089 a
2683 1036 2992 1089 defensore
3036 1040 3235 1088 nostro
3266 1034 3502 1106 publice
3551 1036 3871 1090 mendacii

2188 1127 2241 1176 et
2290 1124 2550 1177 falsitatis
2584 1130 2842 1183 notatus,
2875 1124 3124 1195 przebuit
3158 1125 3355 1178 multis
3386 1126 3869 1181 admirationem

2188 1229 2324 1265 cum
2381 1212 2788 1268 additamcnto
2847 1214 3087 1268 timoris.
3136 1217 3346 1267 Verum
3406 1230 3479 1269 ne
3527 1214 3868 1286 praedictus

2190 1304 2381 1355 Hruno
2430 1303 2748 1373 episcopus
2810 1309 2927 1357 tam
2984 1303 3291 1374 probrosas
3325 1304 3673 1359 confusioni
3738 1322 3868 1359 suc-

2187 1391 2466 1445 cumbere
2497 1391 2945 1445 videreturcum
2978 1392 3098 1445 suis
3117 1391 3867 1463 astipulatoribus,rogatu

2186 1478 2339 1532 illius
2372 1478 2670 1549 palatinas
2710 1486 3038 1533 conventus
3085 1486 3170 1534 est
3204 1481 3539 1536 Hatisbonaa
3575 1482 3863 1541 habitus.

2185 1568 2355 1637 quasi
2404 1566 2517 1620 illic
2577 1568 2962 1621 annularetur
2993 1568 3347 1622 miraculum
3382 1570 3544 1640 quod
3583 1571 3864 1639 contigit.

2189 1654 2297 1709 Sed
2331 1654 2502 1721 longe
2534 1656 2698 1709 aliter
2730 1674 2821 1710 res
2852 1657 3062 1710 eadem
3094 1658 3316 1710 exitum
3350 1652 3868 1730 habuit,quando

2187 1748 2374 1797 totum
2417 1745 2755 1810 concilium,
2800 1747 2961 1815 quod
2996 1746 3075 1798 ibi
3110 1745 3421 1799 collectum
3454 1748 3584 1817 fuit,
3646 1748 3867 1803 nolens

2188 1833 2391 1886 volens
2438 1834 2654 1887 divinae
2688 1835 2971 1889 voluntati
3003 1835 3217 1905 paruit.
3254 1838 3401 1888 Nam
3440 1835 3501 1890 in
3534 1837 3685 1892 aula
3708 1838 3867 1907 judi-

2189 1921 2318 1975 ciali
2366 1922 2715 1993 praesidente
2753 1924 2997 1976 Henrico
3047 1923 3199 1978 duce
3255 1939 3392 1977 cum
3447 1926 3867 1995 (‘hunigunda

2188 2009 2579 2080 imperatrice,
2611 2027 2720 2064 sua
2752 2011 2965 2065 scilicet
3002 2026 3221 2076 sorore,
3257 2026 3365 2065 nec
3394 2029 3517 2067 non
3550 2014 3868 2068 subselliis

2190 2115 2224 2153 a
2253 2100 2388 2153 viris
2421 2100 2835 2154 consularitms
2880 2101 3001 2154 sive
3031 2100 3367 2165 comitibus,
3398 2102 3482 2156 uti
3531 2119 3672 2157 mos
3718 2104 3869 2158 auli-

2190 2205 2293 2241 cus
2338 2189 2630 2260 poposcit,
2682 2189 2944 2253 assessis,
3004 2205 3108 2260 per
3141 2194 3323 2243 totam
3375 2191 3606 2245 curiam
3654 2192 3867 2247 audie-

2189 2277 2365 2332 batur
2393 2295 2502 2332 vox
2535 2284 2739 2332 contra
2782 2284 3053 2332 sanctum
3086 2281 3600 2335 Emmerammum
3658 2286 3869 2353 partes

2190 2367 2451 2438 episcopi
2484 2367 2826 2422 foventium.
2862 2367 3037 2421 simul
3070 2372 3123 2421 et
3153 2368 3480 2423 dicentium
3512 2370 3691 2441 quod
3725 2373 3868 2425 Bru-

2190 2456 2355 2519 noni,
2388 2460 2585 2527 utpote
2614 2460 2735 2509 tam
2770 2456 2985 2527 amplae
3013 2461 3068 2509 et
3094 2458 3317 2527 potenti
3350 2473 3653 2529 personae,
3681 2476 3867 2515 nemo

2191 2550 2389 2615 posset
2420 2545 2683 2599 resistere
2736 2546 2882 2615 quin
2933 2545 3027 2599 illa
3078 2545 3171 2599 die
3223 2547 3493 2601 omnium
3528 2549 3777 2618 judicio
3808 2549 3865 2603 in

2191 2632 2474 2687 ditionem
2524 2634 2653 2702 ejus
2705 2634 2927 2687 veniret
2978 2634 3291 2704 pra3fatum
3335 2635 3664 2706 praedium,
3694 2638 3869 2709 quod

2192 2722 2325 2777 avia
2365 2724 2513 2791 ejus,
2572 2723 2811 2776 nomine
2863 2723 3079 2790 Judita,
3112 2722 3303 2778 Norici
3350 2725 3519 2794 regni
3578 2726 3867 2781 videlicet

2191 2812 2427 2867 dueissa
2461 2816 2673 2868 Sancto
2718 2816 3155 2867 Emmerammo
3194 2829 3303 2884 pro
3343 2831 3403 2870 se
3438 2816 3698 2889 suisque
3730 2818 3867 2873 ﬁliis

2196 2901 2537 2956 llulduwico
2578 2908 2753 2974 atque
2815 2904 3062 2957 Henrico
3116 2902 3277 2957 velut
3321 2905 3587 2973 regalem
3640 2907 3865 2963 ﬁscum

2193 2990 2450 3054 tradidit,
2510 3008 2579 3045 eo
2628 2992 2845 3046 scilicet
2898 2997 3096 3046 tenore
3138 2997 3220 3057 ut,
3285 2993 3332 3047 si
3382 2994 3721 3067 episcopus
3776 2997 3865 3051 vel

2194 3081 2393 3152 aliqua
2432 3086 2645 3150 potens
2675 3097 2930 3152 persona
2960 3081 3237 3135 eamdem
3280 3086 3505 3136 curtem
3536 3092 3865 3157 usurparet

2191 3170 2281 3225 vel
2334 3169 2539 3223 usibus
2594 3170 3029 3223 monachorum
3086 3169 3479 3239 subtraheret,
3543 3174 3761 3229 statim
3810 3176 3861 3228 in

2187 3259 2284 3328 jus
2332 3258 2639 3311 literedum
2670 3275 2913 3312 suorum
2942 3263 3345 3313 reverteretur.
3385 3262 3550 3314 Hanc
3613 3278 3864 3335 quoque

2194 3347 2542 3401 sententiam
2582 3350 3037 3418 praeposuerunt
3084 3346 3318 3417 judices
3375 3353 3559 3420 atque
3602 3351 3868 3423 optima-

2192 3442 2298 3499 tes,
2357 3435 2723 3491 afﬁrmantes
2758 3436 3089 3490 traditionis
3129 3437 3733 3508 eomplacitationem
3762 3441 3867 3496 bu-

2188 3527 2353 3597 jusce
2408 3542 2443 3580 a
2498 3526 2846 3580 Gebehardo
2902 3525 3350 3598 lmbripolitano
3406 3528 3678 3585 antistite
3740 3531 3868 3586 vio-

2174 3616 2373 3671 ‘latam
2407 3631 2556 3669 esse.
2610 3618 2767 3669 Tunc
2816 3631 2849 3669 a
2907 3615 3153 3669 domino
3200 3618 3497 3686 Brunone,
3545 3634 3870 3676 consensu

2194 3705 2494 3777 principis,
2520 3709 2681 3759 extra
2703 3706 2927 3758 curiam
2952 3705 3205 3759 evocatis
3227 3705 3593 3777 primatibus
3618 3726 3868 3765 summa

2192 3794 2529 3866 eloquentia
2572 3794 2852 3865 praeditis,
2885 3799 2939 3849 et
2989 3793 3115 3848 aliis
3156 3795 3461 3865 judicibus
3512 3800 3868 3867 causidicis,

2186 3884 2335 3955 juris
2362 3884 2562 3955 peritis
2593 3883 2653 3937 in
2686 3884 2776 3937 sui
2810 3899 3057 3938 causam
3088 3883 3309 3949 excitis,
3338 3885 3684 3957 omnigena
3717 3889 3870 3944 calli-

2192 3976 2370 4030 ditate
2400 3974 2495 4028 vel
2527 3973 2743 4028 astutia
2776 3972 2913 4026 foris
2941 3973 3361 4028 suntinstructi
3388 3975 3511 4030 sive
3539 3978 3871 4052 praeparati

2192 4065 2295 4137 qui
2348 4062 2531 4137 partis
2562 4062 2715 4115 illius
2756 4061 3130 4116 defensiones
3170 4062 3329 4117 intus
3380 4064 3604 4133 forent,
3642 4072 3712 4123 ut
3760 4069 3871 4123 sibi

2191 4154 2526 4219 videbatur,
2551 4155 2972 4218 argumentose
3001 4151 3321 4219 recitaturi,
3336 4153 3506 4209 nihili
3528 4157 3874 4227 pendentes

2192 4243 2358 4315 quod
2406 4241 2690 4312 scriptum
2750 4244 2875 4294 est:
2952 4243 3077 4294 Non
3130 4244 3220 4295 est
3266 4242 3595 4301 consilium
3663 4254 3875 4303 contra

2194 4331 2532 4395 Dominum,
2569 4329 2669 4400 qui
2700 4328 2864 4383 novit
2894 4330 3076 4384 corda
3107 4329 3426 4386 hominum
3474 4333 3657 4405 (231).
3693 4337 3873 4391 Cum—

2194 4437 2329 4493 que,
2371 4419 2743 4486 introgressis
2798 4418 3101 4487 omnibus,
3160 4424 3519 4490 perventum
3573 4430 3742 4481 esset
3803 4426 3871 4481 ad

2192 4511 2389 4565 locum
2424 4514 2478 4563 et
2506 4512 2741 4578 tempus
2770 4508 2829 4560 in
2857 4524 2977 4577 quo
3010 4507 3356 4562 excusanda
3378 4514 3507 4565 erat
3536 4511 3785 4570 falsitas
3827 4520 3873 4569 et

2194 4598 2418 4653 malitia
2468 4596 2713 4651 forensis
2758 4595 2954 4662 iudicii
2989 4600 3043 4649 et
3072 4596 3243 4666 quasi
3289 4596 3636 4656 obtinenda
3666 4602 3873 4657 trium-

2192 4686 2385 4759 phalis
2427 4684 2632 4756 palatii
2682 4683 2938 4751 dignitas
2974 4701 2985 4750 ;
3045 4699 3165 4737 non
3199 4684 3396 4739 solum
3425 4687 3538 4757 qui
3590 4688 3871 4747 falsitatis

2193 4779 2367 4831 antea
2398 4773 2499 4827 fuit
2532 4776 2786 4835 notatus,
2815 4771 3120 4825 convictus
3153 4776 3239 4826 est
3259 4789 3395 4827 reus
3417 4790 3555 4829 esse
3585 4779 3871 4847 ejusdem

2194 4863 2547 4922 abdictatus.
2580 4862 2677 4915 sed
2714 4861 2886 4915 etiam
2922 4860 3193 4915 omnium
3238 4863 3555 4919 contrariae
3589 4870 3759 4939 parti
3792 4870 3871 4924 fa-

2194 4953 2457 5008 vcntium
2516 4968 2621 5006 ora
2672 4951 2751 5004 ita
2806 4949 3015 5003 virtute
3073 4950 3291 5005 caelesti
3347 4957 3489 5007 sunt
3555 4954 3782 5014 clausa
3827 4965 3873 5012 ei

2192 5047 2443 5110 mutata,
2469 5046 2533 5095 ut
2558 5040 2756 5094 nullus
2782 5043 2865 5093 tot
2894 5038 3132 5107 ingenio
3149 5038 3496 5095 callentium
3526 5049 3642 5100 aut
3671 5052 3872 5119 posset

2194 5132 2388 5186 dicere
2413 5130 2577 5203 quod
2615 5145 2819 5183 secum
2843 5128 2967 5197 ipse
2995 5126 3313 5195 cogitando
3345 5129 3746 5204 deliberavit,
3781 5142 3871 5191 aut

2193 5220 2304 5275 fari
2333 5220 2524 5291 quiret
2554 5218 2713 5290 quod
2751 5217 2828 5271 ab
2862 5216 2988 5269 aliis
3034 5216 3094 5270 in
3139 5233 3349 5272 aurem
3397 5227 3869 5281 susurrantibus

2193 5306 2517 5362 dicendum
2550 5304 2795 5376 accepit.
2815 5308 2959 5358 'l‘um
2992 5303 3157 5358 omni
3190 5311 3423 5376 senatu,
3447 5310 3557 5380 qui
3582 5310 3869 5386 frequens

2192 5400 2571 5463 convenerat,
2605 5393 2682 5447 ob
2710 5392 3065 5446 miraculum
3098 5392 3635 5455 evidentissimum
3663 5402 3731 5458 in
3762 5404 3870 5459 lau-

2194 5484 2333 5538 dem
2355 5483 2563 5536 Christi
2592 5486 2939 5553 provocato,
2970 5498 3075 5552 per
3104 5485 3289 5536 totam
3312 5485 3553 5543 curiam
3591 5492 3724 5547 Deo
3756 5509 3868 5562 ἕως

2196 5571 2306 5627 tias
2333 5570 2557 5625 clamor
2587 5568 2825 5623 humilis
2855 5575 2909 5623 et
2932 5586 3065 5623 vere
3095 5569 3418 5626 laudabilis
3470 5582 3859 5648 personabat,

2270 5679 2407 5747 (230)
2453 5678 2579 5731 Alia
2608 5678 2815 5729 littera.

2271 5752 2412 5818 (231)
2452 5753 2629 5805 Prov.
2659 5764 2776 5802 xm.
