3980 6404
473 343 575 395 207

1468 341 1625 397 VITA
1664 342 1718 396 S.
1759 340 2227 408 CUNEGUNDIS,
2269 341 2384 397 UBl
2426 338 2518 396 DE
2558 341 2614 395 S.
2659 342 2995 398 HENRICO.
3272 412 3277 419 ~
3889 345 3970 397 205

471 461 772 517 mendacia
824 467 1021 516 contra
1077 461 1359 533 virginem
1415 462 1619 518 Christi
1658 463 2042 535 loquentium,
2074 481 2168 517 su-
2210 464 2420 519 Atiam
2451 480 2690 518 munera
2720 465 2965 518 contulit
3016 464 3075 519 in
3106 464 3343 518 diversis
3391 465 3641 520 ecclesize
3679 482 3970 520 ornamen-

470 567 575 622 per
622 551 834 622 ignitos
887 567 1146 606 vomeres
1175 551 1439 606 incedere
1495 557 1552 606 et
1589 552 1824 606 illaesam
1858 554 2170 623 procedere

471 640 647 694 dedit.

539 731 591 782 2.
643 730 1028 799 Virginitatem
1069 730 1332 783 miraculo
1379 729 1593 798 probat.
1638 760 1705 769 —-
1754 729 2010 794 Qualiter
2062 747 2166 783 au-

466 821 581 870 tem
616 816 670 870 id
702 818 909 870 factum
943 817 1016 870 sit
1046 817 1113 870 ad
1157 833 1522 871 communem
1553 817 1986 872 aediﬁcationem
2019 835 2168 889 prae-

469 905 812 958 tereundum
854 921 967 958 non
1022 910 1123 971 est,
1200 909 1265 958 ut
1322 912 1379 958 et
1424 905 1770 959 castimoniae
1830 906 2168 959 erudiamur

464 991 764 1062 exemplis,
843 996 899 1044 et
972 991 1299 1046 divinorum
1364 996 1712 1047 secretorum
1786 994 2166 1047 admiratione

465 1096 817 1145 moveamur,
849 1079 1237 1148 intelligentes
1269 1082 1759 1151 quemadmodum
1789 1082 2165 1151 diligentibus

468 1168 645 1221 Deum
678 1168 875 1220 omnia
912 1174 1293 1238 cooperantur
1322 1169 1383 1222 in
1415 1169 1650 1223 bonum.
1692 1170 1887 1224 Tantis
1914 1185 2163 1240 namque

461 1271 526 1309 ac
559 1254 768 1309 talibus
811 1254 978 1309 bonis
1006 1257 1248 1310 tentatio
1279 1256 1472 1311 deesse
1514 1274 1626 1310 non
1686 1258 1896 1327 potuit.
1932 1257 2165 1312 invidus

461 1344 615 1397 enim
663 1343 924 1397 omnium
971 1344 1257 1398 bonorum
1314 1345 1596 1413 diabolus,
1661 1345 1758 1400 ubi
1796 1345 2027 1399 thorum
2060 1345 2164 1399 im-

460 1432 807 1486 maculatum
858 1432 1115 1486 sauciare
1172 1449 1289 1486 non
1357 1434 1568 1503 potuit,
1626 1432 1925 1502 zelotypiaz
1984 1432 2160 1485 livore

458 1520 670 1575 fmdare
726 1519 996 1591 cogitavit
1028 1525 1085 1575 et
1140 1521 1261 1591 ejus
1301 1522 1503 1574 saltem
1563 1521 1772 1575 famam
1800 1521 2032 1584 la‘dere,
2066 1521 2159 1574 cui

459 1609 666 1662 vulnus
722 1607 1110 1678 corruptionis
1159 1608 1423 1678 infligere
1476 1625 1590 1662 non
1630 1608 1826 1662 valuit.
1873 1609 2037 1661 Facta
2076 1613 2162 1661 est

2279 552 2376 607 tis:
2442 569 2573 624 qua;
2648 553 2846 606 omnia
2922 552 3045 623 ipse
3127 553 3396 607 dominus
3474 554 3848 625 apostolicus,
3929 566 3970 607 u‘

2278 656 2505 711 semper
2553 641 2829 694 memoria
2880 642 3059 711 ipsius
3090 641 3430 696 fundatricis
3485 642 3604 696 illic
3656 643 3884 707 floreat,
3919 658 3970 694 nt

2276 730 2506 798 quando
2540 744 2643 798 per
2671 728 2953 796 fraudem,
3006 735 3106 782 aut
3131 729 3482 796 violentiam,
3527 732 3614 784 vel
3665 730 3823 784 furto
3856 730 3970 817 indi.

2276 816 2705 881 subtrahantur,
2768 817 2913 871 dura
2962 818 3139 871 banni
3172 818 3259 871 sui
3321 818 3712 885 innodatione,
3758 823 3969 887 septua

2275 905 2438 973 ginta
2466 921 2699 975 quoque
2742 905 2984 959 duorum
3020 905 3129 977 (7t)
3181 906 3603 977 episcoporum,
3639 905 3741 978 qui
3772 906 3857 959 ibi
3887 906 3970 959 ads

2273 997 2459 1061 erant,
2486 992 2825 1047 auctoritate
2870 994 2994 1063 ipso
3032 993 3124 1047 die
3154 993 3533 1048 conﬁrmavit.
3572 995 3716 1048 Item
3774 988 3970 1047 mone?-

2273 1080 2509 1134 sterium
2551 1080 2611 1134 iu
2663 1081 2878 1135 honore
2946 1081 3129 1135 sancti
3156 1081 3482 1148 Salvatoris,
3528 1086 3585 1136 et
3632 1082 3757 1153 ejus
3808 1082 3970 1135 victo.

2271 1168 2602 1223 riosissimzn
2622 1169 2823 1235 crucis,
2856 1168 2916 1222 in
2956 1169 3079 1223 loco
3119 1169 3219 1241 qui
3259 1169 3537 1241 Confugia
3568 1171 3803 1237 dicitur,
3854 1186 3970 1224 ma-

2272 1256 2738 1325 gniﬁcentissime
2791 1259 3128 1326 construxit,
3171 1263 3226 1312 et
3255 1259 3595 1312 ancillarum
3628 1259 3730 1313 Dei
3761 1259 3970 1313 ibiden

2271 1345 2387 1398 Deo
2440 1345 2756 1399 secundum
2825 1348 3082 1415 regulam
3143 1346 3324 1400 sancti
3384 1346 3672 1401 Benedicti
3718 1348 3970 1401 servien-

2270 1432 2439 1501 tium,
2471 1432 2975 1503 congregationem
3003 1433 3404 1488 decentissime
3426 1434 3733 1489 ordinavit.
3769 1436 3970 1503 Porro,

2268 1527 2613 1589 cooperante
2653 1522 2706 1574 ei
2745 1521 2802 1574 in
2852 1521 3119 1575 omnibus
3150 1522 3434 1593 imperiali
3468 1523 3783 1594 majestate,
3820 1524 3969 1601 idery

2269 1608 2683 1662 monasterium
2733 1610 2892 1663 omni
2937 1616 3141 1663 ornatu
3195 1610 3498 1664 decoravit.
3554 1616 3701 1665 Ante
3758 1613 3970 1682 princi-

457 1696 652 1766 igitur,
704 1701 935 1750 auctore
966 1696 1216 1764 diabolo,
1258 1701 1517 1767 suspecta
1547 1696 1826 1763 criminis,
1880 1711 2009 1767 quae
2039 1712 2156 1749 non
2190 1742 2228 1795 Β
2266 1696 2395 1765 pale
2438 1697 2613 1748 altare
2662 1696 2885 1750 iconem
2935 1713 2998 1750 cx
3047 1712 3186 1750 auro
3226 1702 3284 1751 et
3332 1697 3520 1767 lapide
3559 1698 3970 1768 pretiosissima

458 1789 697 1838 noverat
741 1784 1023 1838 maculam
1085 1785 1490 1855 corruptionis.
1551 1783 1659 1838 Sed
1718 1783 1855 1854 quia
1910 1783 2157 1837 crudelis

456 1878 543 1926 est
589 1872 690 1943 qui
728 1873 941 1926 famam
985 1889 1147 1927 suam
1199 1871 1459 1942 negligit,
1503 1871 1935 1942 expurgationis
1974 1871 2159 1943 gratia

456 1961 529 2015 ad
586 1977 848 2015 vomeres
917 1960 1182 2015 cadentes
1240 1960 1384 2014 illud
1452 1960 1561 2014 sibi
1609 1951 1890 2030 judicium
1960 1960 2153 2030 elegit,

457 2048 610 2119 quod
639 2052 881 2119 propter
909 2047 1182 2101 duritiam
1208 2048 1510 2101 hominum
1537 2046 1863 2102 institutum
1895 2064 2017 2100 esse
2064 2064 2155 2101 co-

454 2137 767 2206 gnoscitur.
823 2137 1082 2206 Cumque
1133 2135 1340 2190 dilecta
1399 2137 1513 2190 Deo
1551 2136 1618 2190 ad
1673 2135 1814 2189 illud
1851 2135 2156 2205 judicium,

454 2223 612 2277 velut
642 2221 763 2276 ovis
782 2221 852 2275 ad
874 2221 1242 2291 occisionem,
1266 2222 1590 2288 duceretur,
1615 2222 1916 2292 ingemuit,
1952 2227 2010 2276 et
2048 2222 2155 2276 ait:

458 2331 485 2357 ‹‹
516 2309 758 2363 Domine
808 2310 974 2376 Deus,
1007 2315 1233 2364 creator
1291 2310 1418 2364 coeli
1467 2314 1523 2364 et
1551 2315 1738 2376 terrae,
1798 2310 1897 2380 qui
1951 2310 2156 2381 probas

454 2413 622 2452 renes
646 2404 705 2452 et
740 2398 928 2465 corda,
970 2399 1161 2469 judica
1196 2399 1478 2469 judicium
1531 2415 1726 2453 meum
1757 2405 1816 2453 et
1843 2399 2001 2468 eripe
2041 2416 2151 2454 me.

452 2486 527 2540 Te
553 2486 706 2540 enim
740 2489 942 2540 testem
1008 2491 1066 2541 et
1089 2487 1345 2556 judicem
1392 2487 1565 2542 hodie
1623 2487 1846 2552 invoco,
1893 2487 2029 2558 quia
2054 2504 2155 2541 nec

452 2572 606 2628 hunc
664 2580 1009 2645 praesentem
1075 2574 1404 2641 Henricum,
1475 2592 1580 2629 nec
1654 2575 1907 2646 aliquem
1967 2575 2156 2629 virum

452 2662 665 2715 carnali
696 2662 1099 2717 commistione
1151 2679 1407 2733 unquam
1449 2662 1712 2733 cognovi.
1748 2682 1775 2714 ››
1836 2664 1951 2717 Hoc
1979 2664 2150 2731 dicto,

451 2748 814 2818 stupentibus
866 2754 923 2803 et
968 2748 1239 2803 flentibus
1282 2748 1558 2803 universis
1591 2750 1689 2821 qui
1743 2750 2000 2819 aderant,
2060 2768 2155 2805 vo-

453 2852 638 2890 meres
699 2835 1008 2890 candentes
1055 2837 1211 2891 nudo
1283 2837 1523 2907 vestigio
1598 2839 1852 2905 calcavit,
1907 2845 1964 2893 et
2032 2839 2153 2894 sine

450 2924 769 2979 adustionis
836 2925 1100 2979 molestia
1183 2941 1380 2979 secura
1454 2927 1806 2996 pertransiit.
1874 2928 1959 2981 Ita
2005 2927 2154 2982 Deus

2267 1782 2496 1850 statuit;
2545 1783 2749 1838 calices
2780 1801 2986 1839 aureos
3036 1788 3094 1838 et
3123 1790 3448 1855 argenteos,
3476 1786 3713 1853 catinos,
3748 1802 3970 1854 urccos,

2266 1873 2462 1942 pallas,
2503 1873 2740 1937 casulas,
2785 1874 2933 1941 vela,
2970 1874 3241 1939 cortinas,
3283 1891 3492 1944 cappas
3539 1890 3680 1929 auro
3722 1880 3783 1928 et
3813 1892 3970 1944 gem1

2264 1959 2373 2025 mis
2413 1960 2678 2031 pretiosis
2710 1961 2975 2028 intextas,
3012 1967 3065 2014 et
3105 1966 3310 2015 cetera
3359 1961 3630 2016 utensilia
3669 1961 3790 2016 sive
3846 1979 3970 2016 vasa

2266 2048 2570 2102 ministerii
2596 2052 2756 2103 tanto
2798 2049 2988 2103 studio
3019 2055 3076 2104 et
3123 2056 3238 2104 tam
3302 2050 3655 2120 sumptuosis
3693 2051 3970 2121 impensis

2263 2136 2447 2190 eidem
2482 2137 2732 2190 ecclesiae
2778 2138 3044 2206 contulit,
3106 2142 3171 2192 ut
3196 2138 3527 2209 quicunque
3576 2154 3643 2192 ea
3671 2139 3969 2205 intuente}

2262 2223 2483 2294 regiam
2517 2225 3002 2296 magniﬁcentiam
3050 2231 3106 2280 et
3160 2227 3367 2280 miram
3420 2226 3740 2298 utriusque,
3786 2228 3970 2298 impe-

2263 2313 2468 2367 ratoris
2499 2313 2762 2367 videlicet
2809 2330 2872 2367 ac
2910 2312 3311 2384 imperatricis,
3360 2314 3418 2368 in
3463 2314 3644 2369 Deum
3706 2315 3970 2369 devotio«

2264 2417 2395 2455 nem
2437 2417 2787 2471 magnopere
2816 2401 3016 2457 mirari
3049 2418 3163 2455 non
3206 2407 3451 2456 cessent.

2335 2491 2388 2543 4.
2433 2491 2686 2559 Collapsa
2742 2495 3040 2544 restaurat.
3085 2518 3159 2531 —
3206 2492 3420 2544 Praeter
3460 2491 3565 2545 has
3615 2491 3970 2561 principales

2264 2594 2381 2631 sum
2403 2578 2752 2631 fundationis
2791 2583 2848 2632 et
2888 2577 3191 2647 primarius
3236 2577 3523 2644 ecclesias,
3555 2593 3686 2647 quae
3712 2594 3970 2632 conven-

2262 2665 2435 2719 tualis
2493 2665 2747 2732 ecclesia,
2806 2681 2935 2735 quae
2994 2664 3345 2718 monasteria
3404 2665 3639 2718 illorum
3700 2650 3970 2719 donatiui

2264 2767 2378 2805 non
2419 2752 2756 2823 gloriantur,
2792 2756 2890 2805 aut
2922 2752 2979 2804 in
3027 2751 3259 2821 praediis
3288 2751 3541 2818 dilatata,
3613 2756 3676 2805 ut
3703 2752 3969 2807 decorat"

2262 2839 2654 2895 ornamentis?
2688 2841 2840 2894 Alias
2869 2840 3024 2894 enim
3061 2838 3400 2911 antiquitate
3442 2839 3723 2910 collapsas
3764 2841 3970 2895 remdi-

2263 2928 2596 2998 ﬁcaverunt,
2638 2929 2912 3000 quasdam
2959 2928 3134 2983 etiam
3191 2928 3508 2982 destructas
3535 2934 3592 2982 et
3617 2928 3686 2982 ad
3718 2928 3970 2983 nihilum

448 3013 815 3086 omnipotens
852 3014 1143 3068 vinculum
1174 3019 1343 3069 casta:
1387 3015 1711 3071 dilectionis
1750 3015 2012 3085 servavit,
2059 3016 2149 3070 in-
2185 3016 2225 3071 C
2262 3018 2517 3071 redactas
2537 3018 2597 3071 in
2631 3018 2936 3087 pristinum
2966 3019 3050 3071 vel
3091 3017 3149 3070 in
3183 3016 3480 3071 meliorem
3501 3021 3711 3071 statum
3744 3023 3970 3073 restau-

449 3101 771 3155 nocentiam
828 3101 1243 3172 comprobavit,
1306 3103 1626 3174 integritati
1683 3103 2001 3158 custodiam
2041 3105 2152 3158 hu-

450 3190 709 3243 militatis
733 3189 1015 3244 adhibuit.

523 3280 573 3332 3.
605 3279 747 3333 Loca
804 3293 964 3332 sacra
1008 3278 1191 3332 condit
1238 3284 1287 3332 et
1340 3278 1510 3332 dotat.
1544 3308 1613 3318 —
1650 3280 1712 3333 In
1762 3279 2007 3334 fascibus
2036 3279 2150 3334 ita-

452 3381 564 3435 que
591 3365 914 3433 constituta,
957 3365 1324 3420 continentiae
1382 3384 1497 3420 suae
1529 3367 1772 3437 gloriam
1804 3369 1909 3422 sub
1935 3367 2150 3422 terreni

451 3454 750 3524 chlamyde
804 3452 1035 3525 imperii
1093 3454 1386 3525 satagebat
1442 3455 1806 3525 abscondere,
1870 3462 1937 3511 ut
1991 3461 2149 3510 tanto

451 3542 815 3613 propensius,
875 3545 1088 3613 quanto
1138 3542 1423 3597 efﬁcacius
1487 3548 1733 3614 poterat,
1785 3549 2152 3615 promoveret

450 3647 601 3701 quas,
662 3632 773 3685 Deo
818 3630 1135 3701 inspirante
1174 3648 1279 3685 nec
1323 3648 1441 3686 non
1473 3632 1801 3703 adjuvante,
1840 3632 1912 3687 ad
1965 3633 2149 3704 ipsius

450 3719 675 3773 laudem
716 3719 1005 3789 cogitabat
1044 3720 1340 3789 perﬁcere.
1384 3720 1643 3792 Denique
1689 3726 1816 3791 post
1866 3720 2148 3777 novellam

446 3806 870 3861 fecundissimae
933 3807 1305 3877 plantationis
1380 3824 1497 3862 suae
1553 3809 1851 3863 ecclesiam
1921 3810 2146 3864 Baben-

446 3894 606 3965 berg,
649 3910 822 3966 quam
860 3911 992 3948 cum
1043 3895 1142 3949 illo
1190 3895 1608 3949 studiosissimo
1640 3912 1744 3950 suo
1780 3904 2149 3968 cooperatore

448 3982 690 4037 Henrico
737 3982 805 4036 in
860 3983 985 4036 loco
1028 3983 1508 4054 Babenbergensi,
1547 3986 1968 4054 venustissime,
2000 3988 2148 4042 sicut

446 4071 720 4125 hactenus
762 4071 1039 4139 cernitur,
1070 4071 1365 4125 fabricavit
1396 4072 1502 4127 sub
1553 4074 1873 4142 patrocinio
1930 4076 2145 4146 princi-

447 4159 535 4230 pis
598 4159 991 4228 apostolorum
1032 4160 1186 4213 Petri
1233 4164 1405 4231 atque
1453 4161 1629 4215 sancti
1662 4162 1890 4233 Georgii
1934 4170 2144 4235 marty-

445 4248 544 4314 ris,
600 4250 1013 4302 monasterium
1063 4248 1168 4303 sub
1229 4249 1431 4319 regula
1483 4252 1663 4306 sancti
1733 4252 2022 4305 Benedicti
2073 4252 2145 4306 ad

445 4336 842 4407 aquilonarem
890 4337 1141 4408 plagam,
1175 4335 1235 4391 in
1266 4336 1481 4391 honore
1518 4338 1698 4393 sancti
1729 4338 2015 4394 Michaelis
2051 4356 2142 4393 ar-

442 4423 706 4490 changeli
747 4423 1038 4491 exstruxit,
1096 4440 1214 4478 non
1279 4424 1492 4478 minori
1549 4425 1735 4480 studio
1790 4426 2143 4496 praediorum

442 4529 507 4565 ac
555 4513 908 4567 diversorum
937 4513 1190 4567 donariis
1228 4518 1730 4580 ornamentorum;
1780 4514 2012 4568 tertiam
2051 4516 2145 4569 de-

443 4616 601 4653 mum
654 4617 849 4654 versus
899 4600 1208 4656 meridiem
1270 4601 1377 4655 sub
1437 4601 1637 4654 ordine
1709 4601 2141 4678 canonicorum,

442 4688 549 4742 sub
615 4689 780 4744 titulo
837 4690 1019 4743 sancti
1100 4689 1373 4761 Stephani
1439 4690 1894 4761 protomartyris,
1966 4707 2143 4761 parvo

440 4776 672 4846 quidem
722 4778 1031 4844 schemate,
1070 4779 1170 4832 sed
1238 4779 1443 4849 majori
1494 4795 1669 4849 opera
1716 4779 1786 4833 de
1816 4795 1920 4832 suo
1964 4780 2141 4850 patri-

441 4863 636 4917 monio
680 4866 979 4919 ecclesiam
1055 4865 1330 4921 fundavit.
1382 4867 1463 4921 Ad
1530 4884 1704 4939 quam
1762 4867 2140 4922 dedicandam

443 4952 812 5005 Benedictum
867 4952 980 5022 (70)
1011 4970 1243 5024 papam,
1287 4971 1457 5025 quem
1491 4956 1758 5025 praefatus
1782 4957 1898 5010 Deo
1930 4955 2140 5026 dignus

440 5040 714 5094 Ileuricus
751 5041 1067 5110 imperator
1099 5042 1171 5095 ad
1216 5043 1678 5097 confirmandum
1710 5043 2141 5114 Babenbergen-

436 5145 558 5182 sem
589 5128 986 5198 pontiﬁcatum
1042 5128 1431 5195 advocaverat,
1485 5131 1680 5184 venire
1714 5132 1953 5202 rogavit.
1992 5133 2141 5204 Ipsa-

436 5223 628 5271 autem
685 5215 825 5270 illud
891 5217 1322 5287 t’salmographi
1380 5233 1571 5271 secum
1638 5219 1972 5274 decantans:
2023 5224 2139 5276 Do-

374 5306 383 5311 “
436 5307 598 5369 mine,
654 5305 828 5361 dilexi
880 5304 1121 5359 decorem
1172 5304 1364 5360 domus
1395 5308 1498 5360 tuae
1548 5304 1715 5376 (Psal.
1764 5322 1891 5375 xxv,
1950 5311 2027 5377 8),
2062 5308 2138 5363 di-

437 5408 597 5447 versa
641 5393 829 5448 eidem
882 5392 1134 5447 ecclesias
1184 5394 1348 5463 juxta
1390 5393 1747 5464 imperialem
1803 5396 2137 5451 muniﬁcen-

436 5499 615 5625 m(‘720)
643 5500 979 5555 Benedictus
1011 5501 1152 5565 Vlll,
1189 5500 1289 5572 qui
1319 5500 1515 5571 Sergio
1570 5501 1638 5555 IV
1675 5502 1943 5558 suecessit
1985 5520 2135 5558 anno

2263 3110 2560 3171 raverunt;
2597 3110 2652 3158 et
2701 3104 2866 3157 sicuti
2920 3104 3235 3173 prudentes
3288 3103 3537 3174 virgines
3594 3104 3789 3158 oleum
3851 3121 3970 3159 suae

2263 3193 2670 3247 misericordias
2701 3193 2760 3246 in
2781 3192 3033 3247 diversos
3062 3192 3408 3257 effuderunt,
3429 3198 3494 3246 ut
3514 3192 3745 3246 meritio
3777 3192 3970 3246 dicere

2259 3281 2517 3351 possint:
2579 3279 2784 3337 Christi
2836 3280 3002 3335 bonus
3055 3281 3187 3335 odor
3259 3295 3443 3335 sumus
3493 3283 3553 3334 in
3634 3284 3783 3335 omni
3859 3282 3970 3335 loco

2261 3368 2341 3440 (Il
2367 3372 2496 3423 Cor.
2559 3385 2615 3432 ιι,
2674 3372 2780 3435 l5).
2843 3368 2886 3422 Ο
2937 3368 3273 3438 conjugium
3333 3384 3449 3422 non
3495 3370 3811 3438 voluptate,
3870 3371 3970 3424 sed

2258 3457 2409 3510 bona
2437 3458 2731 3510 voluntate
2760 3455 3118 3526 copulatum!
3146 3456 3188 3511 Ο
3212 3460 3472 3510 sanctum
3500 3456 3968 3523 matrimonium,

2258 3544 2358 3598 ubi
2383 3562 2497 3599 una
2536 3544 2679 3598 fides
2719 3544 3010 3598 inviolata:
3055 3545 3349 3610 castitatis,
3385 3544 3485 3599 ubi
3518 3560 3669 3598 unus
3720 3545 3970 3615 spiritus

2261 3632 2666 3687 misericordia:
2697 3649 2761 3686 ac
2800 3632 3083 3700 veritatis,
3142 3632 3239 3686 ubi
3271 3632 3424 3686 idem
3466 3632 3609 3686 velle
3654 3633 3713 3687 in
3745 3632 3970 3687 virtuti-

2257 3722 2362 3775 bus
2389 3722 2658 3792 idemque
2691 3721 2845 3776 nolle
2878 3721 2933 3775 in
2960 3720 3137 3774 vitiis!
3172 3720 3269 3774 ubi
3298 3736 3403 3775 nec
3433 3721 3655 3791 primus
3689 3737 3795 3775 nec
3821 3722 3969 3775 alter

2258 3808 2502 3861 discerni
2533 3807 2754 3877 potuit;
2783 3808 2919 3861 dum
2966 3808 3130 3874 alter,
3154 3806 3309 3877 quod
3339 3806 3582 3877 primus,
3617 3807 3796 3861 voluit
3825 3809 3964 3862 :uhi

2258 3912 2362 3967 par
2399 3896 2624 3949 animus
2669 3894 2728 3948 in
2787 3894 3112 3949 multifariis
3168 3910 3410 3964 operum
3460 3894 3754 3950 effectibus
3790 3912 3966 3966 pares

2258 3984 2319 4037 in
2349 3983 2572 4038 duobus
2610 3982 2857 4036 ostendit
2885 3983 3148 4037 affectus!
3182 3984 3386 4047 Quales
3409 3984 3509 4036 has
3541 3984 3769 4053 nuptias
3790 3985 3960 4039 dixe-

2257 4072 2365 4126 rim
2416 4072 2624 4125 nescio.
2680 4072 2866 4126 Unum
2927 4070 3060 4138 scio,
3115 4071 3252 4142 quia
3296 4072 3473 4126 nescit
3528 4078 3725 4127 nostra
3782 4072 3960 4126 modo

2257 4161 2415 4231 regio
2472 4161 2634 4227 tales,
2690 4161 2825 4214 dum
2871 4160 2954 4214 illi
2993 4167 3230 4232 propter
3284 4177 3525 4230 regnum
3574 4162 3851 4215 ccelornm
3895 4168 3969 4216 se

2257 4253 2588 4316 castrantes,
2620 4265 2725 4302 nec
2760 4249 2983 4319 prolem
3034 4254 3277 4303 terrenas
3336 4249 3696 4304 fecunditatis
3753 4265 3953 4320 exspe-

2253 4339 2492 4405 ctantes,
2540 4337 2801 4390 cazlibem
2837 4355 2868 4389 a
2907 4338 3022 4390 Deo
3055 4337 3484 4408 generationem
3531 4343 3891 4408 receperunt,
3927 4355 3958 4392 a

2252 4441 2498 4497 quorum
2558 4441 2654 4479 ore
2692 4426 2816 4479 laus
2871 4425 2968 4479 Dei
3024 4441 3325 4496 nunquam
3386 4425 3632 4480 deficiet.
3690 4427 3819 4480 Haec
3871 4433 3959 4482 est

2253 4514 2552 4583 generatio
2575 4513 2955 4584 quaerentium
2987 4514 3310 4577 Dominum,
3334 4513 3719 4585 qumrentium
3748 4514 3956 4568 faciem

2252 4602 2354 4655 Dei
2404 4603 2621 4656 Jacob:
2674 4602 2775 4672 qui
2819 4602 3070 4656 viventes
3129 4601 3189 4656 in
3239 4602 3491 4670 Christo,
3544 4602 3801 4656 membra
3851 4609 3970 4657 sua‘

2252 4690 2661 4745 mortiﬁcantes
2699 4695 2936 4762 propter
2985 4690 3289 4753 Christum,
3334 4706 3508 4761 super
3557 4696 3769 4745 terram
3829 4708 3969 4759 mo-1

2250 4778 2481 4845 rientes,
2528 4778 2702 4832 modo
2756 4782 3064 4848 regnantes
3105 4794 3237 4832 cum
3278 4778 3497 4833 Christo
3533 4778 3682 4833 bona
3724 4779 3954 4833 Domini

2251 4867 2340 4922 sui
2369 4867 2565 4921 vident
2594 4866 2656 4920 in
2684 4867 2921 4938 regione
2952 4866 3291 4921 viventium.

2321 4960 2378 5010 5.
2416 4956 2623 5010 Auctor
2650 4954 2981 5024 aggreditur
3007 4957 3179 5009 vitam
3227 4960 3427 5009 sancta:
3456 4953 3827 5023 Cunegundis.
3884 4985 3955 4996 -—

2249 5043 2534 5109 Quoniam
2565 5042 2635 5098 de
2673 5043 2865 5096 vitaet
2920 5043 3228 5106 virtutibus
3274 5041 3356 5112 pii
3403 5047 3462 5096 et
3491 5043 3672 5095 sancti
3719 5043 3955 5097 Henrici

2250 5130 2721 5187 Christianissimi
2768 5130 3212 5202 imperatoribus
3253 5129 3717 5184 miserationibus
3775 5132 3955 5185 variis

2250 5237 2391 5292 quas
2411 5221 2544 5274 fecit
2571 5221 2633 5273 in
2657 5219 2829 5274 domo
2867 5218 3122 5281 Domini,
3171 5219 3238 5273 de
3272 5218 3449 5287 signis
3478 5235 3712 5289 quoque
3745 5224 3803 5274 et
3846 5220 3951 5273 mi-

2249 5308 2459 5364 raculis
2488 5326 2615 5380 quae
2676 5313 2805 5379 post
2848 5307 3153 5362 transitum
3187 5306 3381 5377 jpsius
3450 5322 3551 5377 per
3619 5322 3754 5361 eum
3818 5308 3947 5363 fecit

2250 5398 2424 5467 Deus,
2455 5398 2593 5451 satis
2626 5413 2688 5450 ac
2719 5396 2893 5468 digne
2923 5396 3135 5466 scripta
3188 5400 3381 5449 sancta
3427 5395 3643 5465 recepit
3677 5396 3944 5465 Ecclesia,

2319 5502 2426 5574 (7t)
2453 5501 2642 5556 Codex
2668 5501 3010 5556 Bodecensis
3031 5500 3202 5555 habet
3225 5499 3618 5569 quadraginta.
