3968 6384
119 317 269 369 1069

908 318 996 371 DE
1037 316 1411 372 MIRACULIS
1454 315 1509 370 S.
1556 307 1969 367 EMMERAMMI
2012 309 2191 363 LIBRI
2230 310 2393 366 DUO.
2435 341 2504 351 —-
2544 312 2672 366 LIB.
2714 313 2781 367 Il.

3413 316 3555 373 1070

103 455 224 493 nec
257 455 382 493 non
427 439 755 495 beatissimi
807 442 1084 511 martyris
1120 437 1545 495 Emmerammi
1573 434 1781 492 laudes
1812 435 1857 487 Α
1896 431 2153 503 speravit
2198 433 2403 489 anima
2432 450 2570 490 mea
2599 434 2661 489 in
2690 434 2822 507 ipso
2852 436 3023 509 (232).
3056 439 3251 503 Quam
3278 439 3556 497 consola-

105 528 470 583 altrinsecus
524 529 915 585 exaltantium
972 546 1245 585 murmur
1291 527 1549 584 amabile
1606 541 1781 580 aures

104 616 516 671 multitudinis
563 619 999 674 reverberabat.
1038 620 1192 673 Inter
1218 635 1373 691 quos
1406 616 1657 690 quidam
1689 631 1783 669 co-

106 722 246 761 mes
276 706 367 761 vir
398 706 665 762 famosus
692 708 751 763 in
793 709 1131 764 Christiana
1162 708 1464 777 religione,
1500 706 1783 760 Eberhar-

106 796 230 851 dus
264 797 529 862 nomine,
561 798 743 854 fertur
789 799 1007 853 dixisse
1038 817 1049 853 :
1096 802 1238 854 Ecce
1268 801 1385 853 Rex
1417 812 1628 867 regum
1660 810 1784 850 ma-

105 884 332 940 nifeste
376 886 625 942 destruit
669 887 805 957 jura
855 887 1307 942 mundanarum
1360 885 1580 955 legum.
1628 884 1784 937 Bene

107 974 328 1030 omnia
355 990 516 1031 nunc
558 981 613 1031 et
658 993 898 1049 semper
950 977 1079 1031 fecit
1107 980 1162 1031 et
1189 976 1345 1044 facit,
1373 975 1476 1047 qui
1510 972 1785 1045 superbis

108 1063 354 1129 resistit,
397 1082 465 1119 ac
518 1066 846 1120 humilibus
884 1066 1135 1135 gratiam
1182 1065 1366 1120 dabit.
1409 1067 1568 1119 Tunc
1599 1062 1785 1117 domi-

107 1169 231 1207 nus
264 1153 466 1208 Bruno
511 1154 735 1221 ingenti
788 1155 995 1209 timore
1027 1159 1354 1226 correptus,
1388 1153 1510 1208 imo
1536 1168 1641 1225 per
1666 1152 1785 1206 vim

109 1259 396 1314 supernae
424 1244 655 1299 virtutis
688 1245 841 1300 adeo
891 1248 981 1298 est
1028 1244 1254 1300 interne
1297 1243 1535 1298 sibimet
1577 1241 1781 1296 subre-

106 1335 276 1403 pius,
309 1348 432 1405 quo
463 1348 584 1387 non
614 1334 810 1388 solum
842 1334 940 1388 illa
973 1334 1065 1388 die
1097 1349 1301 1388 coram
1331 1331 1703 1405 principibus
1730 1333 1786 1385 et

108 1422 348 1492 populo
366 1422 714 1478 humiliatus
746 1423 1101 1491 frigesceret,
1130 1424 1392 1487 sudaret,
1416 1421 1782 1495 pallescerct,

109 1510 221 1565 sed
252 1510 435 1565 etiam
460 1512 615 1568 intra
644 1514 974 1568 domestica
1010 1512 1231 1567 mmnia
1263 1512 1375 1566 sub
1408 1510 1621 1581 grandi
1649 1509 1783 1564 vitae

109 1616 238 1653 suze
283 1600 547 1672 periculo
600 1602 937 1674 proximam
968 1608 1205 1657 noctem
1239 1601 1581 1657 insomnem
1610 1598 1787 1653 duce-

108 1693 219 1743 ret.
255 1688 451 1745 Altera
480 1694 679 1746 autem
711 1691 827 1759 die,
862 1708 999 1746 cum
1027 1692 1155 1761 jam
1189 1691 1281 1745 sol
1310 1691 1661 1745 illustrasset
1688 1703 1784 1742 or-

108 1776 279 1843 bem,
298 1777 645 1849 poenitentia
670 1784 725 1833 et
743 1779 1024 1850 lacrymis
1043 1779 1343 1852 expellens
1368 1778 1640 1833 tenebras
1661 1791 1783 1847 quo
1814 1790 1856 1846 Β

110 1865 405 1938 deceptus
439 1872 564 1923 erat
594 1869 829 1930 erroris,
858 1886 995 1923 cum
1023 1868 1326 1923 oblatione
1354 1884 1415 1922 se
1445 1868 1621 1921 beato
1654 1869 1784 1920 Em-

112 1973 455 2012 merammo
510 1960 911 2029 praesentawit.
956 1960 1259 2014 humiliter
1309 1957 1590 2014 fratribus
1644 1956 1785 2011 deli-

112 2050 280 2100 ctum
314 2063 492 2101 suum
520 2049 857 2113 confessus,
890 2052 1068 2120 atque
1102 2047 1251 2103 inter
1297 2047 1620 2103 memorias
1652 2061 1783 2100 san-

112 2140 351 2191 ctorum
380 2137 638 2207 nudipes
685 2138 1040 2203 incedendo,
1070 2142 1193 2193 tam
1226 2137 1591 2193 laboriosam
1630 2138 1780 2191 inte—

111 2224 228 2279 rim
259 2226 742 2282 exercitationem
788 2244 1132 2299 perpessus,
1166 2231 1230 2281 ut
1273 2226 1509 2281 nullum
1539 2242 1610 2280 ex
1658 2241 1783 2280 om-

110 2314 293 2369 nibus
321 2314 610 2370 altaribus
627 2332 762 2388 quaa
781 2316 943 2389 apud
970 2333 1077 2371 nos
1106 2315 1421 2372 abundant
1436 2313 1782 2388 praetermit-

112 2408 261 2459 teret
286 2405 378 2459 cui
412 2405 655 2478 propria
686 2423 872 2461 manu
897 2407 1127 2461 donum
1156 2421 1277 2460 non
1296 2405 1647 2477 imponeret.
1681 2406 1781 2459 De-

112 2511 287 2549 mum
333 2500 468 2549 ante
501 2511 669 2551 aram
702 2496 1012 2551 clarissimi
1057 2495 1294 2568 patroni
1324 2495 1509 2551 nostri
1537 2512 1598 2550 se
1628 2494 1781 2550 ultra

111 2599 224 2638 nec
256 2582 337 2637 illi
367 2600 563 2655 neque
603 2584 725 2639 suis
760 2586 985 2656 aliquid
1020 2584 1162 2639 mali
1206 2586 1525 2652 facturum,
1560 2601 1666 2639 seu
1696 2600 1781 2638 re-

110 2672 229 2726 bus
258 2672 522 2728 ecclesiae
554 2673 738 2728 ullam
769 2674 889 2728 vim
922 2674 1226 2728 illaturum
1270 2690 1409 2728 cum
1436 2673 1780 2744 juramento

111 2760 371 2829 devovit,
402 2778 509 2816 nec
557 2778 677 2817 non
712 2762 823 2817 sub
859 2763 1104 2817 testibus
1135 2762 1531 2818 conﬁrmavit.
1564 2762 1780 2816 Vinum

111 2867 377 2923 quoque,
412 2851 573 2923 quod
608 2852 867 2922 partium
915 2868 1163 2906 suarum
1196 2852 1528 2907 fautoribus
1551 2852 1613 2906 in
1645 2867 1781 2905 con-

114 2940 275 2995 vivio
323 2958 383 2997 se
414 2942 700 2997 daturum
741 2943 1086 3015 spopondit,
1122 2942 1295 2997 nobis
1342 2959 1450 3014 pro
1496 2942 1779 2997 charitate

112 3029 298 3097 dedit,
329 3035 508 3103 atque
539 3032 725 3087 vitam
758 3049 931 3088 suam
964 3032 1352 3087 intentissime
1384 3032 1638 3088 orationi
1669 3031 1782 3087 fra-

115 3123 298 3174 terna:
331 3121 796 3177 commendavit.
820 3146 844 3170 ››

724 3213 1150 3268 Ammonicius.

192 3322 217 3347 ‹‹
238 3298 423 3355 Mirari
449 3300 589 3355 satis
620 3316 856 3372 nequeo
882 3318 1016 3373 quae
1048 3306 1211 3357 tanta
1238 3301 1311 3356 sit
1339 3301 1557 3357 duritia
1584 3300 1779 3356 cordis

115 3390 176 3445 in
208 3389 517 3445 aversione
548 3391 911 3455 mortalium,
938 3393 1052 3448 ista
1082 3392 1511 3463 ethujusmodi
1533 3407 1781 3462 magna-

115 3479 194 3534 lia
240 3478 569 3535 videntium
617 3485 673 3535 et
724 3480 1116 3545 audientium,
1154 3487 1216 3537 ut
1272 3482 1536 3538 audeant
1579 3481 1779 3537 tollere

118 3567 279 3622 bona
326 3572 691 3622 sanctorum.
735 3571 844 3623 Par
874 3586 1023 3623 meae
1070 3569 1348 3641 parvitati
1390 3570 1623 3624 videtur
1650 3570 1780 3623 haec

116 3656 548 3712 modernorum
595 3657 920 3729 pertinacia
952 3657 1030 3712 illi
1062 3658 1411 3713 Judzeorum
1442 3659 1779 3713 inveteratae

118 3744 421 3801 stoliditati
448 3763 583 3818 quze
630 3746 686 3800 in
719 3747 1003 3817 passione
1034 3747 1244 3802 Christi
1274 3764 1397 3802 non
1428 3747 1561 3802 sivit
1587 3763 1688 3801 eos
1719 3747 1779 3802 in

119 3834 326 3891 Filium
361 3833 460 3889 Dei
510 3833 771 3900 credere,
805 3851 943 3889 cum
976 3834 1252 3890 viderunt
1305 3851 1450 3891 saxa
1477 3834 1643 3903 ﬁndi,
1677 3851 1778 3889 ve-

115 3923 243 3979 lum
274 3922 482 3994 scindi,
518 3922 736 3977 crelum
763 3922 1139 3979 obtenebrari
1170 3942 1183 3991 ;
1234 3923 1357 3979 imo
1388 3928 1579 3979 totum
1610 3939 1781 3978 mun-

115 4012 263 4069 dum
308 4011 515 4084 Lapidi
562 4028 752 4084 quem
784 4014 1263 4085 reprobaverunt
1308 4017 1365 4068 et
1416 4014 1555 4082 Regi
1597 4029 1780 4085 quem

116 4101 495 4175 pertinaciter
542 4117 665 4158 non
716 4102 912 4158 solum
953 4102 1405 4172 abdicaverunt,
1453 4102 1559 4157 scd
1601 4102 1780 4159 etiam

117 4208 223 4265 per
241 4191 463 4264 iniquae
489 4190 708 4261 linguae
734 4192 1031 4264 judicium
1054 4192 1404 4264 turpissima
1426 4197 1616 4248 morte
1643 4208 1783 4248 con-

116 4280 572 4348 damnaverunt,
603 4280 802 4337 multis
834 4280 1029 4337 modis
1062 4280 1481 4354 conspicerent
1513 4280 1692 4336 subdi
1725 4283 1784 4336 et

116 4369 416 4428 famulari.
449 4393 475 4419 »

752 4460 1142 4516 Collectitz'us.

191 4552 364 4605 «Non
415 4554 522 4619 est,
568 4565 604 4604 o
649 4549 1005 4615 Ammonici,
1039 4550 1206 4622 quod
1252 4549 1511 4605 multum
1556 4548 1781 4605 debeas

121 4637 322 4696 mirari
387 4654 567 4710 super
632 4638 745 4693 hac
810 4639 1162 4695 sustinentia
1209 4638 1638 4695 dominationis
1681 4642 1785 4695 aut

121 4725 436 4785 ablationis
467 4726 680 4782 terreni
719 4743 825 4782 seu
855 4726 1175 4783 transitorii
1204 4727 1370 4795 boni,
1403 4727 1784 4801 quandoqui-

121 4817 258 4873 dem
286 4815 411 4888 ipse
444 4819 661 4871 Auctor
690 4815 964 4873 omnium
994 4816 1317 4885 bonorum,
1350 4820 1594 4890 propter
1626 4816 1783 4872 salu-

122 4910 238 4962 tem
282 4909 552 4961 nostram
584 4921 619 4960 a
647 4904 890 4960 diabolo
919 4908 1197 4974 tentatus,
1229 4908 1287 4960 et
1316 4905 1395 4961 ab
1424 4922 1494 4961 eo
1525 4905 1584 4961 in
1615 4922 1784 4961 mon-

122 4997 238 5049 tem
268 4994 570 5050 excelsum
608 4993 779 5049 valde
814 4991 1107 5062 sublatus,
1141 5008 1251 5049 nec
1290 5010 1413 5049 non
1459 4994 1537 5050 ab
1568 4994 1783 5050 eodem

124 5097 299 5154 super
313 5082 710 5155 pinnaculum
733 5082 941 5155 templi
962 5081 1302 5150 translatus,
1318 5083 1644 5139 novissime
1657 5082 1784 5156 qui-

124 5172 259 5229 dem
287 5171 365 5227 ab
396 5173 525 5243 ejus
556 5172 844 5229 membris
875 5177 1072 5245 sputa,
1106 5172 1415 5245 colaphos,
1446 5178 1502 5230 et
1520 5173 1780 5244 ﬂagella,

125 5266 179 5318 et
206 5265 416 5318 caetera
435 5278 570 5333 quae
594 5261 673 5316 ad
701 5261 1099 5331 ignominiam
1126 5262 1318 5317 crucis
1343 5263 1660 5336 pertinent,
1680 5279 1782 5335 pa-

124 5350 329 5407 tienter
355 5350 651 5413 sustinuit.
668 5352 889 5406 Memor
912 5351 1089 5406 etiam
1116 5367 1245 5406 esse
1272 5352 1456 5407 debes
1482 5352 1638 5407 illius
1659 5369 1784 5407 ver-

126 5456 242 5505 sus,
273 5455 458 5511 quem
488 5439 802 5496 Psalmista
829 5456 940 5512 pro
972 5441 1399 5509 consolatione,
1435 5442 1547 5497 sub
1574 5460 1782 5498 eorum

124 5544 378 5601 persona
398 5527 499 5601 qui
521 5528 582 5584 in
601 5544 880 5601 pressura
900 5536 1054 5597 sunt,
1073 5530 1309 5604 scriptis
1330 5532 1621 5588 interserit
1638 5533 1781 5603 suis,

125 5618 359 5674 dicens:
412 5619 704 5675 Sustinuit
746 5620 952 5677 anima
1006 5638 1142 5678 mea
1192 5622 1255 5678 in
1291 5623 1473 5680 verbo
1524 5622 1781 5695 Domini,

214 5713 340 5775 232)
379 5710 544 5764 Psal.
586 5727 777 5765 cxxnx.

216 5784 337 5852 233)
377 5782 521 5838 Luc.
556 5798 673 5837 xxi.

1890 522 2115 577 tionem
2144 521 2271 594 ipse
2306 524 2574 580 Salvator
2600 523 2662 579 in
2695 526 3018 596 Evangelia
3050 527 3386 597 conﬁrmat,
3417 543 3559 603 pro-

1887 610 2024 666 vide
2051 610 2130 667 ad
2158 611 2484 685 discipulos
2516 612 2723 668 dicens
2747 629 2761 668 :
2795 617 2859 669 In
2885 614 3173 687 patientia
3190 621 3390 674 vestra
3418 632 3558 691 pos.

1891 700 2157 756 sidebitis
2202 702 2437 758 animas
2484 707 2708 759 vestras
2739 704 2907 774 (233).
2952 707 3208 762 Putasne
3235 706 3403 780 quod
3431 722 3559 766 non

1890 794 2125 846 curaret
2170 791 2457 847 Dominus
2491 792 2836 849 mortalium
2884 798 3073 863 actus,
3105 796 3356 868 quando
3400 811 3558 870 pene

1889 896 1997 952 per
2027 883 2219 936 totum
2248 880 2548 937 mundum
2573 881 2910 956 proscripta
2931 887 3071 940 sunt
3090 883 3254 941 bona
3281 885 3557 944 Christia-

1890 970 2152 1023 norum?
2198 968 2400 1025 Absit!
2456 970 2639 1027 Crede
2672 971 2856 1027 mihi:
2907 976 3119 1029 neuter
3160 972 3420 1046 illorum,
3450 974 3558 1049 qui

1888 1058 2054 1113 bona
2084 1060 2305 1114 sanctis
2336 1059 2440 1114 dat
2469 1063 2575 1115 aut
2602 1059 2787 1129 dedit,
2811 1063 2867 1117 et
2896 1060 3144 1119 abstulit
3166 1066 3225 1119 et
3246 1063 3558 1121 ablaturus

1890 1146 2017 1215 erit,
2045 1147 2295 1218 praemio
2326 1146 2567 1203 carebit.
2601 1148 2787 1205 Judas
2815 1165 3060 1223 quoque
3088 1152 3409 1224 praemium
3448 1154 3559 1209 Do-

1890 1236 2123 1291 minicce
2164 1236 2515 1309 proditionis
2554 1238 2684 1309 jam
2732 1238 3040 1296 infeliciter
3070 1242 3358 1314 possedit,
3391 1246 3452 1299 et
3494 1242 3555 1299 in

1890 1330 2179 1381 aeternum
2228 1326 2519 1383 infelicius
2573 1343 2963 1401 possessnrus
3015 1330 3141 1387 erit.
3194 1334 3366 1388 Latro
3411 1346 3557 1390 vero

1892 1431 2015 1470 sum
2042 1415 2434 1471 confessionis
2455 1417 2866 1474 vicissitudine
2890 1419 3234 1489 gratissima
3258 1421 3556 1478 remedia-

1890 1502 2007 1557 bile
2056 1504 2368 1575 praemium
2393 1504 2523 1576 jam
2553 1506 2801 1579 accepit,
2834 1522 2905 1564 ac
2933 1505 2996 1564 in
3038 1512 3397 1582 perpetuum
3428 1508 3555 1566 feli-

1892 1593 2125 1650 cissime
2157 1594 2474 1651 habiturus
2516 1595 2643 1652 erit.
2670 1617 2698 1645 ››

2504 1685 2931 1743 Ammonicius.
3284 1732 3301 1749 κ

1964 1795 1989 1821 ‹‹
2023 1774 2280 1841 Ingentis
2328 1774 2599 1831 miraculi
2628 1775 3026 1848 descriptione
3054 1777 3275 1851 pariter
3312 1783 3369 1835 et
3410 1796 3555 1853 que-

1888 1862 2095 1917 relosae
2128 1863 2559 1920 mussitationis
2600 1864 2977 1923 absolutione
3016 1867 3166 1923 mihi
3214 1872 3272 1925 et
3311 1868 3427 1925 illis
3458 1886 3553 1927 sa-

1888 1952 2189 2007 tisfactum
2219 1968 2346 2007 esse
2377 1952 2624 2011 minime
2652 1954 2932 2025 diiﬁteor,
2976 1956 3126 2030 quin
3155 1957 3336 2016 etiam
3371 1958 3552 2033 plane

1890 2040 1970 2096 ob
1999 2040 2062 2096 id
2091 2040 2279 2097 fateor
2307 2042 2453 2115 quia
2492 2044 2816 2101 certissime
2843 2046 2966 2102 scio
3013 2046 3353 2105 nullatenus
3376 2064 3556 2123 posse

1886 2131 2126 2198 mutari,
2178 2132 2483 2205 corrumpi
2536 2133 2630 2190 vel
2678 2134 2801 2191 falli
2842 2138 3069 2208 Regem
3112 2153 3363 2209 regum:
3417 2139 3555 2199 Mihi

1887 2219 2215 2277 vindictam
2242 2226 2296 2277 et
2322 2237 2435 2291 ego
2463 2223 2793 2281 retribuam
2821 2225 2994 2297 (234).
3022 2248 3051 2276 ››

2520 2313 2917 2372 Collectitius.

1961 2420 1988 2447 «
2012 2397 2222 2454 Adhuc
2247 2399 2557 2473 aliquanto
2581 2401 2827 2475 longius
2852 2402 2917 2461 in
2945 2403 3301 2477 hujusmodi
3322 2410 3555 2465 senten-

1890 2487 1967 2542 tia
1996 2489 2506 2559 progrediendum
2536 2495 2657 2560 est;
2707 2508 2854 2549 nam
2891 2498 3220 2570 nostrapte,
3249 2496 3356 2572 qui
3395 2494 3555 2556 Chri-

1888 2576 2031 2632 tiani
2056 2576 2313 2634 dicimur
2339 2594 2468 2634 esse
2508 2585 2565 2636 et
2596 2580 2916 2651 debemus,
2947 2598 3074 2640 non
3105 2585 3305 2643 solum
3333 2600 3437 2644 ore
3464 2585 3555 2643 di-

1886 2665 2167 2733 cendum,
2188 2668 2291 2722 sed
2322 2668 2500 2724 etiam
2526 2669 2816 2741 proximis
2841 2670 2956 2727 tale
2984 2671 3348 2730 beneﬁcium
3371 2674 3551 2731 corde

1886 2758 2058 2810 tenus
2089 2760 2177 2810 est
2203 2756 2681 2828 impendendum
2700 2762 2768 2815 ut
2784 2759 2889 2832 qui
2904 2759 3081 2816 nobis
3107 2761 3447 2831 maledicat,
3477 2761 3555 2818 si-

1885 2861 1959 2900 ve
1986 2845 2133 2917 quid
2163 2845 2306 2901 mali
2335 2846 2534 2918 faciat,
2551 2853 2851 2921 quantum
2880 2848 2962 2905 ad
2990 2865 3121 2923 nos,
3144 2851 3552 2910 maledictioni

1889 2936 2135 2991 minime
2159 2936 2486 3007 subjaccat,
2501 2953 2731 3007 verum,
2750 2939 3167 2999 benedictione
3188 2958 3261 3000 ac
3279 2942 3550 3001 oratione

1887 3024 2159 3080 fraternae
2200 3026 2501 3081 charitatis
2546 3027 2810 3099 adjutus,
2842 3045 2879 3085 a
2928 3036 3120 3088 morte
3161 3036 3551 3105 peccatorum

1811 3145 1851 3200 Ο
1888 3114 2219 3182 reviviscat,
2249 3115 2462 3172 virtute
2506 3116 2712 3174 divina
2751 3117 2813 3174 in
2843 3117 3056 3176 callem
3086 3119 3295 3178 salutis
3323 3121 3556 3180 restitw

1888 3210 2005 3261 tus.
2034 3206 2224 3277 Hujus
2248 3206 2331 3262 rei
2365 3208 2555 3277 gratia
2584 3208 2675 3264 his
2704 3209 2810 3282 qui
2838 3225 2963 3266 non
2992 3210 3397 3284 dedignantur
3418 3228 3553 3288 par-

1886 3296 2083 3351 vitatis
2113 3313 2263 3352 meae
2283 3296 2476 3366 legere
2502 3298 2743 3372 scripta,
2760 3299 2957 3371 placet
2976 3300 3103 3358 istic
3132 3319 3324 3359 unum
3353 3319 3554 3361 exem-

1887 3386 2059 3458 plum
2110 3386 2407 3443 innectere
2446 3388 2521 3443 de
2552 3392 2792 3445 Patrum
2819 3390 2962 3453 vita.
2993 3408 3117 3464 quo
3147 3396 3205 3449 et
3247 3393 3553 3468 patientiae

1885 3475 2402 3546 pernecessarium
2448 3476 2682 3533 bonum
2731 3477 3039 3550 probetur,
3070 3483 3129 3536 et
3172 3497 3205 3537 e
3252 3483 3552 3541 contrario

1887 3562 2248 3618 exsecrabile
2278 3562 2508 3619 malum
2536 3563 2921 3635 impatientia
2951 3565 3326 3639 reprobetur.
3348 3591 3381 3620 π

2504 3653 2931 3710 Ammonicz'us.

1960 3764 1988 3789 ‹‹
2014 3740 2198 3795 Valde
2248 3740 2387 3796 utile
2441 3757 2569 3797 esse
2609 3746 2676 3799 ut
2720 3743 2958 3802 studeat
3001 3745 3117 3819 piis
3144 3746 3439 3821 exemplis
3469 3748 3550 3806 ad

1886 3829 2118 3885 bonum
2166 3830 2303 3902 quis
2332 3831 2645 3902 provocari
2675 3837 2779 3889 aut
2806 3835 3087 3904 converti,
3121 3836 3241 3893 sive
3271 3837 3347 3894 de
3384 3837 3556 3896 malo

1887 3920 2091 3988 averti,
2140 3922 2547 3993 experimento
2596 3922 2917 3980 didicimus
2961 3926 3138 3984 etiam
3188 3927 3379 4001 pueri.
3414 3931 3557 3986 Pro-

1886 4014 2091 4082 pterea
2118 4010 2233 4065 tale
2265 4009 2492 4084 aliquid
2516 4012 2768 4069 libenter
2787 4015 2972 4072 modo
2997 4016 3205 4073 audire
3234 4034 3344 4075 seu
3358 4018 3551 4077 curio-

1887 4099 2055 4155 sitate
2083 4099 2249 4157 haud
2278 4099 2647 4159 infructuosa
2672 4104 2865 4176 parati
2892 4122 3105 4163 sumus
3132 4107 3349 4181 legere.
3377 4132 3405 4162 ››

2522 4194 2913 4251 Collectitius.

1960 4302 1989 4329 ‹‹
2022 4280 2280 4346 Quidam
2332 4280 2584 4338 fratrum
2632 4286 2901 4358 tempore
2958 4290 3214 4359 vetusto,
3257 4289 3421 4346 venit
3467 4290 3552 4348 ad

1888 4370 2219 4442 quemdam
2275 4372 2514 4426 Patrum
2567 4371 2875 4431 Abraham
2917 4374 3065 4434 forte
3107 4382 3548 4452 nuncupatum,

1808 4499 1855 4554 Β
1889 4459 2024 4554 qui-
2046 4459 2176 4554 jam
2229 4458 2782 4554 inter-servosDei
2826 4463 3176 4554 habebatur
3228 4468 3425 4525 clarus
3476 4486 3552 4528 ex

1889 4548 2249 4622 perfectione
2300 4547 2608 4605 virtutum.
2642 4550 2786 4606 Huic
2820 4550 2973 4609 inter
3001 4559 3245 4613 caeteras
3284 4558 3554 4616 tentatio-

1889 4655 2037 4694 num
2077 4636 2402 4694 anxietates
2454 4637 2647 4695 isdem
2697 4638 2879 4696 frater
2906 4647 3157 4715 questus
3186 4649 3275 4703 est
3302 4646 3547 4706 dicens:

1894 4726 2142 4800 Spiritus
2174 4726 2560 4800 impatientia:
2591 4743 2662 4786 ac
2702 4729 2997 4803 superbiae
3034 4731 3189 4790 adeo
3234 4751 3331 4792 me
3358 4735 3554 4813 impu-

1891 4820 2036 4887 gnat
2069 4820 2132 4873 ut
2160 4820 2284 4874 tam
2310 4832 2608 4890 perversae
2639 4819 2789 4892 pesti
2818 4835 2944 4877 non
2973 4822 3203 4895 possim
3229 4825 3396 4883 nullo
3426 4842 3557 4885 mo-

1889 4906 1968 4962 do
1995 4905 2301 4976 resistere;
2334 4905 2481 4979 quin
2514 4906 2562 4962 si
2589 4908 2726 4982 quis
2749 4908 2898 4966 mihi
2915 4909 3203 4982 injuriam
3223 4911 3426 4973 fecerit
3448 4916 3553 4973 ali-

1889 5012 2098 5069 quam,
2129 5012 2231 5053 ore
2258 5000 2361 5053 aut
2393 5012 2583 5054 manu
2616 4998 2870 5056 reddam
2900 5000 2954 5056 ei
2979 5000 3287 5073 talionem,
3317 5002 3398 5062 ob
3427 5022 3557 5065 ma-

1888 5084 2145 5142 levolam
2172 5084 2470 5158 siquidem
2498 5090 2556 5143 et
2581 5087 2876 5145 insulsam
2905 5091 3419 5152 communionem.
3447 5095 3556 5154 Cui

1889 5175 2198 5247 respondit
2255 5192 2471 5232 senex:
2530 5177 2849 5250 Apostolus
2914 5180 3183 5255 praecipit
3250 5182 3554 5261 ﬁdelibus,

1889 5265 2013 5320 imo
2042 5281 2150 5338 per
2191 5264 2549 5339 Apostolum
2593 5266 2893 5324 Christus:
2952 5269 3008 5325 Si
3038 5271 3175 5343 quis
3204 5289 3309 5331 vos
3359 5274 3423 5332 in
3473 5276 3559 5336 fa-

1892 5354 2044 5409 ciem
2093 5353 2289 5422 credit,
2324 5353 2373 5408 si
2414 5355 2551 5426 quis
2598 5372 2705 5411 vos
2756 5354 3028 5428 devorat,
3067 5359 3115 5414 si
3164 5362 3300 5434 quis
3341 5366 3560 5423 mundi

1893 5442 2295 5499 substantiam
2358 5442 2535 5515 tollit,
2602 5445 2897 5517 patienter
2976 5448 3247 5522 suﬂ‘erte,
3314 5464 3561 5530 propter

1893 5548 2033 5587 eum
2079 5531 2185 5603 qui
2237 5531 2442 5587 dilexit
2489 5549 2599 5589 nos
2644 5535 2813 5607 (235).
2848 5537 2917 5593 Et
2953 5536 3213 5596 iterum:
3267 5544 3559 5604 Patient9s

1895 5625 2081 5678 estote
2102 5621 2182 5676 ad
2208 5637 2600 5690 omnes,nam
2626 5624 2913 5697 patientia
2938 5627 3093 5702 parit
3116 5630 3559 5704 probationem,

1970 5713 2058 5781 (23
2074 5714 2121 5771 il
2160 5712 2327 5768 Rom.
2361 5728 2462 5768 xu.

1971 5787 2120 5855 (235)
2160 5785 2226 5839 II
2250 5784 2389 5840 Cor.
2423 5799 2497 5840 v1.
