3968 6394
433 298 562 355 1071

1489 276 1799 332 ARNOLDI
1840 270 2440 328 EMMERAMMENSIS
2482 271 2817 327 MONACHI.

3767 267 3915 323 1072

427 418 704 495 probatio
762 429 895 470 vero
942 425 1134 483 spem,
1174 422 1311 477 spes
1358 406 1557 458 autem
1602 414 1723 454 non
1775 394 2088 453 confundit
2124 396 2167 446 Α
2211 398 2336 448 tum
2364 394 2653 451 exercitiis
2701 399 3088 468 przepararet,
3121 397 3384 448 montem
3419 392 3774 464 quemdam
3814 409 3915 465 pe-

428 488 598 581 t236).
623 511 771 564 Tum
796 504 975 558 fratre
1002 514 1108 571 per
1133 494 1482 551 induratum
1511 506 1609 544 cor
1636 489 1919 543 dirutente
1940 488 1982 537 Α
1994 502 2093 557 ρυ-

429 573 572 656 εῐοΙῖ
606 596 792 652 verba
849 608 912 647 se
969 587 1312 644 nullatenus
1367 597 1471 653 per
1530 577 1875 651 patientiam
1926 573 2094 646 sequi

427 704 630 763 posse,
663 683 809 740 dixit
836 695 1019 735 senex
1048 694 1060 731 :
1114 673 1421 731 ()randum
1471 674 1559 725 est
1590 666 2003 731 intentissime,
2034 667 2097 717 ut

428 754 717 833 Dominus
759 772 1039 839 dignetur
1066 766 1224 821 hanc
1270 760 1553 817 duritiam
1600 758 1795 812 cordis
1841 754 2092 810 auferre.

426 872 696 937 Cumque
724 862 952 918 orasset
994 870 1196 921 senex,
1231 850 1447 906 eodem
1479 848 1655 902 fratre
1683 843 1981 907 audiente,
2017 839 2093 896 ad

427 929 749 1010 Dominum
780 948 928 1004 dixit
957 942 1290 1001 humillime
1321 958 1333 994 :
1369 937 1639 1004 Domine,
1673 951 1794 989 non
1828 949 1890 988 es
1922 929 2096 985 nobis

425 1042 820 1101 necessarius.
858 1041 999 1092 Ecce
1044 1050 1154 1088 nos
1201 1028 1477 1085 homines
1530 1022 1914 1097 impatientia!
1956 1018 2095 1074 vitio

423 1134 695 1191 resistere
740 1128 1032 1189 nolentes,
1068 1123 1126 1177 in
1155 1123 1447 1194 potestate
1487 1120 1691 1170 nostra
1736 1113 1864 1167 sine
1902 1116 1950 1166 te
1981 1114 2095 1164 sta-

426 1223 651 1279 tuimus
704 1216 908 1275 omnia
962 1214 1176 1268 facere.
1223 1208 1313 1263 Ad
1364 1222 1549 1279 quem
1605 1216 1944 1257 sermonem
1999 1196 2094 1253 ille

422 1311 604 1367 frater
634 1310 752 1361 Deo
782 1305 1044 1359 donante
1077 1300 1156 1353 ita
1188 1295 1383 1351 subito
1430 1296 1695 1347 imitatus
1722 1294 1779 1344 ct
1804 1301 2094 1359 compun-

425 1404 553 1455 ctus
585 1401 691 1463 est,
724 1398 788 1449 ut
826 1408 947 1447 non
999 1387 1184 1443 modo
1236 1400 1441 1439 coram
1496 1396 1633 1435 sene
1667 1396 1772 1452 per
1801 1376 2093 1450 ptenitcn-

424 1488 569 1543 tiam
602 1481 985 1546 satisfaceret,
1020 1492 1201 1549 super
1230 1472 1471 1529 insolita
1497 1472 1711 1525 mentis
1743 1463 2091 1522 obstinatio-

423 1592 497 1632 ne
527 1572 895 1636 humiliatus,
928 1567 1035 1623 sed
1073 1564 1356 1620 universa
1401 1558 1798 1615 tentationum
1843 1570 2091 1609 suarum

420 1661 838 1737 pertubatione
866 1656 1093 1724 sedata,
1123 1651 1471 1709 abscederet
1501 1647 1863 1703 melioratus.
1898 1668 1920 1689 ››

1049 1836 1091 1887 Α
1106 1830 1475 1888 mmonicz'us.

494 2008 517 2033 υ
563 1986 683 2039 Deo
715 1979 956 2051 gratias,
989 1975 1133 2049 quia
1178 1970 1465 2046 patientia
1496 1968 1603 2023 viri
1640 1966 1735 2021 Dei
1768 1980 1872 2037 per
1903 1961 2089 2017 medi-

420 2074 620 2129 cinam
666 2049 966 2126 ccelestem
1014 2062 1315 2119 medicata
1360 2062 1447 2113 est
1476 2054 1860 2128 impatientiae
1894 2049 2089 2107 fratris

419 2160 661 2218 inﬁrmi.
696 2162 861 2215 Nunc
883 2170 1048 2223 ergo,
1077 2151 1221 2224 quia
1248 2148 1645 2204 tentationum
1679 2140 1909 2213 antiqui
1942 2144 2089 2194 tem-

418 2249 583 2324 poris
632 2246 999 2303 mentionem
1050 2238 1255 2303 fecisti,
1304 2253 1372 2293 ex
1425 2232 1741 2290 secretario
1790 2227 2089 2285 charitatis

418 2314 768 2393 dulcissimo
818 2332 1145 2402 agilitatem
1192 2332 1359 2383 tuam
1407 2324 1660 2379 educere
1711 2316 2008 2383 convenit,
2042 2314 2089 2370 si

418 2425 556 2499 quis
606 2420 977 2495 temporibus
1027 2417 1155 2473 istis
1209 2431 1279 2470 ex
1330 2426 1583 2469 numero
1634 2407 1900 2463 fidelium
1947 2404 2089 2473 Regi

416 2531 633 2587 regum
661 2510 882 2570 alicubi
912 2506 1296 2565 militantium
1320 2506 1442 2559 tam
1467 2500 1725 2556 validam
1757 2502 1813 2552 et
1844 2510 2087 2561 gravem

420 2602 807 2662 tentationem
840 2595 1171 2655 incurrerit.
1204 2621 1228 2641 ι»

1057 2766 1449 2823 Callet-titius.

493 2943 519 2968 ‹‹
546 2922 673 2974 Non
699 2919 790 2971 est
815 2913 1069 2969 dubium
1100 2909 1248 2982 quin
1294 2907 1492 2964 adhuc
1532 2902 1810 2959 diabolus
1840 2897 2085 2955 easdem

415 3010 571 3064 artes
599 3004 821 3059 habeat
848 3017 1002 3072 quas
1050 2997 1310 3068 antiquis
1350 2991 1723 3065 temporibus
1770 2988 2081 3049 habuerat,

414 3096 541 3151 imo
574 3096 734 3147 certo
764 3089 979 3145 certius
1030 3084 1400 3141 credendum
1449 3086 1536 3136 est
1580 3078 1744 3150 quod
1788 3075 2084 3145 benignus

414 3187 587 3240 Jesus
615 3181 677 3235 in
703 3179 1028 3234 electorum
1060 3190 1305 3229 suorum
1350 3169 1693 3225 defensione
1721 3164 1947 3236 antiqui
1976 3164 2082 3218 ho—

418 3274 523 3329 stis
553 3266 1008 3341 deceptionibus
1040 3261 1390 3319 resistendo.
1416 3258 1586 3313 solita
1608 3273 1793 3328 usque
1816 3255 1877 3309 in
1897 3254 2078 3308 linem

418 3361 621 3418 seaculi
671 3360 828 3415 circa
876 3374 1018 3411 suos
1070 3358 1268 3409 utatur
1313 3348 1646 3405 clementia.
1683 3350 1923 3417 Propter
1970 3346 2081 3398 hoc

414 3453 593 3508 etiam
623 3447 773 3505 nulli
803 3446 1069 3501 lidelium
1102 3444 1210 3498 erit
1239 3438 1670 3508 ambigemlum
1702 3452 1858 3489 nunc
1882 3450 2080 3488 servos

412 3542 532 3608 Dei,
575 3537 745 3595 sicuti
773 3534 1069 3610 primitus,
1100 3531 1301 3587 multis
1334 3528 1531 3583 modis
1560 3545 1592 3581 a
1624 3523 1863 3579 diabolo
1895 3527 2078 3578 tenta-

407 3630 477 3698 ri,
511 3646 580 3686 ac
612 3643 782 3701 aeque
814 3629 879 3680 ut
910 3630 1048 3679 tunc
1080 3621 1157 3677 ab
1189 3618 1421 3690 generis
1456 3615 1703 3671 humani
1740 3617 2078 3684 reparatore

407 3720 559 3775 inter
580 3716 776 3773 varias
811 3711 1205 3770 tentationum
1234 3708 1615 3778 tempestates
1650 3701 1895 3757 eosdem
1928 3716 2081 3754 scm-

404 3824 513 3882 per
559 3812 616 3864 et
656 3805 881 3876 ubique
925 3798 1242 3857 defensari.
1277 3795 1449 3862 Quod
1501 3798 1563 3849 ut
1610 3789 1943 3847 evidentius
1995 3787 2081 3843 di-

405 3878 748 3966 gnoscatur,
782 3908 817 3947 o
849 3887 1205 3952 Ammonici,
1258 3889 1314 3939 ct
1362 3882 1493 3938 aliis
1548 3878 1901 3951 hujusmodi
1948 3894 2075 3933 rem

404 3999 528 4039 non
574 3977 1059 4051 despicientibus,
1096 3973 1438 4030 narratione
1480 3966 1873 4040 subsequenti
1922 3964 2073 4021 veri-

405 4078 496 4129 tas
530 4069 817 4126 tradatur.
851 4091 873 4114 ι)

476 4186 501 4213 α
532 4156 992 4231 Estquidam,ut
1016 4154 1266 4219 aestimo,
1297 4150 1495 4206 adhuc
1523 4149 1583 4203 in
1611 4149 1724 4202 hac
1750 4146 1868 4201 vita
1892 4161 2072 4200 senex

398 4250 735 4318 religiosus,
760 4263 831 4301 ex
860 4245 1013 4300 laico
1040 4257 1387 4306 conversus,
1412 4236 1658 4293 nomine
1684 4234 2069 4301 Guntharius,

399 4339 505 4413 qui
535 4337 698 4411 apud
732 4334 1023 4390 saeculum
1064 4329 1393 4403 aliquando
1444 4344 1514 4383 ex
1550 4342 1749 4381 rerum
1780 4324 1954 4395 copia
1989 4327 2071 4378 tu-

401 4412 598 4499 mens,
631 4431 687 4482 et
739 4423 1043 4480 nobilitate
1094 4420 1327 4489 generis
1372 4431 1701 4472 vanescens
1733 4412 1949 4469 exstitit
1981 4429 2073 4465 su-

396 4518 621 4592 perbiae
654 4516 831 4582 ﬁlius,
864 4513 970 4569 sed
1014 4527 1121 4585 per
1167 4506 1645 4565 misericordiam
1685 4504 1786 4560 Dei
1818 4506 1954 4576 post
1983 4502 2070 4557 fa-
2123 4540 2126 4545 -

398 4613 526 4663 ctus
548 4612 635 4662 est
660 4610 783 4661 tam
806 4601 1048 4659 humilis
1080 4599 1439 4667 monachus,
1464 4600 1531 4651 ut
1550 4593 1762 4650 merito
1791 4608 1915 4647 non
1936 4607 2071 4664 pos-

396 4697 511 4752 sim
542 4699 646 4753 aut
672 4694 929 4750 debeam
979 4690 1055 4745 illi
1090 4702 1441 4760 comparare
1473 4684 1661 4741 ullum
1694 4682 1875 4737 nostri
1920 4687 2066 4736 tem-

394 4786 557 4859 poris
591 4783 1005 4845 cucullarium,
1039 4780 1113 4834 de
1143 4778 1405 4833 vanitate
1450 4772 1651 4829 szeculi
1683 4786 2062 4827 conversum.

400 4881 449 4931 Is
482 4876 740 4948 primum
796 4871 908 4927 sub
941 4866 1321 4924 (lothehardo
1356 4862 1770 4918 Altahcusium
1822 4860 2062 4925 abbate,

394 4964 558 5020 omni
584 4961 869 5035 patientia
897 4964 951 5014 et
983 4956 1355 5027 subiectione
1382 4951 1690 5025 probatus,
1719 4949 1897 5021 erepit
1918 4946 2067 5003 desi-

393 5056 603 5110 derare
637 5052 859 5109 altioris
899 5051 1027 5104 vitse
1060 5047 1273 5102 callem
1306 5044 1601 5100 incedere.
1633 5041 1794 5097 Unde
1819 5046 1873 5095 et
1896 5039 2069 5095 lieen-

399 5145 474 5200 tia
498 5164 531 5199 a
564 5147 727 5199 Patre
752 5138 1092 5196 monasterii
1120 5138 1387 5208 accepta,
1407 5132 1736 5188 solitariam
1760 5131 1942 5186 vitam
1967 5146 2068 5200 ag—

395 5250 634 5303 gressus
655 5237 774 5297 est;
808 5230 884 5286 ad
904 5245 1088 5301 quam
1114 5227 1315 5283 divino
1338 5224 1409 5279 ad
1415 5222 1637 5293 jutorio
1664 5220 2067 5291 peragendam

398 5327 456 5374 ut
487 5336 547 5371 se
578 5318 823 5390 spiritali
871 5316 1101 5370 cautela
1128 5314 1433 5388 probaret,
1466 5311 1860 5380 animumque
1897 5309 2068 5363 virtu-

469 5464 615 5523 tliltij;
663 5463 819 5510 Hom.
857 5476 874 5511 \
895 5500 905 5511 .

472 5532 619 5593 (237‘)
654 5528 897 5604 lttilliare
942 5528 1277 5604 Seriverieis
1332 5528 1385 5581 in
1454 5529 1574 5604 not.
1623 5541 1759 5589 ms.;
1812 5522 2068 5576 observo

401 5606 600 5651 tanmn
635 5594 939 5671 diversum
992 5600 1173 5671 fuisse
1206 5600 1385 5663 hujus
1416 5596 1576 5671 vocis
1611 5612 1809 5661 usum,
1843 5593 2067 5671 quippe

400 5663 776 5743 temporibus
831 5667 1169 5743 Hieronymi
1218 5667 1636 5743 luitmilliare;
1688 5684 1825 5720 naui
1862 5663 2065 5718 sicille

397 5736 842 5793 commentatur
857 5736 913 5787 iu
932 5736 1184 5793 Joelem:
1214 5739 1395 5794 Latini
1419 5739 1803 5806 milleprzssus
1824 5738 2058 5799 vocant,

2210 483 2312 548 tiit,
2337 500 2516 556 quem
2543 504 2578 541 a
2602 486 2849 558 praefato
2873 484 3150 540 C(l‘nOl)lO
3186 499 3303 538 una
3335 482 3520 537 ferme
3543 488 3723 538 rasta
3750 490 3890 545 ('23?

2207 571 2525 627 distantem
2558 572 2784 629 idioma
2812 573 3219 628 ’I‘heustiscum
3251 572 3516 641 Bacinga
3534 572 3670 641 jam
3694 574 3909 627 nomi-

2208 662 2388 717 navit.
2429 668 2490 717 tn
2522 680 2645 735 quo
2674 680 2827 736 pene
2860 680 2966 735 per
2993 668 3109 718 tres
3142 678 3336 717 annos
3368 662 3743 725 consistens,
3774 680 3908 717 mo-

2204 750 2339 805 dico
2361 751 2517 806 victu
2543 768 2612 807 ac
2639 751 2977 808 humillimo
3000 751 3211 807 habitu
3234 767 3543 823 parvaque
3569 750 3736 806 cella
3763 768 3907 805 con-

2206 844 2399 895 tentus
2429 846 2571 897 erat.
2608 842 2789 912 Cujus
2821 841 3073 896 arduam
3117 840 3304 894 vitam
3336 856 3475 894 cum
3516 839 3909 895 mirarentur

2205 930 2498 998 nonnulli,
2534 931 2930 987 adventantes
2985 947 3124 985 cum
3176 929 3388 998 xeniis,
3424 930 3763 996 Christum,
3802 930 3905 1001 qui

2204 1025 2450 1091 propter
2500 1037 2610 1075 nos
2665 1022 2857 1076 factus
2888 1026 2975 1075 est
3018 1020 3284 1087 humilis,
3320 1019 3381 1073 in
3414 1036 3523 1074 suo
3553 1018 3907 1074 visitabam

2205 1124 2273 1164 ac
2306 1110 2751 1165 venerabantur
2794 1126 2987 1165 servo.
3030 1113 3190 1165 Tunc
3236 1109 3330 1164 ille
3382 1109 3595 1164 timens
3644 1125 3731 1164 ne
3794 1108 3907 1163 fre-

2203 1198 2448 1269 quentia
2477 1198 2686 1271 populi
2711 1198 3034 1265 etgloriola
3065 1198 3265 1254 saeculi
3289 1197 3400 1253 sibi
3429 1197 3542 1253 sub
3573 1198 3799 1269 specie
3828 1214 3905 1251 re-

2202 1287 2439 1353 ligionis
2469 1289 2615 1361 quid
2647 1290 2720 1343 de
2751 1289 2904 1344 veris
2936 1288 3269 1362 subriperet
3298 1293 3403 1344 aut
3442 1287 3756 1343 minueret
3792 1286 3899 1342 bo-

2204 1377 2313 1441 nis,
2349 1377 2583 1447 fugiens
2612 1378 2750 1433 inde
2783 1378 3024 1433 secessit
3052 1379 3112 1433 in
3140 1394 3411 1433 eremum
3460 1394 3597 1449 quae
3624 1382 3901 1432 vocatur

2202 1467 2512 1538 Aquilonis
2541 1467 2718 1536 Silva,
2753 1473 3055 1523 certamen
3105 1466 3406 1535 singulare
3456 1466 3518 1521 iu
3566 1483 3639 1521 ea
3674 1471 3899 1521 contra

2200 1555 2511 1611 diabolum
2557 1555 2795 1611 viriliter
2856 1562 3252 1629 pugnaturus.
3315 1556 3444 1620 Qua
3494 1560 3558 1610 ut
3609 1554 3898 1626 primum

2202 1645 2557 1700 constitutus
2578 1645 2679 1700 Dei
2698 1645 2960 1701 famulus
2974 1644 3341 1700 ercmiticam
3362 1644 3543 1699 vitam
3566 1643 3896 1699 ruchatica

2131 1748 2173 1800 Β
2206 1734 2294 1789 vel
2326 1734 2573 1807 spiritali
2605 1735 2973 1791 consecravit
3028 1734 3254 1802 militia,
3291 1733 3648 1789 tentationcs
3680 1732 3895 1788 varias

2201 1827 2258 1877 et
2302 1822 2519 1878 multas
2569 1828 2747 1895 atque
2799 1839 3007 1889 graves
3059 1837 3381 1893 perpessus
3433 1826 3542 1875 est.
3579 1823 3619 1875 Ε
3652 1820 3893 1893 quibus

2202 1928 2408 1979 unam,
2441 1928 2577 1983 quae
2626 1912 2815 1967 relatu
2872 1911 3062 1966 veraci
3119 1908 3393 1981 parvitati
3451 1925 3598 1963 mete
3663 1910 3736 1964 in
3793 1926 3892 1964 nr»

2201 2001 2385 2056 titiam
2430 2001 2607 2070 venit,
2642 2001 2720 2055 ad
2775 2000 3080 2055 utilitatem
3133 1998 3459 2069 legentium
3508 2014 3675 2053 nunc
3739 2017 3892 2071 prae-

2200 2091 2455 2146 scribere
2510 2091 2772 2159 tentabo,
2806 2093 2941 2161 post
2998 2087 3304 2143 modicum
3358 2092 3594 2158 tempus
3627 2088 3765 2144 vita
3798 2107 3891 2144 eo.

2199 2182 2341 2236 mite
2402 2181 2582 2236 aliam
2670 2179 3000 2247 graviorem
3089 2177 3554 2249 subscripturus.
3628 2179 3889 2234 Hicmali

2200 2272 2365 2343 atqui
2396 2275 2685 2341 tempore,
2719 2285 2841 2340 quo
2875 2268 3027 2321 ultra
3056 2266 3295 2322 solitum
3324 2266 3639 2322 Noricense
3675 2268 3887 2323 solum

2199 2364 2288 2415 est
2316 2359 2713 2414 immensitate
2762 2374 2867 2412 seu
2906 2356 3132 2411 nivium
3183 2356 3472 2411 densitate
3504 2361 3885 2421 contectum,

2199 2448 2412 2505 accidit
2439 2448 2725 2521 praedicto
2762 2446 2858 2501 Dei
2908 2445 3133 2500 famulo
3180 2444 3494 2517 quoddam
3542 2446 3727 2518 quasi
3779 2464 3885 2519 pa-

2197 2536 2449 2593 ltestrale
2521 2541 2911 2595 tormentum.
2984 2535 3105 2590 imo
3167 2534 3498 2607 probabilis
3570 2534 3884 2607 patientiae

2200 2642 2401 2682 verum
2459 2642 2527 2680 ac
2580 2623 2917 2680 venerabile
2976 2623 3448 2678 condimentum.
3511 2626 3659 2678 Nam
3733 2640 3881 2679 cum

2199 2732 2318 2788 prae
2379 2714 2679 2769 nimietate
2750 2710 2928 2767 nivali
3008 2711 3304 2766 continuis
3380 2726 3600 2766 novem
3652 2710 3880 2767 diebus

2194 2820 2385 2877 panes
2438 2802 2519 2858 illi
2588 2803 2660 2857 de
2729 2800 3094 2856 monasterio
3158 2798 3492 2855 secundum
3544 2806 3878 2857 consuetu-

2194 2892 2397 2947 dinem
2442 2891 2759 2963 nequirent
2814 2888 3030 2953 aiterri,
3072 2904 3270 2959 neque
3321 2886 3561 2943 aliunde
3617 2886 3698 2941 ab
3752 2886 3876 2941 ullo

2193 2982 2512 3037 hominum
2543 2980 2679 3035 illuc
2708 2983 2957 3051 possent
2984 2977 3323 3044 transmitti,
3358 2993 3550 3047 neque
3577 2975 3732 3047 ipse,
3759 2976 3874 3031 ἰω-

2125 3074 2164 3128 C
2194 3071 2468 3144 pedientc
2522 3070 2798 3141 proxima
2846 3067 3141 3122 incolatus
3187 3066 3471 3135 novitate,
3505 3065 3737 3137 aliquid
3796 3064 3873 3119 ibi

2194 3160 2532 3216 laboratum
2567 3159 2812 3213 haberet
2843 3156 3002 3211 unde
3030 3156 3314 3211 alimenta
3354 3171 3587 3210 sumere
3618 3155 3871 3221 valeret,

2195 3250 2370 3305 trium
2404 3248 2634 3303 dierum
2688 3247 2887 3302 inedia
2939 3248 3207 3315 allectus,
3241 3249 3455 3318 quarta
3485 3244 3600 3311 die,
3636 3249 3873 3299 tentare

2192 3338 2512 3393 Dominum
2563 3336 2791 3397 nolens,
2829 3352 2898 3389 ex
2951 3333 3182 3403 glaciali
3240 3333 3639 3405 profunditate
3687 3333 3871 3403 nivis,

2190 3446 2321 3501 quae
2343 3428 2469 3498 jam
2521 3425 2777 3482 excrevit
2812 3425 2963 3480 ultra
2998 3428 3288 3479 staturam
3320 3422 3637 3477 mediocris
3670 3422 3871 3478 homi-

2188 3519 2301 3581 nis,
2336 3517 2515 3576 creuit
2546 3516 2837 3570 silvestres
2885 3514 3103 3569 herbas
3153 3529 3358 3567 eruere
3400 3528 3469 3567 ac
3501 3511 3777 3573 evellere,
3816 3518 3871 3567 et

2190 3607 2248 3661 in
2279 3605 2460 3660 ollam
2497 3603 2878 3675 coquendam
2932 3604 3178 3657 mittere.
3217 3601 3443 3667 Quibus
3486 3600 3583 3655 illa
3628 3600 3725 3655 die
3761 3619 3872 3673 per

2187 3695 2386 3766 ignem
2440 3698 2495 3748 et
2544 3709 2769 3764 aquam
2819 3708 3148 3763 parumper
3199 3688 3576 3755 molliticatis,
3633 3687 3866 3744 distulit

2185 3784 2509 3858 prandium
2534 3799 2728 3854 usque
2751 3782 2811 3836 in
2843 3781 3003 3837 diem
3027 3780 3327 3853 quintum.
3360 3782 3507 3846 Quo,
3533 3784 3864 3851 expectans

2186 3875 2398 3930 horam
2451 3872 2789 3927 refcetionis
2840 3871 3219 3938 canonicam,
3264 3869 3663 3942 pulmentum,
3694 3870 3865 3941 quod

2183 3965 2463 4020 hesterna
2506 3963 2599 4017 die
2639 3961 3017 4035 prreparavit,
3051 3961 3251 4016 denuo
3308 3964 3544 4015 coctum
3595 3959 3866 4015 refectio-

2182 4053 2275 4108 nis
2324 4052 2512 4122 gratia
2543 4050 2653 4105 sibi
2688 4049 2988 4122 apposuit,
3025 4049 3127 4103 sed
3170 4053 3476 4117 gustatum
3527 4046 3702 4102 edere
3738 4064 3862 4103 non

2184 4141 2416 4214 potuit;
2466 4139 2625 4195 unde
2666 4139 3056 4210 semetipsum
3111 4139 3429 4209 increpans
3464 4137 3581 4192 ait:
3626 4138 3668 4191 Ο
3703 4139 3863 4191 ϐυηο

2183 4231 2356 4299 thari,
2392 4228 2673 4303 superbia
2706 4232 2807 4283 tua
2862 4234 2915 4283 te
2945 4244 3067 4283 non
3109 4228 3246 4283 sinit
3292 4226 3452 4282 reﬁci
3501 4226 3614 4281 hoc
3657 4225 3860 4281 edulio

2182 4318 2412 4374 humili.
2464 4317 2569 4373 Ubi
2602 4333 2762 4372 nunc
2794 4316 3129 4388 vaporifera
3161 4315 3249 4369 vel
3295 4313 3649 4370 mollissima
3687 4313 3853 4370 simi-

2182 4408 2239 4464 la
2264 4409 2290 4463 ?
2326 4407 2427 4463 Ubi
2474 4422 2635 4462 nunc
2667 4405 2893 4478 aprinaa
2943 4404 3214 4476 spadulte
3251 4421 3355 4459 seu
3397 4419 3607 4458 carnes
3636 4403 3853 4458 ursime

2148 4518 2153 4521 ·
2181 4503 2237 4553 et
2263 4496 2469 4564 suillze,
2506 4513 2580 4550 an
2613 4495 3021 4550 inventionem
3072 4510 3407 4565 coquorum
3439 4492 3805 4565 oppipcratze
3830 4494 3853 4547 ζ)

2183 4586 2290 4643 Ubi
2339 4603 2497 4641 nunc
2550 4584 2948 4657 imputribiles
2997 4589 3134 4656 post
3182 4582 3513 4639 coctionem
3560 4596 3848 4653 pavones,

2180 4694 2285 4732 seu
2350 4677 2619 4748 phasinre
2687 4690 2852 4741 aves,
2924 4672 3251 4746 plurigenis
3325 4671 3847 4727 condimentorum

2178 4771 2472 4839 saporatze
2500 4762 2928 4819 irritamentis?
2961 4761 3069 4817 Ubi
3100 4778 3259 4816 nunc
3285 4761 3492 4816 vinum
3526 4759 3845 4833 probatum

2176 4861 2232 4912 et
2279 4856 2356 4911 ad
2404 4854 2637 4910 libitum
2696 4853 2769 4908 (le
2815 4851 3230 4924 promptuario
3292 4867 3483 4923 usque
3540 4849 3617 4905 ad
3677 4850 3844 4905 satic-

2178 4950 2357 5001 tatem
2415 4943 2680 5016 quotidie
2738 4941 2837 4997 tibi
2890 4941 3191 5012 prolatum
3215 4942 3241 4996 ‘2
3303 4943 3451 5007 Ergo
3504 4955 3613 5010 pro
3657 4938 3843 4993 almu-

2175 5033 2380 5090 dantia
2429 5031 2785 5086 delicatioris
2836 5029 2953 5084 cibi
2995 5033 3051 5084 et
3103 5032 3301 5100 potus,
3338 5026 3559 5100 quibus
3602 5025 3741 5081 olim
3790 5028 3841 5082 in

2176 5122 2374 5179 seaculi
2430 5122 2649 5177 divitiis
2688 5120 2925 5175 deditus
2964 5135 3098 5173 eras
3146 5123 3323 5183 totus,
3359 5121 3674 5172 contentus
3724 5124 3845 5173 esto

2176 5230 2337 5270 nunc
2365 5210 2669 5283 Jcntaculo
2701 5207 3079 5281 pauperequ
3124 5205 3479 5271 refectionis,
3514 5205 3571 5259 in
3606 5206 3843 5263 nomine

2176 5308 2307 5359 .lesu
2359 5301 2565 5355 Christi
2600 5300 2870 5353 omnium
2900 5296 3333 5367 Hedmnptoris.
3364 5295 3487 5367 qui,
3519 5312 3654 5349 eum
3684 5295 3845 5351 dives

2184 5446 2332 5499 (ialli
2362 5447 2580 5509 (0111715,
2614 5447 2800 5497 l’el‘sw
2833 5456 3230 5509 parllnsrlgus,
3262 5444 3315 5493 et
3343 5445 3537 5493 rus-Ias
3570 5440 3845 5495 universa

2183 5516 2519 5581 ttermania,
2555 5513 2654 5566 sed
2706 5512 3055 5565 immutatus
3109 5516 3193 5564 est
3239 5510 3515 5564 dictionis
3565 5526 3711 5565 usus
3760 5515 3845 5567 vel

2184 5604 2469 5643 mensura
2496 5586 2787 5646 locorum,
2813 5583 3034 5653 quippe
3059 5582 3211 5635 Beda
3242 5581 3451 5653 asserit
3479 5581 3635 5635 duas
3667 5582 3845 5640 lexvaq

2183 5661 2304 5713 sive
2328 5656 2595 5712 milliaria
2623 5654 2728 5708 tria
2752 5651 2941 5707 facere
2963 5657 3210 5722 rastam,
3236 5658 3292 5708 et
3317 5652 3479 5719 alibi;
3511 5651 3700 5711 leuem
3726 5674 3845 5723 sex,

2180 5735 2318 5784 sunt
2354 5735 2466 5783 tres
2498 5731 2690 5781 l‘astte.
2724 5725 2894 5779 BAsx.
