  <div class='ocr_page' id='page_1' title='image "/cluster/home/n/w/nwhite01/storage/ocr_20150623/140-141/uc1.31175018559917/1112.png"; bbox 0 0 3968 6384; ppageno 0'>
   <div class='ocr_carea' id='block_1_1' title="bbox 85 321 231 373">
    <p class='ocr_par' dir='ltr' id='par_1_1' title="bbox 85 321 231 373">
     <span class='ocr_line' id='line_1_1' title="bbox 85 321 231 373; baseline 0.007 -1"><span class='ocrx_word' id='word_1_1' title='bbox 85 321 104 372; x_wconf 94' lang='lat'>1</span> <span class='ocrx_word' id='word_1_2' title='bbox 122 327 189 373; x_wconf 71' lang='grc' dir='ltr'>οῖ</span> <span class='ocrx_word' id='word_1_3' title='bbox 202 325 231 373; x_wconf 74' lang='grc'>3</span> 
     </span>
    </p>
   </div>
   <div class='ocr_carea' id='block_1_2' title="bbox 889 307 1767 372">
    <p class='ocr_par' dir='ltr' id='par_1_2' title="bbox 889 314 1765 372">
     <span class='ocr_line' id='line_1_2' title="bbox 889 314 1765 372; baseline -0.006 -2"><span class='ocrx_word' id='word_1_4' title='bbox 889 320 972 370; x_wconf 79' lang='lat' dir='ltr'>DE</span> <span class='ocrx_word' id='word_1_5' title='bbox 1016 319 1387 372; x_wconf 77' lang='lat' dir='ltr'>MIRACUHS</span> <span class='ocrx_word' id='word_1_6' title='bbox 1430 319 1484 369; x_wconf 64' lang='grc' dir='ltr'>ὃ.</span> <span class='ocrx_word' id='word_1_7' title='bbox 1535 314 1765 367; x_wconf 65' lang='grc' dir='ltr'>ΙέΜΜΕΒ</span> 
     </span>
    </p>
   </div>
   <div class='ocr_carea' id='block_1_3' title="bbox 1956 307 2735 372">
    <p class='ocr_par' dir='ltr' id='par_1_3' title="bbox 1990 307 2735 369">
     <span class='ocr_line' id='line_1_3' title="bbox 1990 307 2735 369; baseline -0.009 -2"><span class='ocrx_word' id='word_1_8' title='bbox 1990 316 2164 369; x_wconf 81' lang='lat' dir='ltr'>LIBRI</span> <span class='ocrx_word' id='word_1_9' title='bbox 2209 315 2372 369; x_wconf 90' lang='lat' dir='ltr'>DUO.</span> <span class='ocrx_word' id='word_1_10' title='bbox 2406 344 2471 352; x_wconf 59' lang='grc' dir='ltr'>-ν</span> <span class='ocrx_word' id='word_1_11' title='bbox 2508 311 2634 363; x_wconf 65' lang='grc' dir='ltr'>ΗΒ.</span> <span class='ocrx_word' id='word_1_12' title='bbox 2674 307 2735 361; x_wconf 89' lang='lat' dir='ltr'>Il.</span> 
     </span>
    </p>
   </div>
   <div class='ocr_carea' id='block_1_4' title="bbox 3396 296 3529 349">
    <p class='ocr_par' dir='ltr' id='par_1_4' title="bbox 3396 296 3529 349">
     <span class='ocr_line' id='line_1_4' title="bbox 3396 296 3529 349; baseline 0.015 -2"><span class='ocrx_word' id='word_1_13' title='bbox 3396 296 3529 349; x_wconf 71' lang='grc' dir='ltr'>10Ἷὶ</span> 
     </span>
    </p>
   </div>
   <div class='ocr_carea' id='block_1_5' title="bbox 71 421 3533 514">
    <p class='ocr_par' dir='ltr' id='par_1_5' title="bbox 71 421 3533 514">
     <span class='ocr_line' id='line_1_5' title="bbox 71 421 3533 514; baseline -0.006 -18"><span class='ocrx_word' id='word_1_14' title='bbox 71 450 265 510; x_wconf 74' lang='lat' dir='ltr'>esset,</span> <span class='ocrx_word' id='word_1_15' title='bbox 304 448 543 514; x_wconf 71' lang='lat' dir='ltr'>propter</span> <span class='ocrx_word' id='word_1_16' title='bbox 572 448 623 495; x_wconf 76' lang='lat' dir='ltr'>te</span> <span class='ocrx_word' id='word_1_17' title='bbox 656 458 887 513; x_wconf 83' lang='lat' dir='ltr'>pauper</span> <span class='ocrx_word' id='word_1_18' title='bbox 917 442 1102 496; x_wconf 83' lang='lat' dir='ltr'>factus</span> <span class='ocrx_word' id='word_1_19' title='bbox 1136 446 1241 508; x_wconf 87' lang='lat' dir='ltr'>est,</span> <span class='ocrx_word' id='word_1_20' title='bbox 1278 445 1341 494; x_wconf 91' lang='lat' dir='ltr'>ut</span> <span class='ocrx_word' id='word_1_21' title='bbox 1368 444 1427 494; x_wconf 90' lang='lat' dir='ltr'>tu</span> <span class='ocrx_word' id='word_1_22' title='bbox 1460 438 1757 512; x_wconf 78' lang='lat' dir='ltr'>particeps</span> <span class='ocrx_word' id='word_1_23' title='bbox 1790 443 1834 491; x_wconf 74' lang='grc' dir='ltr'>Α</span> <span class='ocrx_word' id='word_1_24' title='bbox 1875 439 2191 494; x_wconf 83' lang='lat' dir='ltr'>micirculis</span> <span class='ocrx_word' id='word_1_25' title='bbox 2224 453 2408 511; x_wconf 80' lang='lat' dir='ltr'>super</span> <span class='ocrx_word' id='word_1_26' title='bbox 2452 438 2839 489; x_wconf 87' lang='lat' dir='ltr'>montuosam</span> <span class='ocrx_word' id='word_1_27' title='bbox 2880 426 3223 495; x_wconf 77' lang='lat' dir='ltr'>congeriem</span> <span class='ocrx_word' id='word_1_28' title='bbox 3268 423 3416 477; x_wconf 90' lang='lat' dir='ltr'>nivis</span> <span class='ocrx_word' id='word_1_29' title='bbox 3442 421 3533 475; x_wconf 86' lang='lat' dir='ltr'>in-</span> 
     </span>
    </p>
   </div>
   <div class='ocr_carea' id='block_1_6' title="bbox 78 530 1760 601">
    <p class='ocr_par' dir='ltr' id='par_1_6' title="bbox 78 530 1760 601">
     <span class='ocr_line' id='line_1_6' title="bbox 78 530 1760 601; baseline -0.005 -15"><span class='ocrx_word' id='word_1_30' title='bbox 78 535 264 587; x_wconf 81' lang='lat' dir='ltr'>lieres</span> <span class='ocrx_word' id='word_1_31' title='bbox 296 532 635 585; x_wconf 69' lang='lat' dir='ltr'>divitiarum</span> <span class='ocrx_word' id='word_1_32' title='bbox 670 530 841 584; x_wconf 77' lang='lat' dir='ltr'>illitis.</span> <span class='ocrx_word' id='word_1_33' title='bbox 874 530 1027 594; x_wconf 82' lang='lat' dir='ltr'>Quid</span> <span class='ocrx_word' id='word_1_34' title='bbox 1062 530 1231 601; x_wconf 91' lang='lat' dir='ltr'>plura</span> <span class='ocrx_word' id='word_1_35' title='bbox 1261 530 1287 584; x_wconf 84' lang='lat'><strong><em>?</em></strong></span> <span class='ocrx_word' id='word_1_36' title='bbox 1312 533 1563 584; x_wconf 88' lang='lat' dir='ltr'>Demum</span> <span class='ocrx_word' id='word_1_37' title='bbox 1596 532 1760 579; x_wconf 86' lang='lat' dir='ltr'>sexta</span> 
     </span>
    </p>
   </div>
   <div class='ocr_carea' id='block_1_7' title="bbox 74 617 1765 693">
    <p class='ocr_par' dir='ltr' id='par_1_7' title="bbox 74 617 1765 693">
     <span class='ocr_line' id='line_1_7' title="bbox 74 617 1765 693; baseline -0.006 -19"><span class='ocrx_word' id='word_1_38' title='bbox 74 624 181 677; x_wconf 83' lang='lat' dir='ltr'>die</span> <span class='ocrx_word' id='word_1_39' title='bbox 218 622 471 693; x_wconf 86' lang='lat' dir='ltr'>pleniter</span> <span class='ocrx_word' id='word_1_40' title='bbox 505 622 724 689; x_wconf 75' lang='lat' dir='ltr'>gratias</span> <span class='ocrx_word' id='word_1_41' title='bbox 752 638 937 683; x_wconf 63' lang='lat' dir='ltr'>agens</span> <span class='ocrx_word' id='word_1_42' title='bbox 972 624 1108 688; x_wconf 90' lang='lat' dir='ltr'>Deo,</span> <span class='ocrx_word' id='word_1_43' title='bbox 1143 621 1245 691; x_wconf 86' lang='lat' dir='ltr'>qui</span> <span class='ocrx_word' id='word_1_44' title='bbox 1298 620 1371 672; x_wconf 85' lang='lat' dir='ltr'>de</span> <span class='ocrx_word' id='word_1_45' title='bbox 1431 619 1601 689; x_wconf 83' lang='lat' dir='ltr'>copia</span> <span class='ocrx_word' id='word_1_46' title='bbox 1660 617 1765 669; x_wconf 79' lang='lat' dir='ltr'>bo-</span> 
     </span>
    </p>
   </div>
   <div class='ocr_carea' id='block_1_8' title="bbox 75 705 1761 781">
    <p class='ocr_par' dir='ltr' id='par_1_8' title="bbox 75 705 1761 781">
     <span class='ocr_line' id='line_1_8' title="bbox 75 705 1761 781; baseline -0.005 -15"><span class='ocrx_word' id='word_1_47' title='bbox 75 729 313 766; x_wconf 88' lang='lat' dir='ltr'>norum</span> <span class='ocrx_word' id='word_1_48' title='bbox 343 728 587 765; x_wconf 87' lang='lat' dir='ltr'>suorum</span> <span class='ocrx_word' id='word_1_49' title='bbox 617 710 791 764; x_wconf 88' lang='lat' dir='ltr'>etiam</span> <span class='ocrx_word' id='word_1_50' title='bbox 823 727 940 763; x_wconf 90' lang='lat' dir='ltr'>non</span> <span class='ocrx_word' id='word_1_51' title='bbox 970 710 1332 777; x_wconf 69' lang='lat' dir='ltr'>dedignatur</span> <span class='ocrx_word' id='word_1_52' title='bbox 1362 724 1605 781; x_wconf 87' lang='lat' dir='ltr'>pascere</span> <span class='ocrx_word' id='word_1_53' title='bbox 1635 705 1761 777; x_wconf 81' lang='lat' dir='ltr'>pul-</span> 
     </span>
    </p>
   </div>
   <div class='ocr_carea' id='block_1_9' title="bbox 79 796 1761 868">
    <p class='ocr_par' dir='ltr' id='par_1_9' title="bbox 79 796 1761 868">
     <span class='ocr_line' id='line_1_9' title="bbox 79 796 1761 868; baseline -0.005 -15"><span class='ocrx_word' id='word_1_54' title='bbox 79 800 177 853; x_wconf 90' lang='lat' dir='ltr'>los</span> <span class='ocrx_word' id='word_1_55' title='bbox 212 815 552 861; x_wconf 72' lang='lat' dir='ltr'>corvorum,</span> <span class='ocrx_word' id='word_1_56' title='bbox 588 815 657 853; x_wconf 85' lang='lat' dir='ltr'>ex</span> <span class='ocrx_word' id='word_1_57' title='bbox 692 798 975 868; x_wconf 63' lang='lat' dir='ltr'>praedicta</span> <span class='ocrx_word' id='word_1_58' title='bbox 1009 797 1257 851; x_wconf 83' lang='lat' dir='ltr'>silvestri</span> <span class='ocrx_word' id='word_1_59' title='bbox 1289 796 1620 865; x_wconf 87' lang='lat' dir='ltr'>herbajam</span> <span class='ocrx_word' id='word_1_60' title='bbox 1656 800 1761 847; x_wconf 84' lang='lat' dir='ltr'>ter—</span> 
     </span>
    </p>
   </div>
   <div class='ocr_carea' id='block_1_10' title="bbox 84 882 1762 958">
    <p class='ocr_par' dir='ltr' id='par_1_10' title="bbox 84 882 1762 958">
     <span class='ocr_line' id='line_1_10' title="bbox 84 882 1762 958; baseline -0.005 -16"><span class='ocrx_word' id='word_1_61' title='bbox 84 890 169 942; x_wconf 90' lang='lat' dir='ltr'>tio</span> <span class='ocrx_word' id='word_1_62' title='bbox 202 894 395 955; x_wconf 85' lang='lat' dir='ltr'>cocta,</span> <span class='ocrx_word' id='word_1_63' title='bbox 429 888 630 958; x_wconf 90' lang='lat' dir='ltr'>itaque</span> <span class='ocrx_word' id='word_1_64' title='bbox 662 888 754 940; x_wconf 97' lang='lat' dir='ltr'>vix</span> <span class='ocrx_word' id='word_1_65' title='bbox 797 886 1165 955; x_wconf 79' lang='lat' dir='ltr'>niolliticata,</span> <span class='ocrx_word' id='word_1_66' title='bbox 1198 885 1431 957; x_wconf 81' lang='lat' dir='ltr'>corpori</span> <span class='ocrx_word' id='word_1_67' title='bbox 1483 882 1762 954; x_wconf 86' lang='lat' dir='ltr'>quamvis</span> 
     </span>
    </p>
   </div>
   <div class='ocr_carea' id='block_1_11' title="bbox 83 971 1759 1042">
    <p class='ocr_par' dir='ltr' id='par_1_11' title="bbox 83 971 1759 1042">
     <span class='ocr_line' id='line_1_11' title="bbox 83 971 1759 1042; baseline -0.005 -11"><span class='ocrx_word' id='word_1_68' title='bbox 83 977 524 1035; x_wconf 85' lang='lat' dir='ltr'>necessariam,</span> <span class='ocrx_word' id='word_1_69' title='bbox 562 982 757 1030; x_wconf 91' lang='lat' dir='ltr'>tamen</span> <span class='ocrx_word' id='word_1_70' title='bbox 782 976 953 1030; x_wconf 89' lang='lat' dir='ltr'>valde</span> <span class='ocrx_word' id='word_1_71' title='bbox 982 975 1515 1042; x_wconf 83' lang='lat' dir='ltr'>contrariam,cum</span> <span class='ocrx_word' id='word_1_72' title='bbox 1544 971 1759 1039; x_wconf 66' lang='lat' dir='ltr'>fagiuis</span> 
     </span>
    </p>
   </div>
   <div class='ocr_carea' id='block_1_12' title="bbox 84 1061 1764 1137">
    <p class='ocr_par' dir='ltr' id='par_1_12' title="bbox 84 1061 1764 1137">
     <span class='ocr_line' id='line_1_12' title="bbox 84 1061 1764 1137; baseline -0.003 -18"><span class='ocrx_word' id='word_1_73' title='bbox 84 1066 271 1135; x_wconf 85' lang='lat' dir='ltr'>foliis,</span> <span class='ocrx_word' id='word_1_74' title='bbox 297 1083 432 1137; x_wconf 55' lang='lat' dir='ltr'>quae</span> <span class='ocrx_word' id='word_1_75' title='bbox 467 1066 599 1119; x_wconf 90' lang='lat' dir='ltr'>nive</span> <span class='ocrx_word' id='word_1_76' title='bbox 635 1066 853 1120; x_wconf 84' lang='lat' dir='ltr'>abrasa</span> <span class='ocrx_word' id='word_1_77' title='bbox 881 1065 1179 1120; x_wconf 87' lang='lat' dir='ltr'>laboriose</span> <span class='ocrx_word' id='word_1_78' title='bbox 1213 1064 1467 1132; x_wconf 68' lang='lat' dir='ltr'>collegit,</span> <span class='ocrx_word' id='word_1_79' title='bbox 1500 1061 1764 1116; x_wconf 88' lang='lat' dir='ltr'>refectio-</span> 
     </span>
    </p>
   </div>
   <div class='ocr_carea' id='block_1_13' title="bbox 84 1151 1763 1227">
    <p class='ocr_par' dir='ltr' id='par_1_13' title="bbox 84 1151 1763 1227">
     <span class='ocr_line' id='line_1_13' title="bbox 84 1151 1763 1227; baseline -0.003 -18"><span class='ocrx_word' id='word_1_80' title='bbox 84 1172 236 1210; x_wconf 81' lang='lat' dir='ltr'>nem</span> <span class='ocrx_word' id='word_1_81' title='bbox 260 1156 476 1227; x_wconf 86' lang='lat' dir='ltr'>accipit</span> <span class='ocrx_word' id='word_1_82' title='bbox 512 1174 520 1209; x_wconf 94' lang='lat'>:</span> <span class='ocrx_word' id='word_1_83' title='bbox 551 1156 753 1225; x_wconf 78' lang='lat' dir='ltr'>sicque</span> <span class='ocrx_word' id='word_1_84' title='bbox 780 1172 897 1209; x_wconf 90' lang='lat' dir='ltr'>non</span> <span class='ocrx_word' id='word_1_85' title='bbox 926 1155 1049 1208; x_wconf 77' lang='lat' dir='ltr'>sine</span> <span class='ocrx_word' id='word_1_86' title='bbox 1110 1170 1333 1219; x_wconf 68' lang='lat' dir='ltr'>magno</span> <span class='ocrx_word' id='word_1_87' title='bbox 1394 1151 1650 1206; x_wconf 85' lang='lat' dir='ltr'>tumultu</span> <span class='ocrx_word' id='word_1_88' title='bbox 1708 1154 1763 1204; x_wconf 90' lang='lat' dir='ltr'>et</span> 
     </span>
    </p>
   </div>
   <div class='ocr_carea' id='block_1_14' title="bbox 86 1239 1760 1309">
    <p class='ocr_par' dir='ltr' id='par_1_14' title="bbox 86 1239 1760 1309">
     <span class='ocr_line' id='line_1_14' title="bbox 86 1239 1760 1309; baseline -0.002 -12"><span class='ocrx_word' id='word_1_89' title='bbox 86 1246 501 1299; x_wconf 78' lang='lat' dir='ltr'>controversia</span> <span class='ocrx_word' id='word_1_90' title='bbox 534 1244 908 1298; x_wconf 85' lang='lat' dir='ltr'>diversarum</span> <span class='ocrx_word' id='word_1_91' title='bbox 944 1244 1395 1309; x_wconf 63' lang='lat' dir='ltr'>cogitationum,</span> <span class='ocrx_word' id='word_1_92' title='bbox 1433 1259 1538 1295; x_wconf 90' lang='lat' dir='ltr'>seu</span> <span class='ocrx_word' id='word_1_93' title='bbox 1568 1239 1760 1294; x_wconf 90' lang='lat' dir='ltr'>mani-</span> 
     </span>
    </p>
   </div>
   <div class='ocr_carea' id='block_1_15' title="bbox 92 1332 1764 1387">
    <p class='ocr_par' dir='ltr' id='par_1_15' title="bbox 92 1332 1764 1387">
     <span class='ocr_line' id='line_1_15' title="bbox 92 1332 1764 1387; baseline -0.002 -2"><span class='ocrx_word' id='word_1_94' title='bbox 92 1334 249 1387; x_wconf 78' lang='lat' dir='ltr'>festa</span> <span class='ocrx_word' id='word_1_95' title='bbox 274 1332 613 1387; x_wconf 74' lang='lat' dir='ltr'>incursione</span> <span class='ocrx_word' id='word_1_96' title='bbox 641 1333 1077 1387; x_wconf 81' lang='lat' dir='ltr'>diabolicarum</span> <span class='ocrx_word' id='word_1_97' title='bbox 1111 1332 1523 1387; x_wconf 87' lang='lat' dir='ltr'>tentationum.</span> <span class='ocrx_word' id='word_1_98' title='bbox 1558 1345 1764 1383; x_wconf 80' lang='lat' dir='ltr'>conso—</span> 
     </span>
    </p>
   </div>
   <div class='ocr_carea' id='block_1_16' title="bbox 88 1420 1306 1493">
    <p class='ocr_par' dir='ltr' id='par_1_16' title="bbox 88 1420 1306 1493">
     <span class='ocr_line' id='line_1_16' title="bbox 88 1420 1306 1493; baseline 0.001 -20"><span class='ocrx_word' id='word_1_99' title='bbox 88 1421 383 1475; x_wconf 79' lang='lat' dir='ltr'>lationem</span> <span class='ocrx_word' id='word_1_100' title='bbox 420 1422 635 1475; x_wconf 68' lang='lat' dir='ltr'>divinae</span> <span class='ocrx_word' id='word_1_101' title='bbox 660 1421 893 1492; x_wconf 86' lang='lat' dir='ltr'>pietatis</span> <span class='ocrx_word' id='word_1_102' title='bbox 924 1420 1306 1493; x_wconf 90' lang='lat' dir='ltr'>exspectavit.</span> 
     </span>
    </p>
   </div>
   <div class='ocr_carea' id='block_1_17' title="bbox 169 1506 1767 1581">
    <p class='ocr_par' dir='ltr' id='par_1_17' title="bbox 169 1506 1767 1581">
     <span class='ocr_line' id='line_1_17' title="bbox 169 1506 1767 1581; baseline -0.001 -19"><span class='ocrx_word' id='word_1_103' title='bbox 169 1538 191 1555; x_wconf 72' lang='grc' dir='ltr'>σι</span> <span class='ocrx_word' id='word_1_104' title='bbox 230 1511 418 1570; x_wconf 83' lang='lat' dir='ltr'>Tune,</span> <span class='ocrx_word' id='word_1_105' title='bbox 454 1516 511 1564; x_wconf 91' lang='lat' dir='ltr'>ut</span> <span class='ocrx_word' id='word_1_106' title='bbox 546 1511 603 1563; x_wconf 90' lang='lat' dir='ltr'>in</span> <span class='ocrx_word' id='word_1_107' title='bbox 638 1510 1188 1581; x_wconf 75' lang='lat' dir='ltr'>perturlmtionibus</span> <span class='ocrx_word' id='word_1_108' title='bbox 1221 1509 1569 1577; x_wconf 82' lang='lat' dir='ltr'>hujusniodi</span> <span class='ocrx_word' id='word_1_109' title='bbox 1621 1506 1767 1560; x_wconf 81' lang='lat' dir='ltr'>solet</span> 
     </span>
    </p>
   </div>
   <div class='ocr_carea' id='block_1_18' title="bbox 92 1596 1763 1665">
    <p class='ocr_par' dir='ltr' id='par_1_18' title="bbox 92 1596 1763 1665">
     <span class='ocr_line' id='line_1_18' title="bbox 92 1596 1763 1665; baseline -0.002 -14"><span class='ocrx_word' id='word_1_110' title='bbox 92 1599 243 1659; x_wconf 75' lang='lat' dir='ltr'>fieri,</span> <span class='ocrx_word' id='word_1_111' title='bbox 280 1598 556 1653; x_wconf 86' lang='lat' dir='ltr'>tluctibus</span> <span class='ocrx_word' id='word_1_112' title='bbox 589 1599 1018 1665; x_wconf 62' lang='lat' dir='ltr'>cogitationum</span> <span class='ocrx_word' id='word_1_113' title='bbox 1044 1598 1395 1653; x_wconf 76' lang='lat' dir='ltr'>altrinsecus</span> <span class='ocrx_word' id='word_1_114' title='bbox 1425 1596 1535 1649; x_wconf 86' lang='lat' dir='ltr'>sibi</span> <span class='ocrx_word' id='word_1_115' title='bbox 1561 1610 1763 1648; x_wconf 69' lang='lat' dir='ltr'>succe-</span> 
     </span>
    </p>
   </div>
   <div class='ocr_carea' id='block_1_19' title="bbox 92 1684 1764 1758">
    <p class='ocr_par' dir='ltr' id='par_1_19' title="bbox 92 1684 1764 1758">
     <span class='ocr_line' id='line_1_19' title="bbox 92 1684 1764 1758; baseline -0.001 -20"><span class='ocrx_word' id='word_1_116' title='bbox 92 1687 381 1742; x_wconf 64' lang='lat' dir='ltr'>dtmtibus</span> <span class='ocrx_word' id='word_1_117' title='bbox 443 1692 492 1741; x_wconf 81' lang='lat' dir='ltr'>et</span> <span class='ocrx_word' id='word_1_118' title='bbox 544 1688 1006 1758; x_wconf 84' lang='lat' dir='ltr'>impellentibus,</span> <span class='ocrx_word' id='word_1_119' title='bbox 1055 1688 1433 1741; x_wconf 75' lang='lat' dir='ltr'>dextrorsum</span> <span class='ocrx_word' id='word_1_120' title='bbox 1484 1684 1764 1755; x_wconf 50' lang='lat' dir='ltr'>quautam</span> 
     </span>
    </p>
   </div>
   <div class='ocr_carea' id='block_1_20' title="bbox 94 1772 1763 1847">
    <p class='ocr_par' dir='ltr' id='par_1_20' title="bbox 94 1772 1763 1847">
     <span class='ocr_line' id='line_1_20' title="bbox 94 1772 1763 1847; baseline -0.001 -20"><span class='ocrx_word' id='word_1_121' title='bbox 94 1776 381 1839; x_wconf 60' lang='lat' dir='ltr'>cogitatio</span> <span class='ocrx_word' id='word_1_122' title='bbox 412 1776 616 1829; x_wconf 88' lang='lat' dir='ltr'>leuiter</span> <span class='ocrx_word' id='word_1_123' title='bbox 648 1776 946 1847; x_wconf 79' lang='lat' dir='ltr'>iurepcns,</span> <span class='ocrx_word' id='word_1_124' title='bbox 978 1782 1031 1829; x_wconf 80' lang='lat' dir='ltr'>et</span> <span class='ocrx_word' id='word_1_125' title='bbox 1059 1776 1228 1845; x_wconf 86' lang='lat' dir='ltr'>quasi</span> <span class='ocrx_word' id='word_1_126' title='bbox 1258 1792 1325 1828; x_wconf 84' lang='lat' dir='ltr'>ex</span> <span class='ocrx_word' id='word_1_127' title='bbox 1358 1781 1523 1845; x_wconf 87' lang='lat' dir='ltr'>parte</span> <span class='ocrx_word' id='word_1_128' title='bbox 1558 1772 1763 1826; x_wconf 80' lang='lat' dir='ltr'>Christi</span> 
     </span>
    </p>
   </div>
   <div class='ocr_carea' id='block_1_21' title="bbox 95 1864 1765 1931">
    <p class='ocr_par' dir='ltr' id='par_1_21' title="bbox 95 1864 1765 1931">
     <span class='ocr_line' id='line_1_21' title="bbox 95 1864 1765 1931; baseline -0.001 -14"><span class='ocrx_word' id='word_1_129' title='bbox 95 1866 451 1931; x_wconf 74' lang='lat' dir='ltr'>adveniens,</span> <span class='ocrx_word' id='word_1_130' title='bbox 486 1866 609 1918; x_wconf 89' lang='lat' dir='ltr'>viro</span> <span class='ocrx_word' id='word_1_131' title='bbox 647 1868 741 1919; x_wconf 83' lang='lat' dir='ltr'>Dei</span> <span class='ocrx_word' id='word_1_132' title='bbox 776 1865 1024 1918; x_wconf 84' lang='lat' dir='ltr'>tideliter</span> <span class='ocrx_word' id='word_1_133' title='bbox 1046 1865 1357 1925; x_wconf 83' lang='lat' dir='ltr'>intimavit,</span> <span class='ocrx_word' id='word_1_134' title='bbox 1389 1864 1593 1917; x_wconf 79' lang='lat' dir='ltr'>dicens</span> <span class='ocrx_word' id='word_1_135' title='bbox 1622 1880 1632 1915; x_wconf 91' lang='lat'><strong>:</strong></span> <span class='ocrx_word' id='word_1_136' title='bbox 1662 1866 1765 1915; x_wconf 68' lang='lat' dir='ltr'>lix-</span> 
     </span>
    </p>
   </div>
   <div class='ocr_carea' id='block_1_22' title="bbox 98 1954 1765 2025">
    <p class='ocr_par' dir='ltr' id='par_1_22' title="bbox 98 1954 1765 2025">
     <span class='ocr_line' id='line_1_22' title="bbox 98 1954 1765 2025; baseline 0 -21"><span class='ocrx_word' id='word_1_137' title='bbox 98 1959 309 2025; x_wconf 64' lang='lat' dir='ltr'>specta</span> <span class='ocrx_word' id='word_1_138' title='bbox 343 1955 680 2019; x_wconf 77' lang='lat' dir='ltr'>hominum,</span> <span class='ocrx_word' id='word_1_139' title='bbox 718 1954 964 2008; x_wconf 84' lang='lat' dir='ltr'>viriliter</span> <span class='ocrx_word' id='word_1_140' title='bbox 995 1970 1103 2021; x_wconf 70' lang='lat' dir='ltr'>age</span> <span class='ocrx_word' id='word_1_141' title='bbox 1158 1960 1213 2007; x_wconf 84' lang='lat' dir='ltr'>et</span> <span class='ocrx_word' id='word_1_142' title='bbox 1271 1954 1633 2007; x_wconf 87' lang='lat' dir='ltr'>confortetur</span> <span class='ocrx_word' id='word_1_143' title='bbox 1663 1968 1765 2005; x_wconf 89' lang='lat' dir='ltr'>cor</span> 
     </span>
    </p>
   </div>
   <div class='ocr_carea' id='block_1_23' title="bbox 98 2042 1762 2112">
    <p class='ocr_par' dir='ltr' id='par_1_23' title="bbox 98 2042 1762 2112">
     <span class='ocr_line' id='line_1_23' title="bbox 98 2042 1762 2112; baseline -0.001 -15"><span class='ocrx_word' id='word_1_144' title='bbox 98 2050 297 2110; x_wconf 90' lang='lat' dir='ltr'>tuum,</span> <span class='ocrx_word' id='word_1_145' title='bbox 326 2050 377 2096; x_wconf 81' lang='lat' dir='ltr'>et</span> <span class='ocrx_word' id='word_1_146' title='bbox 408 2044 633 2097; x_wconf 81' lang='lat' dir='ltr'>sustine</span> <span class='ocrx_word' id='word_1_147' title='bbox 668 2044 987 2098; x_wconf 91' lang='lat' dir='ltr'>Dominum</span> <span class='ocrx_word' id='word_1_148' title='bbox 1022 2046 1184 2112; x_wconf 78' lang='grc'>(238).</span> <span class='ocrx_word' id='word_1_149' title='bbox 1217 2042 1319 2097; x_wconf 91' lang='lat' dir='ltr'>Cui</span> <span class='ocrx_word' id='word_1_150' title='bbox 1366 2059 1395 2096; x_wconf 93' lang='lat' dir='ltr'>c</span> <span class='ocrx_word' id='word_1_151' title='bbox 1446 2042 1762 2107; x_wconf 84' lang='lat' dir='ltr'>contrario,</span> 
     </span>
    </p>
   </div>
   <div class='ocr_carea' id='block_1_24' title="bbox 98 2130 1765 2201">
    <p class='ocr_par' dir='ltr' id='par_1_24' title="bbox 98 2130 1765 2201">
     <span class='ocr_line' id='line_1_24' title="bbox 98 2130 1765 2201; baseline -0.002 -15"><span class='ocrx_word' id='word_1_152' title='bbox 98 2133 159 2186; x_wconf 90' lang='lat' dir='ltr'>id</span> <span class='ocrx_word' id='word_1_153' title='bbox 192 2137 281 2187; x_wconf 70' lang='lat' dir='ltr'>ist</span> <span class='ocrx_word' id='word_1_154' title='bbox 312 2133 740 2198; x_wconf 83' lang='lat' dir='ltr'>sinistrorsum,</span> <span class='ocrx_word' id='word_1_155' title='bbox 777 2133 976 2186; x_wconf 81' lang='lat' dir='ltr'>suasio</span> <span class='ocrx_word' id='word_1_156' title='bbox 1008 2132 1253 2197; x_wconf 80' lang='lat' dir='ltr'>diaboli,</span> <span class='ocrx_word' id='word_1_157' title='bbox 1316 2132 1485 2201; x_wconf 82' lang='lat' dir='ltr'>cujus</span> <span class='ocrx_word' id='word_1_158' title='bbox 1543 2130 1765 2184; x_wconf 85' lang='lat' dir='ltr'>invidia</span> 
     </span>
    </p>
   </div>
   <div class='ocr_carea' id='block_1_25' title="bbox 100 2222 1767 2292">
    <p class='ocr_par' dir='ltr' id='par_1_25' title="bbox 100 2222 1767 2292">
     <span class='ocr_line' id='line_1_25' title="bbox 100 2222 1767 2292; baseline -0.002 -17"><span class='ocrx_word' id='word_1_159' title='bbox 100 2224 159 2275; x_wconf 90' lang='lat' dir='ltr'>in</span> <span class='ocrx_word' id='word_1_160' title='bbox 209 2222 419 2276; x_wconf 79' lang='lat' dir='ltr'>orbem</span> <span class='ocrx_word' id='word_1_161' title='bbox 483 2228 772 2276; x_wconf 88' lang='lat' dir='ltr'>terrarum</span> <span class='ocrx_word' id='word_1_162' title='bbox 832 2238 999 2276; x_wconf 89' lang='lat' dir='ltr'>mors</span> <span class='ocrx_word' id='word_1_163' title='bbox 1052 2222 1309 2287; x_wconf 84' lang='lat' dir='ltr'>intravit,</span> <span class='ocrx_word' id='word_1_164' title='bbox 1368 2236 1767 2292; x_wconf 84' lang='lat' dir='ltr'>prorumpens</span> 
     </span>
    </p>
   </div>
   <div class='ocr_carea' id='block_1_26' title="bbox 98 2308 1767 2381">
    <p class='ocr_par' dir='ltr' id='par_1_26' title="bbox 98 2308 1767 2381">
     <span class='ocr_line' id='line_1_26' title="bbox 98 2308 1767 2381; baseline -0.001 -17"><span class='ocrx_word' id='word_1_165' title='bbox 98 2312 447 2381; x_wconf 87' lang='lat' dir='ltr'>importune</span> <span class='ocrx_word' id='word_1_166' title='bbox 478 2312 850 2380; x_wconf 86' lang='lat' dir='ltr'>reclamavit,</span> <span class='ocrx_word' id='word_1_167' title='bbox 885 2314 1069 2366; x_wconf 90' lang='lat' dir='ltr'>verba</span> <span class='ocrx_word' id='word_1_168' title='bbox 1101 2315 1157 2365; x_wconf 92' lang='lat' dir='ltr'>et</span> <span class='ocrx_word' id='word_1_169' title='bbox 1197 2311 1368 2365; x_wconf 84' lang='lat' dir='ltr'>dolos</span> <span class='ocrx_word' id='word_1_170' title='bbox 1420 2308 1767 2379; x_wconf 84' lang='lat' dir='ltr'>hujusmodi</span> 
     </span>
    </p>
   </div>
   <div class='ocr_carea' id='block_1_27' title="bbox 100 2400 1769 2472">
    <p class='ocr_par' dir='ltr' id='par_1_27' title="bbox 100 2400 1769 2472">
     <span class='ocr_line' id='line_1_27' title="bbox 100 2400 1769 2472; baseline 0.001 -23"><span class='ocrx_word' id='word_1_171' title='bbox 100 2401 476 2454; x_wconf 68' lang='lat' dir='ltr'>concinnans</span> <span class='ocrx_word' id='word_1_172' title='bbox 509 2419 519 2453; x_wconf 90' lang='lat'>:</span> <span class='ocrx_word' id='word_1_173' title='bbox 548 2405 694 2457; x_wconf 86' lang='lat' dir='ltr'>Cum</span> <span class='ocrx_word' id='word_1_174' title='bbox 729 2401 1017 2472; x_wconf 86' lang='lat' dir='ltr'>scriptum</span> <span class='ocrx_word' id='word_1_175' title='bbox 1068 2400 1136 2455; x_wconf 86' lang='lat' dir='ltr'>sit</span> <span class='ocrx_word' id='word_1_176' title='bbox 1172 2418 1182 2453; x_wconf 93' lang='lat'>:</span> <span class='ocrx_word' id='word_1_177' title='bbox 1247 2400 1464 2454; x_wconf 83' lang='lat' dir='ltr'>Altiora</span> <span class='ocrx_word' id='word_1_178' title='bbox 1492 2416 1566 2452; x_wconf 90' lang='lat' dir='ltr'>ne</span> <span class='ocrx_word' id='word_1_179' title='bbox 1614 2415 1769 2468; x_wconf 63' lang='lat' dir='ltr'>quae-</span> 
     </span>
    </p>
   </div>
   <div class='ocr_carea' id='block_1_28' title="bbox 101 2486 1765 2561">
    <p class='ocr_par' dir='ltr' id='par_1_28' title="bbox 101 2486 1765 2561">
     <span class='ocr_line' id='line_1_28' title="bbox 101 2486 1765 2561; baseline -0.001 -19"><span class='ocrx_word' id='word_1_180' title='bbox 101 2489 271 2543; x_wconf 89' lang='lat' dir='ltr'>sieris</span> <span class='ocrx_word' id='word_1_181' title='bbox 322 2494 491 2559; x_wconf 76' lang='lat'>(239),</span> <span class='ocrx_word' id='word_1_182' title='bbox 547 2490 688 2561; x_wconf 88' lang='lat' dir='ltr'>quia</span> <span class='ocrx_word' id='word_1_183' title='bbox 716 2490 940 2557; x_wconf 77' lang='lat' dir='ltr'>fragilis</span> <span class='ocrx_word' id='word_1_184' title='bbox 993 2491 1176 2543; x_wconf 89' lang='lat' dir='ltr'>homo</span> <span class='ocrx_word' id='word_1_185' title='bbox 1216 2505 1485 2542; x_wconf 88' lang='lat' dir='ltr'>eremum</span> <span class='ocrx_word' id='word_1_186' title='bbox 1530 2486 1765 2558; x_wconf 85' lang='lat' dir='ltr'>petiisti,</span> 
     </span>
    </p>
   </div>
   <div class='ocr_carea' id='block_1_29' title="bbox 102 2576 1771 2648">
    <p class='ocr_par' dir='ltr' id='par_1_29' title="bbox 102 2576 1771 2648">
     <span class='ocr_line' id='line_1_29' title="bbox 102 2576 1771 2648; baseline -0.002 -16"><span class='ocrx_word' id='word_1_187' title='bbox 102 2596 227 2632; x_wconf 90' lang='lat' dir='ltr'>non</span> <span class='ocrx_word' id='word_1_188' title='bbox 263 2578 459 2632; x_wconf 89' lang='lat' dir='ltr'>solum</span> <span class='ocrx_word' id='word_1_189' title='bbox 486 2580 655 2632; x_wconf 84' lang='lat' dir='ltr'>stulte</span> <span class='ocrx_word' id='word_1_190' title='bbox 684 2579 874 2645; x_wconf 39' lang='lat' dir='ltr'>(Egisti,</span> <span class='ocrx_word' id='word_1_191' title='bbox 911 2578 1013 2631; x_wconf 87' lang='lat' dir='ltr'>sed</span> <span class='ocrx_word' id='word_1_192' title='bbox 1039 2578 1215 2632; x_wconf 87' lang='lat' dir='ltr'>etiam</span> <span class='ocrx_word' id='word_1_193' title='bbox 1252 2577 1423 2630; x_wconf 84' lang='lat' dir='ltr'>valde</span> <span class='ocrx_word' id='word_1_194' title='bbox 1453 2576 1771 2648; x_wconf 85' lang='lat' dir='ltr'>potelviter</span> 
     </span>
    </p>
   </div>
   <div class='ocr_carea' id='block_1_30' title="bbox 102 2664 1772 2737">
    <p class='ocr_par' dir='ltr' id='par_1_30' title="bbox 102 2664 1772 2737">
     <span class='ocr_line' id='line_1_30' title="bbox 102 2664 1772 2737; baseline -0.002 -18"><span class='ocrx_word' id='word_1_195' title='bbox 102 2670 159 2719; x_wconf 86' lang='lat' dir='ltr'>te</span> <span class='ocrx_word' id='word_1_196' title='bbox 196 2666 311 2720; x_wconf 91' lang='lat' dir='ltr'>huc</span> <span class='ocrx_word' id='word_1_197' title='bbox 341 2666 631 2729; x_wconf 87' lang='lat' dir='ltr'>invexisti,</span> <span class='ocrx_word' id='word_1_198' title='bbox 668 2666 1109 2737; x_wconf 75' lang='lat' dir='ltr'>blasphemiam</span> <span class='ocrx_word' id='word_1_199' title='bbox 1148 2666 1374 2721; x_wconf 78' lang='lat' dir='ltr'>Christo</span> <span class='ocrx_word' id='word_1_200' title='bbox 1430 2671 1530 2719; x_wconf 89' lang='lat' dir='ltr'>tuo</span> <span class='ocrx_word' id='word_1_201' title='bbox 1584 2664 1772 2718; x_wconf 89' lang='lat' dir='ltr'>illatu-</span> 
     </span>
    </p>
   </div>
   <div class='ocr_carea' id='block_1_31' title="bbox 104 2753 1769 2825">
    <p class='ocr_par' dir='ltr' id='par_1_31' title="bbox 104 2753 1769 2825">
     <span class='ocr_line' id='line_1_31' title="bbox 104 2753 1769 2825; baseline -0.002 -18"><span class='ocrx_word' id='word_1_202' title='bbox 104 2770 231 2815; x_wconf 89' lang='lat' dir='ltr'>rus,</span> <span class='ocrx_word' id='word_1_203' title='bbox 260 2758 461 2825; x_wconf 88' lang='lat' dir='ltr'>utpote</span> <span class='ocrx_word' id='word_1_204' title='bbox 497 2754 661 2807; x_wconf 85' lang='lat' dir='ltr'>canis</span> <span class='ocrx_word' id='word_1_205' title='bbox 686 2755 1016 2822; x_wconf 65' lang='lat' dir='ltr'>l&#39;amt&#39;elicus,</span> <span class='ocrx_word' id='word_1_206' title='bbox 1050 2754 1279 2824; x_wconf 86' lang='lat' dir='ltr'>absque</span> <span class='ocrx_word' id='word_1_207' title='bbox 1341 2753 1769 2807; x_wconf 71' lang='lat' dir='ltr'>sustentaiione</span> 
     </span>
    </p>
   </div>
   <div class='ocr_carea' id='block_1_32' title="bbox 104 2841 1770 2913">
    <p class='ocr_par' dir='ltr' id='par_1_32' title="bbox 104 2841 1770 2913">
     <span class='ocr_line' id='line_1_32' title="bbox 104 2841 1770 2913; baseline -0.001 -18"><span class='ocrx_word' id='word_1_208' title='bbox 104 2842 286 2908; x_wconf 90' lang='lat' dir='ltr'>illius,</span> <span class='ocrx_word' id='word_1_209' title='bbox 318 2843 411 2895; x_wconf 88' lang='lat' dir='ltr'>hic</span> <span class='ocrx_word' id='word_1_210' title='bbox 438 2842 694 2913; x_wconf 83' lang='lat' dir='ltr'>pessime</span> <span class='ocrx_word' id='word_1_211' title='bbox 728 2843 1074 2896; x_wconf 88' lang='lat' dir='ltr'>moriturus.</span> <span class='ocrx_word' id='word_1_212' title='bbox 1126 2844 1337 2895; x_wconf 84' lang='lat' dir='ltr'>Verum</span> <span class='ocrx_word' id='word_1_213' title='bbox 1384 2858 1455 2895; x_wconf 80' lang='lat' dir='ltr'>ex</span> <span class='ocrx_word' id='word_1_214' title='bbox 1514 2841 1770 2895; x_wconf 84' lang='lat' dir='ltr'>adverso</span> 
     </span>
    </p>
   </div>
   <div class='ocr_carea' id='block_1_33' title="bbox 107 2929 1770 2996">
    <p class='ocr_par' dir='ltr' id='par_1_33' title="bbox 107 2929 1770 2996">
     <span class='ocr_line' id='line_1_33' title="bbox 107 2929 1770 2996; baseline -0.001 -13"><span class='ocrx_word' id='word_1_215' title='bbox 107 2930 271 2984; x_wconf 88' lang='lat' dir='ltr'>bona</span> <span class='ocrx_word' id='word_1_216' title='bbox 302 2930 579 2996; x_wconf 66' lang='lat' dir='ltr'>cogitatio</span> <span class='ocrx_word' id='word_1_217' title='bbox 612 2936 666 2984; x_wconf 87' lang='lat' dir='ltr'>et</span> <span class='ocrx_word' id='word_1_218' title='bbox 719 2936 893 2984; x_wconf 89' lang='lat' dir='ltr'>cauta</span> <span class='ocrx_word' id='word_1_219' title='bbox 951 2929 1285 2983; x_wconf 89' lang='lat' dir='ltr'>sollicitudo</span> <span class='ocrx_word' id='word_1_220' title='bbox 1343 2929 1561 2983; x_wconf 88' lang='lat' dir='ltr'>infert:</span> <span class='ocrx_word' id='word_1_221' title='bbox 1625 2932 1770 2983; x_wconf 86' lang='lat' dir='ltr'>Cum</span> 
     </span>
    </p>
   </div>
   <div class='ocr_carea' id='block_1_34' title="bbox 108 3018 1770 3089">
    <p class='ocr_par' dir='ltr' id='par_1_34' title="bbox 108 3018 1770 3089">
     <span class='ocr_line' id='line_1_34' title="bbox 108 3018 1770 3089; baseline -0.001 -19"><span class='ocrx_word' id='word_1_222' title='bbox 108 3018 395 3085; x_wconf 83' lang='lat' dir='ltr'>Christus,</span> <span class='ocrx_word' id='word_1_223' title='bbox 455 3018 557 3089; x_wconf 87' lang='lat' dir='ltr'>qui</span> <span class='ocrx_word' id='word_1_224' title='bbox 612 3023 702 3071; x_wconf 89' lang='lat' dir='ltr'>est</span> <span class='ocrx_word' id='word_1_225' title='bbox 752 3019 1038 3072; x_wconf 84' lang='lat' dir='ltr'>Dominus</span> <span class='ocrx_word' id='word_1_226' title='bbox 1092 3018 1385 3081; x_wconf 89' lang='lat' dir='ltr'>omnium,</span> <span class='ocrx_word' id='word_1_227' title='bbox 1424 3022 1770 3071; x_wconf 87' lang='lat' dir='ltr'>tentatorem</span> 
     </span>
    </p>
   </div>
   <div class='ocr_carea' id='block_1_35' title="bbox 111 3106 1843 3194">
    <p class='ocr_par' dir='ltr' id='par_1_35' title="bbox 111 3106 1843 3194">
     <span class='ocr_line' id='line_1_35' title="bbox 111 3106 1843 3194; baseline -0.001 -35"><span class='ocrx_word' id='word_1_228' title='bbox 111 3107 425 3160; x_wconf 90' lang='lat' dir='ltr'>diabolum</span> <span class='ocrx_word' id='word_1_229' title='bbox 462 3106 792 3175; x_wconf 78' lang='lat' dir='ltr'>Evangeliei</span> <span class='ocrx_word' id='word_1_230' title='bbox 828 3107 989 3160; x_wconf 87' lang='lat' dir='ltr'>verbi</span> <span class='ocrx_word' id='word_1_231' title='bbox 1018 3106 1220 3175; x_wconf 87' lang='lat' dir='ltr'>jaculo</span> <span class='ocrx_word' id='word_1_232' title='bbox 1252 3123 1356 3177; x_wconf 88' lang='lat' dir='ltr'>per</span> <span class='ocrx_word' id='word_1_233' title='bbox 1385 3106 1773 3176; x_wconf 80' lang='lat' dir='ltr'>semetipsum</span> <span class='ocrx_word' id='word_1_234' title='bbox 1807 3146 1843 3194; x_wconf 56' lang='grc' dir='ltr'><em>Γ</em></span> 
     </span>
    </p>
   </div>
   <div class='ocr_carea' id='block_1_36' title="bbox 111 3195 1772 3267">
    <p class='ocr_par' dir='ltr' id='par_1_36' title="bbox 111 3195 1772 3267">
     <span class='ocr_line' id='line_1_36' title="bbox 111 3195 1772 3267; baseline 0 -20"><span class='ocrx_word' id='word_1_235' title='bbox 111 3196 409 3263; x_wconf 69' lang='lat' dir='ltr'>straverit,</span> <span class='ocrx_word' id='word_1_236' title='bbox 443 3196 648 3249; x_wconf 82' lang='lat' dir='ltr'>dicens</span> <span class='ocrx_word' id='word_1_237' title='bbox 683 3213 693 3249; x_wconf 92' lang='lat'>:</span> <span class='ocrx_word' id='word_1_238' title='bbox 732 3199 856 3250; x_wconf 67' lang='lat' dir='ltr'>Non</span> <span class='ocrx_word' id='word_1_239' title='bbox 892 3196 951 3249; x_wconf 90' lang='lat' dir='ltr'>in</span> <span class='ocrx_word' id='word_1_240' title='bbox 987 3196 1112 3249; x_wconf 92' lang='lat' dir='ltr'>solo</span> <span class='ocrx_word' id='word_1_241' title='bbox 1168 3212 1322 3267; x_wconf 87' lang='lat' dir='ltr'>pane</span> <span class='ocrx_word' id='word_1_242' title='bbox 1386 3195 1524 3249; x_wconf 86' lang='lat' dir='ltr'>vivit</span> <span class='ocrx_word' id='word_1_243' title='bbox 1566 3195 1772 3256; x_wconf 87' lang='lat' dir='ltr'>homo,</span> 
     </span>
    </p>
   </div>
   <div class='ocr_carea' id='block_1_37' title="bbox 113 3284 1775 3355">
    <p class='ocr_par' dir='ltr' id='par_1_37' title="bbox 113 3284 1775 3355">
     <span class='ocr_line' id='line_1_37' title="bbox 113 3284 1775 3355; baseline 0 -17"><span class='ocrx_word' id='word_1_244' title='bbox 113 3285 214 3339; x_wconf 87' lang='lat' dir='ltr'>sed</span> <span class='ocrx_word' id='word_1_245' title='bbox 260 3284 319 3338; x_wconf 93' lang='lat' dir='ltr'>in</span> <span class='ocrx_word' id='word_1_246' title='bbox 351 3285 513 3338; x_wconf 89' lang='lat' dir='ltr'>omni</span> <span class='ocrx_word' id='word_1_247' title='bbox 574 3285 754 3339; x_wconf 86' lang='lat' dir='ltr'>verbo</span> <span class='ocrx_word' id='word_1_248' title='bbox 819 3285 915 3339; x_wconf 92' lang='lat' dir='ltr'>|)ci</span> <span class='ocrx_word' id='word_1_249' title='bbox 976 3286 1140 3355; x_wconf 62' lang='grc'>(240),</span> <span class='ocrx_word' id='word_1_250' title='bbox 1174 3302 1294 3339; x_wconf 91' lang='lat' dir='ltr'>non</span> <span class='ocrx_word' id='word_1_251' title='bbox 1352 3284 1457 3339; x_wconf 91' lang='lat' dir='ltr'>tibi</span> <span class='ocrx_word' id='word_1_252' title='bbox 1490 3286 1775 3355; x_wconf 84' lang='lat' dir='ltr'>subrepat</span> 
     </span>
    </p>
   </div>
   <div class='ocr_carea' id='block_1_38' title="bbox 113 3373 1773 3445">
    <p class='ocr_par' dir='ltr' id='par_1_38' title="bbox 113 3373 1773 3445">
     <span class='ocr_line' id='line_1_38' title="bbox 113 3373 1773 3445; baseline -0.001 -18"><span class='ocrx_word' id='word_1_253' title='bbox 113 3374 466 3439; x_wconf 77' lang='lat' dir='ltr'>difﬁdentia,</span> <span class='ocrx_word' id='word_1_254' title='bbox 502 3391 536 3428; x_wconf 97' lang='lat' dir='ltr'>o</span> <span class='ocrx_word' id='word_1_255' title='bbox 569 3390 801 3445; x_wconf 88' lang='lat' dir='ltr'>pauper</span> <span class='ocrx_word' id='word_1_256' title='bbox 829 3374 1049 3437; x_wconf 61' lang='lat' dir='ltr'>saeculi,</span> <span class='ocrx_word' id='word_1_257' title='bbox 1081 3375 1247 3428; x_wconf 84' lang='lat' dir='ltr'>dives</span> <span class='ocrx_word' id='word_1_258' title='bbox 1280 3373 1507 3437; x_wconf 76' lang='lat' dir='ltr'>Christi,</span> <span class='ocrx_word' id='word_1_259' title='bbox 1542 3374 1641 3427; x_wconf 86' lang='lat' dir='ltr'>scd</span> <span class='ocrx_word' id='word_1_260' title='bbox 1675 3374 1773 3427; x_wconf 75' lang='lat' dir='ltr'>tir-</span> 
     </span>
    </p>
   </div>
   <div class='ocr_carea' id='block_1_39' title="bbox 114 3462 1779 3534">
    <p class='ocr_par' dir='ltr' id='par_1_39' title="bbox 114 3462 1779 3534">
     <span class='ocr_line' id='line_1_39' title="bbox 114 3462 1779 3534; baseline -0.001 -17"><span class='ocrx_word' id='word_1_261' title='bbox 114 3463 377 3517; x_wconf 87' lang='lat' dir='ltr'>missime</span> <span class='ocrx_word' id='word_1_262' title='bbox 404 3464 607 3534; x_wconf 90' lang='lat' dir='ltr'>ponito</span> <span class='ocrx_word' id='word_1_263' title='bbox 632 3479 800 3534; x_wconf 86' lang='lat' dir='ltr'>spem</span> <span class='ocrx_word' id='word_1_264' title='bbox 822 3463 881 3517; x_wconf 93' lang='lat' dir='ltr'>in</span> <span class='ocrx_word' id='word_1_265' title='bbox 906 3479 974 3517; x_wconf 90' lang='lat' dir='ltr'>eo</span> <span class='ocrx_word' id='word_1_266' title='bbox 998 3463 1069 3517; x_wconf 90' lang='lat' dir='ltr'>de</span> <span class='ocrx_word' id='word_1_267' title='bbox 1089 3479 1210 3534; x_wconf 89' lang='lat' dir='ltr'>quo</span> <span class='ocrx_word' id='word_1_268' title='bbox 1233 3462 1543 3516; x_wconf 81' lang='lat' dir='ltr'>Psalmista</span> <span class='ocrx_word' id='word_1_269' title='bbox 1568 3462 1779 3517; x_wconf 86' lang='lat' dir='ltr'>cecinit</span> 
     </span>
    </p>
   </div>
   <div class='ocr_carea' id='block_1_40' title="bbox 115 3552 1777 3623">
    <p class='ocr_par' dir='ltr' id='par_1_40' title="bbox 115 3552 1777 3623">
     <span class='ocr_line' id='line_1_40' title="bbox 115 3552 1777 3623; baseline -0.001 -16"><span class='ocrx_word' id='word_1_270' title='bbox 115 3554 351 3608; x_wconf 84' lang='lat' dir='ltr'>dicens:</span> <span class='ocrx_word' id='word_1_271' title='bbox 390 3553 674 3606; x_wconf 85' lang='lat' dir='ltr'>Dominus</span> <span class='ocrx_word' id='word_1_272' title='bbox 706 3552 988 3606; x_wconf 83' lang='lat' dir='ltr'>fortitudo</span> <span class='ocrx_word' id='word_1_273' title='bbox 1014 3552 1204 3623; x_wconf 80' lang='lat' dir='ltr'>plebis</span> <span class='ocrx_word' id='word_1_274' title='bbox 1227 3568 1369 3616; x_wconf 65' lang='lat' dir='ltr'>sum,</span> <span class='ocrx_word' id='word_1_275' title='bbox 1404 3557 1461 3605; x_wconf 88' lang='lat' dir='ltr'>et</span> <span class='ocrx_word' id='word_1_276' title='bbox 1482 3556 1777 3622; x_wconf 86' lang='lat' dir='ltr'>protector</span> 
     </span>
    </p>
   </div>
   <div class='ocr_carea' id='block_1_41' title="bbox 116 3640 1777 3710">
    <p class='ocr_par' dir='ltr' id='par_1_41' title="bbox 116 3640 1777 3710">
     <span class='ocr_line' id='line_1_41' title="bbox 116 3640 1777 3710; baseline -0.001 -15"><span class='ocrx_word' id='word_1_277' title='bbox 116 3642 518 3697; x_wconf 86' lang='lat' dir='ltr'>salvationum</span> <span class='ocrx_word' id='word_1_278' title='bbox 554 3640 763 3697; x_wconf 79' lang='lat' dir='ltr'>Christi</span> <span class='ocrx_word' id='word_1_279' title='bbox 798 3640 889 3693; x_wconf 90' lang='lat' dir='ltr'>sui</span> <span class='ocrx_word' id='word_1_280' title='bbox 917 3646 1007 3694; x_wconf 90' lang='lat' dir='ltr'>est</span> <span class='ocrx_word' id='word_1_281' title='bbox 1033 3644 1199 3710; x_wconf 57' lang='grc'>(241).</span> <span class='ocrx_word' id='word_1_282' title='bbox 1238 3644 1451 3694; x_wconf 89' lang='lat' dir='ltr'>lterum</span> <span class='ocrx_word' id='word_1_283' title='bbox 1496 3641 1777 3693; x_wconf 79' lang='lat' dir='ltr'>humanae</span> 
     </span>
    </p>
   </div>
   <div class='ocr_carea' id='block_1_42' title="bbox 118 3730 1777 3800">
    <p class='ocr_par' dir='ltr' id='par_1_42' title="bbox 118 3730 1777 3800">
     <span class='ocr_line' id='line_1_42' title="bbox 118 3730 1777 3800; baseline -0.001 -17"><span class='ocrx_word' id='word_1_284' title='bbox 118 3731 327 3785; x_wconf 83' lang='lat' dir='ltr'>salutis</span> <span class='ocrx_word' id='word_1_285' title='bbox 356 3730 596 3784; x_wconf 88' lang='lat' dir='ltr'>inimico</span> <span class='ocrx_word' id='word_1_286' title='bbox 625 3730 909 3800; x_wconf 62' lang='lat' dir='ltr'>quaedam</span> <span class='ocrx_word' id='word_1_287' title='bbox 961 3746 1152 3783; x_wconf 80' lang='lat' dir='ltr'>scaeva</span> <span class='ocrx_word' id='word_1_288' title='bbox 1201 3734 1573 3797; x_wconf 64' lang='lat' dir='ltr'>suggerente,</span> <span class='ocrx_word' id='word_1_289' title='bbox 1608 3734 1662 3783; x_wconf 91' lang='lat' dir='ltr'>et</span> <span class='ocrx_word' id='word_1_290' title='bbox 1719 3730 1777 3782; x_wconf 90' lang='lat' dir='ltr'>in</span> 
     </span>
    </p>
   </div>
   <div class='ocr_carea' id='block_1_43' title="bbox 122 3817 1778 3875">
    <p class='ocr_par' dir='ltr' id='par_1_43' title="bbox 122 3817 1778 3875">
     <span class='ocr_line' id='line_1_43' title="bbox 122 3817 1778 3875; baseline -0.002 -1"><span class='ocrx_word' id='word_1_291' title='bbox 122 3820 223 3875; x_wconf 91' lang='lat' dir='ltr'>tali</span> <span class='ocrx_word' id='word_1_292' title='bbox 264 3819 497 3873; x_wconf 86' lang='lat' dir='ltr'>miseria</span> <span class='ocrx_word' id='word_1_293' title='bbox 554 3836 659 3873; x_wconf 88' lang='lat' dir='ltr'>nec</span> <span class='ocrx_word' id='word_1_294' title='bbox 720 3835 841 3872; x_wconf 92' lang='lat' dir='ltr'>non</span> <span class='ocrx_word' id='word_1_295' title='bbox 894 3818 1097 3872; x_wconf 87' lang='lat' dir='ltr'>labore</span> <span class='ocrx_word' id='word_1_296' title='bbox 1133 3818 1328 3872; x_wconf 89' lang='lat' dir='ltr'>carnis</span> <span class='ocrx_word' id='word_1_297' title='bbox 1372 3817 1778 3871; x_wconf 68' lang='lat' dir='ltr'>intirzuitatem</span> 
     </span>
    </p>
   </div>
   <div class='ocr_carea' id='block_1_44' title="bbox 120 3906 1779 3980">
    <p class='ocr_par' dir='ltr' id='par_1_44' title="bbox 120 3906 1779 3980">
     <span class='ocr_line' id='line_1_44' title="bbox 120 3906 1779 3980; baseline -0.004 -16"><span class='ocrx_word' id='word_1_298' title='bbox 120 3910 363 3964; x_wconf 89' lang='lat' dir='ltr'>minime</span> <span class='ocrx_word' id='word_1_299' title='bbox 397 3925 575 3980; x_wconf 87' lang='lat' dir='ltr'>posse</span> <span class='ocrx_word' id='word_1_300' title='bbox 634 3908 950 3979; x_wconf 84' lang='lat' dir='ltr'>persistere</span> <span class='ocrx_word' id='word_1_301' title='bbox 1010 3907 1414 3962; x_wconf 82' lang='lat' dir='ltr'>fraudulenter</span> <span class='ocrx_word' id='word_1_302' title='bbox 1466 3906 1779 3971; x_wconf 74' lang='lat' dir='ltr'>inﬁciente,</span> 
     </span>
    </p>
   </div>
   <div class='ocr_carea' id='block_1_45' title="bbox 118 3997 1781 4069">
    <p class='ocr_par' dir='ltr' id='par_1_45' title="bbox 118 3997 1781 4069">
     <span class='ocr_line' id='line_1_45' title="bbox 118 3997 1781 4069; baseline -0.002 -15"><span class='ocrx_word' id='word_1_303' title='bbox 118 4002 301 4055; x_wconf 85' lang='lat' dir='ltr'>homo</span> <span class='ocrx_word' id='word_1_304' title='bbox 333 4000 429 4053; x_wconf 90' lang='lat' dir='ltr'>Dei</span> <span class='ocrx_word' id='word_1_305' title='bbox 468 3999 775 4069; x_wconf 88' lang='lat' dir='ltr'>respondit</span> <span class='ocrx_word' id='word_1_306' title='bbox 808 4017 819 4052; x_wconf 89' lang='lat'>:</span> <span class='ocrx_word' id='word_1_307' title='bbox 853 3997 1025 4062; x_wconf 76' lang='lat' dir='ltr'>Quod</span> <span class='ocrx_word' id='word_1_308' title='bbox 1075 3997 1121 4051; x_wconf 87' lang='lat' dir='ltr'>si</span> <span class='ocrx_word' id='word_1_309' title='bbox 1153 3997 1415 4051; x_wconf 82' lang='lat' dir='ltr'>Christus</span> <span class='ocrx_word' id='word_1_310' title='bbox 1472 4013 1641 4050; x_wconf 86' lang='lat' dir='ltr'>meus</span> <span class='ocrx_word' id='word_1_311' title='bbox 1688 4014 1781 4051; x_wconf 90' lang='lat' dir='ltr'>me</span> 
     </span>
    </p>
   </div>
   <div class='ocr_carea' id='block_1_46' title="bbox 120 4086 1781 4152">
    <p class='ocr_par' dir='ltr' id='par_1_46' title="bbox 120 4086 1781 4152">
     <span class='ocr_line' id='line_1_46' title="bbox 120 4086 1781 4152; baseline -0.003 -8"><span class='ocrx_word' id='word_1_312' title='bbox 120 4104 239 4144; x_wconf 91' lang='lat' dir='ltr'>non</span> <span class='ocrx_word' id='word_1_313' title='bbox 276 4088 745 4143; x_wconf 85' lang='lat' dir='ltr'>manducantem</span> <span class='ocrx_word' id='word_1_314' title='bbox 778 4088 975 4142; x_wconf 82' lang='lat' dir='ltr'>vivere</span> <span class='ocrx_word' id='word_1_315' title='bbox 1000 4086 1267 4152; x_wconf 90' lang='lat' dir='ltr'>voluerit,</span> <span class='ocrx_word' id='word_1_316' title='bbox 1305 4087 1471 4141; x_wconf 85' lang='lat' dir='ltr'>facile</span> <span class='ocrx_word' id='word_1_317' title='bbox 1500 4087 1613 4141; x_wconf 82' lang='lat' dir='ltr'>hoc</span> <span class='ocrx_word' id='word_1_318' title='bbox 1657 4086 1781 4139; x_wconf 78' lang='lat' dir='ltr'>eﬁi-</span> 
     </span>
    </p>
   </div>
   <div class='ocr_carea' id='block_1_47' title="bbox 124 4176 1783 4248">
    <p class='ocr_par' dir='ltr' id='par_1_47' title="bbox 124 4176 1783 4248">
     <span class='ocr_line' id='line_1_47' title="bbox 124 4176 1783 4248; baseline -0.003 -17"><span class='ocrx_word' id='word_1_319' title='bbox 124 4193 253 4231; x_wconf 88' lang='lat' dir='ltr'>cere</span> <span class='ocrx_word' id='word_1_320' title='bbox 310 4177 542 4248; x_wconf 88' lang='lat' dir='ltr'>poterit,</span> <span class='ocrx_word' id='word_1_321' title='bbox 592 4178 765 4247; x_wconf 80' lang='lat' dir='ltr'>juxta</span> <span class='ocrx_word' id='word_1_322' title='bbox 821 4177 987 4248; x_wconf 90' lang='lat' dir='ltr'>quod</span> <span class='ocrx_word' id='word_1_323' title='bbox 1038 4176 1325 4247; x_wconf 86' lang='lat' dir='ltr'>scriptum</span> <span class='ocrx_word' id='word_1_324' title='bbox 1360 4182 1447 4230; x_wconf 86' lang='lat' dir='ltr'>est</span> <span class='ocrx_word' id='word_1_325' title='bbox 1481 4194 1491 4229; x_wconf 88' lang='lat'>:</span> <span class='ocrx_word' id='word_1_326' title='bbox 1524 4181 1647 4231; x_wconf 72' lang='lat' dir='ltr'>Non</span> <span class='ocrx_word' id='word_1_327' title='bbox 1700 4183 1783 4231; x_wconf 84' lang='lat' dir='ltr'>est</span> 
     </span>
    </p>
   </div>
   <div class='ocr_carea' id='block_1_48' title="bbox 124 4265 1785 4338">
    <p class='ocr_par' dir='ltr' id='par_1_48' title="bbox 124 4265 1785 4338">
     <span class='ocr_line' id='line_1_48' title="bbox 124 4265 1785 4338; baseline -0.001 -17"><span class='ocrx_word' id='word_1_328' title='bbox 124 4266 491 4337; x_wconf 77' lang='lat' dir='ltr'>impossibile</span> <span class='ocrx_word' id='word_1_329' title='bbox 518 4268 679 4338; x_wconf 90' lang='lat' dir='ltr'>apud</span> <span class='ocrx_word' id='word_1_330' title='bbox 730 4269 915 4320; x_wconf 88' lang='lat' dir='ltr'>Deum</span> <span class='ocrx_word' id='word_1_331' title='bbox 972 4282 1151 4320; x_wconf 89' lang='lat' dir='ltr'>omne</span> <span class='ocrx_word' id='word_1_332' title='bbox 1204 4265 1457 4319; x_wconf 82' lang='lat' dir='ltr'>verbum</span> <span class='ocrx_word' id='word_1_333' title='bbox 1516 4268 1685 4333; x_wconf 47' lang='lat' dir='ltr'>(ai-2,.</span> <span class='ocrx_word' id='word_1_334' title='bbox 1725 4271 1785 4320; x_wconf 66' lang='lat' dir='ltr'>Et</span> 
     </span>
    </p>
   </div>
   <div class='ocr_carea' id='block_1_49' title="bbox 124 4355 1784 4428">
    <p class='ocr_par' dir='ltr' id='par_1_49' title="bbox 124 4355 1784 4428">
     <span class='ocr_line' id='line_1_49' title="bbox 124 4355 1784 4428; baseline -0.001 -16"><span class='ocrx_word' id='word_1_335' title='bbox 124 4358 334 4412; x_wconf 84' lang='lat' dir='ltr'>iterum</span> <span class='ocrx_word' id='word_1_336' title='bbox 373 4374 384 4410; x_wconf 92' lang='lat'>:</span> <span class='ocrx_word' id='word_1_337' title='bbox 418 4358 630 4412; x_wconf 87' lang='lat' dir='ltr'>Omnia</span> <span class='ocrx_word' id='word_1_338' title='bbox 663 4356 975 4428; x_wconf 77' lang='lat' dir='ltr'>possibilia</span> <span class='ocrx_word' id='word_1_339' title='bbox 1006 4355 1269 4410; x_wconf 87' lang='lat' dir='ltr'>credenti</span> <span class='ocrx_word' id='word_1_340' title='bbox 1322 4358 1489 4425; x_wconf 61' lang='lat' dir='ltr'>(2w).</span> <span class='ocrx_word' id='word_1_341' title='bbox 1541 4358 1593 4411; x_wconf 84' lang='lat' dir='ltr'>Si</span> <span class='ocrx_word' id='word_1_342' title='bbox 1650 4373 1784 4411; x_wconf 88' lang='lat' dir='ltr'>vero</span> 
     </span>
    </p>
   </div>
   <div class='ocr_carea' id='block_1_50' title="bbox 126 4444 1781 4515">
    <p class='ocr_par' dir='ltr' id='par_1_50' title="bbox 126 4444 1781 4515">
     <span class='ocr_line' id='line_1_50' title="bbox 126 4444 1781 4515; baseline -0.001 -17"><span class='ocrx_word' id='word_1_343' title='bbox 126 4446 182 4499; x_wconf 91' lang='lat' dir='ltr'>id</span> <span class='ocrx_word' id='word_1_344' title='bbox 212 4446 401 4499; x_wconf 88' lang='lat' dir='ltr'>facere</span> <span class='ocrx_word' id='word_1_345' title='bbox 432 4445 709 4515; x_wconf 87' lang='lat' dir='ltr'>noluerit,</span> <span class='ocrx_word' id='word_1_346' title='bbox 744 4452 842 4500; x_wconf 89' lang='lat' dir='ltr'>aut</span> <span class='ocrx_word' id='word_1_347' title='bbox 874 4445 1020 4498; x_wconf 91' lang='lat' dir='ltr'>mihi</span> <span class='ocrx_word' id='word_1_348' title='bbox 1061 4444 1381 4498; x_wconf 85' lang='lat' dir='ltr'>clementer</span> <span class='ocrx_word' id='word_1_349' title='bbox 1428 4444 1647 4498; x_wconf 82' lang='lat' dir='ltr'>victum</span> <span class='ocrx_word' id='word_1_350' title='bbox 1683 4463 1781 4498; x_wconf 69' lang='lat' dir='ltr'>r3;—</span> 
     </span>
    </p>
   </div>
   <div class='ocr_carea' id='block_1_51' title="bbox 126 4532 1780 4605">
    <p class='ocr_par' dir='ltr' id='par_1_51' title="bbox 126 4532 1780 4605">
     <span class='ocr_line' id='line_1_51' title="bbox 126 4532 1780 4605; baseline -0.001 -17"><span class='ocrx_word' id='word_1_351' title='bbox 126 4534 371 4601; x_wconf 86' lang='lat' dir='ltr'>hibebit,</span> <span class='ocrx_word' id='word_1_352' title='bbox 407 4535 740 4588; x_wconf 89' lang='lat' dir='ltr'>secundum</span> <span class='ocrx_word' id='word_1_353' title='bbox 772 4534 931 4605; x_wconf 89' lang='lat' dir='ltr'>quod</span> <span class='ocrx_word' id='word_1_354' title='bbox 967 4534 1094 4604; x_wconf 90' lang='lat' dir='ltr'>ipse</span> <span class='ocrx_word' id='word_1_355' title='bbox 1121 4532 1259 4586; x_wconf 87' lang='lat' dir='ltr'>dicit</span> <span class='ocrx_word' id='word_1_356' title='bbox 1304 4532 1362 4586; x_wconf 91' lang='lat' dir='ltr'>in</span> <span class='ocrx_word' id='word_1_357' title='bbox 1415 4532 1733 4599; x_wconf 72' lang='lat' dir='ltr'>Evangelio</span> <span class='ocrx_word' id='word_1_358' title='bbox 1770 4550 1780 4586; x_wconf 91' lang='lat'>:</span> 
     </span>
    </p>
   </div>
   <div class='ocr_carea' id='block_1_52' title="bbox 130 4620 1788 4693">
    <p class='ocr_par' dir='ltr' id='par_1_52' title="bbox 130 4620 1788 4693">
     <span class='ocr_line' id='line_1_52' title="bbox 130 4620 1788 4693; baseline -0.001 -17"><span class='ocrx_word' id='word_1_359' title='bbox 130 4623 393 4676; x_wconf 78' lang='lat' dir='ltr'>Primum</span> <span class='ocrx_word' id='word_1_360' title='bbox 423 4623 668 4693; x_wconf 77' lang='lat' dir='ltr'>qmerite</span> <span class='ocrx_word' id='word_1_361' title='bbox 699 4638 953 4692; x_wconf 80' lang='lat' dir='ltr'>regnum</span> <span class='ocrx_word' id='word_1_362' title='bbox 994 4620 1114 4686; x_wconf 90' lang='lat' dir='ltr'>Dei,</span> <span class='ocrx_word' id='word_1_363' title='bbox 1149 4625 1204 4675; x_wconf 89' lang='lat' dir='ltr'>et</span> <span class='ocrx_word' id='word_1_364' title='bbox 1242 4621 1369 4675; x_wconf 70' lang='lat' dir='ltr'>htBC</span> <span class='ocrx_word' id='word_1_365' title='bbox 1426 4621 1629 4674; x_wconf 88' lang='lat' dir='ltr'>omnia</span> <span class='ocrx_word' id='word_1_366' title='bbox 1687 4622 1788 4675; x_wconf 85' lang='lat' dir='ltr'>ad—</span> 
     </span>
    </p>
   </div>
   <div class='ocr_carea' id='block_1_53' title="bbox 125 4711 1786 4783">
    <p class='ocr_par' dir='ltr' id='par_1_53' title="bbox 125 4711 1786 4783">
     <span class='ocr_line' id='line_1_53' title="bbox 125 4711 1786 4783; baseline -0.002 -16"><span class='ocrx_word' id='word_1_367' title='bbox 125 4712 399 4783; x_wconf 86' lang='lat' dir='ltr'>jicientur</span> <span class='ocrx_word' id='word_1_368' title='bbox 454 4712 671 4772; x_wconf 83' lang='lat' dir='ltr'>vobis;</span> <span class='ocrx_word' id='word_1_369' title='bbox 732 4713 840 4765; x_wconf 86' lang='lat' dir='ltr'>scit</span> <span class='ocrx_word' id='word_1_370' title='bbox 894 4712 1052 4765; x_wconf 90' lang='lat' dir='ltr'>enim</span> <span class='ocrx_word' id='word_1_371' title='bbox 1104 4714 1268 4764; x_wconf 88' lang='lat' dir='ltr'>Pater</span> <span class='ocrx_word' id='word_1_372' title='bbox 1299 4711 1650 4782; x_wconf 79' lang='lat' dir='ltr'>vcstcrqnia</span> <span class='ocrx_word' id='word_1_373' title='bbox 1696 4711 1786 4765; x_wconf 87' lang='lat' dir='ltr'>his</span> 
     </span>
    </p>
   </div>
   <div class='ocr_carea' id='block_1_54' title="bbox 132 4801 1790 4872">
    <p class='ocr_par' dir='ltr' id='par_1_54' title="bbox 132 4801 1790 4872">
     <span class='ocr_line' id='line_1_54' title="bbox 132 4801 1790 4872; baseline -0.001 -15"><span class='ocrx_word' id='word_1_374' title='bbox 132 4801 410 4857; x_wconf 85' lang='lat' dir='ltr'>omnibus</span> <span class='ocrx_word' id='word_1_375' title='bbox 437 4801 712 4872; x_wconf 82' lang='lat' dir='ltr'>indigetis</span> <span class='ocrx_word' id='word_1_376' title='bbox 744 4803 890 4871; x_wconf 61' lang='lat' dir='ltr'>(flii)</span> <span class='ocrx_word' id='word_1_377' title='bbox 922 4820 933 4869; x_wconf 89' lang='lat'><strong>;</strong></span> <span class='ocrx_word' id='word_1_378' title='bbox 970 4805 1072 4855; x_wconf 89' lang='lat' dir='ltr'>aut</span> <span class='ocrx_word' id='word_1_379' title='bbox 1129 4802 1251 4854; x_wconf 89' lang='lat' dir='ltr'>sine</span> <span class='ocrx_word' id='word_1_380' title='bbox 1314 4802 1790 4856; x_wconf 76' lang='lat' dir='ltr'>murznnratione</span> 
     </span>
    </p>
   </div>
   <div class='ocr_carea' id='block_1_55' title="bbox 134 4892 1788 4963">
    <p class='ocr_par' dir='ltr' id='par_1_55' title="bbox 134 4892 1788 4963">
     <span class='ocr_line' id='line_1_55' title="bbox 134 4892 1788 4963; baseline -0.001 -16"><span class='ocrx_word' id='word_1_381' title='bbox 134 4892 282 4947; x_wconf 87' lang='lat' dir='ltr'>illius</span> <span class='ocrx_word' id='word_1_382' title='bbox 313 4892 627 4947; x_wconf 87' lang='lat' dir='ltr'>voluntatis</span> <span class='ocrx_word' id='word_1_383' title='bbox 656 4893 965 4959; x_wconf 79' lang='lat' dir='ltr'>sententia,</span> <span class='ocrx_word' id='word_1_384' title='bbox 1000 4908 1133 4962; x_wconf 57' lang='lat' dir='ltr'>qua:</span> <span class='ocrx_word' id='word_1_385' title='bbox 1167 4908 1286 4945; x_wconf 85' lang='lat' dir='ltr'>non</span> <span class='ocrx_word' id='word_1_386' title='bbox 1321 4897 1509 4963; x_wconf 80' lang='lat' dir='ltr'>potest</span> <span class='ocrx_word' id='word_1_387' title='bbox 1541 4908 1669 4945; x_wconf 68' lang='lat' dir='ltr'>esse</span> <span class='ocrx_word' id='word_1_388' title='bbox 1704 4892 1788 4946; x_wconf 90' lang='lat' dir='ltr'>in—</span> 
     </span>
    </p>
   </div>
   <div class='ocr_carea' id='block_1_56' title="bbox 130 4981 1791 5052">
    <p class='ocr_par' dir='ltr' id='par_1_56' title="bbox 130 4981 1791 5052">
     <span class='ocr_line' id='line_1_56' title="bbox 130 4981 1791 5052; baseline 0.001 -18"><span class='ocrx_word' id='word_1_389' title='bbox 130 4984 311 5052; x_wconf 84' lang='lat' dir='ltr'>justa,</span> <span class='ocrx_word' id='word_1_390' title='bbox 356 5000 493 5037; x_wconf 87' lang='lat' dir='ltr'>cum</span> <span class='ocrx_word' id='word_1_391' title='bbox 518 4984 868 5037; x_wconf 86' lang='lat' dir='ltr'>intemerata</span> <span class='ocrx_word' id='word_1_392' title='bbox 902 4981 1017 5035; x_wconf 87' lang='lat' dir='ltr'>tide</span> <span class='ocrx_word' id='word_1_393' title='bbox 1069 4982 1176 5035; x_wconf 91' lang='lat' dir='ltr'>erit</span> <span class='ocrx_word' id='word_1_394' title='bbox 1235 4981 1570 5035; x_wconf 84' lang='lat' dir='ltr'>subeunda.</span> <span class='ocrx_word' id='word_1_395' title='bbox 1629 4981 1791 5035; x_wconf 86' lang='lat' dir='ltr'>Hanc</span> 
     </span>
    </p>
   </div>
   <div class='ocr_carea' id='block_1_57' title="bbox 136 5072 1792 5128">
    <p class='ocr_par' dir='ltr' id='par_1_57' title="bbox 136 5072 1792 5128">
     <span class='ocr_line' id='line_1_57' title="bbox 136 5072 1792 5128; baseline -0.002 -4"><span class='ocrx_word' id='word_1_396' title='bbox 136 5072 311 5126; x_wconf 86' lang='lat' dir='ltr'>tidem</span> <span class='ocrx_word' id='word_1_397' title='bbox 348 5080 403 5128; x_wconf 91' lang='lat' dir='ltr'>et</span> <span class='ocrx_word' id='word_1_398' title='bbox 424 5074 559 5128; x_wconf 87' lang='lat' dir='ltr'>tidei</span> <span class='ocrx_word' id='word_1_399' title='bbox 591 5072 1075 5128; x_wconf 77' lang='lat' dir='ltr'>exercitationem</span> <span class='ocrx_word' id='word_1_400' title='bbox 1100 5072 1421 5125; x_wconf 82' lang='lat' dir='ltr'>subsecuta</span> <span class='ocrx_word' id='word_1_401' title='bbox 1453 5077 1535 5124; x_wconf 65' lang='lat' dir='ltr'>est</span> <span class='ocrx_word' id='word_1_402' title='bbox 1586 5088 1792 5125; x_wconf 80' lang='lat' dir='ltr'>conso-</span> 
     </span>
    </p>
   </div>
   <div class='ocr_carea' id='block_1_58' title="bbox 137 5159 1791 5234">
    <p class='ocr_par' dir='ltr' id='par_1_58' title="bbox 137 5159 1791 5234">
     <span class='ocr_line' id='line_1_58' title="bbox 137 5159 1791 5234; baseline -0.001 -20"><span class='ocrx_word' id='word_1_403' title='bbox 137 5161 273 5215; x_wconf 84' lang='lat' dir='ltr'>latio</span> <span class='ocrx_word' id='word_1_404' title='bbox 304 5162 521 5216; x_wconf 64' lang='lat' dir='ltr'>divinae</span> <span class='ocrx_word' id='word_1_405' title='bbox 564 5162 820 5234; x_wconf 88' lang='lat' dir='ltr'>pictatis,</span> <span class='ocrx_word' id='word_1_406' title='bbox 882 5177 1017 5231; x_wconf 71' lang='lat' dir='ltr'>quze</span> <span class='ocrx_word' id='word_1_407' title='bbox 1061 5159 1419 5214; x_wconf 69' lang='lat' dir='ltr'>sufﬁcienter</span> <span class='ocrx_word' id='word_1_408' title='bbox 1478 5160 1553 5213; x_wconf 76' lang='lat' dir='ltr'>illi</span> <span class='ocrx_word' id='word_1_409' title='bbox 1603 5178 1791 5231; x_wconf 81' lang='lat' dir='ltr'>panes</span> 
     </span>
    </p>
   </div>
   <div class='ocr_carea' id='block_1_59' title="bbox 140 5248 1795 5321">
    <p class='ocr_par' dir='ltr' id='par_1_59' title="bbox 140 5248 1795 5321">
     <span class='ocr_line' id='line_1_59' title="bbox 140 5248 1795 5321; baseline 0 -18"><span class='ocrx_word' id='word_1_410' title='bbox 140 5252 462 5305; x_wconf 84' lang='lat' dir='ltr'>transmisit</span> <span class='ocrx_word' id='word_1_411' title='bbox 484 5266 590 5320; x_wconf 88' lang='lat' dir='ltr'>per</span> <span class='ocrx_word' id='word_1_412' title='bbox 618 5251 920 5321; x_wconf 84' lang='lat' dir='ltr'>quosdam</span> <span class='ocrx_word' id='word_1_413' title='bbox 950 5249 1228 5304; x_wconf 84' lang='lat' dir='ltr'>homines</span> <span class='ocrx_word' id='word_1_414' title='bbox 1257 5249 1381 5319; x_wconf 89' lang='lat' dir='ltr'>qui,</span> <span class='ocrx_word' id='word_1_415' title='bbox 1418 5248 1514 5303; x_wconf 85' lang='lat' dir='ltr'>illo</span> <span class='ocrx_word' id='word_1_416' title='bbox 1542 5264 1679 5301; x_wconf 85' lang='lat' dir='ltr'>cum</span> <span class='ocrx_word' id='word_1_417' title='bbox 1711 5266 1795 5303; x_wconf 83' lang='lat' dir='ltr'>se-</span> 
     </span>
    </p>
   </div>
   <div class='ocr_carea' id='block_1_60' title="bbox 212 5482 607 5553">
    <p class='ocr_par' dir='ltr' id='par_1_60' title="bbox 212 5482 607 5553">
     <span class='ocr_line' id='line_1_60' title="bbox 212 5482 607 5553; baseline -0.008 -17"><span class='ocrx_word' id='word_1_418' title='bbox 212 5482 354 5553; x_wconf 63' lang='grc'>(238)</span> <span class='ocrx_word' id='word_1_419' title='bbox 396 5483 516 5535; x_wconf 75' lang='lat' dir='ltr'><em>J03.</em></span> <span class='ocrx_word' id='word_1_420' title='bbox 551 5498 607 5534; x_wconf 87' lang='grc' dir='ltr'>ιι,</span> 
     </span>
    </p>
   </div>
   <div class='ocr_carea' id='block_1_61' title="bbox 214 5554 700 5617">
    <p class='ocr_par' dir='ltr' id='par_1_61' title="bbox 214 5554 700 5617">
     <span class='ocr_line' id='line_1_61' title="bbox 214 5554 700 5617; baseline -0.002 -10"><span class='ocrx_word' id='word_1_421' title='bbox 214 5556 354 5617; x_wconf 76' lang='grc'>(239)</span> <span class='ocrx_word' id='word_1_422' title='bbox 398 5554 582 5607; x_wconf 76' lang='lat' dir='ltr'>Eccli.</span> <span class='ocrx_word' id='word_1_423' title='bbox 620 5568 700 5606; x_wconf 85' lang='lat' dir='ltr'>In.</span> 
     </span>
    </p>
   </div>
   <div class='ocr_carea' id='block_1_62' title="bbox 214 5624 724 5695">
    <p class='ocr_par' dir='ltr' id='par_1_62' title="bbox 214 5624 724 5695">
     <span class='ocr_line' id='line_1_62' title="bbox 214 5624 724 5695; baseline -0.002 -17"><span class='ocrx_word' id='word_1_424' title='bbox 214 5628 359 5695; x_wconf 64' lang='lat' dir='ltr'>(ate)</span> <span class='ocrx_word' id='word_1_425' title='bbox 398 5624 616 5679; x_wconf 74' lang='lat' dir='ltr'>Matth.</span> <span class='ocrx_word' id='word_1_426' title='bbox 648 5641 724 5677; x_wconf 86' lang='lat' dir='ltr'>iv.</span> 
     </span>
    </p>
   </div>
   <div class='ocr_carea' id='block_1_63' title="bbox 217 5696 775 5765">
    <p class='ocr_par' dir='ltr' id='par_1_63' title="bbox 217 5696 775 5765">
     <span class='ocr_line' id='line_1_63' title="bbox 217 5696 775 5765; baseline -0.002 -15"><span class='ocrx_word' id='word_1_427' title='bbox 217 5700 355 5765; x_wconf 66' lang='lat'>(2“)</span> <span class='ocrx_word' id='word_1_428' title='bbox 398 5696 564 5750; x_wconf 84' lang='lat' dir='ltr'>Psal.</span> <span class='ocrx_word' id='word_1_429' title='bbox 598 5712 775 5750; x_wconf 86' lang='lat' dir='ltr'>xxvu.</span> 
     </span>
    </p>
   </div>
   <div class='ocr_carea' id='block_1_64' title="bbox 215 5770 669 5838">
    <p class='ocr_par' dir='ltr' id='par_1_64' title="bbox 215 5770 669 5838">
     <span class='ocr_line' id='line_1_64' title="bbox 215 5770 669 5838; baseline -0.007 -15"><span class='ocrx_word' id='word_1_430' title='bbox 215 5772 265 5835; x_wconf 74' lang='grc'>(2</span> <span class='ocrx_word' id='word_1_431' title='bbox 280 5771 356 5838; x_wconf 73' lang='lat' dir='ltr'>i9.)</span> <span class='ocrx_word' id='word_1_432' title='bbox 401 5770 541 5821; x_wconf 70' lang='lat' dir='ltr'>Luc.</span> <span class='ocrx_word' id='word_1_433' title='bbox 578 5784 669 5820; x_wconf 86' lang='lat' dir='ltr'>vu.</span> 
     </span>
    </p>
   </div>
   <div class='ocr_carea' id='block_1_65' title="bbox 1871 514 3535 599">
    <p class='ocr_par' dir='ltr' id='par_1_65' title="bbox 1871 514 3535 599">
     <span class='ocr_line' id='line_1_65' title="bbox 1871 514 3535 599; baseline -0.012 -15"><span class='ocrx_word' id='word_1_434' title='bbox 1871 529 2166 595; x_wconf 87' lang='lat' dir='ltr'>cedentes,</span> <span class='ocrx_word' id='word_1_435' title='bbox 2198 530 2295 583; x_wconf 84' lang='lat' dir='ltr'>vix</span> <span class='ocrx_word' id='word_1_436' title='bbox 2325 524 2621 599; x_wconf 85' lang='lat' dir='ltr'>reptando</span> <span class='ocrx_word' id='word_1_437' title='bbox 2654 522 2732 577; x_wconf 90' lang='lat' dir='ltr'>ad</span> <span class='ocrx_word' id='word_1_438' title='bbox 2754 520 2946 574; x_wconf 80' lang='lat' dir='ltr'>virum</span> <span class='ocrx_word' id='word_1_439' title='bbox 2980 517 3077 571; x_wconf 87' lang='lat' dir='ltr'>Dei</span> <span class='ocrx_word' id='word_1_440' title='bbox 3110 514 3345 569; x_wconf 90' lang='lat' dir='ltr'>decimo</span> <span class='ocrx_word' id='word_1_441' title='bbox 3410 516 3535 565; x_wconf 89' lang='lat' dir='ltr'>tan-</span> 
     </span>
    </p>
   </div>
   <div class='ocr_carea' id='block_1_66' title="bbox 1868 599 3537 691">
    <p class='ocr_par' dir='ltr' id='par_1_66' title="bbox 1868 599 3537 691">
     <span class='ocr_line' id='line_1_66' title="bbox 1868 599 3537 691; baseline -0.011 -19"><span class='ocrx_word' id='word_1_442' title='bbox 1868 619 2005 673; x_wconf 84' lang='lat' dir='ltr'>dem</span> <span class='ocrx_word' id='word_1_443' title='bbox 2030 620 2122 674; x_wconf 89' lang='lat' dir='ltr'>die</span> <span class='ocrx_word' id='word_1_444' title='bbox 2152 617 2457 691; x_wconf 87' lang='lat' dir='ltr'>pervenire</span> <span class='ocrx_word' id='word_1_445' title='bbox 2484 616 2823 687; x_wconf 85' lang='lat' dir='ltr'>potuerunt.</span> <span class='ocrx_word' id='word_1_446' title='bbox 2858 612 3017 663; x_wconf 88' lang='lat' dir='ltr'>&#39;l‘unc</span> <span class='ocrx_word' id='word_1_447' title='bbox 3055 611 3249 674; x_wconf 80' lang='lat' dir='ltr'>grates</span> <span class='ocrx_word' id='word_1_448' title='bbox 3310 599 3537 669; x_wconf 75' lang='lat' dir='ltr'>magni-</span> 
     </span>
    </p>
   </div>
   <div class='ocr_carea' id='block_1_67' title="bbox 1868 689 3537 777">
    <p class='ocr_par' dir='ltr' id='par_1_67' title="bbox 1868 689 3537 777">
     <span class='ocr_line' id='line_1_67' title="bbox 1868 689 3537 777; baseline -0.013 -14"><span class='ocrx_word' id='word_1_449' title='bbox 1868 726 1967 763; x_wconf 86' lang='lat' dir='ltr'>cas</span> <span class='ocrx_word' id='word_1_450' title='bbox 1999 710 2117 763; x_wconf 82' lang='lat' dir='ltr'>Deo</span> <span class='ocrx_word' id='word_1_451' title='bbox 2140 689 2416 776; x_wconf 62' lang='lat' dir='ltr'>reddens,</span> <span class='ocrx_word' id='word_1_452' title='bbox 2440 704 2544 777; x_wconf 86' lang='lat' dir='ltr'>qui</span> <span class='ocrx_word' id='word_1_453' title='bbox 2596 718 2716 757; x_wconf 89' lang='lat' dir='ltr'>non</span> <span class='ocrx_word' id='word_1_454' title='bbox 2775 696 3088 767; x_wconf 80' lang='lat' dir='ltr'>dereliquit</span> <span class='ocrx_word' id='word_1_455' title='bbox 3137 696 3445 764; x_wconf 85' lang='lat' dir='ltr'>sperantes</span> <span class='ocrx_word' id='word_1_456' title='bbox 3474 689 3537 743; x_wconf 91' lang='lat' dir='ltr'>in</span> 
     </span>
    </p>
   </div>
   <div class='ocr_carea' id='block_1_68' title="bbox 1872 780 3535 870">
    <p class='ocr_par' dir='ltr' id='par_1_68' title="bbox 1872 780 3535 870">
     <span class='ocr_line' id='line_1_68' title="bbox 1872 780 3535 870; baseline -0.012 -19"><span class='ocrx_word' id='word_1_457' title='bbox 1872 817 1955 867; x_wconf 80' lang='lat' dir='ltr'>se,</span> <span class='ocrx_word' id='word_1_458' title='bbox 2004 804 2231 870; x_wconf 88' lang='lat' dir='ltr'>quanto</span> <span class='ocrx_word' id='word_1_459' title='bbox 2262 797 2373 851; x_wconf 87' lang='lat' dir='ltr'>sibi</span> <span class='ocrx_word' id='word_1_460' title='bbox 2412 811 2518 867; x_wconf 87' lang='lat' dir='ltr'>per</span> <span class='ocrx_word' id='word_1_461' title='bbox 2544 790 2841 864; x_wconf 64' lang='lat' dir='ltr'>patientiae</span> <span class='ocrx_word' id='word_1_462' title='bbox 2873 784 3295 859; x_wconf 88' lang='lat' dir='ltr'>probationem</span> <span class='ocrx_word' id='word_1_463' title='bbox 3341 780 3535 834; x_wconf 90' lang='lat' dir='ltr'>factus</span> 
     </span>
    </p>
   </div>
   <div class='ocr_carea' id='block_1_69' title="bbox 1871 866 3537 954">
    <p class='ocr_par' dir='ltr' id='par_1_69' title="bbox 1871 866 3537 954">
     <span class='ocr_line' id='line_1_69' title="bbox 1871 866 3537 954; baseline -0.014 -11"><span class='ocrx_word' id='word_1_464' title='bbox 1871 893 1957 943; x_wconf 87' lang='lat' dir='ltr'>est</span> <span class='ocrx_word' id='word_1_465' title='bbox 1985 887 2198 954; x_wconf 90' lang='lat' dir='ltr'>notior,</span> <span class='ocrx_word' id='word_1_466' title='bbox 2234 890 2396 940; x_wconf 89' lang='lat' dir='ltr'>tanto</span> <span class='ocrx_word' id='word_1_467' title='bbox 2414 866 2557 937; x_wconf 20' lang='lat' dir='ltr'>fallis</span> <span class='ocrx_word' id='word_1_468' title='bbox 2589 881 2649 935; x_wconf 90' lang='lat' dir='ltr'>in</span> <span class='ocrx_word' id='word_1_469' title='bbox 2699 882 3009 950; x_wconf 88' lang='lat' dir='ltr'>posterum</span> <span class='ocrx_word' id='word_1_470' title='bbox 3036 870 3313 942; x_wconf 69' lang='lat' dir='ltr'>exemplo</span> <span class='ocrx_word' id='word_1_471' title='bbox 3344 866 3537 921; x_wconf 90' lang='lat' dir='ltr'>humi-</span> 
     </span>
    </p>
   </div>
   <div class='ocr_carea' id='block_1_70' title="bbox 1870 955 3537 1047">
    <p class='ocr_par' dir='ltr' id='par_1_70' title="bbox 1870 955 3537 1047">
     <span class='ocr_line' id='line_1_70' title="bbox 1870 955 3537 1047; baseline -0.013 -18"><span class='ocrx_word' id='word_1_472' title='bbox 1870 976 2048 1030; x_wconf 81' lang='lat' dir='ltr'>litatis</span> <span class='ocrx_word' id='word_1_473' title='bbox 2083 980 2138 1030; x_wconf 90' lang='lat' dir='ltr'>et</span> <span class='ocrx_word' id='word_1_474' title='bbox 2164 969 2641 1047; x_wconf 62' lang='lat' dir='ltr'>perseverantiae,</span> <span class='ocrx_word' id='word_1_475' title='bbox 2684 965 2972 1033; x_wconf 69' lang='lat' dir='ltr'>largiente</span> <span class='ocrx_word' id='word_1_476' title='bbox 3028 958 3300 1015; x_wconf 91' lang='lat' dir='ltr'>omnium</span> <span class='ocrx_word' id='word_1_477' title='bbox 3350 955 3537 1011; x_wconf 89' lang='lat' dir='ltr'>bono-</span> 
     </span>
    </p>
   </div>
   <div class='ocr_carea' id='block_1_71' title="bbox 1836 1048 3537 1125">
    <p class='ocr_par' dir='ltr' id='par_1_71' title="bbox 1836 1048 3537 1125">
     <span class='ocr_line' id='line_1_71' title="bbox 1836 1048 3537 1125; baseline -0.014 -6"><span class='ocrx_word' id='word_1_478' title='bbox 1836 1074 2005 1119; x_wconf 85' lang='lat' dir='ltr'>rum</span> <span class='ocrx_word' id='word_1_479' title='bbox 2040 1068 2234 1125; x_wconf 75' lang='lat' dir='ltr'>Fonte,</span> <span class='ocrx_word' id='word_1_480' title='bbox 2292 1060 2509 1117; x_wconf 79' lang='lat' dir='ltr'>exstitit</span> <span class='ocrx_word' id='word_1_481' title='bbox 2563 1056 2778 1113; x_wconf 90' lang='lat' dir='ltr'>utilior.</span> <span class='ocrx_word' id='word_1_482' title='bbox 2835 1052 2995 1108; x_wconf 81' lang='lat' dir='ltr'>Unde</span> <span class='ocrx_word' id='word_1_483' title='bbox 3048 1050 3273 1104; x_wconf 88' lang='lat' dir='ltr'>factum</span> <span class='ocrx_word' id='word_1_484' title='bbox 3330 1049 3422 1101; x_wconf 89' lang='lat' dir='ltr'>est</span> <span class='ocrx_word' id='word_1_485' title='bbox 3476 1048 3537 1097; x_wconf 93' lang='lat' dir='ltr'>ut</span> 
     </span>
    </p>
   </div>
   <div class='ocr_carea' id='block_1_72' title="bbox 1870 1133 3535 1209">
    <p class='ocr_par' dir='ltr' id='par_1_72' title="bbox 1870 1133 3535 1209">
     <span class='ocr_line' id='line_1_72' title="bbox 1870 1133 3535 1209; baseline -0.014 0"><span class='ocrx_word' id='word_1_486' title='bbox 1870 1154 2141 1209; x_wconf 85' lang='lat' dir='ltr'>nonnulli</span> <span class='ocrx_word' id='word_1_487' title='bbox 2172 1170 2239 1206; x_wconf 84' lang='lat' dir='ltr'>ex</span> <span class='ocrx_word' id='word_1_488' title='bbox 2267 1150 2491 1206; x_wconf 80' lang='lat' dir='ltr'>clericis</span> <span class='ocrx_word' id='word_1_489' title='bbox 2526 1148 2647 1201; x_wconf 83' lang='lat' dir='ltr'>sive</span> <span class='ocrx_word' id='word_1_490' title='bbox 2681 1142 2994 1199; x_wconf 88' lang='lat' dir='ltr'>monachis</span> <span class='ocrx_word' id='word_1_491' title='bbox 3028 1156 3133 1193; x_wconf 88' lang='lat' dir='ltr'>nec</span> <span class='ocrx_word' id='word_1_492' title='bbox 3164 1153 3287 1191; x_wconf 89' lang='lat' dir='ltr'>non</span> <span class='ocrx_word' id='word_1_493' title='bbox 3346 1133 3535 1207; x_wconf 85' lang='lat' dir='ltr'>lideli-</span> 
     </span>
    </p>
   </div>
   <div class='ocr_carea' id='block_1_73' title="bbox 1872 1222 3535 1309">
    <p class='ocr_par' dir='ltr' id='par_1_73' title="bbox 1872 1222 3535 1309">
     <span class='ocr_line' id='line_1_73' title="bbox 1872 1222 3535 1309; baseline -0.014 -13"><span class='ocrx_word' id='word_1_494' title='bbox 1872 1242 2201 1309; x_wconf 78' lang='lat' dir='ltr'>buslaicis,</span> <span class='ocrx_word' id='word_1_495' title='bbox 2231 1240 2309 1295; x_wconf 88' lang='lat' dir='ltr'>ab</span> <span class='ocrx_word' id='word_1_496' title='bbox 2340 1256 2409 1294; x_wconf 91' lang='lat' dir='ltr'>eo</span> <span class='ocrx_word' id='word_1_497' title='bbox 2442 1242 2493 1292; x_wconf 85' lang='lat' dir='ltr'>ct</span> <span class='ocrx_word' id='word_1_498' title='bbox 2520 1252 2623 1307; x_wconf 85' lang='lat' dir='ltr'>per</span> <span class='ocrx_word' id='word_1_499' title='bbox 2645 1249 2783 1288; x_wconf 90' lang='lat' dir='ltr'>eum</span> <span class='ocrx_word' id='word_1_500' title='bbox 2816 1226 3147 1302; x_wconf 80' lang='lat' dir='ltr'>provocati,</span> <span class='ocrx_word' id='word_1_501' title='bbox 3176 1227 3295 1279; x_wconf 86' lang='lat' dir='ltr'>imo</span> <span class='ocrx_word' id='word_1_502' title='bbox 3330 1222 3535 1276; x_wconf 89' lang='lat' dir='ltr'>divino</span> 
     </span>
    </p>
   </div>
   <div class='ocr_carea' id='block_1_74' title="bbox 1872 1313 3537 1391">
    <p class='ocr_par' dir='ltr' id='par_1_74' title="bbox 1872 1313 3537 1391">
     <span class='ocr_line' id='line_1_74' title="bbox 1872 1313 3537 1391; baseline -0.014 -6"><span class='ocrx_word' id='word_1_503' title='bbox 1872 1332 2154 1386; x_wconf 85' lang='lat' dir='ltr'>instinctu</span> <span class='ocrx_word' id='word_1_504' title='bbox 2209 1328 2460 1391; x_wconf 87' lang='lat' dir='ltr'>attracti,</span> <span class='ocrx_word' id='word_1_505' title='bbox 2517 1325 2629 1379; x_wconf 84' lang='lat' dir='ltr'>sub</span> <span class='ocrx_word' id='word_1_506' title='bbox 2701 1318 3127 1376; x_wconf 87' lang='lat' dir='ltr'>communione</span> <span class='ocrx_word' id='word_1_507' title='bbox 3196 1313 3537 1368; x_wconf 66' lang='lat' dir='ltr'>orationum</span> 
     </span>
    </p>
   </div>
   <div class='ocr_carea' id='block_1_75' title="bbox 1873 1398 3537 1493">
    <p class='ocr_par' dir='ltr' id='par_1_75' title="bbox 1873 1398 3537 1493">
     <span class='ocr_line' id='line_1_75' title="bbox 1873 1398 3537 1493; baseline -0.015 -16"><span class='ocrx_word' id='word_1_508' title='bbox 1873 1423 2003 1491; x_wconf 85' lang='lat' dir='ltr'>ejus</span> <span class='ocrx_word' id='word_1_509' title='bbox 2023 1427 2198 1493; x_wconf 82' lang='lat' dir='ltr'>atque</span> <span class='ocrx_word' id='word_1_510' title='bbox 2220 1419 2497 1473; x_wconf 84' lang='lat' dir='ltr'>laborum</span> <span class='ocrx_word' id='word_1_511' title='bbox 2531 1416 2587 1469; x_wconf 88' lang='lat' dir='ltr'>in</span> <span class='ocrx_word' id='word_1_512' title='bbox 2619 1412 2830 1467; x_wconf 89' lang='lat' dir='ltr'>eadem</span> <span class='ocrx_word' id='word_1_513' title='bbox 2859 1423 3082 1475; x_wconf 87' lang='lat' dir='ltr'>eremo,</span> <span class='ocrx_word' id='word_1_514' title='bbox 3106 1405 3277 1474; x_wconf 88' lang='lat' dir='ltr'>cujus</span> <span class='ocrx_word' id='word_1_515' title='bbox 3303 1402 3431 1473; x_wconf 87' lang='lat' dir='ltr'>ipse</span> <span class='ocrx_word' id='word_1_516' title='bbox 3457 1398 3537 1454; x_wconf 91' lang='lat' dir='ltr'>ob</span> 
     </span>
    </p>
   </div>
   <div class='ocr_carea' id='block_1_76' title="bbox 1874 1492 3536 1567">
    <p class='ocr_par' dir='ltr' id='par_1_76' title="bbox 1874 1492 3536 1567">
     <span class='ocr_line' id='line_1_76' title="bbox 1874 1492 3536 1567; baseline -0.016 0"><span class='ocrx_word' id='word_1_517' title='bbox 1874 1528 2140 1567; x_wconf 82' lang='lat' dir='ltr'>amorem</span> <span class='ocrx_word' id='word_1_518' title='bbox 2180 1507 2389 1562; x_wconf 76' lang='lat' dir='ltr'>Christi</span> <span class='ocrx_word' id='word_1_519' title='bbox 2426 1504 2633 1559; x_wconf 69' lang='lat' dir='ltr'>accola</span> <span class='ocrx_word' id='word_1_520' title='bbox 2683 1517 2809 1556; x_wconf 88' lang='lat' dir='ltr'>esse</span> <span class='ocrx_word' id='word_1_521' title='bbox 2864 1496 3069 1563; x_wconf 90' lang='lat' dir='ltr'>voluit,</span> <span class='ocrx_word' id='word_1_522' title='bbox 3128 1492 3271 1561; x_wconf 76' lang='lat' dir='ltr'>Regi</span> <span class='ocrx_word' id='word_1_523' title='bbox 3322 1504 3536 1555; x_wconf 75' lang='lat' dir='ltr'>regum</span> 
     </span>
    </p>
   </div>
   <div class='ocr_carea' id='block_1_77' title="bbox 1873 1576 3536 1668">
    <p class='ocr_par' dir='ltr' id='par_1_77' title="bbox 1873 1576 3536 1668">
     <span class='ocr_line' id='line_1_77' title="bbox 1873 1576 3536 1668; baseline -0.014 -14"><span class='ocrx_word' id='word_1_524' title='bbox 1873 1599 2123 1654; x_wconf 62' lang='lat' dir='ltr'>militare.</span> <span class='ocrx_word' id='word_1_525' title='bbox 2156 1597 2494 1668; x_wconf 65' lang='lat' dir='ltr'>crrpissenl.</span> <span class='ocrx_word' id='word_1_526' title='bbox 2535 1592 2639 1647; x_wconf 78' lang='lat' dir='ltr'>tibi</span> <span class='ocrx_word' id='word_1_527' title='bbox 2668 1588 2943 1662; x_wconf 88' lang='lat' dir='ltr'>pluribus</span> <span class='ocrx_word' id='word_1_528' title='bbox 2974 1586 3125 1639; x_wconf 87' lang='lat' dir='ltr'>intra</span> <span class='ocrx_word' id='word_1_529' title='bbox 3177 1580 3389 1635; x_wconf 89' lang='lat' dir='ltr'>vallem</span> <span class='ocrx_word' id='word_1_530' title='bbox 3449 1576 3536 1632; x_wconf 87' lang='lat' dir='ltr'>la—</span> 
     </span>
    </p>
   </div>
   <div class='ocr_carea' id='block_1_78' title="bbox 1876 1669 3537 1761">
    <p class='ocr_par' dir='ltr' id='par_1_78' title="bbox 1876 1669 3537 1761">
     <span class='ocr_line' id='line_1_78' title="bbox 1876 1669 3537 1761; baseline -0.016 -16"><span class='ocrx_word' id='word_1_531' title='bbox 1876 1706 2220 1761; x_wconf 71' lang='lat' dir='ltr'>crymarum</span> <span class='ocrx_word' id='word_1_532' title='bbox 2251 1684 2666 1741; x_wconf 78' lang='lat' dir='ltr'>ascensionem</span> <span class='ocrx_word' id='word_1_533' title='bbox 2697 1678 2893 1735; x_wconf 88' lang='lat' dir='ltr'>cordis</span> <span class='ocrx_word' id='word_1_534' title='bbox 2922 1669 3400 1745; x_wconf 75' lang='lat' dir='ltr'>disponentibus,</span> <span class='ocrx_word' id='word_1_535' title='bbox 3429 1682 3537 1721; x_wconf 86' lang='lat' dir='ltr'>nec</span> 
     </span>
    </p>
   </div>
   <div class='ocr_carea' id='block_1_79' title="bbox 1800 1756 3540 1847">
    <p class='ocr_par' dir='ltr' id='par_1_79' title="bbox 1800 1756 3540 1847">
     <span class='ocr_line' id='line_1_79' title="bbox 1800 1756 3540 1847; baseline -0.013 -15"><span class='ocrx_word' id='word_1_536' title='bbox 1800 1798 1835 1847; x_wconf 66' lang='grc' dir='ltr'>Β</span> <span class='ocrx_word' id='word_1_537' title='bbox 1874 1796 1989 1831; x_wconf 82' lang='lat' dir='ltr'>non</span> <span class='ocrx_word' id='word_1_538' title='bbox 2030 1780 2100 1831; x_wconf 72' lang='lat' dir='ltr'>:te</span> <span class='ocrx_word' id='word_1_539' title='bbox 2134 1779 2342 1830; x_wconf 76' lang='lat' dir='ltr'>virtute</span> <span class='ocrx_word' id='word_1_540' title='bbox 2375 1775 2434 1828; x_wconf 92' lang='lat' dir='ltr'>in</span> <span class='ocrx_word' id='word_1_541' title='bbox 2468 1774 2739 1826; x_wconf 90' lang='lat' dir='ltr'>virtutem</span> <span class='ocrx_word' id='word_1_542' title='bbox 2768 1767 2913 1838; x_wconf 54' lang='lat'>(24:5)</span> <span class='ocrx_word' id='word_1_543' title='bbox 2942 1762 3205 1836; x_wconf 89' lang='lat' dir='ltr'>quotidie</span> <span class='ocrx_word' id='word_1_544' title='bbox 3230 1756 3540 1830; x_wconf 80' lang='lat' dir='ltr'>prolicien-</span> 
     </span>
    </p>
   </div>
   <div class='ocr_carea' id='block_1_80' title="bbox 1877 1852 3534 1938">
    <p class='ocr_par' dir='ltr' id='par_1_80' title="bbox 1877 1852 3534 1938">
     <span class='ocr_line' id='line_1_80' title="bbox 1877 1852 3534 1938; baseline -0.015 -15"><span class='ocrx_word' id='word_1_545' title='bbox 1877 1870 2055 1938; x_wconf 76' lang='lat' dir='ltr'>tibus,</span> <span class='ocrx_word' id='word_1_546' title='bbox 2091 1867 2352 1931; x_wconf 55' lang='lat' dir='ltr'>coniicit,</span> <span class='ocrx_word' id='word_1_547' title='bbox 2391 1870 2452 1918; x_wconf 91' lang='lat' dir='ltr'>ut</span> <span class='ocrx_word' id='word_1_548' title='bbox 2482 1861 2728 1933; x_wconf 88' lang='lat' dir='ltr'>quidam</span> <span class='ocrx_word' id='word_1_549' title='bbox 2757 1856 3072 1929; x_wconf 70' lang='lat' dir='ltr'>presbyter</span> <span class='ocrx_word' id='word_1_550' title='bbox 3102 1852 3174 1905; x_wconf 89' lang='lat' dir='ltr'>dc</span> <span class='ocrx_word' id='word_1_551' title='bbox 3232 1853 3534 1905; x_wconf 84' lang='lat' dir='ltr'>Saxonum</span> 
     </span>
    </p>
   </div>
   <div class='ocr_carea' id='block_1_81' title="bbox 1874 1943 3539 2027">
    <p class='ocr_par' dir='ltr' id='par_1_81' title="bbox 1874 1943 3539 2027">
     <span class='ocr_line' id='line_1_81' title="bbox 1874 1943 3539 2027; baseline -0.014 -16"><span class='ocrx_word' id='word_1_552' title='bbox 1874 1964 2045 2027; x_wconf 81' lang='lat' dir='ltr'>gente</span> <span class='ocrx_word' id='word_1_553' title='bbox 2073 1955 2385 2021; x_wconf 88' lang='lat' dir='ltr'>oriundus,</span> <span class='ocrx_word' id='word_1_554' title='bbox 2414 1969 2450 2008; x_wconf 88' lang='lat' dir='ltr'>a</span> <span class='ocrx_word' id='word_1_555' title='bbox 2478 1947 2818 2008; x_wconf 83' lang='lat' dir='ltr'>domesticis</span> <span class='ocrx_word' id='word_1_556' title='bbox 2850 1958 3093 2016; x_wconf 90' lang='lat' dir='ltr'>quoque</span> <span class='ocrx_word' id='word_1_557' title='bbox 3134 1943 3382 2027; x_wconf 77' lang='lat' dir='ltr'>Tanimo</span> <span class='ocrx_word' id='word_1_558' title='bbox 3438 1950 3539 1989; x_wconf 85' lang='lat' dir='ltr'>vo-</span> 
     </span>
    </p>
   </div>
   <div class='ocr_carea' id='block_1_82' title="bbox 1875 2026 3538 2111">
    <p class='ocr_par' dir='ltr' id='par_1_82' title="bbox 1875 2026 3538 2111">
     <span class='ocr_line' id='line_1_82' title="bbox 1875 2026 3538 2111; baseline -0.016 -8"><span class='ocrx_word' id='word_1_559' title='bbox 1875 2026 2107 2111; x_wconf 81' lang='lat' dir='ltr'>citatus,</span> <span class='ocrx_word' id='word_1_560' title='bbox 2135 2061 2301 2100; x_wconf 90' lang='lat' dir='ltr'>more</span> <span class='ocrx_word' id='word_1_561' title='bbox 2334 2038 2787 2098; x_wconf 88' lang='lat' dir='ltr'>adventantium</span> <span class='ocrx_word' id='word_1_562' title='bbox 2850 2032 3177 2095; x_wconf 85' lang='lat' dir='ltr'>accederet,</span> <span class='ocrx_word' id='word_1_563' title='bbox 3236 2026 3348 2081; x_wconf 89' lang='lat' dir='ltr'>sub</span> <span class='ocrx_word' id='word_1_564' title='bbox 3404 2040 3538 2095; x_wconf 90' lang='lat' dir='ltr'>spe-</span> 
     </span>
    </p>
   </div>
   <div class='ocr_carea' id='block_1_83' title="bbox 1875 2114 3539 2209">
    <p class='ocr_par' dir='ltr' id='par_1_83' title="bbox 1875 2114 3539 2209">
     <span class='ocr_line' id='line_1_83' title="bbox 1875 2114 3539 2209; baseline -0.016 -16"><span class='ocrx_word' id='word_1_565' title='bbox 1875 2139 2082 2209; x_wconf 89' lang='lat' dir='ltr'>cicquc</span> <span class='ocrx_word' id='word_1_566' title='bbox 2114 2133 2435 2190; x_wconf 87' lang='lat' dir='ltr'>laudabilis</span> <span class='ocrx_word' id='word_1_567' title='bbox 2491 2128 2810 2194; x_wconf 83' lang='lat' dir='ltr'>incolatus,</span> <span class='ocrx_word' id='word_1_568' title='bbox 2868 2123 2974 2177; x_wconf 85' lang='lat' dir='ltr'>viri</span> <span class='ocrx_word' id='word_1_569' title='bbox 3030 2120 3128 2175; x_wconf 87' lang='lat' dir='ltr'>Dei</span> <span class='ocrx_word' id='word_1_570' title='bbox 3184 2114 3539 2172; x_wconf 90' lang='lat' dir='ltr'>commilito-</span> 
     </span>
    </p>
   </div>
   <div class='ocr_carea' id='block_1_84' title="bbox 1875 2206 3536 2282">
    <p class='ocr_par' dir='ltr' id='par_1_84' title="bbox 1875 2206 3536 2282">
     <span class='ocr_line' id='line_1_84' title="bbox 1875 2206 3536 2282; baseline -0.015 -1"><span class='ocrx_word' id='word_1_571' title='bbox 1875 2206 2099 2282; x_wconf 75' lang='lat' dir='ltr'>numve</span> <span class='ocrx_word' id='word_1_572' title='bbox 2133 2225 2286 2278; x_wconf 75' lang='lat' dir='ltr'>illitis</span> <span class='ocrx_word' id='word_1_573' title='bbox 2318 2216 2837 2277; x_wconf 85' lang='lat' dir='ltr'>conversationise</span> <span class='ocrx_word' id='word_1_574' title='bbox 2872 2212 3205 2267; x_wconf 86' lang='lat' dir='ltr'>admiscere</span> <span class='ocrx_word' id='word_1_575' title='bbox 3269 2206 3536 2260; x_wconf 85' lang='lat' dir='ltr'>tentaret.</span> 
     </span>
    </p>
   </div>
   <div class='ocr_carea' id='block_1_85' title="bbox 1877 2291 3543 2380">
    <p class='ocr_par' dir='ltr' id='par_1_85' title="bbox 1877 2291 3543 2380">
     <span class='ocr_line' id='line_1_85' title="bbox 1877 2291 3543 2380; baseline -0.016 -10"><span class='ocrx_word' id='word_1_576' title='bbox 1877 2319 2062 2380; x_wconf 88' lang='lat' dir='ltr'>Quem</span> <span class='ocrx_word' id='word_1_577' title='bbox 2097 2330 2235 2367; x_wconf 82' lang='lat' dir='ltr'>cum</span> <span class='ocrx_word' id='word_1_578' title='bbox 2268 2312 2355 2365; x_wconf 85' lang='lat' dir='ltr'>vir</span> <span class='ocrx_word' id='word_1_579' title='bbox 2379 2309 2476 2364; x_wconf 89' lang='lat' dir='ltr'>Dei</span> <span class='ocrx_word' id='word_1_580' title='bbox 2531 2306 2750 2379; x_wconf 88' lang='lat' dir='ltr'>partim</span> <span class='ocrx_word' id='word_1_581' title='bbox 2800 2300 3203 2375; x_wconf 67' lang='lat' dir='ltr'>praecurrente</span> <span class='ocrx_word' id='word_1_582' title='bbox 3254 2291 3543 2361; x_wconf 79' lang='lat' dir='ltr'>magistra</span> 
     </span>
    </p>
   </div>
   <div class='ocr_carea' id='block_1_86' title="bbox 1876 2386 3541 2476">
    <p class='ocr_par' dir='ltr' id='par_1_86' title="bbox 1876 2386 3541 2476">
     <span class='ocr_line' id='line_1_86' title="bbox 1876 2386 3541 2476; baseline -0.017 -15"><span class='ocrx_word' id='word_1_583' title='bbox 1876 2402 2237 2476; x_wconf 81' lang='lat' dir='ltr'>experientia</span> <span class='ocrx_word' id='word_1_584' title='bbox 2262 2400 2459 2455; x_wconf 87' lang='lat' dir='ltr'>abbati</span> <span class='ocrx_word' id='word_1_585' title='bbox 2493 2393 2903 2451; x_wconf 73' lang='lat' dir='ltr'>Altahcnsium</span> <span class='ocrx_word' id='word_1_586' title='bbox 2929 2386 3359 2461; x_wconf 73' lang='lat' dir='ltr'>przescntasset,</span> <span class='ocrx_word' id='word_1_587' title='bbox 3386 2386 3441 2476; x_wconf 80' lang='lat' dir='ltr'>et</span> <span class='ocrx_word' id='word_1_588' title='bbox 3469 2396 3541 2435; x_wconf 86' lang='lat' dir='ltr'>ex</span> 
     </span>
    </p>
   </div>
   <div class='ocr_carea' id='block_1_87' title="bbox 1876 2470 3540 2555">
    <p class='ocr_par' dir='ltr' id='par_1_87' title="bbox 1876 2470 3540 2555">
     <span class='ocr_line' id='line_1_87' title="bbox 1876 2470 3540 2555; baseline -0.017 -6"><span class='ocrx_word' id='word_1_589' title='bbox 1876 2470 2043 2549; x_wconf 68' lang='lat' dir='ltr'>more</span> <span class='ocrx_word' id='word_1_590' title='bbox 2078 2490 2409 2546; x_wconf 85' lang='lat' dir='ltr'>secundum</span> <span class='ocrx_word' id='word_1_591' title='bbox 2439 2486 2711 2555; x_wconf 81' lang='lat' dir='ltr'>regulam</span> <span class='ocrx_word' id='word_1_592' title='bbox 2731 2486 2785 2537; x_wconf 82' lang='lat' dir='ltr'>S.</span> <span class='ocrx_word' id='word_1_593' title='bbox 2817 2476 3112 2536; x_wconf 73' lang='lat' dir='ltr'>Benedicti</span> <span class='ocrx_word' id='word_1_594' title='bbox 3137 2470 3540 2529; x_wconf 78' lang='lat' dir='ltr'>obedientiam</span> 
     </span>
    </p>
   </div>
   <div class='ocr_carea' id='block_1_88' title="bbox 1877 2558 3542 2654">
    <p class='ocr_par' dir='ltr' id='par_1_88' title="bbox 1877 2558 3542 2654">
     <span class='ocr_line' id='line_1_88' title="bbox 1877 2558 3542 2654; baseline -0.016 -18"><span class='ocrx_word' id='word_1_595' title='bbox 1877 2580 2266 2654; x_wconf 72' lang='lat' dir='ltr'>promisisset,</span> <span class='ocrx_word' id='word_1_596' title='bbox 2299 2577 2519 2643; x_wconf 64' lang='lat' dir='ltr'>statim,</span> <span class='ocrx_word' id='word_1_597' title='bbox 2574 2572 2686 2624; x_wconf 85' lang='lat' dir='ltr'>sub</span> <span class='ocrx_word' id='word_1_598' title='bbox 2718 2575 2920 2624; x_wconf 85' lang='lat' dir='ltr'>tenore</span> <span class='ocrx_word' id='word_1_599' title='bbox 2952 2581 3139 2637; x_wconf 89' lang='lat' dir='ltr'>quam</span> <span class='ocrx_word' id='word_1_600' title='bbox 3171 2558 3375 2616; x_wconf 87' lang='lat' dir='ltr'>abbati</span> <span class='ocrx_word' id='word_1_601' title='bbox 3410 2573 3542 2628; x_wconf 84' lang='lat' dir='ltr'>pro-</span> 
     </span>
    </p>
   </div>
   <div class='ocr_carea' id='block_1_89' title="bbox 1879 2644 3541 2725">
    <p class='ocr_par' dir='ltr' id='par_1_89' title="bbox 1879 2644 3541 2725">
     <span class='ocr_line' id='line_1_89' title="bbox 1879 2644 3541 2725; baseline -0.016 0"><span class='ocrx_word' id='word_1_602' title='bbox 1879 2644 2125 2725; x_wconf 76' lang='lat' dir='ltr'>iniserat</span> <span class='ocrx_word' id='word_1_603' title='bbox 2148 2666 2522 2721; x_wconf 63' lang='lat' dir='ltr'>olet-dirutirv,</span> <span class='ocrx_word' id='word_1_604' title='bbox 2568 2662 2715 2714; x_wconf 64' lang='lat' dir='ltr'>sicut</span> <span class='ocrx_word' id='word_1_605' title='bbox 2743 2662 2798 2712; x_wconf 87' lang='lat' dir='ltr'>et</span> <span class='ocrx_word' id='word_1_606' title='bbox 2819 2654 3011 2711; x_wconf 68' lang='lat' dir='ltr'>caeteri</span> <span class='ocrx_word' id='word_1_607' title='bbox 3039 2653 3115 2709; x_wconf 89' lang='lat' dir='ltr'>ad</span> <span class='ocrx_word' id='word_1_608' title='bbox 3142 2652 3199 2705; x_wconf 91' lang='lat' dir='ltr'>id</span> <span class='ocrx_word' id='word_1_609' title='bbox 3258 2644 3541 2719; x_wconf 85' lang='lat' dir='ltr'>temporis</span> 
     </span>
    </p>
   </div>
   <div class='ocr_carea' id='block_1_90' title="bbox 1881 2739 3544 2820">
    <p class='ocr_par' dir='ltr' id='par_1_90' title="bbox 1881 2739 3544 2820">
     <span class='ocr_line' id='line_1_90' title="bbox 1881 2739 3544 2820; baseline -0.016 -5"><span class='ocrx_word' id='word_1_610' title='bbox 1881 2760 2153 2815; x_wconf 82' lang='lat' dir='ltr'>solebant</span> <span class='ocrx_word' id='word_1_611' title='bbox 2186 2758 2397 2820; x_wconf 73' lang='lat' dir='ltr'>facere,</span> <span class='ocrx_word' id='word_1_612' title='bbox 2422 2758 2476 2807; x_wconf 85' lang='lat' dir='ltr'>et</span> <span class='ocrx_word' id='word_1_613' title='bbox 2507 2751 2703 2806; x_wconf 89' lang='lat' dir='ltr'>adhuc</span> <span class='ocrx_word' id='word_1_614' title='bbox 2734 2748 2923 2801; x_wconf 85' lang='lat' dir='ltr'>solent</span> <span class='ocrx_word' id='word_1_615' title='bbox 2955 2758 3130 2811; x_wconf 83' lang='lat' dir='ltr'>agere</span> <span class='ocrx_word' id='word_1_616' title='bbox 3162 2739 3265 2812; x_wconf 88' lang='lat' dir='ltr'>qui</span> <span class='ocrx_word' id='word_1_617' title='bbox 3296 2740 3544 2792; x_wconf 87' lang='lat' dir='ltr'>manent</span> 
     </span>
    </p>
   </div>
   <div class='ocr_carea' id='block_1_91' title="bbox 1880 2829 3544 2907">
    <p class='ocr_par' dir='ltr' id='par_1_91' title="bbox 1880 2829 3544 2907">
     <span class='ocr_line' id='line_1_91' title="bbox 1880 2829 3544 2907; baseline -0.017 -2"><span class='ocrx_word' id='word_1_618' title='bbox 1880 2850 1950 2905; x_wconf 82' lang='lat' dir='ltr'>eo</span> <span class='ocrx_word' id='word_1_619' title='bbox 1983 2849 2094 2904; x_wconf 91' lang='lat' dir='ltr'>loci</span> <span class='ocrx_word' id='word_1_620' title='bbox 2127 2845 2404 2907; x_wconf 71' lang='lat' dir='ltr'>ereinitze,</span> <span class='ocrx_word' id='word_1_621' title='bbox 2440 2841 2708 2896; x_wconf 89' lang='lat' dir='ltr'>redditus</span> <span class='ocrx_word' id='word_1_622' title='bbox 2737 2837 2857 2890; x_wconf 85' lang='lat' dir='ltr'>sive</span> <span class='ocrx_word' id='word_1_623' title='bbox 2892 2834 3003 2888; x_wconf 87' lang='lat' dir='ltr'>sub</span> <span class='ocrx_word' id='word_1_624' title='bbox 3037 2829 3344 2898; x_wconf 77' lang='lat' dir='ltr'>diligentia</span> <span class='ocrx_word' id='word_1_625' title='bbox 3384 2841 3544 2879; x_wconf 88' lang='lat' dir='ltr'>sum-</span> 
     </span>
    </p>
   </div>
   <div class='ocr_carea' id='block_1_92' title="bbox 1885 2918 3545 3002">
    <p class='ocr_par' dir='ltr' id='par_1_92' title="bbox 1885 2918 3545 3002">
     <span class='ocr_line' id='line_1_92' title="bbox 1885 2918 3545 3002; baseline -0.017 -7"><span class='ocrx_word' id='word_1_626' title='bbox 1885 2957 1983 2995; x_wconf 89' lang='lat' dir='ltr'>ma</span> <span class='ocrx_word' id='word_1_627' title='bbox 2023 2934 2481 2993; x_wconf 85' lang='lat' dir='ltr'>commendatus</span> <span class='ocrx_word' id='word_1_628' title='bbox 2512 2927 2796 3002; x_wconf 68' lang='lat' dir='ltr'>praedicto</span> <span class='ocrx_word' id='word_1_629' title='bbox 2827 2924 2973 2991; x_wconf 85' lang='lat' dir='ltr'>seni,</span> <span class='ocrx_word' id='word_1_630' title='bbox 3026 2937 3164 2975; x_wconf 79' lang='lat' dir='ltr'>cum</span> <span class='ocrx_word' id='word_1_631' title='bbox 3219 2918 3317 2973; x_wconf 92' lang='lat' dir='ltr'>illo</span> <span class='ocrx_word' id='word_1_632' title='bbox 3376 2930 3545 2985; x_wconf 91' lang='lat' dir='ltr'>repe-</span> 
     </span>
    </p>
   </div>
   <div class='ocr_carea' id='block_1_93' title="bbox 1882 3017 2708 3083">
    <p class='ocr_par' dir='ltr' id='par_1_93' title="bbox 1882 3017 2708 3083">
     <span class='ocr_line' id='line_1_93' title="bbox 1882 3017 2708 3083; baseline -0.013 -2"><span class='ocrx_word' id='word_1_633' title='bbox 1882 3028 2046 3083; x_wconf 87' lang='lat' dir='ltr'>davit</span> <span class='ocrx_word' id='word_1_634' title='bbox 2075 3027 2151 3081; x_wconf 89' lang='lat' dir='ltr'>ad</span> <span class='ocrx_word' id='word_1_635' title='bbox 2182 3037 2481 3078; x_wconf 78' lang='lat' dir='ltr'>secessum</span> <span class='ocrx_word' id='word_1_636' title='bbox 2505 3017 2708 3073; x_wconf 87' lang='lat' dir='ltr'>eremi.</span> 
     </span>
    </p>
   </div>
   <div class='ocr_carea' id='block_1_94' title="bbox 1956 3092 3543 3180">
    <p class='ocr_par' dir='ltr' id='par_1_94' title="bbox 1956 3092 3543 3180">
     <span class='ocr_line' id='line_1_94' title="bbox 1956 3092 3543 3180; baseline -0.014 -12"><span class='ocrx_word' id='word_1_637' title='bbox 1956 3140 1979 3163; x_wconf 87' lang='grc'><em>‹‹</em></span> <span class='ocrx_word' id='word_1_638' title='bbox 2019 3120 2147 3180; x_wconf 82' lang='lat' dir='ltr'>Qua</span> <span class='ocrx_word' id='word_1_639' title='bbox 2177 3129 2315 3166; x_wconf 69' lang='lat' dir='ltr'>rum</span> <span class='ocrx_word' id='word_1_640' title='bbox 2369 3108 2595 3163; x_wconf 66' lang='lat' dir='ltr'>caeteris</span> <span class='ocrx_word' id='word_1_641' title='bbox 2650 3102 2933 3159; x_wconf 88' lang='lat' dir='ltr'>fratribus</span> <span class='ocrx_word' id='word_1_642' title='bbox 2993 3103 3241 3155; x_wconf 86' lang='lat' dir='ltr'>Summo</span> <span class='ocrx_word' id='word_1_643' title='bbox 3282 3092 3543 3149; x_wconf 88' lang='lat' dir='ltr'>humilli-</span> 
     </span>
    </p>
   </div>
   <div class='ocr_carea' id='block_1_95' title="bbox 1885 3189 3544 3268">
    <p class='ocr_par' dir='ltr' id='par_1_95' title="bbox 1885 3189 3544 3268">
     <span class='ocr_line' id='line_1_95' title="bbox 1885 3189 3544 3268; baseline -0.015 -6"><span class='ocrx_word' id='word_1_644' title='bbox 1885 3201 2461 3262; x_wconf 82' lang='lat' dir='ltr'>mefamulantibus,</span> <span class='ocrx_word' id='word_1_645' title='bbox 2506 3202 2561 3253; x_wconf 92' lang='lat' dir='ltr'>et</span> <span class='ocrx_word' id='word_1_646' title='bbox 2614 3196 2737 3268; x_wconf 86' lang='lat' dir='ltr'>ipse</span> <span class='ocrx_word' id='word_1_647' title='bbox 2774 3194 2946 3264; x_wconf 85' lang='lat' dir='ltr'>juxta</span> <span class='ocrx_word' id='word_1_648' title='bbox 2994 3189 3258 3245; x_wconf 88' lang='lat' dir='ltr'>instituta</span> <span class='ocrx_word' id='word_1_649' title='bbox 3305 3189 3544 3240; x_wconf 88' lang='lat' dir='ltr'>Patrum</span> 
     </span>
    </p>
   </div>
   <div class='ocr_carea' id='block_1_96' title="bbox 1883 3271 3545 3360">
    <p class='ocr_par' dir='ltr' id='par_1_96' title="bbox 1883 3271 3545 3360">
     <span class='ocr_line' id='line_1_96' title="bbox 1883 3271 3545 3360; baseline -0.017 -8"><span class='ocrx_word' id='word_1_650' title='bbox 1883 3297 1943 3351; x_wconf 90' lang='lat' dir='ltr'>in</span> <span class='ocrx_word' id='word_1_651' title='bbox 1971 3295 2119 3351; x_wconf 88' lang='lat' dir='ltr'>cella</span> <span class='ocrx_word' id='word_1_652' title='bbox 2149 3291 2258 3347; x_wconf 89' lang='lat' dir='ltr'>sibi</span> <span class='ocrx_word' id='word_1_653' title='bbox 2289 3290 2595 3360; x_wconf 75' lang='lat' dir='ltr'>deputata,</span> <span class='ocrx_word' id='word_1_654' title='bbox 2626 3284 3001 3354; x_wconf 88' lang='lat' dir='ltr'>aliquantum</span> <span class='ocrx_word' id='word_1_655' title='bbox 3031 3275 3312 3349; x_wconf 84' lang='lat' dir='ltr'>temporis</span> <span class='ocrx_word' id='word_1_656' title='bbox 3348 3271 3545 3329; x_wconf 85' lang='lat' dir='ltr'>humi-</span> 
     </span>
    </p>
   </div>
   <div class='ocr_carea' id='block_1_97' title="bbox 1884 3366 3548 3453">
    <p class='ocr_par' dir='ltr' id='par_1_97' title="bbox 1884 3366 3548 3453">
     <span class='ocr_line' id='line_1_97' title="bbox 1884 3366 3548 3453; baseline -0.016 -13"><span class='ocrx_word' id='word_1_657' title='bbox 1884 3386 2044 3440; x_wconf 90' lang='lat' dir='ltr'>litate</span> <span class='ocrx_word' id='word_1_658' title='bbox 2074 3382 2378 3453; x_wconf 70' lang='lat' dir='ltr'>perageret</span> <span class='ocrx_word' id='word_1_659' title='bbox 2402 3375 2740 3437; x_wconf 88' lang='lat' dir='ltr'>comitante,</span> <span class='ocrx_word' id='word_1_660' title='bbox 2765 3387 2872 3442; x_wconf 89' lang='lat' dir='ltr'>per</span> <span class='ocrx_word' id='word_1_661' title='bbox 2900 3366 3349 3437; x_wconf 88' lang='lat' dir='ltr'>subreptionem</span> <span class='ocrx_word' id='word_1_662' title='bbox 3375 3376 3548 3417; x_wconf 78' lang='lat' dir='ltr'>ceno-</span> 
     </span>
    </p>
   </div>
   <div class='ocr_carea' id='block_1_98' title="bbox 1884 3462 3546 3539">
    <p class='ocr_par' dir='ltr' id='par_1_98' title="bbox 1884 3462 3546 3539">
     <span class='ocr_line' id='line_1_98' title="bbox 1884 3462 3546 3539; baseline -0.016 -10"><span class='ocrx_word' id='word_1_663' title='bbox 1884 3474 2097 3537; x_wconf 79' lang='lat' dir='ltr'>doxiae,</span> <span class='ocrx_word' id='word_1_664' title='bbox 2133 3470 2284 3525; x_wconf 89' lang='lat' dir='ltr'>adeo</span> <span class='ocrx_word' id='word_1_665' title='bbox 2314 3469 2554 3539; x_wconf 89' lang='lat' dir='ltr'>repente</span> <span class='ocrx_word' id='word_1_666' title='bbox 2596 3465 2880 3531; x_wconf 80' lang='lat' dir='ltr'>gravatus</span> <span class='ocrx_word' id='word_1_667' title='bbox 2938 3462 3025 3512; x_wconf 82' lang='lat' dir='ltr'>est</span> <span class='ocrx_word' id='word_1_668' title='bbox 3076 3470 3283 3509; x_wconf 87' lang='lat' dir='ltr'>massa</span> <span class='ocrx_word' id='word_1_669' title='bbox 3339 3467 3546 3524; x_wconf 84' lang='lat' dir='ltr'>super—</span> 
     </span>
    </p>
   </div>
   <div class='ocr_carea' id='block_1_99' title="bbox 1886 3540 3547 3623">
    <p class='ocr_par' dir='ltr' id='par_1_99' title="bbox 1886 3540 3547 3623">
     <span class='ocr_line' id='line_1_99' title="bbox 1886 3540 3547 3623; baseline -0.016 -5"><span class='ocrx_word' id='word_1_670' title='bbox 1886 3564 2019 3623; x_wconf 59' lang='lat' dir='ltr'>biae,</span> <span class='ocrx_word' id='word_1_671' title='bbox 2054 3566 2265 3614; x_wconf 89' lang='lat' dir='ltr'>utnon</span> <span class='ocrx_word' id='word_1_672' title='bbox 2322 3556 2516 3610; x_wconf 85' lang='lat' dir='ltr'>solum</span> <span class='ocrx_word' id='word_1_673' title='bbox 2572 3547 2962 3605; x_wconf 87' lang='lat' dir='ltr'>clandestinis</span> <span class='ocrx_word' id='word_1_674' title='bbox 3021 3540 3547 3598; x_wconf 88' lang='lat' dir='ltr'>mussitationibus</span> 
     </span>
    </p>
   </div>
   <div class='ocr_carea' id='block_1_100' title="bbox 1891 3629 3546 3705">
    <p class='ocr_par' dir='ltr' id='par_1_100' title="bbox 1891 3629 3546 3705">
     <span class='ocr_line' id='line_1_100' title="bbox 1891 3629 3546 3705; baseline -0.015 0"><span class='ocrx_word' id='word_1_675' title='bbox 1891 3647 2232 3705; x_wconf 85' lang='lat' dir='ltr'>venerando</span> <span class='ocrx_word' id='word_1_676' title='bbox 2258 3644 2381 3699; x_wconf 86' lang='lat' dir='ltr'>seni</span> <span class='ocrx_word' id='word_1_677' title='bbox 2412 3638 2786 3696; x_wconf 87' lang='lat' dir='ltr'>detrahendo</span> <span class='ocrx_word' id='word_1_678' title='bbox 2822 3636 2880 3689; x_wconf 88' lang='lat' dir='ltr'>in</span> <span class='ocrx_word' id='word_1_679' title='bbox 2911 3650 3086 3690; x_wconf 88' lang='lat' dir='ltr'>aures</span> <span class='ocrx_word' id='word_1_680' title='bbox 3136 3629 3546 3703; x_wconf 72' lang='lat' dir='ltr'>quorumdam</span> 
     </span>
    </p>
   </div>
   <div class='ocr_carea' id='block_1_101' title="bbox 1890 3717 3545 3795">
    <p class='ocr_par' dir='ltr' id='par_1_101' title="bbox 1890 3717 3545 3795">
     <span class='ocr_line' id='line_1_101' title="bbox 1890 3717 3545 3795; baseline -0.014 -2"><span class='ocrx_word' id='word_1_681' title='bbox 1890 3734 2403 3795; x_wconf 88' lang='lat' dir='ltr'>commonentium</span> <span class='ocrx_word' id='word_1_682' title='bbox 2436 3730 2790 3791; x_wconf 87' lang='lat' dir='ltr'>susurraret,</span> <span class='ocrx_word' id='word_1_683' title='bbox 2837 3724 2941 3778; x_wconf 87' lang='lat' dir='ltr'>scd</span> <span class='ocrx_word' id='word_1_684' title='bbox 3000 3722 3180 3777; x_wconf 90' lang='lat' dir='ltr'>etiam</span> <span class='ocrx_word' id='word_1_685' title='bbox 3228 3717 3545 3774; x_wconf 88' lang='lat' dir='ltr'>manifeste</span> 
     </span>
    </p>
   </div>
   <div class='ocr_carea' id='block_1_102' title="bbox 1888 3805 3548 3887">
    <p class='ocr_par' dir='ltr' id='par_1_102' title="bbox 1888 3805 3548 3887">
     <span class='ocr_line' id='line_1_102' title="bbox 1888 3805 3548 3887; baseline -0.015 -3"><span class='ocrx_word' id='word_1_686' title='bbox 1888 3830 1946 3884; x_wconf 91' lang='lat' dir='ltr'>in</span> <span class='ocrx_word' id='word_1_687' title='bbox 1981 3824 2348 3883; x_wconf 88' lang='lat' dir='ltr'>calumniam</span> <span class='ocrx_word' id='word_1_688' title='bbox 2382 3818 2527 3875; x_wconf 88' lang='lat' dir='ltr'>tanti</span> <span class='ocrx_word' id='word_1_689' title='bbox 2586 3817 2689 3871; x_wconf 87' lang='lat' dir='ltr'>viri</span> <span class='ocrx_word' id='word_1_690' title='bbox 2742 3828 3131 3887; x_wconf 83' lang='lat' dir='ltr'>prorumpere</span> <span class='ocrx_word' id='word_1_691' title='bbox 3163 3809 3406 3865; x_wconf 89' lang='lat' dir='ltr'>auderet</span> <span class='ocrx_word' id='word_1_692' title='bbox 3462 3805 3548 3860; x_wconf 86' lang='lat' dir='ltr'>di-</span> 
     </span>
    </p>
   </div>
   <div class='ocr_carea' id='block_1_103' title="bbox 1890 3899 3548 3982">
    <p class='ocr_par' dir='ltr' id='par_1_103' title="bbox 1890 3899 3548 3982">
     <span class='ocr_line' id='line_1_103' title="bbox 1890 3899 3548 3982; baseline -0.014 -10"><span class='ocrx_word' id='word_1_693' title='bbox 1890 3934 2029 3971; x_wconf 88' lang='lat' dir='ltr'>cens</span> <span class='ocrx_word' id='word_1_694' title='bbox 2062 3933 2072 3969; x_wconf 91' lang='lat'>:</span> <span class='ocrx_word' id='word_1_695' title='bbox 2110 3912 2261 3978; x_wconf 88' lang='lat' dir='ltr'>Quid</span> <span class='ocrx_word' id='word_1_696' title='bbox 2289 3916 2341 3965; x_wconf 83' lang='lat' dir='ltr'>et</span> <span class='ocrx_word' id='word_1_697' title='bbox 2374 3908 2508 3982; x_wconf 87' lang='lat' dir='ltr'>quis</span> <span class='ocrx_word' id='word_1_698' title='bbox 2539 3911 2627 3961; x_wconf 90' lang='lat' dir='ltr'>est</span> <span class='ocrx_word' id='word_1_699' title='bbox 2657 3905 2998 3959; x_wconf 85' lang='lat' dir='ltr'>Guntharus</span> <span class='ocrx_word' id='word_1_700' title='bbox 3032 3903 3057 3955; x_wconf 72' lang='lat'>2’</span> <span class='ocrx_word' id='word_1_701' title='bbox 3109 3899 3315 3956; x_wconf 79' lang='lat' dir='ltr'>Laicus</span> <span class='ocrx_word' id='word_1_702' title='bbox 3367 3900 3548 3967; x_wconf 89' lang='lat' dir='ltr'>atque</span> 
     </span>
    </p>
   </div>
   <div class='ocr_carea' id='block_1_104' title="bbox 1891 3988 3548 4071">
    <p class='ocr_par' dir='ltr' id='par_1_104' title="bbox 1891 3988 3548 4071">
     <span class='ocr_line' id='line_1_104' title="bbox 1891 3988 3548 4071; baseline -0.014 -10"><span class='ocrx_word' id='word_1_703' title='bbox 1891 4013 1945 4061; x_wconf 91' lang='lat' dir='ltr'>et</span> <span class='ocrx_word' id='word_1_704' title='bbox 1973 4005 2175 4070; x_wconf 85' lang='lat' dir='ltr'>idiota,</span> <span class='ocrx_word' id='word_1_705' title='bbox 2210 4002 2381 4071; x_wconf 84' lang='lat' dir='ltr'>cujus</span> <span class='ocrx_word' id='word_1_706' title='bbox 2401 3999 2534 4069; x_wconf 86' lang='lat' dir='ltr'>jure</span> <span class='ocrx_word' id='word_1_707' title='bbox 2562 3993 2961 4051; x_wconf 87' lang='lat' dir='ltr'>contemnitur</span> <span class='ocrx_word' id='word_1_708' title='bbox 2985 3991 3126 4046; x_wconf 80' lang='lat' dir='ltr'>vita.</span> <span class='ocrx_word' id='word_1_709' title='bbox 3162 3988 3265 4045; x_wconf 86' lang='lat' dir='ltr'>Cui</span> <span class='ocrx_word' id='word_1_710' title='bbox 3296 4000 3548 4057; x_wconf 89' lang='lat' dir='ltr'>respon-</span> 
     </span>
    </p>
   </div>
   <div class='ocr_carea' id='block_1_105' title="bbox 1891 4076 3555 4158">
    <p class='ocr_par' dir='ltr' id='par_1_105' title="bbox 1891 4076 3555 4158">
     <span class='ocr_line' id='line_1_105' title="bbox 1891 4076 3555 4158; baseline -0.013 -9"><span class='ocrx_word' id='word_1_711' title='bbox 1891 4096 2105 4150; x_wconf 88' lang='lat' dir='ltr'>derunt</span> <span class='ocrx_word' id='word_1_712' title='bbox 2139 4092 2285 4145; x_wconf 84' lang='lat' dir='ltr'>servi</span> <span class='ocrx_word' id='word_1_713' title='bbox 2318 4088 2413 4143; x_wconf 89' lang='lat' dir='ltr'>Dei</span> <span class='ocrx_word' id='word_1_714' title='bbox 2441 4087 2545 4158; x_wconf 87' lang='lat' dir='ltr'>qui</span> <span class='ocrx_word' id='word_1_715' title='bbox 2578 4086 2723 4140; x_wconf 86' lang='lat' dir='ltr'>forte</span> <span class='ocrx_word' id='word_1_716' title='bbox 2754 4088 2893 4138; x_wconf 91' lang='lat' dir='ltr'>tunc</span> <span class='ocrx_word' id='word_1_717' title='bbox 2924 4080 3175 4135; x_wconf 89' lang='lat' dir='ltr'>aderant</span> <span class='ocrx_word' id='word_1_718' title='bbox 3208 4081 3263 4132; x_wconf 89' lang='lat' dir='ltr'>et</span> <span class='ocrx_word' id='word_1_719' title='bbox 3294 4076 3420 4130; x_wconf 64' lang='lat' dir='ltr'>haec</span> <span class='ocrx_word' id='word_1_720' title='bbox 3452 4090 3555 4129; x_wconf 87' lang='lat' dir='ltr'>au-</span> 
     </span>
    </p>
   </div>
   <div class='ocr_carea' id='block_1_106' title="bbox 1893 4164 3549 4245">
    <p class='ocr_par' dir='ltr' id='par_1_106' title="bbox 1893 4164 3549 4245">
     <span class='ocr_line' id='line_1_106' title="bbox 1893 4164 3549 4245; baseline -0.014 -6"><span class='ocrx_word' id='word_1_721' title='bbox 1893 4185 2145 4245; x_wconf 88' lang='lat' dir='ltr'>dierant,</span> <span class='ocrx_word' id='word_1_722' title='bbox 2207 4179 2512 4233; x_wconf 87' lang='lat' dir='ltr'>dicentes:</span> <span class='ocrx_word' id='word_1_723' title='bbox 2559 4178 2624 4229; x_wconf 88' lang='lat' dir='ltr'>Ut</span> <span class='ocrx_word' id='word_1_724' title='bbox 2677 4172 2852 4228; x_wconf 89' lang='lat' dir='ltr'>nobis</span> <span class='ocrx_word' id='word_1_725' title='bbox 2922 4169 3170 4235; x_wconf 89' lang='lat' dir='ltr'>videtur,</span> <span class='ocrx_word' id='word_1_726' title='bbox 3220 4164 3549 4228; x_wconf 86' lang='lat' dir='ltr'>humilitas,</span> 
     </span>
    </p>
   </div>
   <div class='ocr_carea' id='block_1_107' title="bbox 1895 4257 3551 4345">
    <p class='ocr_par' dir='ltr' id='par_1_107' title="bbox 1895 4257 3551 4345">
     <span class='ocr_line' id='line_1_107' title="bbox 1895 4257 3551 4345; baseline -0.014 -17"><span class='ocrx_word' id='word_1_727' title='bbox 1895 4290 2028 4345; x_wconf 65' lang='lat' dir='ltr'>qua:</span> <span class='ocrx_word' id='word_1_728' title='bbox 2053 4275 2255 4327; x_wconf 81' lang='lat' dir='ltr'>custOs</span> <span class='ocrx_word' id='word_1_729' title='bbox 2296 4272 2381 4321; x_wconf 88' lang='lat' dir='ltr'>est</span> <span class='ocrx_word' id='word_1_730' title='bbox 2406 4266 2712 4330; x_wconf 87' lang='lat' dir='ltr'>virtutum,</span> <span class='ocrx_word' id='word_1_731' title='bbox 2745 4262 2921 4328; x_wconf 77' lang='lat' dir='ltr'>longe</span> <span class='ocrx_word' id='word_1_732' title='bbox 2940 4257 3232 4313; x_wconf 88' lang='lat' dir='ltr'>reccssita</span> <span class='ocrx_word' id='word_1_733' title='bbox 3256 4259 3357 4309; x_wconf 87' lang='lat' dir='ltr'>tua</span> <span class='ocrx_word' id='word_1_734' title='bbox 3383 4266 3551 4306; x_wconf 89' lang='lat' dir='ltr'>men-</span> 
     </span>
    </p>
   </div>
   <div class='ocr_carea' id='block_1_108' title="bbox 1900 4342 3552 4428">
    <p class='ocr_par' dir='ltr' id='par_1_108' title="bbox 1900 4342 3552 4428">
     <span class='ocr_line' id='line_1_108' title="bbox 1900 4342 3552 4428; baseline -0.015 -11"><span class='ocrx_word' id='word_1_735' title='bbox 1900 4342 1972 4417; x_wconf 78' lang='lat' dir='ltr'>te.</span> <span class='ocrx_word' id='word_1_736' title='bbox 2030 4366 2086 4414; x_wconf 91' lang='lat' dir='ltr'>et</span> <span class='ocrx_word' id='word_1_737' title='bbox 2127 4356 2422 4428; x_wconf 59' lang='lat' dir='ltr'>superbire</span> <span class='ocrx_word' id='word_1_738' title='bbox 2468 4356 2803 4407; x_wconf 89' lang='lat' dir='ltr'>monstrum</span> <span class='ocrx_word' id='word_1_739' title='bbox 2861 4354 2911 4402; x_wconf 90' lang='lat' dir='ltr'>te</span> <span class='ocrx_word' id='word_1_740' title='bbox 2956 4346 3268 4401; x_wconf 88' lang='lat' dir='ltr'>manifeste</span> <span class='ocrx_word' id='word_1_741' title='bbox 3314 4342 3552 4403; x_wconf 88' lang='lat' dir='ltr'>invasit,</span> 
     </span>
    </p>
   </div>
   <div class='ocr_carea' id='block_1_109' title="bbox 1897 4430 3555 4521">
    <p class='ocr_par' dir='ltr' id='par_1_109' title="bbox 1897 4430 3555 4521">
     <span class='ocr_line' id='line_1_109' title="bbox 1897 4430 3555 4521; baseline -0.014 -17"><span class='ocrx_word' id='word_1_742' title='bbox 1897 4450 2061 4521; x_wconf 89' lang='lat' dir='ltr'>quod</span> <span class='ocrx_word' id='word_1_743' title='bbox 2096 4444 2517 4516; x_wconf 76' lang='lat' dir='ltr'>Babylonicum</span> <span class='ocrx_word' id='word_1_744' title='bbox 2547 4446 2768 4495; x_wconf 87' lang='lat' dir='ltr'>turrem</span> <span class='ocrx_word' id='word_1_745' title='bbox 2797 4435 3126 4508; x_wconf 88' lang='lat' dir='ltr'>procaciter</span> <span class='ocrx_word' id='word_1_746' title='bbox 3170 4430 3325 4486; x_wconf 80' lang='lat' dir='ltr'>ﬁlios</span> <span class='ocrx_word' id='word_1_747' title='bbox 3354 4443 3555 4501; x_wconf 64' lang='lat' dir='ltr'>pravw</span> 
     </span>
    </p>
   </div>
   <div class='ocr_carea' id='block_1_110' title="bbox 1901 4517 3553 4597">
    <p class='ocr_par' dir='ltr' id='par_1_110' title="bbox 1901 4517 3553 4597">
     <span class='ocr_line' id='line_1_110' title="bbox 1901 4517 3553 4597; baseline -0.013 -5"><span class='ocrx_word' id='word_1_748' title='bbox 1901 4517 2275 4593; x_wconf 69' lang='lat' dir='ltr'>conlidentize</span> <span class='ocrx_word' id='word_1_749' title='bbox 2308 4532 2448 4587; x_wconf 90' lang='lat' dir='ltr'>olim</span> <span class='ocrx_word' id='word_1_750' title='bbox 2474 4529 2772 4584; x_wconf 64' lang='lat' dir='ltr'>aedificare</span> <span class='ocrx_word' id='word_1_751' title='bbox 2802 4523 3100 4597; x_wconf 88' lang='lat' dir='ltr'>persuasit</span> <span class='ocrx_word' id='word_1_752' title='bbox 3154 4520 3322 4590; x_wconf 63' lang='grc'>(246),</span> <span class='ocrx_word' id='word_1_753' title='bbox 3378 4522 3435 4572; x_wconf 89' lang='lat' dir='ltr'>et</span> <span class='ocrx_word' id='word_1_754' title='bbox 3480 4517 3553 4571; x_wconf 89' lang='lat' dir='ltr'>de</span> 
     </span>
    </p>
   </div>
   <div class='ocr_carea' id='block_1_111' title="bbox 1902 4607 3555 4681">
    <p class='ocr_par' dir='ltr' id='par_1_111' title="bbox 1902 4607 3555 4681">
     <span class='ocr_line' id='line_1_111' title="bbox 1902 4607 3555 4681; baseline -0.012 0"><span class='ocrx_word' id='word_1_755' title='bbox 1902 4627 2025 4681; x_wconf 87' lang='lat' dir='ltr'>viro</span> <span class='ocrx_word' id='word_1_756' title='bbox 2062 4623 2303 4679; x_wconf 72' lang='lat' dir='ltr'>licitam</span> <span class='ocrx_word' id='word_1_757' title='bbox 2350 4618 2612 4675; x_wconf 86' lang='lat' dir='ltr'>nefanda</span> <span class='ocrx_word' id='word_1_758' title='bbox 2671 4614 2770 4671; x_wconf 89' lang='lat' dir='ltr'>tibi</span> <span class='ocrx_word' id='word_1_759' title='bbox 2823 4611 3007 4668; x_wconf 89' lang='lat' dir='ltr'>modo</span> <span class='ocrx_word' id='word_1_760' title='bbox 3057 4607 3369 4678; x_wconf 82' lang='lat' dir='ltr'>suggessit.</span> <span class='ocrx_word' id='word_1_761' title='bbox 3423 4610 3555 4677; x_wconf 88' lang='lat' dir='ltr'>[pse</span> 
     </span>
    </p>
   </div>
   <div class='ocr_carea' id='block_1_112' title="bbox 1899 4694 3557 4789">
    <p class='ocr_par' dir='ltr' id='par_1_112' title="bbox 1899 4694 3557 4789">
     <span class='ocr_line' id='line_1_112' title="bbox 1899 4694 3557 4789; baseline -0.013 -18"><span class='ocrx_word' id='word_1_762' title='bbox 1899 4714 2109 4789; x_wconf 87' lang='lat' dir='ltr'>procul</span> <span class='ocrx_word' id='word_1_763' title='bbox 2138 4711 2325 4767; x_wconf 87' lang='lat' dir='ltr'>dubio</span> <span class='ocrx_word' id='word_1_764' title='bbox 2352 4708 2615 4781; x_wconf 87' lang='lat' dir='ltr'>primum</span> <span class='ocrx_word' id='word_1_765' title='bbox 2645 4704 2785 4760; x_wconf 90' lang='lat' dir='ltr'>huic</span> <span class='ocrx_word' id='word_1_766' title='bbox 2827 4717 3027 4756; x_wconf 88' lang='lat' dir='ltr'>eremo</span> <span class='ocrx_word' id='word_1_767' title='bbox 3077 4697 3298 4761; x_wconf 86' lang='lat' dir='ltr'>invexit</span> <span class='ocrx_word' id='word_1_768' title='bbox 3342 4694 3557 4750; x_wconf 86' lang='lat' dir='ltr'>vexilla</span> 
     </span>
    </p>
   </div>
   <div class='ocr_carea' id='block_1_113' title="bbox 1901 4785 3558 4870">
    <p class='ocr_par' dir='ltr' id='par_1_113' title="bbox 1901 4785 3558 4870">
     <span class='ocr_line' id='line_1_113' title="bbox 1901 4785 3558 4870; baseline -0.014 -9"><span class='ocrx_word' id='word_1_769' title='bbox 1901 4785 2092 4861; x_wconf 78' lang='lat' dir='ltr'>erucis</span> <span class='ocrx_word' id='word_1_770' title='bbox 2126 4800 2356 4865; x_wconf 83' lang='lat' dir='ltr'>Christi,</span> <span class='ocrx_word' id='word_1_771' title='bbox 2381 4798 2486 4870; x_wconf 89' lang='lat' dir='ltr'>qui</span> <span class='ocrx_word' id='word_1_772' title='bbox 2518 4798 2574 4851; x_wconf 91' lang='lat' dir='ltr'>in</span> <span class='ocrx_word' id='word_1_773' title='bbox 2610 4791 2928 4863; x_wconf 81' lang='lat' dir='ltr'>Evangelio</span> <span class='ocrx_word' id='word_1_774' title='bbox 2959 4789 3099 4845; x_wconf 84' lang='lat' dir='ltr'>dicit</span> <span class='ocrx_word' id='word_1_775' title='bbox 3129 4805 3139 4841; x_wconf 89' lang='lat'><strong>:</strong></span> <span class='ocrx_word' id='word_1_776' title='bbox 3172 4787 3283 4852; x_wconf 86' lang='lat' dir='ltr'>Qui</span> <span class='ocrx_word' id='word_1_777' title='bbox 3310 4785 3437 4840; x_wconf 89' lang='lat' dir='ltr'>vult</span> <span class='ocrx_word' id='word_1_778' title='bbox 3464 4801 3558 4839; x_wconf 88' lang='lat' dir='ltr'>ve-</span> 
     </span>
    </p>
   </div>
   <div class='ocr_carea' id='block_1_114' title="bbox 1902 4876 3559 4965">
    <p class='ocr_par' dir='ltr' id='par_1_114' title="bbox 1902 4876 3559 4965">
     <span class='ocr_line' id='line_1_114' title="bbox 1902 4876 3559 4965; baseline -0.013 -15"><span class='ocrx_word' id='word_1_779' title='bbox 1902 4896 2027 4951; x_wconf 87' lang='lat' dir='ltr'>nire</span> <span class='ocrx_word' id='word_1_780' title='bbox 2061 4898 2197 4965; x_wconf 86' lang='lat' dir='ltr'>post</span> <span class='ocrx_word' id='word_1_781' title='bbox 2227 4909 2342 4959; x_wconf 88' lang='lat' dir='ltr'>me,</span> <span class='ocrx_word' id='word_1_782' title='bbox 2373 4889 2631 4955; x_wconf 79' lang='lat' dir='ltr'>abneget</span> <span class='ocrx_word' id='word_1_783' title='bbox 2674 4882 3083 4953; x_wconf 87' lang='lat' dir='ltr'>semetipsum,</span> <span class='ocrx_word' id='word_1_784' title='bbox 3135 4883 3192 4934; x_wconf 91' lang='lat' dir='ltr'>et</span> <span class='ocrx_word' id='word_1_785' title='bbox 3238 4876 3403 4933; x_wconf 89' lang='lat' dir='ltr'>tollat</span> <span class='ocrx_word' id='word_1_786' title='bbox 3430 4892 3559 4929; x_wconf 89' lang='lat' dir='ltr'>cru-</span> 
     </span>
    </p>
   </div>
   <div class='ocr_carea' id='block_1_115' title="bbox 1901 4965 3560 5050">
    <p class='ocr_par' dir='ltr' id='par_1_115' title="bbox 1901 4965 3560 5050">
     <span class='ocr_line' id='line_1_115' title="bbox 1901 4965 3560 5050; baseline -0.013 -10"><span class='ocrx_word' id='word_1_787' title='bbox 1901 5003 2032 5041; x_wconf 89' lang='lat' dir='ltr'>cem</span> <span class='ocrx_word' id='word_1_788' title='bbox 2065 4998 2260 5049; x_wconf 87' lang='lat' dir='ltr'>suam,</span> <span class='ocrx_word' id='word_1_789' title='bbox 2294 4985 2350 5035; x_wconf 91' lang='lat' dir='ltr'>et</span> <span class='ocrx_word' id='word_1_790' title='bbox 2380 4981 2663 5050; x_wconf 89' lang='lat' dir='ltr'>sequatur</span> <span class='ocrx_word' id='word_1_791' title='bbox 2690 4991 2785 5029; x_wconf 88' lang='lat' dir='ltr'>me</span> <span class='ocrx_word' id='word_1_792' title='bbox 2810 4972 2971 5043; x_wconf 68' lang='grc'>(247).</span> <span class='ocrx_word' id='word_1_793' title='bbox 3008 4973 3103 5024; x_wconf 87' lang='lat' dir='ltr'>Est</span> <span class='ocrx_word' id='word_1_794' title='bbox 3152 4982 3396 5039; x_wconf 87' lang='lat' dir='ltr'>quoque</span> <span class='ocrx_word' id='word_1_795' title='bbox 3454 4965 3560 5019; x_wconf 89' lang='lat' dir='ltr'>iste</span> 
     </span>
    </p>
   </div>
   <div class='ocr_carea' id='block_1_116' title="bbox 1904 5058 3566 5140">
    <p class='ocr_par' dir='ltr' id='par_1_116' title="bbox 1904 5058 3566 5140">
     <span class='ocr_line' id='line_1_116' title="bbox 1904 5058 3566 5140; baseline -0.012 -12"><span class='ocrx_word' id='word_1_796' title='bbox 1904 5076 1992 5129; x_wconf 86' lang='lat' dir='ltr'>vir</span> <span class='ocrx_word' id='word_1_797' title='bbox 2028 5088 2262 5140; x_wconf 60' lang='lat' dir='ltr'>magna:</span> <span class='ocrx_word' id='word_1_798' title='bbox 2287 5065 2654 5124; x_wconf 87' lang='lat' dir='ltr'>auctoritatis</span> <span class='ocrx_word' id='word_1_799' title='bbox 2708 5062 2812 5134; x_wconf 88' lang='lat' dir='ltr'>qui</span> <span class='ocrx_word' id='word_1_800' title='bbox 2859 5062 2986 5131; x_wconf 89' lang='lat' dir='ltr'>jam</span> <span class='ocrx_word' id='word_1_801' title='bbox 3039 5058 3100 5112; x_wconf 92' lang='lat' dir='ltr'>in</span> <span class='ocrx_word' id='word_1_802' title='bbox 3157 5059 3460 5111; x_wconf 86' lang='lat' dir='ltr'>senectam</span> <span class='ocrx_word' id='word_1_803' title='bbox 3509 5058 3566 5108; x_wconf 91' lang='lat' dir='ltr'>et</span> 
     </span>
    </p>
   </div>
   <div class='ocr_carea' id='block_1_117' title="bbox 1906 5142 3559 5227">
    <p class='ocr_par' dir='ltr' id='par_1_117' title="bbox 1906 5142 3559 5227">
     <span class='ocr_line' id='line_1_117' title="bbox 1906 5142 3559 5227; baseline -0.013 -10"><span class='ocrx_word' id='word_1_804' title='bbox 1906 5162 2139 5217; x_wconf 90' lang='lat' dir='ltr'>senium</span> <span class='ocrx_word' id='word_1_805' title='bbox 2172 5159 2351 5225; x_wconf 84' lang='lat' dir='ltr'>venit,</span> <span class='ocrx_word' id='word_1_806' title='bbox 2380 5155 2603 5227; x_wconf 90' lang='lat' dir='ltr'>optime</span> <span class='ocrx_word' id='word_1_807' title='bbox 2644 5149 2915 5224; x_wconf 87' lang='lat' dir='ltr'>parendo</span> <span class='ocrx_word' id='word_1_808' title='bbox 2968 5147 3186 5201; x_wconf 84' lang='lat' dir='ltr'>divinis</span> <span class='ocrx_word' id='word_1_809' title='bbox 3236 5142 3559 5199; x_wconf 87' lang='lat' dir='ltr'>mandatis.</span> 
     </span>
    </p>
   </div>
   <div class='ocr_carea' id='block_1_118' title="bbox 1907 5234 3567 5316">
    <p class='ocr_par' dir='ltr' id='par_1_118' title="bbox 1907 5234 3567 5316">
     <span class='ocr_line' id='line_1_118' title="bbox 1907 5234 3567 5316; baseline -0.012 -11"><span class='ocrx_word' id='word_1_810' title='bbox 1907 5250 2133 5316; x_wconf 86' lang='lat' dir='ltr'>Quibus</span> <span class='ocrx_word' id='word_1_811' title='bbox 2166 5248 2257 5302; x_wconf 88' lang='lat' dir='ltr'>ille</span> <span class='ocrx_word' id='word_1_812' title='bbox 2287 5248 2635 5312; x_wconf 81' lang='lat' dir='ltr'>arroganter</span> <span class='ocrx_word' id='word_1_813' title='bbox 2666 5236 2995 5310; x_wconf 88' lang='lat' dir='ltr'>respondit,</span> <span class='ocrx_word' id='word_1_814' title='bbox 3018 5234 3327 5307; x_wconf 89' lang='lat' dir='ltr'>inquiens:</span> <span class='ocrx_word' id='word_1_815' title='bbox 3357 5236 3567 5287; x_wconf 85' lang='lat' dir='ltr'>Aucto-</span> 
     </span>
    </p>
   </div>
   <div class='ocr_carea' id='block_1_119' title="bbox 1981 5481 2460 5551">
    <p class='ocr_par' dir='ltr' id='par_1_119' title="bbox 1981 5481 2460 5551">
     <span class='ocr_line' id='line_1_119' title="bbox 1981 5481 2460 5551; baseline -0.01 -17"><span class='ocrx_word' id='word_1_816' title='bbox 1981 5484 2127 5551; x_wconf 65' lang='grc'>(243)</span> <span class='ocrx_word' id='word_1_817' title='bbox 2166 5481 2358 5533; x_wconf 76' lang='lat' dir='ltr'>Marc.</span> <span class='ocrx_word' id='word_1_818' title='bbox 2384 5491 2460 5529; x_wconf 83' lang='lat' dir='ltr'>ix.</span> 
     </span>
    </p>
   </div>
   <div class='ocr_carea' id='block_1_120' title="bbox 1986 5553 2450 5621">
    <p class='ocr_par' dir='ltr' id='par_1_120' title="bbox 1986 5553 2450 5621">
     <span class='ocr_line' id='line_1_120' title="bbox 1986 5553 2450 5621; baseline -0.028 -10"><span class='ocrx_word' id='word_1_819' title='bbox 1986 5558 2037 5621; x_wconf 72' lang='lat' dir='ltr'>t2</span> <span class='ocrx_word' id='word_1_820' title='bbox 2052 5555 2131 5611; x_wconf 65' lang='lat' dir='ltr'>it)</span> <span class='ocrx_word' id='word_1_821' title='bbox 2174 5553 2318 5603; x_wconf 78' lang='lat' dir='ltr'>Luc.</span> <span class='ocrx_word' id='word_1_822' title='bbox 2357 5563 2450 5601; x_wconf 83' lang='lat' dir='ltr'>xu.</span> 
     </span>
    </p>
   </div>
   <div class='ocr_carea' id='block_1_121' title="bbox 1985 5621 2607 5689">
    <p class='ocr_par' dir='ltr' id='par_1_121' title="bbox 1985 5621 2607 5689">
     <span class='ocr_line' id='line_1_121' title="bbox 1985 5621 2607 5689; baseline -0.014 -10"><span class='ocrx_word' id='word_1_823' title='bbox 1985 5627 2134 5689; x_wconf 59' lang='lat'>(“2-15)</span> <span class='ocrx_word' id='word_1_824' title='bbox 2176 5621 2339 5676; x_wconf 83' lang='lat' dir='ltr'>Psal.</span> <span class='ocrx_word' id='word_1_825' title='bbox 2376 5633 2607 5672; x_wconf 80' lang='lat' dir='ltr'>Lxxxul.</span> 
     </span>
    </p>
   </div>
   <div class='ocr_carea' id='block_1_122' title="bbox 1990 5694 2435 5762">
    <p class='ocr_par' dir='ltr' id='par_1_122' title="bbox 1990 5694 2435 5762">
     <span class='ocr_line' id='line_1_122' title="bbox 1990 5694 2435 5762; baseline -0.013 -13"><span class='ocrx_word' id='word_1_826' title='bbox 1990 5696 2141 5762; x_wconf 77' lang='lat'>(246)</span> <span class='ocrx_word' id='word_1_827' title='bbox 2183 5694 2323 5748; x_wconf 84' lang='lat' dir='ltr'>Gen.</span> <span class='ocrx_word' id='word_1_828' title='bbox 2357 5707 2435 5744; x_wconf 72' lang='lat' dir='ltr'>x1.</span> 
     </span>
    </p>
   </div>
   <div class='ocr_carea' id='block_1_123' title="bbox 1996 5766 2438 5830">
    <p class='ocr_par' dir='ltr' id='par_1_123' title="bbox 1996 5766 2438 5830">
     <span class='ocr_line' id='line_1_123' title="bbox 1996 5766 2438 5830; baseline 0.002 -15"><span class='ocrx_word' id='word_1_829' title='bbox 1996 5768 2139 5830; x_wconf 51' lang='grc' dir='ltr'>ρετ)</span> <span class='ocrx_word' id='word_1_830' title='bbox 2178 5766 2319 5819; x_wconf 83' lang='lat' dir='ltr'>Luc.</span> <span class='ocrx_word' id='word_1_831' title='bbox 2360 5779 2438 5816; x_wconf 82' lang='lat' dir='ltr'>ix.</span> 
     </span>
    </p>
   </div>
  </div>
