3910 6400
440 299 579 352 10⁸75

1479 293 1788 350 ARNOLDI
1829 289 2420 348 EMMERAMMENSIS
2458 291 2792 348 MONACHI.

3737 291 3764 342 ί
3777 290 3886 341 076

437 421 583 480 ritas
609 434 854 494 quoque
882 417 1038 476 illius
1071 417 1218 474 mihi
1247 434 1358 491 pro
1373 419 1626 475 minimo
1642 422 1748 484 est,
1771 416 1915 490 quia
1940 413 2085 470 nihil
2109 417 2156 470 A
2187 415 2396 472 orbem
2426 421 2714 473 terrarum
2749 415 2970 472 inimici
3020 416 3250 489 laqueis
3305 416 3766 490 queritantem,
3831 417 3882 466 et

439 507 690 570 omnino
719 507 890 564 valet.
917 507 1199 562 Seorsum
1227 507 1472 578 quidem
1503 506 1649 562 mihi
1689 503 2083 570 manendum,

441 601 501 656 et
527 597 776 663 Christo,
810 594 914 667 qui
951 594 1114 650 dedit
1165 611 1344 650 nosse
1395 601 1453 652 et
1501 612 1702 668 posse,
1728 595 1790 650 in
1846 591 2085 666 speciali

440 685 610 756 cella,
630 683 799 742 haud
829 682 942 738 sub
975 683 1262 740 Gunthari
1291 700 1542 741 censura
1571 685 1679 741 erit
1730 688 1965 757 meapte
2016 681 2085 736 li-

442 776 590 832 bero
614 779 819 830 animo
850 771 1254 829 serviendum.
1287 775 1440 840 Quid
1477 775 1650 848 plura
1673 778 1700 831 ?
1750 777 2086 846 Sequestra—

441 869 535 922 tus
561 862 723 920 idem
771 860 1083 934 presbyter
1135 861 1362 936 aliquot
1414 863 1626 920 diebus
1675 864 1752 920 ab
1781 863 1893 919 illis
1932 877 2085 934 quos

438 951 729 1026 despexit,
760 966 798 1008 a
835 950 1186 1007 subversore
1207 952 1568 1010 ministratas
1595 953 1895 1026 quasdam
1943 952 2088 1007 vidit

438 1039 726 1109 visiones,
775 1039 899 1096 imo
944 1039 1293 1112 phantasias
1345 1043 1594 1114 aspexit,
1647 1042 1868 1114 quibus
1933 1041 2086 1096 adeo

441 1129 740 1187 elevatum
770 1131 861 1184 est
889 1143 992 1184 cor
1039 1129 1188 1200 ejus,
1245 1135 1307 1186 ut
1329 1131 1539 1186 humili
1569 1147 1640 1187 ac
1669 1129 1921 1203 simplici
1951 1135 2086 1186 voto

441 1217 685 1276 ωἰιιίωο
716 1220 1029 1290 expeteret.
1062 1218 1222 1274 Unde
1252 1219 1464 1276 accidit
1488 1224 1553 1276 ut
1574 1220 1928 1293 intempesta
1949 1235 2087 1275 noc-

440 1307 514 1365 tis
543 1306 690 1378 (sic),
746 1321 871 1378 qua
902 1309 1121 1362 sanctas
1143 1308 1384 1378 Agnetis
1421 1308 1701 1366 festivntas
1755 1309 2086 1364 celebratur

437 1410 478 1454 δ
505 1393 867 1463 Christianis,
911 1395 1166 1451 orationi
1221 1397 1662 1470 aliquantulum
1705 1398 2080 1464 incumbens,

437 1483 702 1558 primum
727 1482 1160 1555 delectabilem,
1191 1491 1330 1558 post
1372 1486 1681 1543 modicum
1727 1503 1868 1543 vero
1897 1487 2084 1559 lacry-

437 1570 742 1640 mabilem,
773 1571 982 1628 auditu
1005 1588 1216 1629 vocem
1251 1574 1513 1631 hauriret
1541 1575 1847 1648 oculisque
1903 1575 2082 1630 visio-

437 1675 579 1717 nem
605 1659 850 1717 videret.
879 1660 1122 1719 Audivit
1145 1677 1287 1732 ergo
1333 1662 1628 1736 imprimis
1680 1664 2080 1735 harmoniam,

2185 503 2572 561 nihilominus
2598 506 3054 578 lacrymantem,
3078 505 3152 560 de
3191 505 3342 561 caelo
3365 501 3734 577 aliquando
3789 517 3882 556 ve-

2186 589 2288 656 nit,
2321 592 2524 648 dicens
2554 611 2566 648 :
2592 593 2905 648 Humilitas
2934 593 3160 649 Christo
3194 595 3518 650 adhaerens
3555 597 3877 646 transcen-

2186 677 2285 733 det
2309 696 2519 737 omnes
2548 682 2796 754 laqueos
2815 682 2945 736 hos.
2983 685 3058 736 De
3081 688 3292 738 caetero
3308 681 3486 738 crede
3515 679 3683 735 mihi
3705 677 3874 750 quia,

2189 766 2322 822 siin
2354 771 2636 840 praedicto
2684 771 2862 826 fratre
2917 770 3221 826 humilitas
3272 769 3489 827 Christi
3551 771 3872 836 regnaret,

2185 871 2500 929 nunquam
2523 859 2868 931 superbiam
2882 859 3106 914 diaboli
3127 859 3348 914 cadens
3366 855 3872 919 adoraret.Quod

2186 945 2247 999 in
2273 949 2659 1019 sequentibus
2688 948 3127 1004 evidentissime
3153 948 3421 1020 liquebit.
3471 951 3638 1003 Nam
3700 951 3871 1018 post-

2186 1050 2370 1106 quam
2401 1037 2660 1108 pessime
2692 1037 2983 1107 adoravit,
3017 1037 3300 1109 antiquus
3337 1037 3532 1092 hostis
3584 1036 3648 1091 ei
3704 1034 3869 1091 aliud

2187 1124 2404 1180 vulnus
2431 1127 2641 1182 inflixit
2672 1127 2890 1201 pariter
2931 1131 2986 1186 et
3036 1127 3217 1182 dixit:
3278 1127 3699 1182 Antichristus
3740 1126 3868 1196 jam

2187 1213 2246 1267 in
2275 1214 2480 1269 Judiea
2501 1221 2730 1285 regnat,
2762 1231 2872 1271 nec
2903 1231 3025 1270 non
3057 1215 3209 1270 tilias
3237 1219 3294 1271 et
3323 1215 3532 1271 Enoch
3585 1215 3682 1270 ibi
3713 1230 3867 1286 prae-

2187 1300 2406 1357 dicant.
2441 1308 2588 1358 Cum
2613 1303 2705 1357 his
2731 1319 2972 1376 quoque
2999 1303 3076 1358 ab
3106 1303 3466 1359 Antichristo
3487 1301 3866 1358 interﬁcien-

2186 1389 2298 1455 dis,
2330 1406 2438 1461 pro
2465 1391 2842 1446 confessione
2875 1393 2990 1446 mei
3016 1392 3303 1462 nominis,
3361 1391 3424 1446 in
3480 1407 3662 1447 anno
3713 1407 3868 1464 pre:-

2186 1477 2354 1547 senti,
2387 1479 2671 1550 martyrio
2715 1481 3096 1535 coronandus
3153 1480 3287 1536 eris.
3349 1480 3463 1536 Sed
3517 1486 3867 1552 antequam

2183 1565 2320 1620 illuc
2341 1567 2571 1636 tendas,
2600 1573 2830 1639 oportet
2857 1573 2909 1622 te
2937 1568 3140 1624 omnia
3171 1585 3306 1640 quae
3352 1569 3412 1624 in
3465 1569 3670 1639 hujus
3731 1584 3868 1640 pro-

2184 1653 2390 1708 vinciae
2419 1657 2708 1711 coenobiis
2740 1658 3158 1713 emendatione
3191 1664 3332 1713 sunt
3361 1658 3552 1724 digna
3588 1657 3866 1724 corrige-

437 1763 548 1804 ηθο
575 1763 700 1805 non
725 1747 902 1821 quasi
928 1748 1083 1805 duos
1111 1750 1327 1806 choros
1351 1752 1617 1808 viromm
1647 1757 1704 1808 et
1724 1753 2081 1808 feminarum
2114 1765 2157 1817 Β
2183 1758 2266 1809 re,
2301 1749 2355 1797 et
2386 1743 2585 1798 multis
2609 1745 2862 1800 verbum
2891 1746 3153 1802 veritatis
3174 1747 3526 1818 praedicare.
3574 1750 3660 1801 At
3703 1763 3866 1818 pres-

436 1835 646 1910 procul
684 1837 1148 1908 concinentium,
1197 1843 1254 1894 et
1304 1839 1692 1896 alternatione
1747 1840 1987 1908 vicaria,
2019 1845 2084 1896 ut

436 1924 812 1995 audiebatur,
841 1925 1240 1999 pulcherrime
1270 1928 1382 1984 sibi
1410 1929 1668 1985 invicem
1721 1931 2083 2002 responden-

437 2015 607 2085 tium,
632 2013 826 2073 donec
875 2015 1168 2088 paulatim
1213 2034 1352 2074 cum
1385 2018 1752 2077 incremento
1808 2019 2077 2089 ejusdem

436 2103 744 2162 cantilena
785 2107 968 2176 atque
1023 2107 1250 2162 corusci
1296 2107 1540 2164 luminis
1593 2109 2076 2178 augmentatione

438 2208 628 2264 usque
653 2191 734 2248 ad
763 2207 825 2248 se
853 2193 1138 2250 venirent.
1161 2197 1323 2252 Tunc
1342 2196 1592 2252 humani
1623 2197 1854 2266 generis
1884 2197 2075 2252 inimi-

438 2295 564 2350 ous,
585 2279 690 2354 qui
722 2283 970 2338 testante
1011 2282 1282 2354 apostolo
1335 2284 1516 2340 Paulo
1578 2285 1960 2354 transﬁgurat
2014 2301 2074 2339 se

435 2367 616 2424 etiam
639 2366 703 2424 in
731 2367 1012 2438 angelum
1035 2367 1184 2426 lucis
1203 2371 1374 2443 (248),
1406 2388 1544 2428 cum
1570 2377 1732 2429 tanto
1762 2373 1988 2441 fulgore
2014 2389 2075 2428 se

435 2453 518 2515 illi
546 2457 948 2527 prasentavit,
974 2461 1042 2516 ut
1093 2457 1242 2514 nihil
1290 2459 1491 2516 minus
1538 2465 1846 2533 putaretur
1893 2479 2078 2534 quam

432 2542 738 2602 diabolus.
763 2547 1031 2618 Cumque
1061 2562 1200 2602 eum
1238 2547 1553 2620 presbyter
1599 2549 1924 2606 intueretur
1953 2551 2078 2606 diu-

433 2631 548 2690 tius
567 2636 625 2689 et
650 2633 969 2690 miraretur
997 2650 1178 2708 super
1205 2635 1648 2708 pulchritudine
1677 2639 1826 2709 ejus,
1845 2641 1959 2712 qui
1977 2655 2080 2711 ap-

431 2719 632 2794 paruit
659 2719 808 2778 dixit
835 2721 915 2778 ad
943 2737 1085 2778 eum
1117 2740 1131 2779 :
1166 2723 1416 2780 Videsne
1443 2725 1611 2798 quod
1627 2726 1740 2782 sim
1771 2728 2032 2783 Christus
2053 2731 2080 2784 ?

429 2824 618 2882 quare
667 2825 793 2867 non
840 2810 1061 2867 adoras
1112 2815 1254 2870 me?
1312 2813 1439 2869 Noli
1493 2814 1788 2883 dubitare,
1832 2832 1970 2871 cum
2001 2816 2078 2871 ad

429 2897 546 2956 hoc
569 2897 838 2956 venerim
867 2902 1166 2971 quatenus
1204 2899 1310 2956 tibi
1361 2900 1562 2958 dicam
1607 2919 1744 2975 quae
1791 2907 1846 2959 te
1899 2919 2078 2976 opor-

431 2990 550 3043 teat
603 2986 818 3044 facere.
873 2991 946 3044 At
988 2988 1107 3058 ille,
1161 3005 1344 3062 quem
1397 2991 1700 3064 praestigia
1730 2993 1858 3064 jam
1912 2993 2080 3048 dece-

431 3079 648 3168 perant
668 3075 986 3168 diabolica,
1018 3077 1212 3168 dixit:
1250 3079 1308 3135 Si
1334 3079 1492 3168 filius
1521 3097 1584 3136 es
1615 3081 1825 3151 Mariae,
1857 3098 1992 3138 ecce
2025 3088 2076 3138 te
2099 3111 2140 3168 ρ

432 3163 641 3222 adoro.
674 3165 744 3220 Et
770 3163 1087 3237 procidens
1117 3166 1390 3223 adoravit
1408 3183 1566 3234 eum,
1599 3169 1836 3240 penitus
1861 3169 2076 3226 oblitus

431 3252 590 3312 illius
617 3253 890 3326 responsi
917 3254 1084 3327 quod
1110 3254 1171 3311 in
1201 3255 1328 3311 Vita
1352 3258 1592 3314 Patrum
1623 3273 1829 3314 senem
1859 3260 2074 3316 cautis-

433 3341 656 3400 simum
683 3358 862 3416 super
890 3343 1311 3415 hujuscemodi
1343 3345 1660 3403 tentatione
1684 3347 1918 3418 legebat
1969 3349 2072 3404 de-

429 3430 610 3489 disse.
639 3431 724 3489 lbi
751 3431 911 3488 enim
942 3436 1030 3489 est
1057 3433 1364 3506 scriptum,
1400 3438 1466 3490 ut
1503 3451 1666 3491 nunc
1720 3451 2074 3504 rememoro,

427 3521 574 3594 quia
586 3521 836 3596 quidam
853 3537 1033 3579 senex
1047 3522 1178 3596 pari
1195 3523 1378 3580 modo
1389 3539 1426 3580 a
1441 3524 1683 3581 diabolo
1701 3526 2036 3584 sittentatus
2061 3547 2074 3597 ;

429 3609 554 3678 sed,
584 3609 790 3668 divina
817 3609 1133 3668 clementia
1154 3627 1392 3668 servum
1424 3629 1603 3670 suum
1623 3613 1902 3685 vallante,
1934 3631 2077 3672 mox

427 3701 681 3756 tentator
702 3699 839 3772 quis
867 3699 1044 3757 fuerit
1069 3701 1279 3774 paucis
1307 3701 1501 3757 verbis
1536 3702 1608 3758 sit
1646 3702 2072 3775 deprehensus.

427 3789 578 3846 Nam
600 3803 742 3846 cum
769 3788 897 3845 seni
923 3788 1030 3845 diu
1055 3789 1296 3861 tacenti,
1325 3794 1382 3847 et
1401 3807 1604 3847 secum
1625 3791 1762 3864 quis
1793 3798 1944 3849 csset
1971 3794 2075 3866 qui

429 3876 709 3950 apparuit
733 3876 940 3933 intime
960 3876 1236 3947 volventi,
1269 3893 1580 3950 perversus
1602 3896 1878 3953 perverse
1915 3883 2072 3938 dice-

426 3967 518 4021 ret
547 3965 706 4034 :Ego
735 3980 871 4020 sum
901 3965 1205 4034 Christus;
1235 3983 1422 4040 quare
1441 3968 1642 4026 tardas
1667 3986 1764 4026 me
1793 3971 2074 4028 adorare?

429 4054 810 4126 Responsum
837 4053 1066 4126 accepit
1093 4053 1172 4111 ab
1201 4071 1273 4110 eo
1302 4072 1314 4110 :
1349 4057 1537 4122 Quem
1567 4057 1818 4116 adoravi
1853 4061 1932 4117 ab
1981 4061 2072 4117 in-

429 4138 617 4198 fantia
643 4157 781 4199 mea
805 4157 1000 4215 usque
1024 4142 1087 4198 in
1114 4158 1400 4216 praesens,
1425 4145 1543 4201 nisi
1573 4146 1867 4205 Christum
1885 4149 2074 4206 ﬁlium

429 4229 532 4288 Dei
557 4229 678 4287 vivi
709 4230 738 4287 ‘?
761 4231 818 4290 Si
846 4235 910 4291 tu
936 4232 1198 4290 Christus
1223 4249 1404 4305 esses,
1431 4234 1768 4292 nullatenus
1788 4254 1824 4295 a
1851 4255 1948 4295 me
1980 4257 2079 4313 pe-

427 4320 580 4376 teres
616 4319 733 4378 hoc
763 4319 1122 4394 obsequium
1173 4321 1281 4378 tibi
1335 4323 1519 4380 modo
1569 4324 1858 4398 impendi,
1911 4331 2072 4400 quod

428 4423 687 4482 semper,
715 4409 780 4468 in
805 4414 1102 4483 quantum
1133 4411 1315 4481 valui,
1347 4429 1488 4469 vero
1541 4414 1769 4472 Christo
1823 4417 2076 4474 Domino

425 4512 564 4554 meo
591 4497 894 4556 humiliter
922 4499 1184 4557 exhibui.
1220 4501 1386 4558 Tunc
1410 4501 1664 4560 humani
1694 4505 1926 4575 generis
1962 4506 2073 4562 ini-

424 4586 616 4644 micus
642 4587 845 4648 valida
872 4589 1029 4646 senis
1053 4589 1172 4647 fide
1192 4606 1576 4664 repercussus
1591 4597 1769 4666 atque
1791 4594 2074 4652 confusus

423 4676 686 4748 evanuit,
714 4677 995 4751 linquens
1021 4678 1106 4738 ibi
1125 4682 1286 4736 certa
1303 4681 1634 4752 praesentiat
1665 4698 1786 4738 suae
1833 4681 2070 4752 indicia,

423 4763 485 4822 id
513 4768 602 4825 est
625 4765 894 4825 fetorem.
928 4788 957 4818 ››

1035 4856 1463 4916 Ammonicius.

493 4964 524 4994 α
554 4945 598 5002 0
624 4943 939 5012 Collectici,
969 4944 1234 5004 horroris
1252 4945 1434 5018 plena
1455 4949 1596 5002 sunt
1609 4961 1744 5018 quae
1767 4947 2067 5022 scripsisti,

421 5034 480 5088 et
498 5035 588 5091 est
609 5032 787 5092 valde
814 5033 1005 5090 durus
1033 5033 1130 5092 hic
1160 5049 1361 5091 sermo
1388 5049 1573 5108 quem
1631 5033 1866 5092 dixisti:
1927 5039 2069 5103 Quis

423 5133 566 5191 ergo
593 5125 789 5196 potest
811 5121 1064 5196 laqueos
1077 5121 1302 5180 inimici
1317 5121 1591 5192 evadere,
1620 5123 1670 5178 si
1693 5123 1805 5181 ista
1829 5125 1890 5181 in
1911 5126 2070 5183 hunc

422 5209 723 5268 mundum
748 5210 906 5270 facta
938 5215 1080 5269 sunt
1100 5227 1240 5269 vere
1267 5211 1296 5267 ‘2
1317 5230 1349 5265 ›

1052 5303 1446 5359 Collectitius.

498 5403 527 5432 «
544 5385 1264 5459 Interrogatiunculaaltuae
1283 5389 1423 5446 huic
1447 5404 1645 5463 pravae
1669 5389 1868 5460 simul,
1889 5397 1945 5448 et
1965 5394 2071 5450 du-

421 5468 698 5527 bitatiorii
724 5473 976 5530 nimium
1005 5477 1375 5548 periculosae,
1405 5479 1810 5548 oAmmonici,
1844 5481 2068 5538 satisfa-

2183 1831 2374 1902 byter,
2391 1849 2686 1888 novarum
2707 1851 2904 1888 rerum
2927 1835 3201 1907 cupidus,
3218 1835 3374 1890 iniit:
3402 1836 3578 1898 Quod
3607 1835 3864 1902 signum

2183 1919 2356 1975 dabis
2388 1921 2531 1976 mihi
2551 1939 2673 1994 quo
2695 1929 2888 1978 certus
2919 1923 3142 1979 efﬁciar
3164 1940 3257 1978 me
3287 1941 3423 1996 quae
3481 1923 3698 1979 dixisti
3754 1924 3863 1979 fac-

2185 2013 2383 2063 turum
2417 2012 2442 2064 '3
2475 2011 2577 2065 Cui
2606 2011 2881 2066 seductor
2927 2011 3238 2084 respondit
3271 2029 3284 2066 :
3340 2015 3468 2067 Non
3527 2028 3742 2068 unum
3796 2012 3866 2066 si-

2186 2113 2372 2166 gnum
2403 2098 2504 2153 tibi
2525 2099 2764 2154 dabitur
2785 2117 2891 2172 pro
2913 2102 3282 2167 certitudine,
3303 2101 3408 2156 sed
3433 2102 3547 2156 tria
3576 2102 3862 2157 facturus

2187 2203 2248 2240 es
2277 2187 2474 2254 hodie,
2504 2194 2638 2243 ante
2659 2189 2890 2245 tertiam
2924 2191 3135 2245 horam
3180 2190 3320 2255 dici,
3381 2191 3611 2246 scilicet
3665 2207 3860 2246 unum

2187 2277 2248 2329 in
2275 2275 2576 2330 Guntharii
2615 2277 2858 2332 sinistro
2889 2279 3084 2346 oculo,
3117 2295 3300 2350 quem
3326 2294 3482 2350 pene
3500 2278 3585 2333 ob
3609 2279 3858 2348 aegritu-

2187 2362 2388 2418 dinem
2415 2365 2670 2436 perdidit
2699 2365 2950 2421 alterum
2981 2367 3040 2421 in
3072 2367 3269 2436 fratre,
3297 2367 3400 2439 qui
3421 2367 3552 2438 jam
3567 2384 3686 2440 per
3707 2368 3860 2422 mul-

2188 2458 2276 2508 tos
2305 2452 2432 2507 dies
2463 2453 2742 2522 inﬁrmat,
2777 2461 2832 2510 et
2861 2461 2948 2510 est
2978 2473 3190 2516 creetis.
3247 2457 3341 2511 cui
3386 2472 3620 2512 nomen
3664 2458 3856 2513 Remi-

2185 2541 2602 2610 gius.’l‘ertium
2627 2543 2685 2598 in
2717 2560 2806 2614 eo,
2840 2545 2944 2616 qui
2971 2545 3184 2600 dicitur
3211 2549 3380 2611 Bazo,
3402 2562 3595 2617 quem
3626 2545 3858 2602 inimici

2184 2630 2273 2685 sui
2302 2637 2686 2702 caecaverunt,
2717 2638 2894 2706 atque
2925 2651 3210 2689 mancum
3265 2635 3557 2690 fecerunt.
3595 2635 3858 2708 Insuper

2182 2735 2291 2791 pro
2324 2719 2493 2786 signo
2511 2721 2873 2776 certitudinis
2902 2722 3120 2777 habeto
3145 2723 3436 2788 sandalia,
3459 2739 3606 2794 quae
3631 2723 3700 2778 in
3721 2739 3855 2794 pro~

2183 2806 2346 2862 ximo
2371 2808 2851 2881 reperies,posita
2871 2811 3139 2882 quadam
3170 2812 3282 2866 sub
3315 2811 3533 2866 arbore
3597 2817 3852 2872 cavata:

2182 2895 2404 2967 quibus
2437 2897 2717 2970 praecipio
2749 2903 2814 2954 ut
2838 2901 3088 2971 posthac
3117 2900 3300 2956 utaris
3343 2901 3402 2955 in
3461 2901 3852 2957 celebrandis

2180 2985 2503 3040 missarum
2539 2987 2839 3042 solemnis.
2884 2988 3036 3054 Quid
3067 2989 3258 3045 multa
3286 2991 3315 3046 ?
3345 2990 3442 3044 His
3473 2990 3559 3045 ita
3619 2990 3850 3046 homini

2181 3072 2443 3143 superbo
2459 3073 2754 3129 diabolica
2779 3075 2987 3130 fraude
3019 3077 3573 3147 persuasis,etinter
3601 3078 3848 3133 arbusta

2178 3174 2336 3231 pone
2365 3161 2732 3217 domicilium
2762 3163 2821 3217 in
2849 3180 2972 3235 quo
3002 3165 3408 3232 vagabundus
3437 3167 3679 3222 mansit
3709 3183 3846 3221 con-

2181 3247 2316 3316 sita,
2346 3249 2792 3321 quasiquodam
2819 3253 3305 3323 ascensupariter
3319 3269 3390 3309 ac
3417 3254 3735 3310 descensu
3749 3255 3847 3308 de-

2180 3340 2530 3404 monstrato,
2563 3353 2700 3392 cum
2757 3339 2884 3394 aliis
2934 3340 3450 3396 inextricabilibus
3505 3343 3848 3414 phantasia:

2180 3425 2488 3495 portentis,
2504 3425 2562 3479 in
2580 3425 2711 3497 ipso
2733 3429 3082 3499 crepusculo
3095 3429 3264 3496 lucis,
3282 3430 3579 3501 praefatus
3602 3432 3850 3504 presby-

2181 3518 2266 3568 ter
2294 3513 2600 3586 propriam
2631 3520 2687 3570 et
2713 3516 3076 3586 singularem
3115 3519 3398 3574 deserens
3425 3519 3679 3586 cellam,
3738 3521 3850 3575 sub

2182 3599 2346 3655 inani
2377 3619 2479 3674 spe
2507 3601 2818 3659 diabolicae
2835 3604 3297 3676 pollicitationis,
3321 3607 3564 3663 domini
3588 3610 3851 3664 Liuntha-

2182 3688 2251 3743 rii
2280 3689 2424 3760 petit
2451 3707 2672 3746 casam.
2708 3694 2896 3757 Quem
2927 3709 3066 3748 eum
3094 3693 3316 3750 videret
3347 3697 3723 3753 venerabilis
3753 3698 3847 3752 he-

2180 3793 2304 3850 ros,
2327 3795 2506 3851 super
2531 3781 2840 3852 repentino
2861 3783 2990 3852 ejus
3039 3784 3304 3840 adventu
3343 3785 3768 3859 obtupescens
3797 3793 3847 3842 et

2180 3868 2507 3937 admirans,
2540 3875 2742 3942 utpote
2767 3872 2868 3943 qui
2891 3873 3163 3944 superbis
3186 3881 3524 3947 imperante
3547 3877 3634 3932 ab
3661 3893 3738 3932 eo
3769 3894 3848 3931 se-

2179 3961 2517 4029 questratus
2547 3963 2690 4029 erat,
2725 3960 2975 4033 sibique,
3008 3962 3190 4018 veluti
3243 3963 3470 4020 litteras
3529 3967 3846 4031 nescienti,

2179 4045 2401 4118 peritiae
2429 4063 2551 4102 suae
2573 4048 3056 4121 supplementum
3079 4052 3346 4122 maligna
3363 4053 3688 4110 voluntate
3715 4055 3850 4110 sub-

2177 4138 2453 4192 traxerat.
2478 4133 2623 4190 nihil
2652 4137 2846 4192 dicere
2876 4138 3080 4193 volens
3137 4141 3438 4197 conticuit.
3503 4141 3691 4198 Tunc
3750 4145 3845 4216 qui

2175 4238 2334 4278 vana
2359 4223 2546 4292 gloria
2577 4225 2839 4280 tumidus
2869 4226 3213 4296 advenerat,
3237 4229 3351 4284 sub
3369 4231 3574 4302 specie
3606 4233 3847 4300 religio-

2175 4311 2268 4366 nis
2299 4311 2376 4366 ad
2400 4314 2796 4391 reverendum
2837 4330 3042 4370 senem
3073 4317 3313 4374 dicebat
3347 4336 3360 4372 :
3407 4322 3541 4374 Non
3597 4321 3848 4391 ignora-

2177 4416 2312 4455 mus
2341 4401 2504 4473 quia,
2527 4401 2700 4472 juxta
2731 4403 2995 4460 instituta
3041 4409 3298 4474 Patrum,
3356 4407 3472 4462 nisi
3516 4412 3752 4482 vocati,
3782 4411 3846 4464 Ile

2177 4489 2324 4545 cella
2349 4491 2548 4559 egredi
2575 4495 2632 4546 et
2674 4491 2791 4546 huc
2820 4493 3018 4548 venire
3069 4495 3314 4550 minime
3372 4495 3804 4554 debueramus
3833 4517 3845 4564 ;

2177 4579 2284 4634 sed
2309 4579 2659 4636 humilitatis
2688 4586 2905 4636 nostrae
2930 4583 3224 4639 adventus
3263 4601 3335 4639 ex
3374 4594 3698 4660 praecepto
3741 4592 3844 4644 Do-

2175 4667 2323 4722 mini
2351 4670 2537 4724 nostri
2563 4671 2698 4724 Jesu
2739 4670 2946 4726 Christi
2999 4677 3087 4726 est
3142 4673 3313 4728 vobis
3366 4678 3423 4730 et
3471 4675 3611 4731 aliis
3672 4678 3845 4734 valde

2173 4757 2566 4812 necessarius.
2601 4758 2704 4814 Cui
2735 4773 2935 4826 senex,
2959 4759 3206 4832 Spiritus
3237 4762 3579 4819 munimine
3604 4773 3842 4837 protec-

2178 4850 2291 4912 tus,
2343 4845 2543 4902 dixit:
2605 4847 2768 4903 Unde
2827 4849 2998 4904 vobis
3054 4851 3190 4919 hoc,
3245 4857 3349 4906 aut
3414 4855 3686 4924 quando
3747 4859 3843 4911 Do-

2179 4934 2376 4990 minus
2407 4935 2670 4992 Christus
2698 4937 3042 4994 fraternitati
3070 4945 3278 4995 vestraa
3298 4955 3459 4996 nova
3485 4943 3668 5000 dedit
3695 4961 3841 5018 prae-

2175 5025 2394 5097 cepta?
2447 5029 2518 5080 At
2571 5025 2666 5080 ille
2721 5027 3066 5098 respondit:
3131 5031 3246 5084 Hac
3301 5034 3498 5086 nocte.
3557 5035 3627 5088 Et
3709 5034 3841 5090 dicit

2173 5129 2375 5184 senex,
2407 5115 2544 5178 Quae
2576 5115 2604 5169 ‘?
2635 5115 2958 5186 Respondit
2984 5117 3298 5188 presbyter
3330 5135 3342 5172 :
3409 5121 3476 5174 Ut
3507 5120 3572 5176 in
3629 5139 3840 5179 mona-

2173 5203 2362 5258 steriis
2395 5203 2585 5259 Norici
2610 5205 2914 5274 regulares
2946 5205 3396 5262 observationes
3443 5211 3768 5281 corrigam
3796 5219 3841 5269 et

2169 5306 2471 5358 renovem,
2504 5297 2682 5364 atque
2711 5292 2947 5364 populis
2975 5292 3090 5348 late
3149 5293 3402 5350 verbum
3461 5299 3568 5353 Dei
3632 5302 3837 5372 praedi-

2170 5395 2320 5443 cem,
2354 5395 2462 5433 nec
2487 5395 2611 5434 non
2641 5380 2981 5436 infirmitate
3017 5387 3226 5436 sanata
3251 5382 3500 5439 duobus
3528 5386 3832 5450 fratribus.

2171 5467 2385 5522 Razoni
2417 5467 2632 5524 scilicet
2659 5474 2715 5524 et
2751 5469 3038 5537 Remigio,
3067 5470 3264 5525 visum
3293 5473 3650 5545 restituam,
3709 5495 3834 5536 ocu-

423 5572 556 5614 θοι-θ
584 5557 764 5616 debet
782 5576 900 5616 vox
925 5577 1062 5634 qua
1091 5565 1168 5621 ad
1197 5568 1523 5626 Antonium
1551 5583 1662 5641 pro
1677 5568 1932 5626 extensis
1963 5587 2069 5644 per
2167 5554 2346 5626 loque
2375 5559 2475 5610 tLo
2503 5556 2628 5624 jam
2661 5573 2766 5627 per
2795 5557 2994 5629 plures
3019 5573 3212 5613 annos
3243 5559 3566 5618 doloribus
3601 5567 3828 5624 turbato

492 5717 642 5790 (258)
678 5719 750 5777 ΙΙ
767 5719 905 5775 Cor.
935 5735 1056 5777 xm.
