3910 6380
74 303 197 355 1077

830 290 915 341 DE
960 286 1326 341 MIRACULIS
1369 284 1421 335 S.
1472 274 1881 331 ENIMIIRAMMI
1924 275 2100 327 LIBRI
2148 274 2308 327 DUO.
2356 302 2420 309 ——
2464 268 2593 323 LIB.
2637 267 2703 319 Il.

3344 258 3480 310 1078

63 422 380 477 claritatem
407 414 650 469 lummis
682 413 948 466 reddam.
984 420 1122 475 Qum
1158 409 1335 462 verba
1368 422 1505 458 cum
1534 417 1709 455 senex
1745 398 1794 451 Α
1831 400 2145 453 Dominicze
2178 396 2515 452 temtationis
2556 390 2925 446 mentionem
2964 386 3209 449 faeiens,
3260 382 3333 436 de
3364 380 3480 435 hoe

65 510 285 568 audiret
314 522 417 577 pCl‘
446 522 511 557 05
544 502 886 556 Tammouis
922 502 1170 571 prolata,
1214 495 1463 549 ocull‘t'il
1490 494 1716 561 jactan-

65 602 148 654 tire
182 598 308 666 ejus
340 594 543 647 dicens
579 610 589 645 :
626 592 805 644 Crede
872 591 1035 647 milii,
1099 585 1457 639 titillillitl‘lils
1516 580 1715 633 mallet

62 685 355 742 ambobus
387 681 573 736 Oculis
616 697 836 737 carere,
896 698 1077 749 quam
1140 694 1240 747 per
1288 674 1439 727 illius
1474 686 1712 722 (ironees-

61 778 284 829 sioncm
338 771 534 825 videre
588 770 685 840 qui
742 768 840 821 tibi
906 769 1027 820 bam
1086 765 1366 818 fatim-iter
1424 758 1715 831 promisit.

63 864 203 919 Nihil
236 862 428 915 verius
461 876 645 931 quam
682 864 731 912 te
762 858 1057 911 dialmliea
1090 862 1208 909 arte
1244 854 1715 905 ρης-ιιηυγ-11111111

58 960 110 1007 et
140 950 507 1006 omnimodis
541 965 665 1002 esse
700 947 971 999 delusum
1032 946 1129 996 tLui
1166 940 1463 995 sententiw
1494 936 1593 1009 qui
1618 935 1716 988 ad-

60 1046 294 1097 venerat
346 1039 660 1110 presbyter
720 1036 1015 1088 subuertit
1076 1032 1315 1097 t‘rixola,
1374 1030 1576 1081 dicens
1613 1044 1621 1078 :
1664 1026 1714 1077 Si

59 1137 188 1187 ante
226 1132 382 1184 hanc
416 1128 755 1199 proximam
818 1126 993 1192 hujus
1046 1123 1156 1174 diei
1218 1120 1443 1173 lt'tlittlu
1506 1117 1713 1169 horam

57 1237 170 1274 non
200 1219 391 1272 fecero
414 1216 579 1287 quod
614 1215 752 1279 dixi,
787 1214 962 1266 nolite
998 1212 1235 1263 (λινᾶς-[υ
1292 1208 1449 1260 mihi.
1514 1209 1573 1258 lit
1632 1204 1717 1257 vir

58 1309 151 1363 Dei
183 1309 260 1363 ait
293 1325 303 1360 :
338 1306 583 1365 Veritas,
620 1305 673 1357 in
709 1320 892 1373 quam
944 1302 1263 1361 credimus,
1326 1296 1498 1349 hodie
1552 1298 1713 1364 pate—

58 1401 279 1452 l'actura
312 1400 403 1450 est
438 1396 539 1449 tibi
573 1401 625 1449 et
660 1394 831 1447 nobis
865 1394 1145 1445 omnibus
1186 1388 1324 1457 quia
1362 1392 1526 1457 pater
1554 1400 1715 1437 inen-

54 1486 204 1541 dacii
238 1492 402 1540 tuam
438 1484 669 1555 decepit
702 1483 1128 1545 arrogantiam.
1190 1478 1337 1529 litin
1386 1474 1711 1545 pt'esliyter,

52 1594 107 1630 se
137 1576 483 1629 subduceris
512 1574 817 1627 obtutibus
853 1572 1007 1623 senis
1040 1576 1089 1623 et
1134 1568 1452 1638 persistens
1486 1564 1541 1617 in
1582 1580 1713 1634 per—

55 1664 263 1719 tinacia
293 1664 575 1728 obligatie
610 1663 843 1725 mentis,
882 1662 932 1713 iu
970 1659 1276 1713 ecclesiam]
1313 1655 1478 1707 duxit
1510 1668 1712 1705 secum

52 1754 285 1808 fratrem
321 1770 573 1817 caseum,
605 1751 776 1822 quasi
809 1758 1081 1804 Ol‘ttttll‘lls
1116 1766 1219 1817 pro
1272 1762 1359 1801 eo,
1416 1750 1477 1797 ut
1521 1743 1712 1795 visum
1752 1759 1786 1809 Β

50 1844 329 1913 reciperet
360 1861 395 1897 a
434 1842 703 1895 llomino.
744 1840 851 1893 Sed
888 1857 1025 1891 cum
1058 1839 1155 1889 diu
1192 1840 1341 1889 esset
1373 1838 1628 1899 oratum,
1662 1835 1717 1884 et

50 1933 245 1986 lumen
280 1932 446 1997 quod
478 1931 788 2001 [iietebatur
821 1946 939 1983 non
976 1930 1112 1980 foret
1150 1928 1377 1985 datum,
1430 1922 1717 1994 protraxit

52 2022 259 2077 frustra
290 2027 577 2076 tentatam
606 2021 879 2074 vanitatis
914 2018 1223 2077 gloriolam
1258 2034 1405 2086 pene
1438 2030 1623 2083 usque
1654 2014 1714 2065 in

56 2116 279 2165 sextam
312 2111 549 2165 horam.
586 2114 743 2163 'l‘une
782 2109 1041 2177 undique
1097 2108 1334 2159 horrore
1390 2110 1443 2155 et
1501 2108 1713 2155 terrore

50 2200 483 2265 circumdatus,
519 2203 573 2251 et
604 2214 725 2252 non
760 2199 881 2251 sinc
916 2196 1125 2258 grandi
1178 2194 1525 2247 confusione
1573 2207 1713 2245 con—

52 2288 340 2351 turbatus,
377 2287 967 2343 festinusdoininum
1018 2284 1407 2337 tittlltllill‘lllln
1464 2282 1603 2347 adit,
1662 2285 1717 2333 et

49 2378 99 2429 in
130 2378 339 2431 faciem
376 2377 696 2448 prouidens
736 2393 871 2427 cum
909 2374 1183 2441 lat-rvinis
1219 2372 1289 2425 ad
1335 2389 1471 2424 t‘lllll
1524 2370 1667 2422 dixit
1700 2387 1710 2422 :

50 2466 157 2519 Nisi
188 2484 283 2520 me
316 2483 530 2537 preces
561 2473 692 2532 tum,
730 2482 763 2517 o
792 2464 1129 2516 venerande
1168 2466 1349 2525 l'ater,
1400 2458 1713 2521 magniﬁce

48 2556 401 2623 adjuveriut,
439 2560 493 2609 et
522 2555 819 2607 orationes
852 2554 1103 2607 aliorum
1144 2551 1237 2603 ltei
1291 2566 1593 2602 servorum
1644 2549 1713 2602 :le

49 2650 221 2707 puteo
255 2646 532 2699 interitus
567 2662 659 2697 me
688 2644 965 2699 eruerint.
988 2647 1145 2694 certo
1180 2648 1390 2693 «‘(‘l‘llllS
1426 2642 1546 2692 seio
1575 2639 1715 2708 quia

48 2736 299 2803 peccatis
327 2736 481 2790 meis
516 2734 868 2789 facientibus
898 2732 1100 2785 tiliristi
1138 2749 1342 2783 servus
1393 2730 1537 2782 desii
1562 2746 1711 2793 esse,

48 2824 205 2893 quod
238 2824 331 2879 ille
362 2842 461 2878 me
514 2822 626 2876 sibi
685 2824 743 2876 in
800 2839 1034 2874 servum
1086 2820 1391 2889 proprium
1440 2818 1713 2888 posthinc

50 2913 373 2969 vindicabit
403 2918 461 2967 et
493 2911 838 2984 possidebit,
875 2928 1053 2979 quem
1088 2912 1259 2963 totius
1303 2908 1573 2977 lleqllilitt}
1612 2906 1715 2959 mi-

58 3002 323 3062 nistrum,
360 3004 503 3063 heu,
538 3002 655 3055 heu
687 3018 780 3054 mc
814 3000 1093 3053 misi-rum
1122 3001 1129 3051 Ξ
1184 2998 1429 3051 adoravi
1466 3014 1570 3067 pro
1606 2999 1713 3049 llo-

1826 487 2082 555 pessimo
2117 492 2401 541 tentatore
2434 485 2491 537 in
2526 484 2685 537 hunc
2716 478 2969 535 modum
2998 473 3197 530 scribit
3231 491 3243 527 :
3292 495 3319 520 ››

1827 578 1973 630 Cum
2018 579 2257 629 Domino
2292 582 2571 629 nmnluna
2600 572 3137 640 petit,cunctasque
3153 579 3265 640 per
3281 561 3483 640 orbem

1827 650 2163 715 Ite/[mirum
2196 647 2544 700 "mus/ruet!
2584 635 2716 711 opes
2747 658 2766 695 .'
2796 641 2939 694 Haec
2970 637 3191 715 omnia,
3223 635 3445 697 dicens,

1826 709 2235 773 ille/rilnumlc
2255 722 2431 787 [ci-cs,
2462 719 2512 770 si
2538 709 2626 770 me
2656 717 2995 782 prostratus
3023 709 3251 787 adores.

1830 796 2126 855 Quantum
2158 780 2491 859 pervorsus,
2526 780 2757 841 tantum
2786 795 3067 853 perversa
3103 780 3353 834 locutus.

2112 929 2116 932 .
2458 877 2728 932 Collectil
2739 876 2847 929 ius.

1897 994 1923 1018 ‹‹
1969 975 2207 1042 Oportet
2240 974 2301 1024 ut
2332 968 2567 1023 interim
2599 966 2797 1033 sileas,
2848 964 2889 1017 Ο
2930 957 3285 1021 Ammonici,
3334 954 3485 1010 dum

1828 1060 1902 1113 ad
1930 1076 2111 1129 quem
2137 1060 2317 1112 linem
2351 1062 2468 1112 tam
2501 1054 2697 1120 gravis
2732 1051 2973 1108 tentatio
3010 1046 3345 1121 perveniret
3384 1060 3483 1099 ve-

1826 1150 2007 1204 ridica
2036 1149 2371 1203 narratione
2396 1146 2628 1211 audias,
2662 1156 3022 1213 mecumque
3051 1143 3189 1194 tunc
3214 1139 3332 1191 Deo
3361 1134 3486 1191 lau-

1827 1240 1930 1293 des
1962 1240 2201 1293 referas.
2242 1244 2383 1293 Nam
2414 1238 2490 1291 ab
2522 1235 2620 1289 illo
2650 1233 2746 1288 die
2795 1230 3108 1304 presbyter
3162 1224 3484 1300 praenomi-

1826 1334 2022 1395 natus,
2052 1328 2449 1399 periculorum
2480 1323 2743 1395 pondere
2776 1323 3075 1391 gravatus,
3128 1316 3234 1371 etsi
3265 1331 3326 1370 se
3356 1330 3485 1386 pos-

1828 1418 2082 1471 nitentias
2112 1418 2280 1472 daret
2306 1414 2651 1470 arctissimze
2682 1410 3022 1466 nullatenus
3053 1421 3281 1462 novum
3302 1407 3360 1459 et
3382 1419 3486 1459 an-

1826 1508 2059 1577 tiquum
2104 1508 2336 1560 hostem
2388 1507 2649 1558 avertere
2698 1499 2891 1573 potuit
2933 1496 3080 1569 quin
3120 1494 3171 1550 ei
3202 1492 3485 1549 omnibus

1828 1597 1985 1649 horis
2036 1595 2215 1649 nimie
2272 1594 2521 1647 infestus
2578 1589 2767 1645 fuerit.
2828 1586 2995 1641 Unde
3038 1584 3263 1640 factum
3295 1584 3383 1636 est
3420 1585 3486 1636 ut

1825 1686 2107 1739 dominus
2143 1684 2502 1739 (iuntliarius
2524 1680 2665 1735 boni
2697 1676 2923 1733 consilii
2954 1676 3170 1741 virum,
3201 1671 3483 1728 abbatem

1827 1775 2043 1829 scilicet
2072 1772 2501 1837 Altaliensium,
2534 1769 2777 1824 nomine
2818 1761 3247 1831 Ratmundum,
3296 1759 3485 1816 advo-

1825 1868 2001 1931 caret,
2036 1864 2280 1935 ipseque
2312 1878 2515 1915 secum
2548 1860 2862 1930 assumpto
2908 1852 3237 1910 Pataviensi
3294 1849 3487 1924 ponti-

1830 1955 1954 2015 tice,
1993 1970 2169 2023 super
2196 1948 2614 2020 hujuscemodi
2643 1964 2704 2002 re
2731 1944 3123 2018 quaestionem
3170 1938 3486 1997 habiturus

1826 2042 2147 2097 adveniret.
2181 2044 2447 2112 (“nmque
2474 2039 2816 2110 episcopus,
2845 2050 2983 2090 cum
3026 2031 3244 2089 abbate
3292 2035 3347 2086 et
3376 2030 3485 2086 do-

1828 2132 1989 2185 mino
2049 2130 2371 2185 Guntliario
2422 2128 2763 2182 clanculum
2830 2139 3170 2179 sermonem
3236 2119 3484 2189 faciens,

1824 2223 2062 2292 lapsum
2094 2219 2416 2273 sacerdotis
2448 2217 2712 2271 audisset
2742 2219 2797 2269 et
2827 2231 2966 2269 eum
3016 2208 3317 2267 diabolica
3358 2208 3488 2263 illu-

1826 2312 1987 2365 sione
2020 2311 2337 2381 deceptum
2367 2304 2907 2372 animadvertisset,
2940 2302 3097 2357 unde
3127 2301 3243 2356 hoc
3261 2297 3488 2370 grande

1828 2402 2052 2455 malum
2083 2399 2357 2454 acciderit
2390 2398 2713 2469 prudenter
2744 2398 3024 2459 tractans,
3076 2390 3224 2446 dixit
3269 2406 3281 2443 :
3342 2390 3489 2443 Ecce

1826 2492 2045 2545 factum
2080 2493 2164 2543 est
2196 2489 2253 2542 in
2285 2487 2393 2541 isto
2431 2486 2601 2540 fratre
2632 2484 2794 2556 quod
2828 2482 3209 2556 praemissum
3234 2477 3488 2548 legimus

1825 2581 1879 2633 in
1916 2578 2261 2643 evangelica
2291 2578 2550 2631 veritate.
2590 2574 2679 2630 Sic
2710 2574 2871 2628 enim
2920 2571 3060 2626 dicit
3108 2567 3396 2623 Dominus
3424 2566 3485 2621 in

1826 2668 2143 2737 Evangelio
2183 2684 2292 2720 suo
2325 2683 2335 2719 :
2372 2664 2480 2730 Qui
2511 2681 2569 2718 sc
2598 2662 2817 2717 exaltat
2842 2658 3274 2724 humiliabitur,
3298 2659 3354 2712 et
3379 2654 3487 2728 qui

1824 2776 1881 2813 se
1912 2756 2180 2812 humiliat
2211 2754 2566 2811 exaltabitur
2596 2753 2762 2823 (252).
2804 2748 3055 2805 Proinde
3100 2762 3341 2803 necesse
3396 2748 3484 2800 est

1824 2848 2129 2920 prmisum
2160 2846 2225 2899 iri
2259 2843 2618 2899 utcxaltatio
2649 2840 2945 2914 pestifera,
2996 2855 3133 2911 qua:
3189 2852 3297 2909 per
3345 2850 3482 2890 sua-

1826 2939 2051 2992 sionem
2085 2934 2446 2989 diabolicam
2476 2932 2785 2987 hominem
2816 2926 3228 2984 miserabiliter
3248 2923 3479 2995 dejecit,

1825 3028 2030 3083 tlhristi
2064 3025 2393 3080 humilitate
2428 3021 2767 3078 medicinali
2793 3017 3138 3075 mirabiliter
3188 3012 3482 3081 sananda,

46 3091 204 3145 mino
235 3092 652 3147 dominorum.
694 3091 774 3143 Ad
838 3080 958 3143 1.5m
1018 3090 1300 3141 ltominus
1354 3085 1714 3139 Guutliarius

1846 3135 1883 3172 n
1915 3118 2099 3171 robur
2132 3114 2267 3168 fidei
2298 3113 2578 3173 erigatur,
2615 3128 2683 3167 ac
2717 3109 2883 3165 sicin
2906 3108 3069 3164 viam
3096 3105 3265 3162 saluti

1824 3123 1883 3173 in
1915 3118 2099 3171 robur
2132 3114 2267 3168 fidei
2298 3113 2578 3181 erigatur,
2615 3128 2683 3167 ac
2717 3109 2883 3165 sicin
2906 3108 3069 3164 viam
3096 3105 3303 3162 salutis
3326 3108 3487 3160 aeter-

49 3182 417 3251 spiritalibus
470 3181 653 3234 armis
700 3180 1000 3233 attcilietus
1057 3178 1363 3247 respondit
1433 3194 1444 3229 :
1512 3179 1713 3227 Petrus

46 3270 318 3341 princeps
353 3269 883 3341 apostolorum,ad
910 3286 1091 3337 quem
1122 3267 1247 3336 ipsa
1286 3266 1501 3318 Veritas
1530 3264 1709 3317 dixit:

46 3362 122 3411 Tu
150 3378 209 3412 es
239 3363 467 3419 Petrus,
506 3364 560 3413 et
592 3376 770 3429 super
806 3360 955 3410 hanc
994 3364 1219 3425 petram
1253 3356 1559 3407 zedilicaho
1616 3358 1712 3406 lie-

47 3447 282 3502 elesiam
318 3465 524 3503 meam
559 3450 723 3513 (eun,
768 3453 851 3501 ter
900 3447 1129 3505 negavit
1194 3445 1507 3507 tito-istum,
1567 3442 1715 3513 Opti-

50 3552 207 3590 mum
242 3538 615 3605 Magistrum,
652 3536 750 3588 sed
788 3543 1105 3605 postquam
1164 3532 1445 3585 Dominus
1486 3531 1543 3584 in
1576 3546 1711 3584 eum

50 3628 319 3697 respexit,
355 3633 414 3683 et
443 3644 648 3681 amare
678 3626 833 3679 flevit
866 3630 1032 3691 duo),
1080 3624 1495 3677 remissionem
1547 3638 1713 3675 acce-

48 3716 124 3783 pit
156 3734 259 3787 per
291 3734 439 3772 eum
474 3717 575 3787 qui
610 3715 771 3769 solus
800 3716 1061 3784 eompati
1092 3712 1712 3766 novitintirinitatilms

42 3807 277 3875 nostris,
315 3809 375 3862 in
413 3805 901 3861 miserationilgius
944 3804 1063 3857 suis
1101 3804 1331 3863 [magnis
1381 3807 1435 3855 et
1496 3802 1711 3855 multis.

44 3897 289 3951 Proinde
322 3914 476 3952 casu
508 3902 607 3950 tuo
642 3912 759 3949 non
793 3894 977 3947 debes
1014 3895 1301 3951 gaudium
1334 3892 1577 3962 plenum
1630 3890 1714 3944 fa-

42 4001 166 4039 cere
202 3986 459 4041 diabolo
496 3987 551 4039 in
585 3987 697 4039 hoc
724 3991 783 4038 ut
817 3984 996 4038 cadas
1046 3985 1101 4036 in
1146 3982 1558 4045 dith’dentiam,
1612 3980 1715 4034 sed

40 4076 229 4141 magis
262 4092 478 4147 quaere
512 4074 811 4129 humiliter
841 4072 1266 4141 omnipotentis
1320 4071 1411 4123 ltei
1461 4070 1716 4123 clemen-

44 4162 201 4232 tiam,
260 4182 459 4235 quam
518 4163 681 4217 nulla
738 4161 1077 4215 mortalium
1148 4164 1429 4229 superant
1484 4158 1714 4211 delicta.

41 4258 311 4324 tLuquue
344 4254 663 4324 presbyter
698 4256 831 4323 post
864 4250 1337 4303 admimilionem
1372 4249 1547 4311 senis,
1581 4248 1718 4302 novi

42 4340 245 4412 lapsus
299 4343 791 4397 mieroreadhue
827 4344 1258 4399 consternatus,
1321 4338 1588 4408 proxime
1644 4338 1717 4391 ad

42 4432 250 4485 horam
287 4432 489 4487 divini
524 4430 741 4484 servitii
770 4430 1028 4487 veniens,
1062 4428 1317 4480 collwta'
1362 4428 1603 4481 fratrum
1660 4443 1720 4479 se

40 4518 182 4574 inibi
213 4521 561 4575 constitutae
595 4520 923 4573 admiscere
958 4524 1219 4571 tentaret.
1252 4521 1425 4587 atque
1456 4516 1717 4586 psalmo-

39 4609 148 4663 diie
210 4610 659 4681 aliquantisper
716 4625 851 4661 eum
914 4608 996 4661 eis
1058 4607 1377 4674 inserviret,
1438 4606 1719 4675 antiquus

44 4698 230 4752 hostis
268 4700 462 4770 erepit
492 4699 542 4751 ei
567 4698 775 4751 acriter
806 4698 1049 4759 instare,
1102 4714 1203 4748 nec
1261 4712 1377 4748 non
1410 4694 1719 4748 manifeste

44 4786 115 4841 illi
148 4788 454 4843 molestus
486 4804 633 4844 esse.
668 4786 873 4839 dicens
912 4804 921 4837 :
958 4798 1094 4848 Qum
1128 4784 1271 4845 legis
1305 4788 1358 4837 et
1388 4788 1612 4848 cantas,
1645 4783 1718 4837 de

42 4892 134 4929 me
195 4878 435 4948 scripta
488 4892 615 4931 mea
650 4878 792 4943 {2:51)
854 4881 1007 4933 sunt,
1065 4882 1123 4928 tu
1175 4873 1313 4925 \‘elis
1364 4872 1535 4939 nolis,
1590 4875 1721 4941 post

42 4966 176 5020 hinc
210 4967 613 5039 permanebis
643 4982 829 5023 meus,
865 4965 1007 5035 quia
1043 4970 1192 5017 totus
1227 4980 1287 5016 es
1328 4963 1383 5015 in
1436 4962 1719 5015 ditionem

42 5055 241 5110 libitus
270 5057 395 5111 mei
428 5056 723 5111 redactus.
758 5054 880 5107 Noli
912 5054 1027 5106 falli
1064 5070 1253 5122 neque
1286 5069 1391 5123 per
1419 5050 1721 5104 tiuutharii

42 5162 266 5202 vanam
299 5153 361 5201 et
394 5147 611 5200 falsam
646 5144 1091 5207 suggestionem
1146 5144 1335 5213 decipi
1364 5161 1375 5203 ;
1432 5158 1609 5194 nemo
1670 5146 1719 5193 te

40 5238 230 5307 rapiet
261 5238 342 5291 de
380 5253 570 5291 manu
600 5251 757 5289 mea.
801 5257 827 5282 ,ιι

682 5340 1107 5394 Ληυηίξρηὶρέυδ.

116 5455 195 5504 ΕΠ
228 5453 465 5505 iterum
492 5450 551 5503 in
583 5448 943 5503 mimici-iam
970 5447 1135 5501 redit.
1174 5448 1294 5499 imo
1346 5462 1501 5499 nunc
1555 5462 1616 5498 se
1647 5449 1720 5497 te-

38 5540 251 5595 nacius
286 5540 505 5596 animo
542 5538 752 5603 ingerit
786 5536 949 5606 quod
1005 5536 1276 5601 egregius
1338 5534 1718 5597 versiﬁcator,

108 5702 263 5842 (249g
308 5698 537 5754 Alatth.
570 5714 734 5751 xvm.

109 5778 242 5839 (250
305 5774 641 5839 Lucum.

109 5774 263 5839 (250)
305 5774 641 5839 λιπαρίῃ.

1824 3226 1913 3263 nze
1942 3208 2252 3277 diripatur.
2282 3208 2427 3259 Tum
2457 3204 2795 3275 episcopus,
2824 3217 2895 3255 ex
2922 3196 3270 3255 auctoritate
3294 3209 3487 3251 sacro-

1823 3315 1958 3352 rum
2008 3312 2331 3359 canonum,
2384 3294 2563 3363 jussit
2614 3292 2852 3363 lapsum
2901 3286 3145 3344 fratrem
3181 3286 3258 3341 ab
3288 3283 3485 3340 ofﬁcio

1823 3385 2175 3443 sacerdotali
2207 3400 2438 3439 cessare
2476 3399 2661 3453 usque
2691 3380 2767 3435 ad
2801 3377 3268 3434 satisfactionem
3301 3373 3485 3430 utilis-

1820 3494 1937 3547 que
1972 3475 2223 3529 consulti
2254 3473 2634 3528 taxationem.
2672 3468 2823 3534 Quid
2850 3464 3071 3539 plura?
3102 3467 3309 3520 Postea
3336 3479 3487 3536 quo-

1822 3582 1939 3637 que
1993 3564 2291 3619 diabolica
2346 3560 2723 3616 infestatione
2774 3555 3143 3611 monachum
3200 3549 3483 3608 eumdem

1823 3655 2075 3709 nimium
2107 3651 2529 3715 confundente,
2564 3652 2741 3719 atque
2772 3643 3067 3699 diuturnis
3096 3637 3481 3697 nocturnisve

1824 3744 2175 3799 tumultibus
2208 3758 2312 3796 seu
2340 3736 2874 3795 acclamationibus
2914 3732 3094 3789 etiam
3133 3732 3194 3787 in
3242 3727 3480 3785 servitio

1824 3834 1923 3889 Dei
1955 3834 2304 3903 deterrentc,
2332 3830 2585 3885 missum
2616 3830 2702 3882 est
2731 3825 3202 3896 circumquaque
3254 3819 3334 3876 ad
3380 3819 3484 3874 Pa-

1826 3931 1940 3980 tres
1970 3928 2024 3977 et
2056 3923 2281 3988 fratres,
2316 3926 2379 3975 ut
2409 3915 2716 3974 communi
2754 3914 3043 3983 oratione,
3090 3908 3378 3982 singulari
3429 3910 3486 3964 et

1826 4014 2168 4070 medelifera
2228 4010 2602 4068 clandestina
2654 4003 2927 4063 sacriﬁcii
2984 4001 3258 4059 salutaris
3316 3998 3483 4056 obla-

1828 4107 2005 4173 tione,
2041 4122 2075 4158 a
2102 4100 2660 4157 misericordissimo
2692 4096 2944 4153 Domino
2962 4094 3200 4151 veniam
3219 4092 3489 4165 peterent

1829 4196 1993 4250 casui
2030 4194 2221 4248 fratris
2245 4191 2484 4247 inﬁrmi.
2522 4195 2787 4259 Ilumque
2818 4203 2853 4241 a
2878 4181 3183 4240 nonnullis
3226 4180 3485 4251 benigne

1830 4286 2038 4340 fuisset
2091 4289 2347 4347 oratum,
2381 4285 2437 4335 et
2481 4279 2741 4334 maxime
2791 4293 2827 4332 a
2876 4273 3131 4330 Domino
3159 4268 3484 4328 Gunthario

1829 4380 1963 4430 ante
1998 4376 2384 4444 conspectum
2443 4369 2659 4423 divina:
2712 4364 3041 4436 majestatis
3086 4378 3194 4435 pro
3232 4376 3302 4415 eo
3332 4362 3487 4413 esset

1757 4480 1797 4530 ι)
1828 4466 2185 4527 laboratum,
2248 4464 2449 4532 utpote
2505 4458 2609 4529 qui
2662 4454 2945 4510 omnibus
2998 4450 3159 4508 horis
3209 4447 3483 4505 titubanti

1830 4560 2006 4627 atque
2056 4550 2289 4606 nutanti
2342 4564 2593 4603 manum
2651 4542 3076 4600 consolationis
3118 4540 3482 4613 porrexerat,

1830 4626 1937 4697 nec
1969 4657 2090 4695 non
2121 4639 2451 4708 benignum
2480 4640 2683 4691 Jesum
2712 4631 3035 4688 certissime
3075 4628 3189 4684 sibi
3214 4626 3485 4683 misertu-

1828 4750 1961 4786 rum
1992 4730 2366 4802 promiserat,
2389 4725 2631 4783 tandem
2659 4726 2799 4797 post
2824 4720 3123 4776 mensium
3152 4734 3258 4773 sex
3278 4716 3483 4773 evolu-

1828 4823 2072 4887 tionem,
2106 4820 2209 4891 qui
2240 4835 2275 4873 a
2304 4818 2569 4889 pessimo
2593 4812 2973 4887 proﬂigatore
2992 4804 3484 4882 impugnabatur,

1830 4914 2101 4967 levamen
2135 4910 2391 4964 sentiens
2422 4906 2752 4962 remedium
2784 4901 3027 4973 accepit.
3079 4898 3259 4969 Cujus
3310 4894 3486 4952 valde

1829 5000 2164 5057 necessario
2196 4999 2478 5064 fomento,
2511 5011 2619 5068 per
2647 4992 2915 5049 divinam
2943 4987 3319 5045 clementiam
3343 4984 3487 5040 inte-

1830 5092 1951 5146 rius
1983 5094 2037 5144 et
2064 5088 2320 5143 exterius
2351 5088 2511 5141 idem
2541 5084 2716 5139 frater
2754 5079 3111 5137 refoeillatus
3142 5092 3211 5132 ac
3240 5090 3489 5131 renova-

1831 5184 1945 5247 tus,
1974 5179 2103 5246 jam
2129 5180 2412 5231 octavum
2452 5173 2571 5241 agit
2602 5185 2830 5226 annum
2861 5166 2972 5221 sub
3027 5161 3487 5220 exercitamento

1832 5246 2083 5322 summae
2113 5256 2849 5329 luunilitatis,obedieutiae
2881 5260 3061 5327 atque
3092 5246 3487 5310 abstinentiae.

1833 5356 1915 5409 llli
1946 5372 1981 5409 a
2011 5371 2132 5425 quo
2162 5370 2268 5425 per
2299 5349 2643 5423 superbiam
2668 5346 2999 5401 desciverat
3024 5347 3079 5399 et
3122 5340 3488 5406 deviaverat,

1829 5443 2221 5515 appropriare
2253 5442 2515 5505 studens,
2544 5438 2647 5509 qui
2686 5439 2743 5491 et
2783 5451 2889 5507 per
2911 5435 3272 5507 prophetam
3300 5428 3442 5485 dicit
3474 5447 3487 5484 :

1832 5532 2367 5605 Approquinquate
2398 5527 2564 5594 mihi,
2592 5529 2649 5580 et
2676 5540 2788 5595 ego
2835 5520 3344 5596 appropinquabo
3386 5532 3491 5573 vo-

1904 5694 2052 5763 (251)
2091 5691 2218 5746 Alia
2244 5690 2456 5763 littera.

1909 5761 2051 5833 (252)
2092 5762 2307 5819 Matth.
2333 5761 2491 5817 uti].
