3968 6396
389 299 527 351 ΜἿΘ
1451 301 1756 354 .\RNO|.DI
1800 298 2396 356 EMMFIRAMMENSIS
2437 299 2774 357 MONACHI.
3708 298 3847 350 l080

386 420 502 476 bis.
539 423 602 476 Et
629 421 676 476 si
707 426 953 494 peccata
977 426 1172 476 vestra
1223 423 1439 478 fuerint
1478 421 1657 477 rubra
1713 421 1880 477 siculi
1925 437 2051 476 ver-
2091 426 2136 478 Α
2165 423 2501 480 confortare
2530 426 2679 495 (257)
2719 424 2776 479 in
2809 422 2966 480 illius
3023 421 3268 478 nomine
3313 421 3416 493 qui
3467 419 3636 475 novit
3679 419 3846 475 solus

388 509 667 577 miculus,
703 509 882 566 veluti
920 509 1022 564 nix
1053 509 1502 565 dealbabuutur
1532 515 1700 582 i233).
1748 535 1774 559 η
2164 512 2544 583 fragilitatem
2574 515 2910 571 humanam
2941 528 3175 568 sanare.
3229 511 3399 578 Quod
3454 515 3656 566 autem
3697 527 3843 584 que-

2166 611 2291 658 stus
2322 620 2386 658 es
2417 604 2730 661 diabolum
2779 620 2840 658 se
2881 603 3141 674 jactasse
3182 601 3256 655 de
3304 600 3552 657 scientia
3593 605 3708 655 inm
3743 619 3843 656 vo-

2165 691 2410 748 luntatis
2439 698 2496 748 et
2525 691 2968 765 possibilitatis;
3032 690 3181 762 ipse,
3232 690 3397 762 quod
3449 689 3604 744 bene
3662 690 3844 746 nosti.

2169 785 2376 837 contra
2404 781 2561 837 hanc
2593 781 2815 836 luctam
2843 779 3060 834 sufﬁcit
3088 778 3190 834 tibi
3217 797 3230 836 :
3266 779 3377 833 hoc
3408 782 3496 832 est
3515 777 3678 850 quod
3711 777 3846 834 dia-

2169 869 2496 941 bolus(sic)
2527 869 2990 926 internecionem
3024 868 3305 924 detrudit.
3363 867 3458 922 llis
3510 867 3682 922 dictis
3742 884 3848 922 cx-

2173 959 2395 1032 templo
2417 959 2608 1016 adfuit
2639 962 2820 1016 Satan
2851 959 2908 1013 in
2939 958 3256 1031 praesentia
3289 957 3450 1012 senis
3481 957 3849 1030 perturbans

2173 1052 2467 1105 tentatum
2495 1049 2758 1115 fratrem,
2791 1053 2848 1103 et
2886 1049 3132 1104 dicens:
3165 1047 3526 1102 Guntharius
3574 1063 3696 1102 non
3749 1065 3849 1102 so-

2171 1136 2300 1194 lum
2355 1154 2515 1194 nunc
2569 1137 2952 1194 mendacium
3007 1137 3246 1193 locutus
3296 1141 3401 1201 est,
3460 1136 3564 1193 sed
3625 1137 3848 1210 saepius

2174 1228 2458 1284 mentitur
2486 1233 2543 1283 et
2572 1234 2624 1284 te
2651 1227 2850 1283 fallere
2876 1227 3098 1297 nititur,
3133 1227 3378 1299 insuper
3423 1231 3479 1281 et
3526 1226 3742 1296 gracile
3787 1231 3849 1280 et

2175 1315 2390 1372 subtile
2419 1316 2720 1389 pellicium
2751 1331 3002 1388 operose
3032 1314 3244 1388 quaerit
3288 1332 3357 1370 ac
3407 1313 3612 1384 diligit.
3666 1318 3852 1370 Cum-

2175 1420 2294 1478 que
2325 1405 2606 1462 conviciis
2659 1409 2965 1478 appeteret
3023 1411 3202 1476 atque
3255 1403 3567 1460 lacesseret
3612 1419 3858 1470 senem,

2179 1510 2360 1550 senex
2390 1494 2606 1551 timens
2638 1511 2712 1550 ne
2742 1495 2888 1550 forte
2916 1493 3269 1566 protervitas
3317 1492 3546 1549 diaboli
3574 1492 3860 1548 animum

1033 1543 1427 1600 Collectitius.

2246 1543 2360 1550 _--_
2392 1543 2604 1551 --_-__
2638 1543 2710 1550 ,η
2742 1543 2887 1550 η---
2918 1543 3106 1566 νη---
3323 1543 3546 1549 ---πω

2246 1582 2375 1638 atris
2431 1582 2685 1639 mitteret
2713 1583 2774 1638 in
2820 1581 3301 1654 desperationem
3359 1581 3643 1638 salutiferi
3681 1579 3859 1643 boni,

473 1673 498 1696 “
521 1649 1070 1745 ,θυίίξδξπωίξηθω
1098 1649 1450 1745 Ῑιξιωίίίίδίίδ
1504 1668 1651 1745 Ψθξθ
1706 1649 2071 1745 ίιιιςνιζιψίείί
2179 1671 2451 1745 prorupit
2479 1677 2537 1728 et
2561 1672 2710 1728 dixit
2741 1691 2754 1728 :
2789 1673 2832 1728 0
2854 1649 3094 1727 ini-mire
3130 1671 3227 1726 Dei
3258 1676 3314 1726 et
3343 1669 3659 1726 hominum
3695 1670 3709 1724 !
3754 1685 3861 1723 su-

395 1735 641 1792 laudcm
673 1737 770 1792 Dei
799 1736 1219 1834 exclamando,
1253 1745 1492 1834 gratum
1528 1740 1744 1796 habeo.
1789 1739 1900 1794 Sed
1932 1755 2068 1811 quae
2114 1782 2150 1834 Β
2179 1735 2387 1833 ῥθὼίέ
2414 1765 2517 1817 tua
2543 1767 2601 1818 et
2632 1761 3016 1818 mendacium
3074 1765 3244 1816 tuum
3293 1765 3491 1818 tecum
3541 1760 3601 1816 in
3630 1763 3862 1814 {eterna

398 1841 643 1882 narrare
673 1827 850 1898 coepi,
903 1827 980 1883 ad
1028 1827 1256 1884 calcem
1309 1829 1641 1902 producere
1696 1846 1788 1886 me
1845 1834 2068 1902 patere,

2246 1849 2512 1906 :rditione
2566 1856 2870 1906 maneant.
2908 1853 3024 1906 Nos
3063 1853 3266 1904 autem
3314 1848 3418 1920 qui
3473 1863 3596 1904 non
3657 1845 3864 1903 solum

399 1931 628 1989 (Ιιιωεοο
663 1915 967 2016 Ηίξοσθηίω
996 1917 1280 2016 ultimum
1314 1935 1494 2016 ξυρεῖν
1525 1919 1730 1975 omnia
1775 1917 1912 2016 {alia
1963 1917 2068 2016 mi:
2179 1915 2372 1995 ovinis
2402 1942 2460 1995 et
2488 1939 2750 2012 caprinis
2797 1937 3070 2016 pellibus
3109 1915 3354 2002 utimur,
3413 1951 3623 1992 verum
3675 1935 3868 1992 etiam

399 2020 558 2102 mm:
591 2004 756 2102 (ΙὶξοίῙ
781 2004 909 2077 ipse
935 2005 1185 2102 afu‘ibus
1220 2012 1366 2102 mel?
1405 2007 1483 2102 31;)
1527 2007 1834 2102 0_1'e_serll_5
1865 2005 2069 2102 δροθΡί
2181 2004 2642 2102 simplicitate-et
2671 2004 3024 2097 humilitate,
3055 2008 3192 2099 quae
3223 2025 3283 2081 in
3333 2023 3565 2080 eisdem
3618 2024 3866 2094 signiﬁ-

402 2098 585 2167 atque
617 2093 694 2149 ab
721 2111 792 2150 eo
821 2095 1091 2168 quadam
1123 2112 1306 2152 sacrze
1339 2097 1608 2152 lectionis
1640 2096 1916 2152 familiari
1947 2095 2068 2151 col-
2181 2093 2416 2186 (δεπάων,
2447 2117 2832 2190 pert-mimum
2879 2130 2984 2187 per
3006 2093 3169 2170 'eum
3223 2113 3328 2186 qui
3383 2112 3587 2168 dilexit
3623 2093 3771 2182 nus,
3813 2117 3870 2168 ιε

400 2183 704 2282 ξοοιξίίοηθ
733 2183 1088 2282 “lieno”
1123 2189 1270 2242 Nam
1298 2204 1436 2282 c'm}
1469 2186 1790 2282 Pf'wdictu?
1815 2185 2070 2282 l’l'eSbyj
2180 2183 2513 2277 pessimum
2547 2205 2757 2277 lupum
2788 2183 2958 2258 facile
3013 2183 3463 2273 superabimus,
3521 2199 3875 2272 Christique

402 2278 494 2328 ter
520 2273 580 2327 in
606 2273 884 2362 angustia
909 2273 1189 2330 maximae
1219 2275 1557 2331 teutationis
1586 2275 1946 2331 constitutus
1993 2273 2069 2328 ad
2181 2273 2399 2350 ﬁmum
2435 2273 2910 2350 tuam’vmuwm
2941 2290 3271 2348 calcamus_
3325 2289 3508 2347 Crede
3555 2289 3872 2362 peccaturi

405 2377 613 2455 senem
644 2359 862 2434 saepius
893 2366 1154 2455 curreret
1203 2368 1383 2434 atque
1426 2367 1772 2432 recurreret,
1799 2379 1909 2417 nec
1946 2378 2070 2417 non
2183 2382 2532 2449 Guuthurio’
2564 2381 2708 2455 quia
2733 2381 2933 2452 frater,
2960 2396 3142 2453 quem
3170 2359 3690 2454 ρειιιηίεείοηθόρί
3723 2378 3872 2444 vivi,

403 2449 724 2522 querelosa
753 2467 897 2506 voce
927 2450 1273 2507 clamitaret.
1297 2455 1424 2506 Non
1439 2466 1692 2524 possum
1725 2450 2071 2520 subsistere,

2246 2470 2288 2526 1i
2312 2471 2373 2526 in
2404 2471 2564 2526 hunc
2593 2471 2894 2526 mundum
2921 2469 3083 2524 venit
3101 2468 3278 2524 Filius
3297 2466 3559 2524 hominis
3590 2482 3874 2539 quaerere

403 2556 642 2612 nequeo
669 2541 1032 2613 perdurare;
1065 2557 1172 2597 ora
1202 2556 1312 2614 pro
1345 2557 1462 2608 me,
1522 2540 1703 2598 homo
1758 2540 1880 2608 Dei,
1927 2539 2076 2597 dixit

2273 2559 2504 2616 salvum
2533 2561 2722 2616 facere
2753 2557 2920 2632 quod
2954 2557 3210 2630 perierat
3239 2557 3408 2629 (258).
3461 2558 3598 2612 Post
3645 2555 3780 2611 haec
3816 2559 3876 2610 et

405 2646 593 2686 senex
625 2648 638 2685 ε
673 2629 912 2720 οοῐιίίίῖο
941 2630 998 2686 in
1025 2629 1288 2700 benigno
1315 2633 1452 2686 105“
1497 2630 1644 2704 quia
1688 2630 1968 2720 liberabit
1997 2634 2072 2687 ίθο
2188 2649 2541 2720 huiusmodi
2595 2629 2971 2714 certamina;
2997 2646 3232 2718 aliaque
3263 2645 3524 2718 plurima
3581 2644 3875 2716 nequitia:

405 2722 663 2776 Tantum
686 2724 748 2776 tu
774 2719 1006 2793 Patiens
1032 2724 1090 2777 et
1119 2723 1402 2776 constans
1433 2725 1579 2790 θεῖον
1617 2737 1813 2796 nequa
1839 2719 2078 2778 dubites
2190 2719 2316 2794 suae
2347 2739 2408 2793 iu
2440 2742 2730 2794 tentatum
2765 2738 2974 2792 fatrem
3023 2735 3439 2808 nequidquam
3491 2733 3726 2789 vibrata
3772 2733 3875 2803 ja-

408 2809 484 2866 de
515 2809 910 2883 omnipotenti
944 2809 1134 2880 gratia
1167 2808 1322 2864 illius
1355 2810 1518 2883 aPl‘d
1572 2828 1756 2884 quem
1810 2826 1934 2867 ηοη
1993 2813 2083 2866 θεῖ
2189 2827 2343 2891 cula,
2375 2827 2756 2884 miseratione
2788 2825 2990 2880 divina
3017 2823 3306 2880 diabolus
3339 2831 3431 2880 est
3473 2823 3554 2879 ita
3591 2822 3873 2892 fugatus,

406 2899 779 2973 i11113055”)ile
809 2916 990 2956 omne
1019 2899 1274 2956 Verbum
1303 2901 1466 2972 (2513)-
1531 2901 1706 2967 ΟυοίΙ
1735 2906 1793 2958 ιι]
1826 2900 2080 2957 sustines
2190 2921 2256 2973 ut
2280 2915 2643 2973 calamitosis
2673 2913 3038 2970 clamoribus
3077 2917 3134 2968 et
3181 2911 3509 2985 querelosis
3563 2911 3874 2966 lamenta-

410 2988 618 3054 ωοάον
653 2988 1005 3058 generaliter
1034 3003 1140 3059 P0P
1167 2987 1374 3044 omni“
1404 2993 1701 3046 ἴθιὟᾶιύω
1750 3005 1936 3060 regna
1973 2989 2082 3044 hu‘
2193 3005 2457 3062 tionibus
2482 3004 2801 3060 discedens
2834 3003 3146 3058 manifeste
3202 3002 3413 3058 nolens
3472 3001 3879 3056 innotesceret

412 3091 610 3168 mf“)?
642 3075 940 3168 fragilitat}
996 3077 1367 3168 Ῑιίῗνιόξηιιιφ
1423 3084 1476 3134 οῖ
1520 3077 2082 3168 Ρίινίίίῑυάυιηνίεθά
2121 3140 2160 3168 ρ
2195 3101 2493 3168 quantum
2523 3093 2713 3150 doluit
2736 3099 2792 3148 et
2823 3091 3022 3148 adhuc
3049 3091 3270 3147 dolebit
3300 3107 3383 3158 se,
3419 3089 3705 3146 victorem
3764 3089 3878 3144 ho-

415 3164 665 3222 miuime
691 3165 770 3255 ob
797 3164 966 3255 de
988 3165 1400 3223 misericordia
1435 3168 1688 3231 Domini,
1741 3185 1866 3241 qua
1903 3167 2084 3241 plena
2121 3140 2162 3194 ί)
2195 3140 2398 3255 Euius,
2431 3183 2510 3240 ab
2537 3183 2783 3239 homine
2809 3181 3054 3238 victum,
3108 3206 3134 3229 ,,

416 3259 510 3312 est
535 3258 709 3325 terra,
737 3253 1016 3311 fidelibus
1043 3256 1594 3329 estdeperaudum,
1643 3258 1934 3332 quoniam
1982 3257 2085 3330 qui
2386 3253 2392 3255 ’
2812 3271 3243 3327 Ammonicius.

417 3347 636 3434 Ροῑεηε
672 3346 780 3434 est
823 3341 898 3398 de
949 3343 1253 3434 lapidibus
1333 3345 1617 3402 suscitare
1899 3345 2084 3402 Abra-
2271 3386 2298 3411 (ι
2343 3364 2462 3419 Ι)θο
2490 3362 2732 3434 gratias,
2761 3361 2934 3434 cujus
2972 3359 3395 3416 ιηίεριιίοοιιάίξθ
3447 3373 3570 3414 non
3623 3362 3715 3412 est
3764 3371 3884 3412 nu-

1017 617 1444 672 Ammonicius.

464 746 490 770 ‹‹
535 726 578 779 Ο
607 727 834 795 quanta
861 727 916 778 et
939 739 1130 796 quam
1161 740 1384 794 magna
1413 725 1876 798 dispensationis
1907 725 2057 780 divi-

391 829 484 868 nae
542 827 816 882 censura,
869 828 1028 885 quea,
1089 813 1497 888 propensioris
1555 815 1802 870 cautelae
1847 815 2057 884 gratia,

391 901 634 957 fratrem
659 901 734 956 de
763 917 887 974 quo
918 901 1164 960 retulisti
1212 905 1526 977 przemissa
1573 904 1726 961 adeo
1774 905 1852 960 ab
1892 906 2061 960 hoste

391 989 770 1063 nequissimo
790 990 1059 1063 permisit
1088 991 1292 1062 afﬂigi,
1351 998 1416 1048 ut
1452 993 1689 1066 penitus
1735 993 1794 1049 in
1845 993 2062 1066 despe-

392 1079 687 1135 rationem
749 1079 1006 1146 caderet,
1057 1080 1170 1136 nisi
1226 1081 1384 1136 hunc
1439 1098 1618 1138 senex
1667 1082 1932 1147 humilis,
1981 1081 2063 1137 uti

398 1183 737 1240 speramus,
767 1168 1195 1240 omnipotentis
1229 1169 1325 1224 Dei
1352 1186 1579 1239 servus,
1601 1170 1886 1226 dominus
1907 1169 2066 1225 vide—

396 1255 532 1312 licet
561 1255 948 1326 Guntharius,
980 1258 1392 1314 exhortatione
1419 1259 1666 1314 assidua
1691 1259 1751 1315 in
1783 1275 1951 1332 spem
1973 1275 2064 1315 re-

397 1344 756 1418 cuperandae
783 1344 990 1400 salutis
1024 1346 1293 1418 erigeret,
1324 1353 1381 1404 et
1411 1353 1758 1404 sanctorum
1777 1346 2068 1420 exemplis

396 1431 733 1488 multifariis
762 1431 965 1488 divino
995 1449 1026 1489 e
1055 1434 1216 1490 fonte
1247 1435 1494 1508 prolatis
1540 1435 1992 1491 corroboraretl
2041 1456 2066 1481 »ι

417 3431 514 3488 hee
539 3433 708 3501 (255),
750 3436 945 3504 potest
969 3437 1026 3488 et
1057 3437 1110 3489 te
1148 3433 1222 3488 de
1275 3435 1547 3506 prtesenli
1599 3436 1850 3492 liberare
1905 3440 2087 3493 tenta-

419 3518 603 3588 tione,
635 3524 691 3576 et
720 3520 1110 3577 nihilominus
1153 3522 1406 3592 dignum
1465 3523 1699 3581 efﬁcere
1749 3541 1862 3581 sua
1909 3541 2087 3582 voca-

419 3608 601 3665 tione.
659 3611 726 3665 Et
780 3609 1091 3680 subjunxit
1145 3615 1401 3667 tentatus
1445 3629 1457 3666 :
1503 3611 1734 3668 Utinam
1789 3613 1932 3669 mihi
1988 3613 2093 3670 ﬁat

423 3698 756 3754 secundum
791 3698 1040 3755 verbum
1077 3704 1241 3756 tuqu
1270 3700 1282 3754 Ξ
1323 3701 1434 3756 Sed
1489 3701 1659 3757 valde
1694 3701 1871 3758 timeo
1904 3706 2090 3758 tenta-

422 3785 602 3843 tionis
633 3788 990 3860 periculum,
1023 3787 1186 3861 quod
1229 3788 1372 3844 mihi
1406 3789 1624 3846 misero
1671 3791 1893 3862 ingruit
1942 3791 2094 3847 ultra

423 3877 767 3933 humanum
797 3877 1073 3934 modum.
1102 3882 1252 3934 Nam
1281 3879 1339 3934 in
1390 3879 1524 3952 ipsa
1579 3881 1863 3937 orationis
1920 3882 2092 3946 hora,

427 3966 678 4038 quando
728 3967 804 4022 ad
862 3966 1109 4024 laudem
1157 3969 1258 4023 Dei
1314 3985 1382 4024 os
1440 3972 1666 4042 aperio,
1711 3971 2096 4028 adversarius

429 4051 580 4108 mihi
599 4051 836 4110 videtur
859 4054 1037 4128 quasi
1059 4055 1451 4128 rapacitatem
1479 4075 1654 4114 suam
1684 4059 1840 4116 intro
1869 4059 1929 4116 in
1956 4077 2098 4115 ven-

429 4146 583 4198 trem
619 4141 847 4198 mittere
878 4158 1074 4216 usque
1103 4145 1178 4200 ad
1214 4161 1336 4214 cor,
1369 4145 1608 4219 vimque
1647 4147 1846 4203 cordis
1872 4147 2095 4218 tollere,

432 4247 504 4288 ac
536 4247 752 4288 sensus
776 4249 946 4290 meos
975 4248 1226 4307 prorsus
1253 4237 1646 4305 extrahere,et
1677 4239 2098 4311 memetipsum

431 4319 708 4377 mihimet
733 4319 1000 4378 alienum
1027 4322 1241 4380 facere.
1276 4327 1466 4397 Super
1511 4325 1637 4381 haec
1689 4327 1894 4382 omnia
1913 4327 2104 4397 jactat

435 4427 499 4467 se
525 4409 674 4466 scire
707 4426 913 4468 meum
936 4415 1127 4470 totum
1150 4430 1348 4484 nosse,
1367 4413 1516 4470 velle
1547 4421 1601 4470 et
1623 4431 1821 4489 posse.
1845 4420 2104 4490 Respon-

2199 3468 2420 3519 merus,
2454 3451 2632 3526 etqui
2656 3451 2786 3523 jam
2815 3449 3023 3507 omnia
3049 3448 3340 3504 benefecit
3369 3446 3608 3521 pariter,
3628 3451 3687 3503 et
3711 3445 3885 3502 istud

2199 3539 2550 3596 mirabiliter
2573 3538 2766 3596 ett'ecit
2816 3542 2882 3594 ut
2926 3537 3031 3610 qui
3077 3535 3582 3611 periculosissime
3634 3533 3884 3599 cecidit,

2202 3627 2758 3684 misericordissime
2796 3626 2858 3682 in
2891 3630 3110 3682 statum
3141 3625 3282 3680 fidei
3325 3622 3741 3693 reerigeretur,
3802 3621 3881 3678 ad

2204 3717 2730 3792 comprobandum
2761 3707 2984 3772 scilicet
3012 3714 3156 3770 illud
3208 3711 3663 3784 Psalmographi
3719 3711 3889 3767 testi-

2207 3807 2500 3872 monium,
2561 3805 2727 3881 quod
2756 3805 2816 3862 in
2849 3805 3174 3861 centesimo
3204 3808 3422 3876 quarto
3451 3801 3692 3875 psalmo
3725 3807 3883 3868 (259)

2207 3896 2376 3970 ponit
2403 3894 2657 3951 dicens:
2707 3894 2936 3950 Allevat
2986 3893 3276 3948 Dominus
3330 3906 3541 3947 omnes
3588 3889 3693 3962 qui
3749 3906 3891 3944 cor-

2207 3990 2390 4042 ruunt
2419 3990 2476 4041 et
2497 3983 2668 4055 erigit
2695 3999 2906 4039 omnes
2937 3997 3179 4051 egenos.
3233 3984 3406 4051 Ergo,
3459 3980 3638 4036 frater
3665 3995 3703 4034 o
3737 3979 3890 4034 cha-

2206 4074 2458 4139 rissime,
2495 4078 2558 4130 ut
2589 4072 2730 4128 mihi
2762 4071 3013 4128 videtur.
3050 4071 3151 4126 tibi
3187 4070 3330 4126 satis
3377 4083 3642 4140 congrue
3685 4067 3891 4141 impo-

2211 4163 2375 4220 suisti
2409 4161 2711 4218 Collectitii
2739 4177 2984 4229 nomen,
3027 4165 3084 4216 et
3109 4160 3190 4214 ob
3219 4157 3541 4215 velandam
3591 4157 3890 4213 Teutoni-

2212 4270 2297 4308 (με
2321 4250 2576 4321 loquelae
2602 4249 2958 4318 nuditatem,
3003 4250 3225 4322 pariter
3252 4253 3310 4304 et
3333 4248 3414 4303 ob
3443 4246 3891 4302 commendan-

2213 4343 2358 4398 dam
2383 4343 2603 4398 horum
2633 4358 2769 4415 quae
2800 4341 2994 4396 dixisti
3029 4345 3082 4395 et
3113 4339 3380 4394 dicturus
3396 4355 3458 4392 es
3479 4334 3891 4392 collectariam

2218 4431 2544 4488 utilitatem.
2581 4431 2670 4486 0b
2716 4430 2776 4486 id
2804 4445 3049 4504 quoque
3097 4433 3154 4485 et
3183 4443 3294 4498 ego
3333 4441 3594 4500 mquum-
3625 4423 3892 4480 arbitror

435 4497 522 4590 dit
550 4515 733 4556 senex
765 4517 779 4556 :
807 4505 882 4556 \'e
914 4502 1152 4558 luesites
1182 4503 1240 4558 in
1269 4504 1387 4560 ﬁde
1417 4521 1490 4560 ex
1543 4505 1844 4576 adjutorio
1899 4507 2104 4562 divino
2140 4497 2180 4550 Ι)
2216 4524 2338 4578 fore
2388 4527 2452 4578 ut
2483 4565 2498 4590 ,
2556 4497 2855 4577 vocabula
2907 4497 3276 4575 εεῖιίεῖεοίθῄε
3327 4497 3497 4590 quod
3551 4513 3886 4586 usurpasti,

436 4588 514 4646 de
545 4590 824 4662 supernis
855 4593 1202 4665 tempestive
1232 4593 1543 4661 mittendo,
1605 4595 1768 4667 quod
1826 4595 2104 4668 quamvis

438 4677 521 4735 ad
548 4683 786 4752 tempus
815 4679 1106 4749 differtur,
1142 4686 1338 4738 tamen
1363 4699 1485 4740 non
1511 4683 1794 4739 aufertur.
1822 4683 2105 4740 Diabolus

438 4767 690 4825 omnino
719 4773 1074 4842 potestatem
1104 4785 1226 4826 non
1257 4771 1439 4827 habet
1460 4772 1716 4828 nocendi
1736 4777 1792 4828 et
1817 4773 2107 4844 fatigandi

439 4861 515 4924 te,
547 4857 661 4914 nisi
691 4857 1023 4930 permissus
1053 4874 1090 4914 a
1130 4861 1268 4916 Deo.
1332 4863 1486 4916 Deus
1539 4867 1742 4918 autem
1789 4878 2109 4936 nunquam

439 4946 555 5002 ista
582 4945 709 5003 ﬁeri
739 4947 1125 5020 permitteret,
1143 4948 1254 5004 nisi
1281 4955 1334 5005 te
1364 4949 1679 5006 liuniiliare
1702 4951 1893 5007 vellet.
1928 4955 2109 5008 luter-

441 5033 590 5090 dum
621 5035 782 5091 enim
827 5039 1073 5092 Amator
1118 5037 1438 5093 hominum
1478 5037 1720 5096 simulat
1767 5058 1830 5095 se
1881 5041 2107 5096 nescire

441 5139 580 5196 quae
636 5124 920 5197 patimur,
971 5125 1077 5180 sed
1133 5129 1333 5182 tamen
1403 5128 1742 5200 frequenter
1808 5129 2112 5202 praestabit

442 5214 605 5270 unde
629 5215 938 5271 miremur.
966 5214 1113 5282 Noli,
1147 5215 1345 5282 frater,
1404 5217 1676 5286 deficere,
1733 5223 1839 5274 sed
1895 5236 2111 5275 secun-

445 5297 594 5356 dum
623 5302 998 5374 Apostolum,
1031 5307 1122 5360 sta
1150 5303 1212 5360 in
1241 5305 1382 5374 fide,
1412 5305 1648 5363 viriliter
1679 5323 1790 5378 age
1839 5309 2008 5380 (256),
2055 5313 2112 5366 et

541 5407 668 5477 253)
715 5409 848 5464 [δαί.
883 5425 919 5464 ι.

542 5479 670 5538 254)
713 5481 854 5535 Luc.
887 5497 924 5536 ι.

541 5548 666 5606 255)
703 5551 924 5606 Matth.
959 5566 1037 5606 ιιι.

544 5619 670 5678 2‘56)
707 5620 744 5674 Ι
767 5620 908 5676 Cor.
937 5638 1056 5678 xw.

521 5687 666 5823 E257;
707 5690 778 5744 ΙΙ
801 5691 949 5746 Tim.
983 5707 1040 5746 ιι.

543 5759 646 5810 258
707 5759 923 5816 Matth.
952 5777 1010 5818 Χ.

543 5759 664 5826 258)
707 5759 923 5816 Matth.
952 5777 1010 5818 x.
1042 5793 1112 5804 -
1148 5763 1271 5830 Hic,
1301 5771 1368 5822 ut
1395 5769 1610 5840 plenus
1658 5772 1733 5828 sit
1783 5788 2019 5839 sensus,
2049 5776 2107 5830 et

518 5404 540 5684 ἓ

649 5549 670 5826 ἒ

2216 4629 2370 4686 opus
2399 4612 2748 4667 inchoatum
2793 4608 3156 4678 adaugendo
3187 4605 3502 4680 procedas,
3529 4609 3586 4660 et
3623 4619 3890 4676 quaeque

2219 4702 2386 4759 utilia
2414 4699 2748 4771 colligendo
2792 4697 3103 4765 succedas,
3153 4697 3482 4753 dictaturas
3531 4692 3785 4766 quidem
3839 4697 3892 4747 et

2219 4795 2645 4862 assumpturus
2674 4805 2745 4844 ea
2775 4787 2834 4844 in
2863 4787 3108 4842 nomine
3157 4785 3312 4842 illius
3364 4783 3466 4857 qui
3514 4782 3658 4838 dicit
3712 4798 3726 4835 :
3778 4781 3888 4847 Qui

2219 4897 2344 4938 non
2401 4879 2625 4949 colligit
2680 4893 2944 4942 mecum,
3004 4875 3324 4950 dispergit;
3379 4878 3436 4928 et
3471 4872 3577 4946 qui
3631 4886 3764 4927 non
3803 4874 3891 4926 est

2221 4985 2482 5033 mecum,
2515 4972 2724 5024 contra
2753 4983 2850 5023 me
2879 4970 2968 5023 est
2998 4965 3164 5037 (260).
3209 4964 3293 5021 lta
3344 4961 3593 5036 quidem
3647 4959 3728 5016 illi
3771 4975 3890 5014 ser-

2220 5059 2365 5129 vies,
2398 5057 2502 5132 qui
2526 5061 2636 5125 est,
2659 5061 2717 5112 et
2747 5054 2852 5129 qui
2883 5061 3028 5121 erat,
3063 5058 3119 5110 et
3147 5053 3251 5126 qui
3281 5055 3564 5108 venturus
3590 5053 3701 5104 est.
3747 5073 3778 5097 υ

2860 5145 3250 5200 Collectitius.

2294 5225 2504 5277 .".men.
2538 5218 2774 5275 Utinam
2820 5216 3090 5272 inveniar
3142 5214 3296 5272 inter
3350 5213 3701 5282 colligentes
3759 5227 3895 5267 cum

2223 5309 2474 5376 Christo,
2493 5313 2686 5364 etnon
2714 5322 2854 5362 cum
2875 5305 2960 5359 eis
2984 5304 3238 5359 damner
3259 5303 3332 5357 de
3357 5301 3582 5374 quibus
3604 5299 3896 5372 scriptum

2225 5413 2574 5472 absolvatur
2600 5410 2889 5486 pendula.
2922 5416 2988 5486 ut
3030 5412 3111 5486 ita
3141 5409 3358 5466 dicam.
3392 5406 3705 5486 periodus,
3739 5407 3899 5486 deest

2224 5486 2474 5559 aliquid,
2503 5488 2567 5539 ut
2597 5481 2742 5559 puta
2766 5482 3315 5559 omniirzti(_1isr_zuvzg-_
3338 5495 3518 5559 vexqs
3545 5481 3894 5534 lentalioml

2226 5553 2352 5624 bus',
2387 5564 2516 5612 tuos
2542 5553 2684 5610 mea:
2713 5555 2955 5625 laqueos
2981 5555 3242 5625 effugiet.
3279 5555 3432 5608 limr.
3468 5553 3723 5607 PATROL.

2297 5628 2446 5698 (259)
2485 5625 2723 5694 Corrigc
2750 5624 2811 5680 in
2840 5640 3005 5681 chiv
3033 5624 3290 5698 psalmo.

2296 5701 2442 5770 (260)
2489 5699 2628 5754 Luc.
2659 5712 2736 5752 xx;
