3968 6420
134 330 275 381 1081

937 328 1023 382 DE
1064 328 1443 384 MIRACUIJS
1483 328 1537 380 S.
1586 324 1998 379 EMMERAMMI
2046 325 2225 381 LIBRI
2269 328 2410 384 Ι)υο
2454 359 2522 367 --
2562 330 2689 383 LIB.
2736 331 2797 383 ll.

3449 322 3588 384 1082

120 455 219 506 est
247 470 259 505 :
302 452 466 508 Fiant
495 452 647 508 sicut
671 453 875 511 fenum
909 458 1220 521 tectorum,
1254 453 1415 526 quod
1452 452 1802 524 priusquam
1836 454 1878 503 Λ
1917 450 2081 520 quod
2115 450 2313 507 verius
2347 452 2975 525 puto,dispensatione
2997 452 3200 509 divina
3227 453 3340 508 hoc
3358 452 3583 509 factum

121 539 423 595 cvellatur
452 541 723 605 exaruit;
757 542 830 595 de
863 558 985 613 quo
1019 557 1138 597 non
1174 540 1527 613 adimplebit
1558 554 1805 593 manum

123 644 312 684 suam
343 631 446 701 qui
497 635 696 696 metet,
729 634 785 685 et
838 631 1037 685 sinum
1088 648 1265 685 suum
1315 630 1416 703 qui
1468 628 1805 691 manipulos

121 716 374 785 colliget
405 718 570 787 (261).
616 719 737 773 Hoc
794 734 1036 791 quoque
1091 719 1273 773 modo
1325 719 1448 779 tiat,
1491 716 1808 785 aggrediar

122 804 353 860 iterum
412 821 655 861 narrare
713 823 846 879 quae
910 807 1219 876 Dominus,
1279 806 1639 878 aspiratione
1695 819 1806 859 sua

121 893 538 964 praeveniente
569 899 625 948 et
654 894 1037 950 auxiliatione
1071 894 1497 966 subsequente,
1517 894 1661 948 dare
1684 893 1805 946 sive

124 981 340 1052 largiri
371 984 738 1055 dignabitur.

206 1095 235 1119 ‹‹
260 1077 323 1127 In
354 1074 567 1129 eodem
597 1074 776 1143 igitur
805 1075 1154 1148 episcopatu
1181 1091 1303 1147 quo
1334 1091 1403 1130 ea
1435 1074 1808 1143 contigerant

125 1178 274 1234 quas
305 1163 715 1234 praediximus,
751 1164 965 1220 accidit
995 1170 1051 1221 et
1080 1165 1238 1220 aliud
1282 1164 1593 1237 quoddam
1628 1162 1804 1217 mira-

128 1250 275 1316 bile,
305 1252 471 1323 quod
499 1253 725 1307 cunctis
756 1254 879 1308 fore
913 1254 1090 1310 debet
1120 1253 1400 1322 notabile,
1417 1250 1595 1306 simul
1624 1251 1804 1306 etiam

128 1347 188 1396 ct
220 1341 521 1397 evitabile.
556 1345 689 1397 Erat
717 1343 968 1415 quidam
1015 1343 1261 1399 clericus
1314 1341 1674 1398 Pataviensis
1714 1357 1803 1395 ec-

127 1428 330 1484 clesize
359 1429 636 1499 tedituus,
669 1432 839 1501 cujus
872 1448 1093 1487 nomen
1115 1433 1427 1487 dicebatur
1446 1430 1796 1485 Wilibertus.

134 1522 183 1572 Is
213 1518 486 1590 quadam
512 1519 715 1588 die,ex
744 1537 907 1575 more
930 1521 1340 1577 sollicitudinis
1358 1525 1413 1576 et
1437 1519 1616 1575 officii
1642 1535 1802 1574 com-

130 1607 325 1673 missi,
356 1624 711 1680 percurrens
743 1626 813 1665 ac
844 1610 1212 1682 perlustrans
1241 1625 1498 1682 quaeque
1540 1610 1671 1664 loca
1708 1624 1800 1663 ec:

129 1693 351 1763 clesiae,
411 1696 658 1751 offendit
722 1697 780 1751 in
838 1697 1056 1752 abditis
1106 1698 1435 1769 quemdam
1493 1697 1797 1763 clericum,

1916 536 2007 604 sit,
2031 542 2094 593 ut
2123 538 2183 593 in
2215 540 2605 611 sequentibus
2627 541 2873 612 patebit.
2900 545 3045 597 Nam
3079 558 3219 596 cum
3251 545 3441 597 totum
3460 557 3587 596 cor-

1915 643 2029 698 pus
2050 628 2179 697 jam
2212 634 2640 701 consumptum
2689 635 2846 685 esset
2871 630 3134 699 ignibus,
3162 630 3222 685 in
3254 636 3585 703 conspectu

1914 717 2186 772 omnium
2211 717 2313 789 qui
2334 718 2604 785 aderant,
2629 735 2748 779 cor.
2770 720 2942 791 quasi
2967 719 3176 774 ardere
3198 719 3425 788 nolens,
3446 720 3588 775 exiit

1913 804 1987 860 de
2016 807 2215 862 medio
2246 809 2653 864 ﬂammarum.
2673 808 2761 864 0b
2790 809 2955 881 quod
2977 808 3056 863 illi
3085 809 3358 863 homines
3384 814 3585 882 stupe-

1913 894 2072 961 facti,
2102 896 2334 967 quoties
2360 897 2437 952 ad
2460 897 2943 953 comburendum
2976 897 3134 953 idem
3166 913 3269 952 cor
3296 898 3355 952 in
3378 897 3583 967 ignem

1913 984 2312 1055 projecerunt.
2372 987 2538 1042 toties
2583 986 3033 1042 incombustum
3083 987 3241 1042 exire
3282 986 3578 1042 viderunt.

1875 1113 1879 1117 .
1914 1071 2242 1127 Novissime
2271 1090 2414 1129 vero
2445 1091 2583 1129 cum
2617 1075 2751 1129 totis
2784 1074 3010 1129 viribus
3056 1074 3134 1130 al)
3182 1074 3274 1129 his
3312 1078 3414 1146 qui
3443 1074 3583 1129 ade-

1913 1165 2046 1215 rant
2073 1159 2234 1216 idem
2279 1178 2381 1216 cor
2428 1179 2535 1234 per
2563 1168 2772 1218 contos
2802 1168 2858 1218 et
2888 1164 3070 1219 fustes
3101 1164 3161 1219 in
3187 1163 3323 1233 igne
3353 1163 3582 1218 detine-

1910 1255 2090 1312 retur,
2125 1267 2233 1305 nec
2267 1253 2349 1307 sic
2399 1254 2674 1308 consumi
2726 1253 3043 1319 videretur,
3078 1258 3452 1309 recesserunt
3477 1269 3582 1308 ve-

1911 1338 2213 1410 spillones,
2248 1341 2475 1409 grande
2506 1341 2866 1397 miraculum
2899 1358 3104 1397 secum
3136 1346 3463 1414 portantes.
3498 1364 3525 1389 ››

2528 1432 2959 1487 Ammontcius.

1981 1541 2007 1566 ‹‹
2036 1519 2175 1574 Mira
2201 1534 2295 1574 res
2331 1519 2504 1575 valde
2550 1525 2605 1575 et
2653 1536 2775 1575 non
2808 1521 3006 1576 solum
3039 1520 3234 1589 nobis,
3269 1520 3373 1574 sed
3400 1520 3579 1575 etiam

1907 1608 2194 1663 omnibus
2220 1608 2558 1677 legentibus
2584 1610 2748 1665 eam!
2800 1609 3049 1665 Proinde
3100 1612 3157 1664 et
3185 1624 3297 1678 ego
3328 1608 3583 1665 charita-

1912 1702 2031 1752 tem
2059 1702 2222 1753 tuam
2249 1698 2569 1763 admoneo,
2603 1704 2665 1753 ut
2691 1715 2764 1754 ex
2792 1716 2861 1754 ea
2907 1703 3076 1773 parte
3122 1697 3446 1752 studiosius
3477 1696 3580 1751 ali-

132 1799 321 1839 suum
351 1783 623 1839 videlicet
652 1784 1035 1857 discipulum,
1068 1787 1127 1841 in
1158 1786 1427 1858 quodam
1459 1801 1638 1858 opere
1665 1800 1800 1856 pra-
1833 1811 1871 1862 Β
1908 1786 2053 1857 quid
2085 1786 2355 1841 eliciatur
2379 1787 2546 1859 quod
2600 1787 2854 1843 aedificet
2904 1787 3239 1854 audientes,
3271 1785 3494 1858 pariter
3522 1792 3579 1843 et

130 1888 210 1927 vo
242 1872 559 1944 perniciter
590 1875 723 1945 [teg.
745 1875 1160 1946 pernicialiter.
1189 1879 1246 1931 Ε.
1280 1878 1361 1946 Ρ.)
1386 1876 1644 1947 lapsum.
1667 1874 1798 1939 Qui.

133 1977 282 2016 mox
333 1960 469 2033 plus
510 1962 726 2018 timens
756 1964 1031 2019 homines
1061 1981 1246 2037 quam
1284 1968 1467 2020 Deum
1498 1970 1556 2019 et
1584 1964 1800 2019 electos

134 2048 187 2117 ej
199 2065 290 2118 us,
308 2050 538 2119 rogavit
555 2051 912 2119 magistrum
932 2068 1005 2107 ne
1023 2052 1116 2107 cui
1145 2053 1366 2108 diceret
1386 2052 1614 2107 malum
1635 2050 1799 2124 quod

132 2136 387 2194 viderat.
421 2144 491 2194 At
515 2138 609 2194 ille
637 2139 885 2195 horrens
912 2141 1111 2196 scelus
1155 2141 1337 2196 dixit:
1372 2145 1575 2197 Testor
1610 2139 1801 2196 Domi-

136 2242 287 2281 num
317 2233 677 2301 sanctosque
694 2228 849 2284 illius
871 2230 1034 2302 quia,
1058 2247 1182 2303 prae
1214 2231 1422 2286 timore
1446 2230 1650 2285 salutis
1672 2230 1801 2285 ani-

136 2332 254 2371 mas
285 2332 453 2383 meas,
489 2333 611 2373 non
659 2319 855 2374 audeo
900 2320 1065 2391 quod
1096 2320 1281 2376 fecisti
1311 2320 1500 2375 celare
1540 2320 1803 2391 primum

134 2406 437 2462 seniorem
470 2424 692 2471 meum,
723 2408 861 2463 dein
890 2415 1133 2465 ceteros
1164 2410 1457 2482 spiritales
1488 2410 1665 2477 viros,
1697 2409 1803 2480 qui

136 2495 444 2551 mortifero
491 2496 719 2551 vulneri
767 2502 862 2552 tuo
907 2498 1268 2570 paenitentiae
1314 2498 1638 2553 adhibeant
1677 2512 1803 2552 me-

138 2583 342 2639 delam
403 2600 473 2640 ac
523 2591 848 2655 suggerant
892 2586 1080 2641 vitalis
1119 2586 1349 2642 consilii
1379 2586 1709 2642 suadelam.
1743 2587 1808 2640 Et

136 2673 499 2729 subnectens
529 2674 861 2746 discipulus
893 2676 1311 2748 vaniloquium
1344 2674 1506 2731 infit:
1549 2675 1692 2747 quia
1713 2690 1804 2729 ro-

138 2761 444 2825 gationem
476 2779 677 2818 meam
711 2765 1056 2819 austeritate
1091 2770 1189 2820 tua
1220 2764 1477 2836 repellis,
1509 2763 1654 2818 nihil
1685 2779 1805 2817 cer-

140 2851 256 2906 tius
286 2869 470 2924 quam
518 2860 582 2910 ut
611 2855 803 2927 poenis
838 2856 1068 2912 tradere
1118 2858 1280 2912 velis.
1326 2861 1389 2912 Et
1433 2860 1799 2929 praeceptor:

139 2939 306 2995 Absit
335 2957 370 2995 a
401 2958 517 3010 me,
552 2942 758 3014 inquit,
798 2948 857 2998 ut
890 2949 939 2997 te
969 2944 1149 3017 impie
1190 2950 1455 3004 tractem,
1488 2943 1802 3017 poenisque

145 3028 425 3083 traditum
446 3029 515 3084 iri
535 3031 765 3103 optem!
796 3034 930 3087 Post
958 3048 1094 3104 quae
1125 3033 1309 3088 verba
1340 3033 1625 3103 magister
1644 3037 1701 3087 et
1720 3031 1803 3086 di-

143 3115 413 3189 scipulus
450 3124 828 3189 recesserunt
872 3120 951 3175 al)
982 3121 1258 3190 invicem,
1290 3121 1460 3177 valde
1500 3122 1801 3175 diversam
1833 3166 1870 3190 μ

143 3205 430 3261 habemes
461 3206 847 3264 voluntatem.
872 3212 1019 3265 Nam
1046 3210 1374 3284 discipulus
1400 3210 1561 3283 quod
1585 3210 1802 3277 magis-

144 3300 227 3349 ter
256 3294 408 3350 bene
435 3294 583 3352 dixit
614 3296 764 3353 adeo
802 3298 863 3353 in
902 3299 1133 3355 malum
1164 3305 1220 3355 et
1245 3300 1657 3373 deceptionem
1691 3300 1807 3355 sui-

140 3388 263 3438 met
291 3384 580 3441 convertit
612 3391 694 3452 ut,
728 3388 1094 3443 tenebrosior
1122 3394 1316 3460 nocte,
1334 3396 1510 3446 noctu
1533 3405 1654 3445 non
1677 3406 1803 3444 mo-

139 3471 220 3526 do
251 3472 647 3541 strangularet
678 3476 1055 3546 magistrum,
1090 3477 1191 3532 sed
1234 3479 1414 3533 etiam
1452 3477 1710 3550 propriis
1742 3477 1805 3532 li-

140 3560 485 3629 gaminibus
533 3567 589 3618 et
640 3563 898 3619 fasciolis
943 3565 1246 3620 adtrahes
1277 3566 1555 3631 cubiculi,
1589 3567 1649 3621 in
1679 3581 1802 3638 quo

142 3650 321 3712 solus,
358 3655 421 3706 ut
448 3652 699 3719 aestimo,
728 3653 806 3707 ob
838 3654 1121 3727 castitatis
1167 3656 1501 3710 custodiam
1541 3654 1801 3710 dormire

143 3739 391 3809 solebat,
424 3740 835 3813 suspenderet.
869 3742 1039 3806 Quod
1069 3744 1325 3815 pessime
1374 3744 1597 3799 factum
1633 3760 1803 3814 cryp-

144 3830 214 3882 tis
246 3829 482 3884 malitize
514 3828 885 3884 abscondere
913 3831 1194 3900 gestiens,
1217 3832 1374 3887 intus
1396 3832 1615 3887 ostium
1644 3830 1803 3887 clau-

144 3934 279 3973 sum
304 3918 570 3990 reliquit;
604 3923 661 3973 et
691 3918 815 3990 ipse
846 3918 1087 3976 domate
1117 3924 1173 3974 et
1202 3925 1353 3975 tecto
1384 3937 1490 3994 per
1517 3921 1801 3975 fissuram

145 4007 412 4078 sejuncto
442 4008 535 4063 fur
561 4008 966 4080 nequissimus
992 4009 1192 4081 exivit,
1215 4009 1294 4066 ita
1315 4027 1612 4084 reponens
1641 4016 1806 4080 tegu-

142 4098 231 4153 las
264 4101 345 4163 ut,
380 4101 628 4169 excepto
658 4113 781 4153 uno
810 4098 914 4170 qui
946 4115 1275 4171 suspensus
1306 4106 1448 4167 erat,
1480 4101 1669 4156 ullum
1700 4102 1805 4157 ho-

146 4187 366 4243 minem
399 4187 647 4243 intrasse
675 4188 911 4260 penitus
942 4189 1150 4245 lateret
1187 4190 1489 4247 humanas
1519 4191 1801 4249 visiones.

148 4275 309 4331 Unde
340 4276 664 4346 contigitut
683 4292 790 4348 per
817 4282 999 4333 totam
1034 4278 1357 4335 Ecclesiam
1380 4280 1802 4348 gravissimum

145 4364 498 4421 scandalum
533 4365 734 4432 exiret,
758 4367 924 4438 quod
953 4368 1105 4423 inter
1130 4368 1315 4424 laicos
1346 4370 1607 4425 maxime
1639 4372 1805 4425 etler-

145 4454 292 4523 huit,
320 4453 574 4525 publicis
617 4453 1084 4511 detractionibus
1126 4456 1578 4513 draconizantes
1626 4466 1803 4530 atque

145 4542 444 4598 dicentes:
493 4546 639 4598 Ecce
693 4544 975 4600 sanctitas
1021 4545 1404 4615 (lel'lCOl‘lllll;
1455 4564 1589 4602 ecce
1622 4564 1804 4620 appa-

148 4638 274 4688 rent
327 4632 536 4689 merita
593 4633 859 4699 illorum,
917 4634 1020 4706 qui
1086 4635 1331 4705 indigne
1382 4641 1649 4708 praesunt
1706 4640 1805 4691 Ec-

149 4722 375 4788 clesiis;
432 4738 567 4776 ecce
616 4723 900 4777 sacerdos
950 4723 1077 4794 qui,
1106 4723 1240 4795 ipsa
1293 4724 1388 4779 dic
1446 4725 1504 4779 iu
1553 4741 1675 4797 qua
1716 4726 1806 4780 bis

153 4813 364 4868 missas
437 4812 782 4875 celebravit,
837 4812 1053 4868 Judam
1129 4814 1394 4870 imitatus
1455 4814 1672 4886 laqueo
1745 4833 1805 4870 sc

151 4902 472 4973 suspendit.
510 4906 636 4967 Qua
668 4901 741 4955 de
786 4917 847 4955 re
884 4902 1249 4956 Pataviensis
1279 4903 1598 4976 episcopus
1636 4904 1804 4961 valde

151 4989 452 5060 turbatus,
511 4990 653 5062 quia
710 4989 799 5045 fas
873 5005 999 5044 non
1058 4995 1183 5046 erat
1251 5008 1429 5047 suum
1490 4993 1803 5065 proprium

150 5079 513 5135 homicidam
557 5078 854 5153 sepultum
910 5079 999 5149 iri,
1034 5080 1237 5136 nescio
1288 5097 1411 5153 qua
1459 5083 1805 5139 auctoritate

147 5167 319 5239 jussit
362 5183 582 5240 corpus
635 5168 773 5236 igne
825 5170 1098 5238 cremari,
1130 5169 1244 5225 nisi
1292 5172 1438 5227 forte
1491 5178 1807 5243 propterea

152 5258 208 5313 id
259 5257 540 5330 praecepit
590 5258 717 5312 ﬁeri
770 5273 845 5313 ne
902 5258 1187 5315 animalia
1252 5261 1807 5316 contaminarentur

150 5346 221 5401 de
249 5351 408 5402 tactu
439 5346 532 5400 vel
562 5346 925 5401 comestione
952 5348 1262 5404 cadaveris
1295 5350 1465 5421 (262),
1495 5355 1558 5404 ut
1583 5349 1804 5417 dicam,

152 5436 481 5491 secundum
500 5435 958 5492 aestimationem
980 5437 1315 5502 hominum,
1332 5438 1677 5501 inhumani;
1703 5444 1807 5495 aut

220 5572 361 5639 (261)
400 5569 566 5624 Psal.
593 5586 822 5625 cxxvm.

220 5643 364 5712 (262)
400 5641 620 5697 Matth.
663 5658 841 5699 xxvu.

222 5714 363 5781 (263)
405 5713 441 5767 Ι
462 5712 599 5768 Cor.
633 5730 708 5768 In.

222 5787 368 5854 (264)
402 5785 549 5855 Sap.
586 5801 659 5841 iv.

1915 1876 2109 1931 luecce
2140 1876 2422 1944 legentes.
2453 1900 2481 1927 ››

2546 1966 2938 2024 Callet-titius.

1981 2077 2008 2105 «
2033 2056 2318 2119 Quamvis
2348 2072 2469 2112 non
2494 2056 2607 2111 sim
2639 2056 2859 2126 dignus
2889 2056 3087 2112 dicere
3108 2061 3165 2111 et
3185 2055 3441 2111 scribere
3462 2054 3577 2110 ista

1911 2160 2015 2199 seu
2044 2144 2395 2215 hujusmodi
2428 2145 2592 2201 varia
2633 2161 2835 2201 rerum
2881 2145 3064 2217 opilia
3111 2161 3248 2217 quas
3302 2148 3581 2217 spectant

1911 2249 2275 2303 magnorum
2315 2233 2576 2289 virorum
2603 2250 2786 2307 opera
2816 2233 3134 2301 mirabilia,
3166 2238 3371 2289 tamen
3400 2249 3497 2287 me
3516 2232 3579 2288 in

1910 2323 2023 2377 hac
2048 2328 2212 2388 parte
2236 2322 2481 2381 minime
2506 2322 2855 2378 subtrahere
2877 2338 3093 2378 censeo
3110 2321 3464 2378 obedientias
3489 2338 3582 2377 sa—

1911 2417 2236 2478 cramento,
2267 2415 2340 2478 et,
2360 2413 2421 2466 in
2446 2416 2743 2483 quantum
2769 2415 2923 2466 llcus
2949 2411 3275 2467 concedere
3305 2410 3582 2479 dignabi-

1911 2505 2026 2569 tur,
2056 2500 2331 2556 fraternre
2375 2500 2709 2557 dilectionis
2738 2501 3143 2556 condimento.
3178 2504 3377 2573 Neque
3417 2500 3577 2555 enim

1910 2588 2039 2643 haec
2087 2588 2255 2644 aliter
2297 2588 2635 2644 describere
2682 2588 2991 2660 proposui,
3044 2588 3157 2642 nisi
3202 2593 3268 2643 ut
3308 2586 3578 2642 ﬁdelium

1908 2677 2144 2750 prosint
2172 2676 2569 2733 aadificationi.
2598 2680 2746 2734 Sunt
2765 2677 2867 2749 qui
2892 2682 3107 2749 putant
3129 2681 3447 2749 propterea
3476 2691 3580 2731 cor

1909 2767 2241 2840 presbyteri
2268 2783 2388 2822 non
2416 2785 2592 2840 posse
2619 2768 2755 2836 igne
2786 2766 3087 2837 consumi,
3119 2766 3284 2839 quia,
3317 2766 3468 2821 dum
3496 2766 3582 2822 vi-

1914 2862 2092 2927 veret,
2123 2858 2554 2912 conscientiam
2584 2872 2707 2911 non
2737 2856 2987 2912 haberet
3011 2871 3149 2929 quas
3170 2871 3273 2911 rea
3303 2855 3453 2911 foret
3475 2872 3577 2925 ge-

1911 2945 2125 3000 hennae
2154 2945 2330 3015 ignis,
2356 2949 2605 3017 excepta
2634 2944 2949 3000 communi
2990 2944 3304 3013 fragilitate
3343 2943 3580 3014 generis

1911 3035 2182 3089 humani.
2210 3034 2467 3099 Quidam
2490 3039 2691 3090 autem
2714 3034 2923 3088 dicunt
2945 3039 3323 3105 peccatorem
3346 3033 3577 3088 salvum

1912 3124 2134 3179 factum
2165 3140 2293 3178 esse
2325 3123 2661 3179 secundum
2684 3122 3059 3195 Apostolum,
3087 3122 3171 3177 sic
3202 3127 3403 3178 tamen
3436 3138 3583 3195 qua-

1911 3213 1960 3268 si
1991 3229 2097 3286 per
2124 3214 2326 3282 ignem
2352 3215 2519 3284 (263).
2551 3215 2672 3283 Ego
2699 3228 2840 3268 vero
2861 3211 3177 3277 affirmem,
3201 3211 3247 3266 si
3269 3228 3407 3267 vera
3439 3217 3584 3267 sunt

1911 3318 2045 3375 quae
2075 3302 2149 3357 de
2176 3302 2274 3357 illo
2304 3302 2529 3374 accepi,
2559 3306 2616 3357 et
2642 3318 2779 3374 quae
2810 3301 2869 3356 in
2896 3301 3082 3356 verbo
3111 3300 3271 3356 beati
3300 3302 3579 3371 Hierony-

1912 3390 1992 3445 mi
2023 3390 2167 3445 olim
2215 3390 2518 3445 studiosus
2556 3390 2689 3458 legi,
2723 3390 2929 3446 omnia
2982 3394 3229 3461 peccata
3282 3389 3575 3461 martyrio

1914 3479 2239 3534 certissime
2270 3478 2473 3533 deleri.
2502 3501 2529 3527 ››

2536 3567 2962 3620 Ammonicz'us.

1982 3678 2009 3703 «
2035 3655 2184 3719 Quia
2222 3653 2575 3725 martyrium
2603 3651 2947 3718 nominasti,
2982 3656 3039 3706 et
3065 3652 3208 3723 quia
3252 3656 3392 3707 sunt
3421 3666 3575 3707 non-

1911 3740 2057 3795 nulli
2083 3742 2187 3812 qui
2217 3741 2518 3796 aestimant
2539 3757 2641 3795 eos
2659 3744 2952 3810 martyres
2973 3756 3101 3793 esse
3132 3741 3236 3811 qui
3259 3741 3351 3809 cuj
3362 3755 3578 3795 uscun-

1911 3846 2028 3901 que
2061 3829 2295 3899 generis
2338 3845 2518 3900 poena
2547 3828 2906 3901 plectuntur,
2938 3834 2993 3884 et
3036 3829 3115 3884 ad
3145 3829 3574 3902 oppetitionem

1911 3918 2364 3991 propelluntur:
2417 3918 2634 3990 aliique
2690 3921 2832 3973 sunt
2868 3918 2972 3991 qui
3003 3934 3034 3973 e
3068 3920 3366 3975 contrario
3409 3924 3579 3975 autu-

1913 4010 2083 4062 mant
2106 4022 2209 4062 eos
2240 4007 2479 4079 penitus
2509 4006 2701 4079 perire
2726 4022 2883 4078 quos
2905 4022 3072 4062 more
3103 4007 3448 4063 mortalium
3470 4023 3583 4080 per

1914 4094 2467 4162 strangulationem,
2493 4095 2614 4149 sive
2638 4110 2744 4166 per
2769 4110 3068 4166 aquarum
3092 4094 3574 4162 suﬂ‘ocationem,

1914 4199 2020 4238 seu
2048 4199 2155 4255 per
2178 4182 2527 4239 incendium
2556 4188 2614 4239 et
2643 4182 2883 4239 alterius
2925 4184 3158 4252 generis
3208 4183 3576 4255 proﬂigatio-

1913 4287 2055 4326 nem
2092 4270 2340 4339 contigit
2368 4270 2745 4342 repentinam
2778 4275 3031 4325 mortem
3070 4270 3275 4325 obire:
3309 4269 3476 4341 quod
3506 4270 3580 4324 sit

1916 4359 2184 4431 martyrii
2210 4374 2416 4414 verum
2448 4373 2638 4427 genus
2668 4362 2724 4412 et
2755 4364 2981 4413 certum
3005 4358 3215 4413 vellem
3242 4363 3294 4414 te
3319 4358 3577 4413 referen-

1918 4453 1972 4504 te
2002 4448 2361 4519 perdiscere.
2390 4470 2417 4495 ››

2556 4535 2946 4591 Colleclitius.

1992 4648 2019 4673 ‹‹
2044 4629 2191 4680 Puto
2241 4624 2380 4679 huic
2433 4624 2800 4696 inquisitioni
2848 4624 3189 4681 satisfacere
3238 4626 3581 4681 testimonia

1920 4731 2106 4769 sacrae
2135 4713 2470 4785 Scriptura,
2495 4729 2758 4785 quorum
2780 4712 3035 4769 alterum
3056 4717 3179 4770 est:
3210 4717 3411 4769 Justus
3434 4729 3583 4786 qua-

1919 4820 2160 4876 cunque
2188 4807 2380 4859 morte
2427 4807 2767 4874 praeventus
2796 4802 2992 4868 fuerit,
3022 4803 3085 4858 in
3124 4802 3427 4873 refrigerio
3471 4804 3582 4858 erit

1920 4896 2087 4965 (2M).
2118 4892 2384 4948 Alterum
2413 4891 2660 4964 quidem
2686 4908 2698 4946 :
2753 4896 2879 4947 Non
2924 4890 3065 4948 facit
3100 4898 3429 4965 martyrem
3458 4907 3582 4966 pte-

1918 4999 2020 5051 na,
2055 4982 2161 5038 sed
2190 4998 2375 5038 causa
2406 4984 2576 5049 (265).
2612 4981 2752 5036 Inde
2781 4982 2943 5036 enim
2981 4987 3037 5037 et
3080 4987 3144 5038 tu
3174 4981 3449 5052 colligere
3477 4996 3583 5054 po-

1918 5078 2005 5129 tes
2035 5072 2179 5144 quia
2208 5087 2420 5125 verum
2449 5076 2505 5126 et
2534 5075 2761 5126 certum
2817 5075 2905 5126 est
2952 5086 3141 5139 genus
3172 5070 3442 5144 martyrii
3470 5072 3579 5127 ho-

1921 5161 2146 5217 minem
2171 5175 2293 5215 non
2325 5175 2361 5215 a
2391 5158 2716 5229 semetipso
2747 5157 2851 5213 sed
2883 5158 2962 5213 ab
2991 5158 3121 5214 aliis
3149 5163 3395 5231 propter
3413 5159 3583 5230 justi-

1920 5251 2064 5307 tiam
2096 5249 2307 5305 occidi.
2343 5249 2467 5304 Hoc
2489 5248 2648 5303 enim
2679 5248 3027 5318 evangelica
3057 5249 3272 5304 veritas
3299 5247 3580 5319 afﬁrmat,

1918 5356 2054 5413 quae
2083 5340 2143 5394 in
2175 5354 2352 5393 aures
2386 5337 2649 5392 ﬁdelium
2683 5338 2904 5393 clamat
2930 5355 2943 5392 :
2988 5339 3141 5394 Beati
3171 5339 3272 5410 qui
3304 5354 3582 5411 persecu-

1923 5430 2143 5486 tionem
2173 5428 2482 5500 patiuntur
2507 5432 2751 5501 propter
2774 5428 3064 5499 justitiam
3097 5432 3261 5500 (266).
3295 5454 3319 5477 υ

1994 5572 2139 5643 (265)
2183 5572 2430 5643 SANc'rus
2462 5572 2799 5637 GitEcmurs,
2835 5571 2934 5627 lib.
2971 5588 3028 5639 ιι,
3061 5574 3269 5629 z’ndict.
3309 5572 3393 5641 10,
3412 5574 3577 5643 epist.

1958 5641 2010 5710 7,
2039 5659 2109 5698 ex
2144 5641 2443 5714 Cypriano
2474 5644 2559 5697 De
2587 5644 2821 5712 duplici
2856 5647 3154 5713 martyrio
3181 5646 3261 5701 ad
3290 5641 3584 5701 Fortuna-

1924 5721 2067 5770 tum.

1999 5789 2145 5854 (266)
2185 5787 2404 5843 Matth.
2444 5802 2492 5841 ν.
