3968 6412
427 278 568 335 5083
1488 280 1800 337 ARNOLDI
1839 272 2438 334 EMMERAIMENSIS
2476 279 2811 335 MONACHI.
3745 276 3861 335 1084

1047 403 1480 460 Ammomcius,
2120 395 2170 449 A
2211 404 2461 457 onerata
2511 418 2633 459 non
2689 402 2885 458 solum
2933 401 3265 475 periculose
3298 402 3630 475 aliquando
3660 418 3861 458 crasse-

498 512 525 538 ‹‹
552 490 845 548 Solutioni
871 492 1219 564 quaestionis
1271 509 1461 565 quam
1492 508 1760 566 praeceps
1790 489 2085 564 promovi,
2210 504 2396 555 scere,
2423 492 2571 564 quin
2602 493 2779 549 etiam
2810 492 3313 565 perniciosissime
3361 493 3509 549 solet
3540 492 3859 549 induresce-

425 578 949 649 oCollectici,satis
970 580 1294 637 vehemens
1311 582 2091 650 occurristi;verumtamen
2203 594 2287 646 re,
2340 597 2511 637 sacro
2550 582 2790 655 eloquio
2821 586 3073 637 testante
3122 598 3191 638 ac
3222 583 3495 639 dicente:
3544 587 3858 640 Inveterata

424 669 775 726 testimoniis
802 668 1048 741 prolatis
1095 669 1249 726 bene
1281 671 1629 727 ministrasti
1660 687 1783 726 non
1821 670 2085 739 ingratis.
2199 667 2289 723 ira
2315 670 2524 726 odium
2555 674 2729 745 parit,
2762 671 2972 727 odium
3004 688 3140 728 vero
3171 671 3464 729 interﬁcit.
3485 673 3672 743 Cujus
3704 688 3857 727 vene-

425 761 592 813 Nunc
637 773 781 827 ergo
826 758 1107 815 convenit
1160 765 1228 816 ut
1278 761 1479 818 edicas
1522 760 1776 834 qualiter
1807 758 2092 832 praedicta
2198 774 2278 815 na
2326 760 2372 815 si
2416 760 2692 817 homines
2739 761 3129 834 corporaliter
3182 762 3474 836 inspicere
3519 762 3803 833 valerent,
3831 779 3857 817 a

425 861 519 901 res
565 845 643 901 ad
693 846 808 903 hoc
858 848 1196 919 pervenerit
1240 866 1365 922 quo
1409 866 1546 906 reus
1594 854 1774 906 tantae
1819 848 2090 905 factionis
2198 864 2321 920 quo
2358 849 2593 905 infundi
2625 851 2903 921 solerent,
2935 852 3147 923 procul
3189 850 3378 908 dubio
3427 852 3690 908 nimium
3732 852 3851 906 inde

3884 708 3892 1043 1

426 950 631 991 coram
655 936 982 993 emerserit.
1006 959 1033 988 »
2200 936 2608 995 abhorrerent.
2645 939 2818 1005 Quod
2848 940 2898 995 si
2927 939 3101 997 alicui
3133 941 3409 1011 evenerit,
3434 941 3651 998 vellem
3684 957 3720 998 a
3742 941 3857 997 cha-

1061 1027 1451 1085 Collectitz'us.
2197 1026 2367 1082 ritate
2398 1031 2501 1083 tua
2528 1028 2623 1083 hic
2652 1028 2942 1085 insertum
2966 1029 3055 1085 iri.
3083 1053 3111 1080 ››

498 1138 526 1165 ‹‹
553 1119 617 1172 In
640 1117 895 1174 modum
924 1118 1160 1175 ductilis
1194 1135 1344 1175 certe
1370 1119 1624 1176 habebis
1655 1135 1752 1175 me
1791 1121 2089 1191 tempera-
2837 1121 3231 1176 Collectitius.

426 1210 575 1273 tum,
609 1206 658 1263 si
685 1207 918 1264 bonum
950 1207 1009 1264 in
1062 1208 1321 1265 fructum
1370 1209 1650 1281 progredi
1681 1208 1895 1282 poterit
1923 1208 2089 1281 quod
2271 1228 2299 1255 ‹‹
2336 1206 2496 1263 Sicut
2526 1208 2787 1264 charitas
2831 1209 3098 1281 cooperit
3123 1210 3571 1267 multitudinem
3600 1214 3851 1283 peccato

424 1292 504 1350 ab
529 1294 773 1353 homine
803 1302 1115 1369 peccatore
1146 1299 1507 1356 seminatum
1543 1299 1733 1356 fuerit.
1760 1302 1895 1354 Erat
1922 1314 2087 1370 quae-
2198 1311 2333 1350 rum
2361 1298 2528 1367 (268),
2562 1297 2644 1354 ita
2674 1315 2706 1353 e
2746 1299 3047 1355 contrario
3078 1299 3166 1355 ira
3198 1304 3255 1356 et
3284 1300 3510 1355 invidia
3534 1300 3849 1356 dilectionis

423 1383 567 1439 dam
598 1401 783 1442 causa
814 1387 1130 1460 culpabilis
1161 1394 1217 1445 et
1247 1390 1591 1457 criminosa,
1619 1389 1694 1444 de
1725 1389 1897 1459 cujus
1927 1388 2090 1459 obje-
2199 1384 2579 1453 obliviscens,
2636 1388 3057 1461 naturaliaque
3118 1389 3282 1445 bona
3338 1388 3599 1460 maligne
3668 1406 3852 1446 consu-

424 1472 617 1529 ctione
647 1475 894 1532 clericus
915 1478 1021 1550 qui
1044 1479 1396 1552 praedictum
1424 1478 1801 1547 sacrilegium
1822 1481 1880 1533 et
1901 1477 2092 1533 homi-
2200 1491 2392 1544 mens,
2425 1480 2482 1531 et
2511 1492 2618 1548 per
2641 1477 2838 1533 varias
2870 1479 3216 1536 occasiones
3242 1495 3608 1535 coacervans
3649 1480 3851 1535 dissen-

423 1560 647 1618 cidium
694 1567 1057 1638 perpetravit
1108 1572 1289 1640 atque
1337 1567 1597 1641 pessime
1645 1566 1982 1633 abscondit,
2026 1582 2090 1621 se
2200 1564 2397 1618 siones
2426 1568 2485 1619 et
2534 1565 2917 1637 oﬁ'ensiones,
2952 1568 3240 1639 pertrahit
3285 1568 3495 1623 odium
3544 1584 3744 1640 usque
3792 1568 3851 1623 ad

426 1657 805 1709 sacramento
836 1670 1172 1727 expurgare
1202 1656 1429 1712 debuit.
1466 1657 1577 1712 Sed
1607 1656 1856 1711 omnino
1880 1655 1942 1711 id
1964 1654 2089 1711 eﬂi-
2200 1652 2614 1709 homicidium.
2675 1654 2870 1724 Quod,
2933 1656 3360 1725 gravissimum
3418 1672 3598 1728 super
3673 1657 3851 1713 omnia

423 1754 555 1794 cere
585 1755 710 1796 non
740 1742 953 1813 potuit.
989 1748 1136 1800 Nam
1165 1745 1413 1812 clericis,
1446 1745 1551 1817 qui
1601 1761 1740 1800 cum
1792 1760 1863 1800 eo
1912 1759 2092 1816 super
2120 1756 2162 1810 Β
2199 1741 2452 1813 malum,
2487 1758 2725 1815 semper
2750 1744 2979 1800 occulte
3009 1745 3433 1818 diabolicoque
3460 1745 3749 1802 instinctu
3787 1747 3852 1802 in-

423 1826 662 1897 objecto
708 1831 956 1887 crimine
1009 1835 1326 1906 conjurare
1382 1835 1708 1902 voluerant,
1741 1850 1938 1906 neque
1984 1850 2092 1906 per
2202 1834 2287 1885 ter
2316 1836 2531 1888 caetera
2564 1849 2814 1889 suarum
2867 1834 3087 1891 artium
3139 1835 3454 1891 molimina
3501 1836 3746 1905 suggeri
3773 1852 3849 1891 ne-

423 1932 649 1988 aquam
692 1936 888 1993 neque
937 1938 1044 1994 per
1084 1924 1288 1994 ignem
1341 1924 1525 1980 ﬁdem
1575 1924 1767 1979 facere
1798 1924 2086 1995 quiverat.
2199 1935 2302 1975 mo
2367 1920 2618 1977 dubitet.
2678 1922 2980 1978 Interdum
3040 1939 3183 1979 vero
3243 1928 3405 1979 sator
3463 1924 3849 1996 nequissimus

421 2008 585 2062 Tunc
610 2008 791 2064 miser
840 2015 999 2067 totus
1030 2013 1239 2069 volens
1294 2014 1355 2070 in
1406 2013 1799 2086 praecipitium
1829 2013 1934 2079 ire,
1967 2017 2091 2069 tan-
2199 2008 2341 2079 quia
2368 2008 2519 2064 inter
2539 2010 2817 2065 homines
2842 2011 3160 2067 manifeste
3181 2011 3549 2068 discordiam
3575 2018 3637 2068 et
3656 2018 3850 2068 caetera

422 2094 562 2152 dem
592 2097 653 2154 in
682 2099 839 2155 hanc
865 2103 1180 2158 vesaniam
1209 2104 1527 2160 obstinata;
1574 2103 1790 2159 mentis
1820 2104 2093 2175 prorupit
2200 2097 2498 2153 maleficia
2526 2098 2583 2154 in
2619 2103 2853 2154 tantum
2893 2100 3189 2156 seminare
3239 2100 3428 2157 soleat
3456 2106 3521 2157 ut
3551 2102 3736 2157 etiam
3763 2118 3850 2173 per

424 2190 489 2241 ut
515 2189 897 2260 perceptione
927 2192 1195 2264 corporis
1226 2193 1538 2263 Dominici,
1573 2193 1687 2248 sub
1719 2192 2093 2265 periculosis“
2200 2202 2272 2241 ea
2315 2186 2486 2242 multi
2536 2187 2846 2254 intereant,
2878 2188 2992 2244 nisi
3044 2189 3200 2261 quiS,
3244 2192 3363 2245 Deo
3411 2190 3702 2261 donante,
3733 2207 3849 2246 con-

424 2275 582 2332 sima
605 2279 1095 2351 praesumptione,
1128 2283 1355 2339 crimen
1386 2288 1733 2355 suspectum
1763 2299 1799 2338 a
1826 2299 1886 2337 se
1917 2284 2092 2351 gesti-
2199 2291 2405 2330 versus
2434 2277 2760 2348 resipiscat,
2786 2293 2856 2333 ac
2887 2278 2962 2333 de
2996 2280 3228 2335 Satanze
3254 2279 3514 2353 aucupio
3546 2295 3657 2351 per
3685 2280 3848 2352 poeni-

422 2369 512 2421 ret
538 2371 818 2423 avertere.
852 2370 957 2426 Cui
986 2372 1500 2442 perniciosissimo
1546 2372 1811 2445 periculo
1855 2373 2091 2445 sapien-
2199 2364 2446 2420 tentiam
2497 2365 2766 2433 evotans,
2799 2366 2898 2421 vix
2950 2367 3032 2423 ita
3071 2366 3227 2423 illius
3274 2368 3564 2440 pertinaci
3608 2368 3772 2425 visco
3799 2386 3846 2423 se

423 2458 511 2510 ter
537 2454 791 2513 obvians
818 2459 1162 2533 episcopus,
1192 2461 1337 2534 quia
1367 2462 1601 2519 certiori
1644 2462 1893 2518 fratrum
1940 2461 2089 2518 rela-
2198 2451 2547 2508 Slibtl‘ahel'e
2598 2458 2800 2526 queat,
2841 2458 2918 2523 εἴ,
2970 2455 3019 2510 Si
3064 2471 3189 2511 Ποῐι
3236 2473 3471 2525 omnes:
3521 2461 3726 2513 tamen
3763 2458 3846 2529 (Ιυί

421 2544 583 2600 tione
610 2548 889 2616 cognovit
918 2550 1201 2606 eumdem
1234 2551 1515 2608 clericum
1547 2552 1756 2607 talium
1799 2567 1920 2608 non
1960 2568 2089 2608 esse
2198 2558 2321 2598 non
2352 2542 2627 2611 ignorent
2658 2543 2919 2600 existunt
2947 2561 3135 2617 quam
3165 2546 3387 2618 plures-
3422 2549 3716 2604 Caeterum
3745 2563 3845 2619 quo

422 2648 664 2689 morum
714 2639 780 2691 ut
824 2637 902 2693 ad
954 2642 1187 2694 tantum
1219 2641 1478 2713 permitti
1516 2641 1759 2697 deberet
1805 2642 2089 2697 accedere
2198 2631 2498 2688 dilectioni
2546 2637 2658 2689 tuae
2709 2639 2947 2706 meapte
2992 2634 3263 2705 satisﬁat,
3294 2636 3574 2709 praesenti
3606 2636 3846 2709 capitulo

414 2720 733 2791 judicium,
754 2723 932 2795 jussit
959 2742 1102 2782 eum
1156 2727 1270 2783 sub
1320 2732 1487 2785 arcta
1540 2730 1813 2785 custodia
1852 2730 2087 2785 interim
2199 2737 2379 2794 super
2408 2722 2830 2793 hujuscemodi
2876 2724 3307 2780 reconveniens
3355 2725 3705 2797 exemplum
3734 2741 3845 2797 pro-

421 2811 768 2884 constringi,
798 2814 948 2872 dum
987 2831 1137 2873 sano
1168 2817 1417 2874 consilio
1458 2818 1813 2874 deliberaret
1838 2818 1987 2891 quid

2280 2826 2425 2866 nam
2456 2810 2655 2883 itaque
2686 2810 2999 2883 sequentia
3023 2812 3323 2868 humiliter
3354 2812 3697 2882 colligendo
3727 2828 3844 2885 sup-

418 2899 520 2957 illo
567 2901 696 2959 ﬁeri
734 2909 1051 2974 oporteret.
1101 2909 1263 2962 Tunc
1313 2908 1602 2980 undique,
1645 2925 1851 2964 secum
1900 2924 2088 2978 angu-
2196 2914 2444 2970 ροηειω.

422 2989 545 3046 stiis
576 2996 803 3063 septus,
835 3008 866 3046 ρ
912 2993 1145 3050 latebra
1192 3011 1308 3050 reae
1339 2997 1715 3052 conscientiae
1748 2998 2089 3069 producens
2269 3009 2294 3037 ι(
2324 2987 2450 3043 Fuit
2476 2988 2729 3061 (Inidam
2758 2989 2954 3062 ΡᾶΡίεθ
2980 2989 3175 3055 miles,
3196 2989 3369 3057 cuius
3398 3005 3631 3046 DOmen
3658 2990 3841 3062 jamm

423 3077 578 3134 male
608 3079 1030 3138 absconditum
1062 3082 1316 3153 facinus,
1346 3086 1660 3141 confessus
1688 3092 1776 3141 est
1806 3104 1870 3142 se
1891 3087 1971 3143 ob
1992 3104 2088 3143 ac-
2116 3108 2158 3163 ρ
2197 3076 2347 3131 00910
2379 3078 2667 3148 Scriptum
2712 3078 2813 3150 Ι)ίᾶ
2851 3080 3053 3149 Sperat
3095 3075 3266 3143 ﬁdes:
3295 3076 3419 3147 (Ιυίν
3455 3082 3519 3132 ιη
3548 3078 3744 3135 relatu
3767 3094 3843 3134 00‘

421 3167 747 3224 cusationis
779 3170 1056 3228 timorem
1084 3172 1402 3243 praefatum
1430 3175 1855 3247 presbyterum
1894 3181 2087 3232 stran-
2196 3164 2377 3233 BDOVi
2406 3164 2635 3221 domini
2664 3165 2926 3221 APdel‘iCi
2949 3164 3365 3221 νθνθοθΠθηδίδ
3393 3166 3691 3240 episcopi,
3716 3172 3845 3240 Ροδί·

421 3256 679 3327 gulasse,
730 3257 909 3316 simul
966 3265 1023 3316 et
1070 3262 1476 3334 suspendisse,
1528 3280 1597 3319 ac
1652 3270 1967 3336 propterea

2260 3269 2379 3308 iam
2415 3270 2635 3309 manus
2665 3256 2790 3325 (sic)
2818 3254 3235 3311 adolescentiae
3259 3254 3654 3311 saecularibus
3676 3257 3827 3330 impii

420 3344 658 3415 objecto
685 3346 848 3403 malo
894 3349 1138 3421 purgari
1191 3351 1491 3423 nequisse,
1527 3353 1699 3418 Quod
1747 3358 1812 3408 ut
1859 3355 2088 3412 audivit
2195 3342 2485 3398 camentis
2519 3359 2591 3398 ex
2638 3360 2805 3399 more
2846 3345 3117 3400 humano
3168 3344 3444 3400 detentus
3474 3350 3563 3400 est
3593 3351 3650 3402 et
3699 3346 3844 3402 astri-

420 3433 766 3507 episcopus,
802 3440 1198 3510 sequestravit
1244 3456 1384 3495 eum
1427 3441 1503 3496 de
1547 3442 1704 3498 clero
1735 3459 1805 3499 ac
1836 3444 2087 3515 privavit
2194 3438 2343 3499 Otus.
2372 3448 2481 3487 nec
2512 3449 2635 3488 non
2666 3449 2772 3505 P6P
2800 3433 3003 3506 Plures
3032 3450 3226 3489 annos
3260 3450 3401 3490 cum
3432 3433 3612 3490 armis
3642 3436 3847 3490 milite

419 3524 630 3581 ordine
660 3542 851 3594 sacro,
884 3529 1232 3586 auctoritate
1279 3531 1563 3603 pastorali
1604 3533 1954 3605 praecipiens
2005 3535 2085 3590 illi
2193 3522 2361 3578 ribus
2393 3539 2454 3577 se
2484 3523 2625 3578 satis
2655 3528 2891 3579 strenue
2922 3524 3073 3579 inter
3103 3523 3556 3579 commillitones
3594 3525 3847 3579 exercuit

419 3630 662 3671 summo
690 3618 1006 3674 conamine
1046 3620 1457 3691 paenitentiam
1512 3637 1689 3691 agere
1735 3623 2085 3696 laqueisque
2192 3612 2471 3683 ﬁliosque
2497 3614 2629 3683 iam
2674 3613 3041 3684 PPOCl‘eaVit;
3096 3612 3340 3669 ιεωάθω
3386 3613 3449 3668 in
3495 3629 3555 3668 Se
3586 3629 3846 3669 reversus

418 3703 647 3762 diaboli
671 3721 734 3762 se
764 3707 847 3765 sic
875 3709 1247 3766 subtrahere.
1279 3731 1307 3760 »
2194 3705 2372 3772 atque
2400 3717 2436 3757 a
2458 3700 2660 3757 saeculi
2682 3701 2942 3756 vanitate
2975 3717 3326 3772 conversus,
3348 3702 3660 3773 cingulum
3683 3718 3844 3758 mun-

1043 3799 1472 3856 Ammonicius.
2193 3789 2369 3845 danae
2400 3790 2610 3846 militias

2279 3805 2369 3844 nae
2400 3790 2621 3846 militiae
2651 3789 2818 3862 apud
2847 3790 3133 3846 Sanctum
3176 3794 3415 3847 Petrum
3454 3791 3516 3847 in
3543 3792 3756 3847 eadem
3784 3790 3846 3845 ci-

492 3901 523 3935 ι
545 3882 808 3939 Primum
837 3889 1072 3956 oportet
1099 3891 1164 3942 ut
1194 3890 1314 3943 Deo
1346 3888 1568 3957 gratias
1598 3892 1654 3944 et
1681 3888 1893 3945 laudes
1924 3890 2084 3946 (lica-
2193 3878 2370 3934 vitate
2401 3878 2698 3952 deposuit,
2732 3883 2789 3934 et
2818 3877 2931 3933 sub
2961 3879 3298 3935 monastico
3328 3879 3557 3947 habitu,
3583 3879 3844 3950 stigmata

420 3986 558 4026 mus
586 3970 647 4026 in
677 3985 1002 4028 commune
1031 3989 1263 4044 omnes,
1295 3976 1441 4047 quia
1490 3976 1645 4032 sacri
1680 3977 1911 4033 ordinis
1942 3979 2087 4036 infa.
2194 3968 2388 4023 crucis
2442 3967 2713 4039 bajulare
2763 3967 3139 4038 desiderans,
3186 3969 3415 4024 Christo
3464 3984 3680 4038 regum
3724 3968 3844 4038 Regi

420 4058 634 4123 miam,
665 4074 823 4130 quas,
850 4059 924 4116 de
970 4066 1161 4117 morte
1210 4064 1477 4135 praedicti
1512 4066 1838 4121 sacerdotis
1869 4068 2089 4140 imper.
2194 4057 2374 4129 coepit
2402 4056 2672 4113 militare.
2705 4057 2887 4127 Cujus
2920 4057 3079 4112 filius
3110 4058 3280 4113 miles
3319 4062 3376 4113 et
3404 4058 3532 4130 ipse
3565 4063 3841 4121 strenuus,

419 4150 562 4202 tune
580 4162 1001 4221 prorumpens,
1024 4151 1455 4208 nonnullorum
1479 4153 1757 4209 sensibus
1774 4154 1937 4210 haud
1952 4172 2086 4228 par-
2193 4144 2404 4201 domui
2434 4162 2470 4201 a
2498 4150 2667 4218 patre
2698 4144 3009 4202 familiaris
3038 4146 3123 4201 rei
3153 4147 3339 4202 haeres
3368 4146 3706 4216 derelictus,
3737 4151 3843 4201 tan-

419 4250 529 4291 vas
557 4234 909 4304 ignorantia;
954 4237 1077 4294 sive
1102 4239 1366 4296 horroris
1395 4242 1672 4297 tenebras
1700 4242 1932 4310 offudit,
1969 4244 2085 4301 sub
2194 4234 2265 4290 tis
2303 4251 2410 4307 per
2435 4235 2766 4307 quemdam
2795 4236 3164 4307 Aginulfum,
3199 4236 3446 4308 palatini
3500 4237 3723 4294 scilicet
3767 4252 3844 4291 co-

418 4322 693 4382 falsitatis
738 4324 877 4382 fuco
919 4326 1025 4383 diu
1068 4327 1297 4385 latitare
1342 4330 1591 4386 minime
1616 4332 1903 4403 permisit,
1940 4334 2085 4389 Exin
2194 4324 2352 4379 mitis
2404 4324 2646 4379 fratrem
2696 4340 3076 4393 germanum,
3108 4326 3506 4398 appetebatur
3544 4325 3842 4383 inimicitiis

419 4413 500 4470 ob
565 4413 803 4471 facinus
871 4419 1127 4487 tantum,
1200 4418 1406 4475 dolore
1475 4419 1689 4478 intima
1757 4428 2084 4494 pungente,
2123 4469 2164 4522 Ι)
2195 4418 2377 4487 atque
2419 4413 2678 4484 insidiis,
2714 4418 2779 4469 ut
2822 4414 3006 4470 limen
3054 4415 3275 4470 domus
3308 4415 3569 4489 propriae
3620 4415 3842 4472 minime

417 4503 693 4575 cogimur
747 4505 1031 4577 ejulando
1086 4507 1322 4565 dicere:
1389 4511 1550 4566 Heu!
1612 4528 1801 4584 quam
1858 4514 2085 4581 grande
2124 4502 2164 4522 υ
2194 4503 2441 4559 auderet
2479 4503 2785 4559 excedere.
2822 4506 3003 4574 CUJUS
3056 4504 3139 4559 rei
3180 4505 3372 4573 gratia
3401 4502 3573 4561 idem
3597 4505 3701 4578 qui
3730 4507 3843 4576 post

414 4594 651 4653 malum
719 4600 1004 4668 operatur
1051 4599 1344 4672 aequitatis
1397 4600 1628 4670 odium,
1689 4602 1855 4674 quod
1907 4603 2081 4673 adeo,
2194 4592 2467 4649 militiam
2516 4592 2706 4649 factus
2755 4598 2843 4649 est
2889 4595 3248 4664 monachus,
3277 4595 3495 4668 pietate
3526 4596 3757 4668 plenus,
3785 4608 3839 4647 ex

418 4684 712 4741 suadente
762 4685 1033 4755 diabolo,
1090 4689 1153 4745 in
1221 4689 1470 4761 praefata
1530 4706 1791 4762 persona
1844 4692 2082 4764 exarsit,
2193 4682 2585 4754 permissione
2639 4682 2877 4739 abbatis
2928 4683 3041 4739 sub
3098 4685 3271 4754 cuius
3336 4684 3629 4755 regimine
3693 4685 3840 4753 dese-

416 4777 483 4829 ut
509 4772 841 4848 discipulus
868 4791 1191 4848 pervorsus
1245 4794 1367 4833 non
1414 4778 1611 4833 solum
1668 4781 1941 4852 nequiter
1992 4781 2083 4836 in-
2189 4772 2315 4838 bat,
2370 4773 2530 4830 misit
2596 4774 2863 4842 legatum
2921 4774 2999 4829 ad
3068 4774 3263 4831 Virum
3329 4776 3835 4848 praenominatum,

417 4867 766 4935 sequeretur
789 4864 1170 4936 magistrum,
1197 4866 1303 4921 sed
1328 4866 1509 4922 etiam
1551 4867 1815 4940 pessiine
1846 4875 2087 4926 necaret
2190 4879 2411 4934 rogans
2467 4868 2530 4919 ut
2587 4864 2666 4920 ob
2722 4865 3122 4920 reverentiam
3168 4868 3223 4921 S.
3287 4865 3439 4921 Petri
3499 4866 3581 4922 ad
3639 4883 3700 4921 se
3754 4864 3837 4919 nii-

415 4951 879 5024 presbyteruml
935 4952 1081 5023 imo,
1134 4954 1301 5026 quod
1357 4955 1531 5026 pejus
1584 4960 1642 5011 et
1698 4958 1940 5027 gravius
1998 4965 2087 5015 est
2190 4968 2306 5008 nus
2356 4954 2661 5025 pigritaret
2716 4954 2932 5011 venire.
2991 4955 3103 5020 Qui
3177 4955 3460 5028 quamvis
3529 4956 3837 5029 aliquantu-

416 5041 702 5098 omnibus
757 5041 1007 5112 maligni
1060 5043 1371 5111 versutiis,
1433 5045 1761 5117 suspendio
1815 5049 2083 5120 corporis
2190 5042 2317 5098 lum
2374 5044 2591 5100 veritus
2658 5049 2813 5101 esset
2876 5044 3229 5113 religionem
3296 5044 3406 5101 viri
3470 5047 3606 5111 Dei,
3665 5053 3833 5102 tamen

415 5129 676 5188 exanimi
729 5131 1044 5204 strophose
1102 5132 1471 5189 simulaverit
1523 5134 1761 5205 ipsum,
1821 5137 1925 5208 qui
1983 5154 2082 5192 su-
2189 5149 2315 5189 non
2366 5134 2632 5205 humilis,
2679 5135 2784 5190 sed
2838 5134 3105 5191 tumidus
3155 5135 3417 5191 advenit.
3473 5140 3625 5193 Ante
3682 5149 3833 5209 quem

416 5233 672 5290 sponsus
720 5225 873 5287 erat,
935 5222 1015 5277 ad
1069 5222 1416 5296 exemplum
1475 5223 1643 5279 Iudae
1712 5225 2083 5283 homicidam
2191 5239 2331 5277 cum
2378 5223 2467 5278 vir
2500 5225 2599 5279 Dei
2639 5225 2701 5279 in
2750 5224 3004 5280 modum
3060 5224 3252 5280 crucis
3300 5229 3455 5281 esset
3506 5230 3831 5299 prostratus,

415 5303 599 5361 fuisse
630 5308 758 5363 sui!
807 5311 951 5364 Ecce
1003 5310 1065 5366 in
1096 5310 1300 5382 palam
1330 5313 1620 5384 processit
1666 5314 1831 5386 quod
1863 5315 1937 5371 de
1975 5315 2080 5371 ab~
2190 5317 2371 5383 atque
2409 5312 2487 5367 ab
2527 5329 2599 5368 eo
2645 5330 2767 5369 non
2818 5314 2944 5369 sine
2996 5313 3394 5370 admiratione
3446 5315 3662 5372 fuisset
3704 5315 3833 5370 leva-

417 5392 702 5447 sconditis
730 5401 1117 5465 peccatorum
1159 5415 1329 5456 sacra
1360 5402 1663 5474 Scriptura
1692 5403 1925 5475 prodit:
1962 5403 2081 5458 Ab-
2190 5406 2304 5471 tus,
2350 5402 2682 5457 humillime
2731 5402 2877 5458 dixit
2920 5403 3000 5460 ad
3055 5419 3232 5459 eum:
3284 5406 3426 5469 Qua:
3461 5406 3683 5462 utilitas
3733 5402 3831 5465 tibi,

418 5476 631 5567 scondi
669 5482 964 5567 tanquam
989 5500 1204 5541 aurum
1259 5493 1506 5560 peccata
1535 5506 1691 5557 mea,
1725 5495 1781 5545 et
1806 5489 1992 5545 celavi
2022 5491 2081 5545 in
2191 5489 2389 5544 senior
2440 5489 2618 5559 bone,
2650 5491 2806 5546 illius
2832 5492 2937 5547 ﬁlii
2986 5493 3103 5548 mei
3149 5493 3466 5562 sanguine,
3501 5512 3687 5567 quem
3733 5500 3829 5548 tan-

419 5560 557 5616 sinu
602 5560 974 5632 iniquitatem
1026 5586 1227 5630 meam
1279 5578 1444 5646 (267).
1495 5580 1636 5643 Quae
1690 5580 1776 5635 ira
1819 5579 2080 5651 odioque
2191 5584 2393 5650 topere
2433 5579 2603 5649 cupis
2652 5580 3026 5637 interfectum
3068 5582 3139 5637 iri
3181 5599 3219 5639 a
3260 5560 3423 5639 tuis?
3454 5560 3593 5655 Ego
3624 5595 3825 5658 pauper

489 5734 640 5804 (267)
680 5732 796 5787 Job
824 5749 984 5795 ml.

2266 5756 2416 5827 (268)
2453 5756 2490 5810 Ι
2507 5756 2673 5816 Petr.
2708 5772 2765 5813 ιν
2786 5760 3014 5830 ;‘Prov.
3047 5776 3102 5815 χ.
