3968 6392
135 303 268 356 1085

903 301 992 354 DE
1031 301 1406 356 MIRACUIJS
1448 301 1504 356 S.
1553 293 1964 352 EMMERAIMI
2002 291 2190 348 LIBRI
2229 295 2392 350 DUO.
2421 323 2490 337 -·-
2523 297 2650 351 LIB.
2693 297 2758 350 II.

127 443 344 480 servus
378 441 692 480 servorum
722 425 824 480 Dei
855 429 911 479 et
941 428 1103 489 tuus,
1136 441 1284 492 rogo
1319 429 1369 479 te
1401 429 1464 479 ut
1485 440 1591 495 per
1619 421 1793 476 mise-
1832 418 1873 470 Α
1909 417 2163 471 audiens
2196 419 2723 475 commanentibus
2756 416 2982 487 grande
3014 415 3346 488 periculum
3402 416 3574 472 incu-

122 515 452 570 ricordiam
479 515 712 569 Domini
743 515 930 568 nostri
955 517 1092 568 Jesu
1117 514 1389 568 animum
1420 519 1589 568 tuum
1613 511 1690 565 ab
1715 510 1799 563 in-

125 609 328 675 cu-pto
361 603 658 658 retrahere
687 603 847 668 velis,
883 607 940 657 et
981 603 1221 670 misero,
1254 603 1356 673 qui
1379 599 1651 670 dignitati
1683 603 1797 652 tuas

121 693 401 747 resistere
433 707 555 746 non
577 695 792 762 potest,
819 707 1063 766 parcere
1091 691 1375 757 digneris.
1414 693 1485 744 At
1537 689 1632 744 ille
1658 702 1797 742 ran-

126 798 265 836 core
301 780 598 852 superbiaa
633 780 842 844 elatus,
878 786 1057 851 atque
1091 779 1317 834 inimici
1347 778 1600 833 stimulis
1658 793 1796 831 exa-

130 875 428 942 speratus,
485 871 832 939 juramento
892 871 1250 924 sacramenti
1302 868 1562 924 afﬁrmat
1616 867 1798 921 vitam

130 959 443 1031 propriam
483 975 604 1013 non
636 959 916 1013 libentius
945 959 1094 1013 velle
1129 958 1295 1026 tueri,
1326 975 1513 1029 quam
1540 959 1652 1012 hoc
1709 955 1798 1010 vel

132 1066 238 1120 per
271 1065 331 1103 se
361 1048 454 1102 vel
483 1065 589 1120 per
611 1065 751 1102 suos
780 1048 1031 1114 etlicei'e,
1065 1053 1128 1102 ut
1158 1049 1287 1118 ejus
1345 1048 1458 1102 vita
1520 1063 1629 1118 pro
1675 1062 1798 1117 quo

131 1144 255 1193 tam
279 1137 501 1191 obnixe
529 1138 713 1192 homo
749 1137 847 1191 Dei
903 1136 1301 1208 supplicabat,
1363 1136 1556 1207 possit
1610 1140 1799 1189 extor-

129 1227 306 1297 queri
333 1232 388 1280 et
417 1226 735 1293 exstingui.
775 1225 941 1279 Tunc
973 1225 1216 1279 humilis
1273 1225 1609 1280 monachus
1672 1240 1798 1277 ma-

130 1314 220 1380 gis
254 1330 363 1385 pro
387 1329 457 1368 eo
485 1330 672 1384 quam
703 1330 813 1386 pro
867 1313 1009 1378 tilio,
1057 1313 1339 1384 lacrymis
1391 1313 1643 1374 infusus,
1674 1311 1754 1365 ait
1783 1328 1794 1365 :

136 1403 253 1468 Eia,
288 1403 401 1466 eia,
430 1402 674 1457 domine
704 1402 997 1472 Aginulfe,
1031 1419 1220 1474 quam
1247 1403 1499 1457 libenter
1528 1407 1584 1456 et
1612 1417 1798 1472 quam

133 1491 475 1547 necessario
506 1492 739 1559 vellem,
772 1492 819 1545 si
849 1493 1110 1564 peccatis
1143 1492 1291 1547 meis
1331 1492 1653 1546 Dominum
1703 1506 1796 1544 ro-

131 1597 273 1648 gare
305 1580 684 1644 auderem,ut
708 1585 767 1634 tu
787 1580 1017 1634 videres
1041 1581 1200 1635 hunc
1229 1581 1400 1649 cujus
1423 1597 1528 1651 per
1551 1595 1797 1646 sugges-

131 1670 355 1724 tionem
386 1667 692 1723 homicidii
723 1669 1063 1724 amaritudo
1120 1670 1273 1724 adeo
1327 1669 1430 1724 tibi
1487 1668 1799 1722 dulcorata

131 1764 242 1822 est,
278 1775 400 1829 quo
432 1774 541 1812 nec
571 1757 650 1812 ob
685 1757 1156 1812 misericordiam
1190 1759 1311 1824 Dei,
1358 1774 1552 1828 neque
1597 1757 1676 1811 ob
1707 1773 1796 1811 re-
1835 1775 1876 1826 Β

128 1849 398 1902 verentia
424 1847 585 1902 beati
615 1847 762 1900 Petri
793 1865 829 1902 a
889 1852 1050 1902 tanto
1103 1847 1264 1901 malo
1320 1847 1463 1901 velis
1517 1846 1792 1901 inhiberi.

133 1937 384 1990 Confido
407 1936 466 1990 in
502 1935 754 1990 Domino
777 1936 920 2006 quia
954 1936 1000 1990 si
1027 1936 1196 1990 illum
1249 1937 1498 2001 videres,
1527 1935 1799 1990 animum

132 2028 258 2080 sine
293 2025 576 2080 dilatione
609 2031 898 2080 mutares.
933 2025 1031 2079 llis
1062 2030 1118 2079 et
1158 2025 1574 2093 hujuscemodi
1628 2024 1800 2078 dictis

131 2120 189 2169 et
219 2115 458 2180 auditis,
493 2114 638 2169 abiit
665 2115 768 2186 qui
801 2118 1048 2169 vocatus
1081 2121 1345 2180 venerat,
1371 2115 1586 2169 mentis
1615 2114 1797 2168 obsti—

134 2210 290 2259 nata-3
323 2221 528 2259 secum
557 2220 711 2258 onus
740 2209 1004 2275 portans.
1049 2207 1263 2258 Verum
1320 2205 1594 2275 proxima
1628 2209 1798 2258 nocte

134 2298 318 2348 sensit
347 2310 454 2365 per
483 2293 817 2365 principem
869 2293 1252 2348 tenebrarum
1311 2295 1637 2364 mortisque
1696 2294 1800 2346 nii-

133 2383 386 2437 nistrum
405 2383 570 2454 quod
601 2382 943 2437 faciendum
967 2383 1312 2454 proterviter
1333 2383 1593 2436 decrevit
1613 2399 1798 2454 quam

134 2473 284 2526 foret
313 2472 643 2526 sinistrum.
675 2475 823 2526 Nam
857 2472 916 2525 in
943 2472 1140 2542 prima
1165 2471 1361 2540 vigilia
1404 2471 1613 2536 noctis,
1668 2472 1799 2542 ipso

131 2561 413 2625 Aginulfo
445 2577 582 2614 cum
611 2561 865 2630 conjuge
894 2577 1003 2614 sua
1029 2560 1089 2614 in
1119 2561 1271 2615 lecto
1327 2561 1684 2618 decubante.
1746 2566 1802 2614 et

131 2651 507 2721 petiissequis
534 2650 903 2722 puellaribus
934 2650 993 2703 in
1017 2650 1303 2704 conclave
1329 2650 1455 2719 jam
1503 2655 1685 2704 strata
1712 2651 1798 2704 fo-

131 2739 431 2804 ventibus,
461 2754 570 2792 nec
604 2754 725 2791 non
759 2753 881 2807 prae
921 2736 1152 2792 foribus
1187 2737 1566 2792 cubiculariis
1625 2755 1800 2792 exeu-

131 2827 445 2894 bautibus,
480 2826 677 2880 subito
709 2826 991 2896 apparuit
1018 2826 1284 2897 [Ethiops
1317 2827 1396 2880 ad
1425 2827 1802 2882 t'ornaculum

132 2921 324 2984 stans,
351 2916 455 2987 qui
485 2915 662 2984 lignis
702 2915 780 2969 ad
807 2931 1034 2986 prunas
1059 2915 1186 2984 jam
1221 2917 1438 2985 partim
1499 2922 1802 2970 emortuas

131 3005 424 3077 appositis
448 3006 648 3073 ignem
669 3003 936 3058 aﬂlando
960 3003 1285 3070 succendit,
1316 3009 1494 3076 atque
1521 3010 1802 3059 terrorem

132 3112 274 3149 cum
306 3099 546 3166 stupore
573 3093 929 3148 horribiliter
959 3093 1050 3147 his
1081 3093 1183 3163 qui
1233 3093 1482 3148 aderant
1537 3094 1802 3158 incussit,

131 3202 245 3240 nec
278 3200 399 3238 non
433 3199 584 3254 pene
608 3182 882 3236 omnium
909 3183 1036 3236 haec
1062 3183 1417 3236 intuentium
1453 3183 1603 3237 vires
1633 3200 1801 3237 ener-

137 3290 292 3328 vans
343 3272 494 3327 adeo
525 3272 807 3335 excussit,
838 3276 919 3337 ut,
953 3288 1090 3326 cum
1112 3273 1450 3327 necessario
1494 3273 1661 3343 loqui
1716 3278 1801 3328 at-

133 3380 254 3434 que
289 3361 600 3431 signaculo
629 3361 822 3416 crucis
863 3361 952 3415 vel
980 3362 1119 3416 ﬁdei
1143 3362 1412 3416 inunime
1473 3362 1710 3424 signare
1744 3379 1803 3416 se

137 3452 372 3521 vellent,
409 3468 530 3507 non
564 3451 760 3506 solum
791 3451 904 3506 hoc
943 3452 1209 3522 proticue
1243 3451 1435 3506 facere
1467 3453 1800 3523 nequirent,

134 3541 240 3595 sed
270 3556 377 3595 nec
412 3540 624 3595 saltem
655 3540 868 3594 mutire
908 3545 1172 3610 possent,
1208 3544 1456 3610 excepto
1502 3541 1665 3610 quod
1701 3555 1805 3610 per

135 3635 326 3685 totam
373 3634 613 3683 noctem
666 3627 1083 3682 miserabiliter
1113 3627 1444 3693 ululabant,
1499 3627 1802 3680 dentibus-

133 3735 254 3790 que
285 3718 650 3772 incessanter
678 3715 1026 3770 stridebant.
1049 3715 1215 3769 Tunc
1246 3715 1530 3769 dominus
1559 3716 1800 3781 domus,

131 3808 263 3879 ipse
293 3806 560 3861 videlicet
591 3803 924 3873 Aginulfus,
956 3802 1167 3857 videns
1195 3803 1505 3857 diabolum
1530 3803 1804 3857 cominus

136 3902 419 3965 stantem,
456 3900 512 3950 et
545 3893 722 3966 quasi
754 3893 831 3948 ad
863 3893 1063 3947 focum
1115 3908 1176 3945 se
1220 3892 1689 3956 calefacientem,
1739 3893 1803 3946 ti-

136 3986 290 4042 muit
310 3985 480 4040 valde
511 4000 583 4038 ne
617 3985 664 4038 is
697 3982 801 4055 qui
831 3998 903 4037 ex
933 3981 1262 4053 improviso
1295 3982 1676 4049 adveniebat,
1722 3981 1808 4035 ni-

138 4092 263 4144 ger,
299 4074 591 4145 hispidus,
625 4073 903 4127 horridus
930 4073 1173 4143 hospes,
1209 4076 1501 4141 potestate
1545 4072 1806 4141 desuper

135 4166 299 4232 data,
333 4181 393 4218 se
426 4164 580 4218 intra
601 4162 968 4218 domesticos
991 4161 1245 4232 parietes
1270 4178 1299 4215 e
1325 4161 1522 4214 medio
1550 4165 1800 4232 raperet,

138 4262 196 4309 et
224 4253 627 4309 infelicissime
660 4269 798 4307 cum
827 4251 960 4306 ﬁliis
993 4251 1279 4320 gehennae
1333 4267 1509 4304 suum
1568 4267 1637 4304 ex
1697 4250 1805 4304 ad-

138 4361 290 4400 vena
320 4343 721 4397 domesticum
755 4342 990 4396 faceret.
1027 4340 1180 4405 Quid
1207 4342 1456 4407 ageret?
1488 4340 1634 4411 quid
1663 4355 1805 4394 con-

140 4434 252 4488 silii
280 4438 519 4504 caperet
547 4433 572 4486 ‘I
605 4431 882 4487 maximis
916 4429 1254 4501 implicatus
1287 4430 1597 4499 angustiis,
1639 4429 1805 4500 quod

140 4522 512 4578 horrendum
544 4522 690 4576 vidit
721 4519 1152 4576 eﬂ'ariminime
1183 4519 1390 4590 quivit.
1422 4525 1641 4573 Omnes
1674 4533 1802 4589 per-

142 4630 303 4668 sona:
335 4612 492 4667 illius
524 4611 808 4667 clientclte
851 4614 1168 4665 trementes
1198 4607 1484 4664 dolebant
1531 4608 1590 4662 in
1640 4623 1805 4661 com-

139 4719 350 4769 mune,
412 4718 599 4757 unam
650 4700 1049 4771 eamdemque
1108 4714 1352 4770 poenam
1425 4696 1808 4768 patiebantur

144 4794 426 4859 universa
462 4790 574 4845 sub
606 4789 814 4844 mortis
847 4787 1334 4844 comminatione.
1368 4786 1633 4842 Tandem
1666 4785 1810 4841 inte-

143 4883 296 4938 riore
327 4880 570 4936 homine
612 4895 903 4934 arcanum
929 4893 1114 4932 sacrae
1157 4876 1295 4930 ﬁdei
1346 4881 1806 4946 rememorante,

145 4972 323 5042 coepit
347 4971 524 5026 corde
558 4976 728 5024 tenus
760 4966 1013 5039 psallere
1049 4985 1061 5028 ;
1089 4966 1216 5034 jam
1244 4965 1405 5019 enim
1424 4964 1624 5018 didicit
1658 4965 1810 5035 psal-

144 5078 301 5127 mos,
326 5076 446 5114 non
472 5059 572 5114 illa
598 5063 769 5113 nocte
802 5073 906 5127 per
935 5054 1200 5110 ofﬁcium
1231 5055 1350 5109 oris
1383 5054 1566 5110 verba
1625 5053 1810 5124 profe-

143 5167 300 5216 rens,
337 5148 444 5202 sed
477 5153 660 5204 totam
692 5147 814 5201 vim
847 5144 1114 5217 corporis
1139 5149 1194 5199 et
1225 5143 1442 5199 animae
1475 5159 1613 5196 cum
1642 5143 1813 5198 silen-

146 5240 223 5294 tio
259 5253 447 5306 usque
497 5235 574 5289 ad
620 5235 815 5289 lucem
870 5233 930 5288 in
992 5236 1175 5287 Deum
1236 5235 1606 5286 convertens.
1657 5231 1810 5286 Tum

148 5324 424 5382 l’salterio
456 5339 577 5378 non
608 5329 856 5378 externa
878 5321 982 5377 sed
1012 5321 1246 5376 interna
1273 5319 1550 5374 cantione
1587 5335 1622 5374 a
1653 5319 1811 5391 prin-

146 5416 300 5488 cipio
335 5429 522 5484 usque
551 5413 628 5467 ad
679 5411 906 5468 calcem
961 5411 1242 5484 perlecto,
1295 5409 1608 5465 clementia
1656 5408 1812 5464 illius

144 5505 249 5576 qui
275 5502 422 5558 tollit
447 5506 695 5574 peccata
724 5502 957 5568 mundi,
990 5502 1088 5555 vix
1117 5516 1254 5554 cum
1289 5499 1412 5553 suis
1440 5498 1518 5553 ab
1574 5497 1814 5553 infesta-

147 5595 303 5649 tione
334 5591 634 5646 diabolica
675 5591 891 5646 meruit
939 5589 1202 5659 liberari,
1264 5593 1443 5660 atque
1500 5586 1812 5644 Christiani

147 5699 358 5738 sensus
385 5697 614 5750 magna
656 5679 1004 5753 potentique
1062 5677 1253 5747 gratia
1308 5676 1621 5733 revisitari.
1679 5674 1809 5742 Qui,

147 5772 286 5829 solis
313 5771 528 5842 jubare
554 5775 744 5827 terras
775 5769 1157 5836 relustrante,
1180 5783 1289 5839 per
1347 5763 1814 5835 verbaconjugis

1907 505 2107 560 buisse
2133 509 2409 562 nocturni
2444 508 2690 571 timoris,
2720 507 2868 562 dixit
2902 525 2912 562 :
2943 509 3068 561 Non
3089 506 3302 574 ignoro
3331 511 3576 578 propter

1907 602 2153 667 peccata
2187 614 2322 652 mea
2354 598 2582 654 malum
2609 598 2724 652 hoc
2751 595 3244 665 accidisse,quod
3274 601 3358 651 tot
3377 597 3575 652 homi-

1907 702 2012 739 nes
2042 686 2286 755 contigit
2317 704 2422 759 per
2444 693 2629 743 totam
2662 691 2899 741 noctem
2931 684 3186 754 graviter
3237 684 3575 742 laborando

1907 775 2149 830 insimul
2179 777 2413 833 vidisse.
2445 778 2669 833 Idcirco
2701 777 2779 832 ad
2811 776 3004 830 virum
3029 775 3150 840 Dei,
3209 790 3393 845 quem
3435 776 3574 831 hes-

1909 871 2074 922 terna
2104 866 2200 921 dei
2232 868 2487 939 superbe
2519 865 2883 938 contempsi;
2904 864 3082 920 hodie
3106 863 3251 919 mihi
3273 865 3574 921 humiliter

1906 955 2322 1026 repedandum
2347 957 2506 1012 novi.
2542 960 2607 1011 Et
2637 955 2950 1011 confestim
2981 969 3237 1025 pergens
3261 969 3386 1026 quo
3432 971 3576 1011 eun-

1866 1094 1869 1096 .
1907 1045 2053 1100 dum
2080 1046 2361 1116 decrevit,
2391 1047 2683 1102 advocato
2713 1046 2824 1101 viri
2857 1045 2954 1101 Dei
2999 1049 3163 1112 nato,
3224 1044 3352 1100 solo
3402 1050 3574 1101 tenus

1925 1151 2112 1189 Horam
2145 1152 2221 1191 eo
2247 1141 2600 1208 prostratus,
2630 1135 3046 1209 pcenitentiam
3103 1134 3223 1203 egit
3277 1151 3458 1207 super
3505 1152 3577 1191 eo

1905 1225 2071 1294 quod
2101 1225 2281 1295 priori
2313 1225 2409 1279 die
2430 1227 2583 1280 adeo
2603 1223 2987 1280 inexorabilis
3019 1223 3257 1291 exstitit,
3290 1239 3400 1278 nec
3450 1239 3572 1280 non

1905 1329 2118 1385 pacem
2151 1313 2303 1368 ultro
2333 1314 2385 1368 ei
2411 1314 2643 1378 obtulit,
2675 1331 2812 1368 cum
2843 1330 2977 1368 eam
3027 1313 3172 1367 dare
3195 1312 3360 1383 prius
3391 1316 3573 1368 etiam

1908 1407 2152 1469 rogatus
2186 1404 2497 1458 recusavit.
2533 1403 2714 1472 Cujus
2746 1403 2828 1457 rei
2854 1401 3041 1471 gratia
3069 1401 3253 1456 homo
3287 1401 3385 1455 Dei
3437 1401 3574 1456 laeti-

1908 1492 2143 1558 ticatus,
2174 1491 2572 1562 Omnipoterti
2600 1491 2954 1556 magnificas
3007 1493 3203 1558 grates
3248 1489 3463 1552 retulit,
3520 1493 3576 1543 et

1908 1580 2296 1634 nihilominus
2327 1581 2524 1635 omnis
2548 1581 2737 1652 plebs,
2771 1585 2831 1634 ut
2861 1579 3108 1645 audivit,
3137 1579 3420 1633 humanae
3467 1579 3575 1633 du-

1907 1669 2049 1723 ritia:
2081 1669 2480 1724 molliticatori
2509 1669 2720 1724 laudes
2752 1669 2934 1723 dedit.
2970 1687 2998 1719 ›

2526 1759 2571 1811 Α
2584 1758 2953 1811 mmom’rius.

1981 1868 2005 1892 ‹‹
2051 1845 2246 1899 Placet
2275 1845 2440 1910 mihi,
2478 1848 2682 1910 fateor,
2737 1844 3026 1900 sententia
3067 1859 3254 1915 quam
3312 1842 3392 1898 ob
3438 1857 3576 1914 pro-

1908 1934 2175 1988 dendam
2201 1934 2376 1988 simul
2409 1940 2465 1988 et
2495 1935 2831 1989 cavendam
2863 1933 3262 2001 suggestionis
3323 1930 3575 1987 diaboli-

1909 2039 1993 2075 cae
2027 2022 2316 2076 malitiam
2345 2023 2624 2094 proximo
2651 2021 3016 2093 descripsisti
3075 2020 3356 2092 capitulo,
3411 2033 3571 2091 quas,

1911 2118 1974 2166 ut
2004 2112 2238 2165 videtur
2276 2128 2423 2166 meae
2469 2111 2768 2182 parvitati,
2792 2127 2914 2166 non
2963 2109 3451 2165 inconvenienter
3493 2108 3577 2164 vi-

1911 2201 2000 2254 sio
2030 2201 2165 2254 viva
2198 2206 2391 2273 potest
2415 2201 2551 2264 dici,
2576 2201 2719 2272 quia
2747 2216 2853 2272 per
2883 2216 3018 2254 eam
3063 2198 3342 2254 inimicus
3390 2198 3575 2252 homo

1911 2305 1945 2344 a
1975 2294 2166 2344 morte
2197 2289 2453 2361 proximi
2488 2294 2576 2344 est
2633 2288 2988 2360 prohibitus,
3023 2292 3202 2358 atque
3235 2286 3408 2342 vivus
3434 2302 3573 2340 cum

1911 2378 2043 2432 vivo
2087 2379 2141 2432 in
2176 2380 2430 2445 gratiam
2462 2379 2805 2432 communis
2853 2376 3244 2432 humanitatis
3295 2374 3576 2430 vivaciter

1909 2471 1996 2522 est
2024 2468 2325 2522 reductus.
2355 2470 2431 2521 De
2463 2473 2695 2532 caetero,
2728 2468 2892 2538 quod
2933 2466 3149 2520 insidet
3208 2465 3433 2529 animo,
3493 2463 3580 2545 di:

1909 2557 2144 2611 lectioni
2179 2561 2291 2611 tum
2333 2555 2648 2611 consilium
2703 2555 2802 2617 do,
2865 2560 2926 2608 ut
2984 2554 3296 2626 praesentis
3351 2551 3576 2619 dialogl

1913 2646 2158 2700 claudas
2194 2646 2436 2714 librum,
2467 2661 2538 2698 ne
2568 2645 2713 2699 forte
2741 2645 2920 2698 unius
2949 2643 3273 2698 voluminis
3296 2640 3578 2714 probabi-

1912 2735 2028 2790 lem
2060 2752 2128 2789 ex
2138 2735 2307 2790 cedat
2329 2734 2600 2789 modum.
2642 2757 2666 2782 ››

2551 2823 2944 2878 Collectitz’us.

1989 2933 2016 2964 ‹
2050 2912 2336 2977 Quamvis
2371 2911 2511 2965 mihi
2540 2927 2664 2965 non
2710 2910 2782 2964 sit
2820 2925 2931 2981 pro
2984 2922 3210 2976 magno
3260 2904 3576 2976 dijudicari

1916 3000 1993 3054 ab
2020 3001 2263 3054 homine
2291 2999 2380 3054 vel
2412 2999 2490 3054 ab
2520 2999 2790 3053 humano
2820 2997 2937 3065 die,
2970 3000 3170 3052 tamen
3194 2996 3274 3051 ita
3299 2999 3414 3050 tua)
3440 2995 3576 3048 cha-

1916 3090 2068 3144 ritati
2096 3095 2329 3160 meapte
2361 3089 2622 3160 probum
2663 3087 2897 3142 videtur
2942 3101 3304 3141 :onsensum
3363 3083 3452 3150 iri,
3516 3087 3580 3138 ut

1915 3179 2274 3234 narrationis
2305 3178 2608 3246 gressibus
2638 3177 2695 3231 in
2731 3175 2980 3230 Galliam
3005 3190 3283 3247 pergens,
3315 3173 3578 3245 primum

1915 3269 1975 3324 in
2007 3285 2078 3323 ea
2098 3268 2323 3323 factum
2353 3272 2598 3334 tangam
2658 3265 2860 3337 aliquo
2915 3264 3081 3336 quod
3124 3261 3460 3332 legentibus
3516 3264 3573 3316 et

1915 3357 2300 3414 audientibus
2328 3357 2467 3411 utile
2497 3356 2588 3422 sit,
2621 3355 2758 3410 dein
2818 3354 3061 3409 tendam
3117 3352 3193 3408 ad
3257 3350 3578 3406 voluminis

1914 3450 2119 3504 tinem.
2149 3452 2446 3517 quatenus
2472 3444 2553 3499 ibi
2585 3446 2782 3498 fervor
2805 3442 3071 3497 dictandi
3100 3446 3155 3496 et
3178 3439 3478 3494 scribendi
3499 3439 3580 3494 ad

1916 3541 2152 3607 tempus
2183 3534 2472 3606 quiescat,
2505 3533 2628 3588 sive
2660 3532 3015 3596 decalescat,
3041 3529 3143 3584 ubi
3175 3528 3282 3595 sol,
3311 3528 3578 3598 quotidie

1916 3626 1989 3680 ad
2025 3639 2311 3678 occasum
2341 3637 2617 3690 vergens,
2652 3619 2882 3674 mundo
2913 3618 3185 3673 absentia
3217 3633 3327 3670 sua
3388 3617 3577 3672 noctis

1917 3714 2191 3769 tenebras
2218 3710 2596 3765 infundendo
2622 3708 3080 3780 quodammodo
3111 3705 3320 3761 ardere
3348 3721 3453 3760 seu
3493 3705 3578 3759 lu-

1916 3819 2045 3860 cere
2069 3800 2423 3856 mortalibus
2463 3803 2678 3854 cessat.

1991 3917 2015 3940 ‹‹
2063 3894 2200 3945 Erat
2227 3890 2478 3961 quidam
2507 3888 2725 3943 nobilis
2752 3888 2933 3942 homo
2960 3886 3245 3941 habitans
3276 3885 3337 3940 in
3366 3884 3578 3940 Gallia-

1915 3999 2050 4038 rum
2082 3995 2288 4048 regno,
2318 3979 2422 4051 qui
2445 3995 2504 4032 se
2536 3976 2778 4032 assidue
2809 3976 2867 4030 in
2910 3976 3225 4031 venatione
3268 3974 3419 4030 inter
3465 3973 3582 4029 alia

1917 4083 2222 4130 exercens,
2252 4067 2346 4123 die
2379 4067 2648 4139 quadam
2679 4082 2861 4138 quem
2901 4064 3316 4120 necessarium
3368 4062 3580 4119 habuit

1917 4157 1992 4211 ad
2026 4157 2276 4210 domum
2309 4156 2565 4211 reditum
2592 4154 2882 4227 protraxit
2911 4169 3105 4225 usque
3123 4152 3200 4207 ad
3227 4151 3344 4206 diei
3366 4151 3581 4206 noctis-

1917 4263 1984 4300 te
2007 4245 2447 4317 crepusculum.
2482 4247 2642 4300 Tunc
2692 4243 2846 4298 illius
2899 4241 3152 4298 canibus
3199 4239 3581 4312 vulpeculam

1919 4335 2089 4389 solito
2117 4334 2571 4405 insequentibus
2603 4337 2658 4388 et
2682 4332 2967 4398 ingressis
3018 4330 3336 4400 cujusdam
3387 4343 3583 4382 caver-

1919 4423 2094 4478 nulas
2124 4423 2365 4491 montis,
2397 4422 2681 4476 dominus
2705 4426 2760 4475 et
2786 4420 2984 4474 senior
3023 4418 3197 4474 valde
3239 4417 3449 4472 dolens
3480 4433 3580 4471 sus

1921 4529 2026 4584 per
2053 4511 2286 4566 interitu
2312 4510 2664 4564 corumdem
2698 4525 2940 4577 canum,
2970 4508 3111 4579 quia
3152 4523 3276 4561 non
3307 4509 3583 4576 poterant

1919 4600 2099 4654 videri
2131 4616 2326 4671 neque
2355 4597 2567 4662 audiri,
2603 4597 2762 4651 misit
2790 4596 2863 4650 de
2921 4595 3045 4649 suis
3084 4594 3373 4649 militibus
3401 4597 3582 4664 atque

1919 4689 2236 4746 comitibus
2269 4688 2370 4760 qui
2394 4687 2505 4742 sibi
2553 4687 2626 4741 de
2655 4685 2941 4757 proximis
2973 4683 3125 4739 villis
3181 4683 3384 4752 ignem
3442 4695 3581 4736 eum

1918 4780 2142 4836 lumine
2164 4778 2463 4842 afferrent,
2493 4776 2832 4849 pariterque
2864 4775 3036 4828 funes
3063 4789 3203 4827 cum
3255 4771 3451 4841 longis
3482 4785 3579 4825 or-

1918 4868 2163 4924 dinibus
2191 4868 2507 4934 deferrent,
2535 4865 2756 4937 quibus
2803 4862 3121 4918 cavitatem
3177 4860 3399 4916 montis
3442 4860 3581 4914 des-

1921 4958 2239 5014 cendentes
2276 4957 2491 5012 intrare
2541 4954 2823 5009 valerent.
2883 4956 3150 5022 Cumque
3179 4966 3336 5004 unus
3365 4965 3438 5004 ex
3467 4947 3580 5003 illis

1919 5048 2023 5121 qui
2052 5051 2188 5119 post
2217 5046 2418 5113 ignem
2445 5050 2501 5100 et
2550 5042 2848 5098 t'uniculos
2897 5040 3066 5096 missi
3125 5043 3292 5094 erant
3348 5054 3455 5111 per
3502 5036 3584 5092 fo-

1921 5153 2128 5193 ramen
2154 5136 2414 5198 intraret,
2449 5139 2505 5188 et
2543 5133 2701 5187 intus
2747 5131 2852 5185 diu
2902 5128 3280 5200 nimiumque
3339 5131 3580 5193 erraret,

1920 5227 2164 5284 tandem
2208 5225 2284 5279 ad
2334 5223 2652 5278 buccinam
2712 5219 3108 5288 cornicinum,
3163 5234 3298 5289 quae
3349 5217 3584 5272 interim

1921 5316 2062 5370 foris
2096 5313 2488 5386 persultabat,
2518 5311 2618 5386 vix
2639 5309 2948 5365 reﬂectens
2981 5307 3090 5362 iter
3137 5306 3216 5361 ad
3265 5306 3584 5361 dominum

1919 5385 2229 5475 repedavit
2260 5418 2456 5465 suum,
2501 5404 2557 5454 et
2585 5385 2734 5452 dixit
2768 5396 2847 5451 ad
2901 5411 3086 5450 eum:
3137 5394 3408 5464 Domine,
3472 5393 3585 5449 ista

1920 5497 2214 5549 montana
2244 5493 2380 5544 sunt
2401 5487 2608 5543 omnia
2640 5501 2807 5553 cava,
2842 5501 2912 5539 ac
2939 5484 3158 5540 horum
3189 5483 3469 5539 interiora
3496 5482 3583 5537 vi-

1922 5583 2136 5636 dentur
2159 5580 2336 5652 quasi
2361 5578 2523 5647 regio
2577 5576 2835 5642 deserta,-
2889 5577 2963 5643 ct,
3017 5572 3131 5629 nisi
3179 5574 3327 5628 mihi
3382 5575 3584 5643 tuapte

1923 5671 2227 5741 adjutores
2253 5670 2470 5723 dentur
2498 5667 2603 5739 qui
2633 5666 2804 5721 funes
2829 5680 2969 5719 cum
2992 5662 3306 5719 ordinibus
3327 5661 3579 5724 trahant,

1919 5768 1976 5818 et
2003 5776 2110 5832 per
2140 5775 2426 5817 saxorum
2455 5757 2810 5830 asperitates
2840 5759 3174 5812 sustentare
3224 5752 3354 5808 illas
3382 5749 3580 5805 minus
