3910 6398
406 293 537 345 1087

401 412 723 479 fastidiant,
752 413 1041 484 certisque
1074 414 1402 484 spatiorum
1415 412 1559 468 locis
1593 406 2040 479 divisi‘vigilan-
2077 417 2120 466 A

402 503 631 558 tissima
658 519 752 557 me
792 503 1173 557 cumlumine
1213 502 1583 574 praecedente
1631 500 2045 574 praestolentur

403 592 692 659 custodia,
716 607 822 645 nec
851 607 1032 662 quem
1062 591 1241 645 mittis
1263 591 1414 646 ultra
1452 591 1703 659 videbis,
1736 595 1793 645 et
1844 594 2044 645 tamen

403 679 651 735 canibus
682 679 741 732 in
765 682 1049 733 aeternum
1079 679 1328 734 carebis.
1360 683 1485 734 Non
1514 680 1673 734 enim
1718 694 1892 750 spero
1950 693 2044 732 me

403 782 473 821 ex
495 770 578 820 tot
607 764 972 820 anfractibus
1026 782 1203 838 posse
1250 766 1463 836 redire,
1496 767 1630 835 nisi,
1662 770 1778 821 Deo
1835 780 2045 820 conce-

402 854 598 922 dente,
632 853 937 923 contingat
965 856 1314 927 parvitatem
1336 872 1535 911 meam
1579 872 1717 911 cum
1763 854 2048 910 funiculo-

403 959 540 997 rum
570 944 975 998 attrectatione
1006 944 1289 999 continua
1346 944 1597 1000 salutem
1646 943 2043 999 concambire.

410 1030 563 1096 Quid
592 1030 781 1086 multa
810 1031 837 1086 ?
892 1033 1111 1087 Eodem
1142 1039 1446 1087 momento
1476 1050 1614 1087 cum
1643 1034 1734 1088 his
1777 1048 1931 1104 quos
1986 1032 2047 1086 in

404 1119 771 1189 adjutorium
812 1120 1049 1192 petebat
1084 1121 1387 1190 ingressus
1453 1126 1539 1176 est
1592 1120 1681 1176 vir
1732 1121 1951 1186 denuo,
1993 1126 2050 1175 et

406 1208 756 1279 aliquandiu
778 1208 1020 1263 restium
1047 1208 1265 1263 ducatu
1315 1208 1646 1264 incedendo
1685 1225 1887 1264 moras
1919 1224 2045 1280 per-

404 1312 615 1367 pessus
646 1300 732 1350 est
779 1312 1012 1365 exosas,
1054 1298 1350 1369 quamvis,
1383 1303 1447 1352 ut
1474 1298 1662 1352 exitus
1704 1297 1787 1352 rei
1832 1297 2048 1369 proba-

405 1384 501 1449 vit,
529 1400 650 1439 non
680 1383 1097 1439 infructuosas.
1130 1389 1275 1441 Nam
1301 1402 1440 1441 cum
1469 1386 1712 1441 luminis
1770 1384 2047 1458 deporta-

404 1471 562 1526 tione
590 1472 933 1544 oppidoque
964 1474 1297 1529 necessaria
1327 1474 1388 1529 in
1420 1474 1478 1529 id
1512 1480 1744 1547 tempus
1801 1473 2051 1529 admini-

406 1559 705 1625 stratione,
740 1560 1031 1629 angulum
1070 1562 1397 1633 quemdam
1454 1563 1762 1618 horridum
1788 1561 2051 1618 offende-

405 1652 491 1702 ret
521 1663 589 1702 ac
622 1648 1024 1718 tenebrosum,
1055 1652 1282 1721 aspexit
1307 1651 1459 1705 duos
1480 1652 1753 1706 homines
1779 1651 2050 1706 cominus

406 1740 627 1791 stantes
656 1743 711 1792 et
740 1738 1127 1793 nihilominus
1157 1739 1386 1811 lapides
1418 1757 1556 1795 cum
1588 1740 1816 1795 tribulis
1849 1740 2048 1794 ferreis
2083 1756 2126 1808 Β

405 1823 762 1880 horribiliter
779 1826 1160 1891 ﬂagellantes.
1206 1828 1372 1883 Tunc
1401 1829 1781 1897 investigator
1806 1844 2048 1895 canum,

406 1914 485 1968 ob
524 1915 823 1970 insolitam
856 1917 1149 1972 visionem
1180 1919 1508 1987 exterritus,
1534 1934 1819 1990 moreque
1845 1919 2056 1973 buma-

407 2017 499 2055 nae
534 2001 865 2070 fragilitatis
891 2020 1043 2075 pene
1085 2004 1211 2059 solo
1269 2010 1439 2060 tenus
1492 2005 1812 2077 collapsus,
1844 2005 2050 2073 fugam

405 2090 551 2144 inire
582 2092 832 2161 paravit.
873 2093 986 2147 Sed
1013 2108 1151 2147 eum
1181 2094 1485 2165 prohibuit
1508 2111 1663 2149 unus
1694 2111 1763 2149 ex
1815 2094 2052 2149 tribula-

408 2179 657 2245 toribus,
680 2179 883 2234 dicens
912 2198 924 2234 :
959 2184 1036 2235 Ne
1054 2182 1247 2249 fugias
1276 2198 1469 2254 neque
1490 2199 1731 2254 paveas,
1764 2185 2050 2256 quoniam

407 2282 514 2339 per
544 2268 1014 2324 misericordiam
1050 2271 1280 2325 Domini
1316 2271 1499 2325 nostri
1548 2274 1683 2326 Jesu
1714 2272 1918 2327 Christi
1975 2272 2051 2327 ad

408 2355 524 2410 hoc
553 2355 669 2411 huc
697 2357 918 2411 missus
944 2374 1006 2413 es
1038 2364 1101 2413 ut
1126 2358 1324 2414 dicam
1356 2359 1458 2414 tibi
1506 2361 1640 2431 quis
1674 2363 1806 2430 sim,
1862 2366 1918 2417 et
1948 2378 2053 2416 cur

409 2443 506 2498 hic
538 2444 595 2497 in
626 2449 789 2499 tanta
820 2445 1193 2501 tribulatione
1221 2452 1303 2502 tot
1345 2463 1643 2502 annorum
1698 2448 2049 2513 evolutione,

412 2532 693 2586 steterim.
727 2539 772 2587 Α
804 2550 947 2605 quo,
972 2534 1075 2605 qui
1106 2536 1288 2606 paulo
1302 2542 1437 2590 ante
1467 2551 1572 2607 per
1592 2536 2051 2592 imbecillitatem

410 2621 629 2676 exstitit
688 2622 964 2693 pavidus,
1044 2624 1247 2679 audito
1302 2624 1509 2679 Christi
1551 2626 1814 2692 nomine,
1860 2627 2049 2682 factus

410 2708 573 2764 fortis
604 2714 658 2763 et
712 2710 963 2775 validus,
994 2712 1403 2766 sciscitabatur
1455 2713 1803 2783 hujusmodi
1856 2716 2054 2770 verbis

407 2796 771 2870 proloqucns
806 2816 816 2852 :
847 2799 995 2863 Quid
1026 2805 1091 2855 tu
1122 2801 1215 2855 hic
1235 2804 1261 2856 ‘.’
1288 2807 1388 2855 aut
1408 2818 1595 2873 quare
1622 2803 1749 2857 talis
1772 2809 1827 2858 et
1857 2808 2052 2859 tantus

408 2886 613 2950 homo,
679 2903 862 2959 quem
910 2888 969 2942 in
1027 2890 1245 2944 saeculo
1300 2890 1642 2959 judicialem
1681 2897 1738 2946 et
1767 2894 2051 2948 curialem

410 2974 685 3043 cognovi,
712 2991 1022 3048 nuperque
1049 2978 1109 3031 in
1138 2979 1392 3050 propriis
1421 2979 1644 3034 laribus
1676 2980 1825 3034 bene
1857 2982 2055 3036 valen-

410 3064 527 3115 tem
563 3061 702 3131 vidi,
759 3062 1079 3133 deputatus
1124 3081 1186 3118 es
1235 3066 1292 3119 in
1333 3066 1648 3137 pistrinum
1706 3073 1761 3121 et
1808 3084 2052 3136 gurgus-
2085 3102 2122 3155 ρ

410 3148 559 3203 tium
582 3149 834 3219 hujusce
861 3150 972 3205 loci
997 3150 1024 3204 ‘?
1054 3155 1232 3207 Notus
1258 3157 1345 3207 est
1381 3153 1540 3207 enim
1566 3153 1709 3208 mihi
1758 3154 1923 3209 locus
1952 3157 2055 3211 ha-
2087 3137 2125 3155 υ

414 3236 713 3291 bitationis
740 3242 873 3302 tuae,
904 3254 1089 3310 quam
1120 3240 1380 3295 habuisti
1412 3240 1471 3295 in
1511 3242 1760 3307 mundo,
1815 3244 2053 3314 saepius-

411 3339 528 3395 que
558 3324 786 3380 bonum
813 3326 1151 3381 convivium
1203 3328 1387 3382 habui
1446 3329 1819 3400 proprietatis
1851 3337 1962 3386 tuae
1993 3333 2049 3387 in

412 3412 619 3479 fundo,
653 3429 760 3468 nec
792 3430 911 3468 non
936 3415 1340 3470 haereditatem
1368 3416 1653 3471 natalium
1688 3423 1945 3483 tuorum,
2001 3426 2057 3475 et

412 3516 659 3556 uxorem
708 3506 873 3556 tuam
932 3519 1069 3557 cum
1100 3503 1232 3557 filiis
1263 3520 1369 3576 per
1407 3504 1675 3560 notitiam
1720 3507 1859 3561 satis
1889 3524 2053 3563 com-

410 3589 691 3644 mendavi
745 3590 890 3645 meis
920 3591 1156 3653 animis,
1182 3592 1228 3646 si
1285 3597 1345 3646 tu
1395 3609 1457 3647 es
1499 3592 1593 3648 ille
1650 3595 1832 3649 homo
1885 3597 2056 3667 cujus

410 3693 730 3749 personam
761 3678 912 3733 bene
944 3696 1039 3734 me
1068 3679 1417 3747 dignoscere
1452 3686 1614 3752 puto.
1652 3686 1919 3754 Cumque
1950 3701 2054 3739 vo-

414 3766 693 3822 cabulum
744 3767 907 3839 quod
964 3768 1021 3822 in
1079 3768 1380 3839 baptismo
1453 3776 1764 3842 acceperat
1813 3772 2053 3843 diceret,

411 3854 937 3925 possessionumve
995 3856 1243 3911 nomina
1298 3857 1358 3911 in
1414 3858 1635 3929 quibus
1687 3859 2057 3917 habitaverat

414 3942 695 4010 adjiceret
728 3960 741 4009 ;
769 3943 873 4013 qui
904 3950 1027 3998 erat
1052 3943 1447 4013 interrogatus
1486 3948 1812 4017 respondit.
1863 3953 1927 4004 ut
1981 3950 2055 4005 de

412 4029 526 4084 hac
557 4031 676 4085 vita
735 4030 1049 4085 sublatus:
1113 4031 1206 4086 Ille
1251 4032 1375 4104 ipse
1422 4035 1731 4105 quondam
1780 4053 1891 4105 ego
1949 4038 2053 4106 fui,

414 4132 595 4187 quem
623 4121 683 4171 tu
710 4117 892 4173 modo
914 4135 1007 4174 me
1042 4118 1217 4173 fuisse
1248 4121 1475 4187 dixisti;
1506 4123 1609 4178 sed
1638 4130 1878 4196 propter
1926 4142 2058 4197 pec-

416 4209 546 4259 cata
574 4221 709 4260 mea
734 4222 844 4277 pro
884 4208 1229 4277 purgatorio
1260 4208 1395 4273 igne
1427 4216 1562 4265 ante
1612 4212 1830 4266 multos
1860 4229 2053 4267 annos

413 4290 529 4345 huc
561 4309 694 4347 sum
727 4294 1066 4365 deputatus.
1122 4296 1290 4360 Quod
1349 4302 1547 4352 autem
1579 4298 1739 4353 vides
1791 4316 1912 4354 non
1970 4308 2055 4356 est

415 4394 573 4445 caro,
600 4380 701 4435 sed
727 4382 986 4453 spiritus.
1020 4382 1191 4439 Miror
1214 4400 1351 4439 vero
1388 4385 1561 4440 valde
1620 4387 1665 4440 si
1715 4388 1912 4443 adhuc
1955 4390 2055 4444 ali-

413 4469 546 4541 quis
578 4485 850 4524 meorum
879 4470 1058 4538 vivat,
1092 4477 1195 4527 aut
1218 4473 1277 4527 in
1306 4474 1544 4542 saeculo,
1577 4476 1636 4530 in
1667 4493 1790 4548 quo
1842 4485 2055 4536 cuncta

412 4562 781 4613 veterascunt
833 4564 889 4614 et
940 4559 1241 4627 deﬁciunt,
1296 4569 1596 4635 superstes
1667 4582 1794 4620 esse
1839 4567 2056 4625 valeat.

413 4647 626 4700 Contra
656 4646 1040 4716 subjunctum
1068 4653 1154 4702 est
1200 4665 1236 4704 a
1296 4651 1712 4721 respondente,
1766 4656 2060 4710 sermonis

415 4734 745 4805 complice:
782 4739 901 4801 Ego
942 4753 1184 4808 quoque
1229 4738 1369 4793 satis
1416 4740 1616 4795 mirari
1669 4758 1903 4813 nequeo
1956 4760 2062 4799 cur

414 4838 605 4877 annos
636 4824 874 4891 dixeris,
907 4842 1045 4879 cum
1068 4826 1243 4881 hodie
1275 4827 1474 4881 obitus
1506 4830 1585 4883 tui
1615 4830 1687 4883 sit
1742 4831 1867 4885 dies
1890 4832 2062 4904 septi-

414 4926 534 4975 ma,
562 4917 617 4967 et
640 4929 772 4968 cras
795 4912 1100 4969 illucescat
1129 4920 1356 4970 octava.
1405 4919 1557 4972 Uxor
1576 4923 1677 4973 tua
1712 4919 1846 4974 vivit
1875 4925 1931 4975 et
1957 4921 2061 4976 filii

415 5000 498 5054 tui
522 5000 581 5055 in
636 5001 883 5057 sanitate
916 5008 1180 5066 manent,
1236 5003 1402 5075 quod
1435 5020 1557 5060 non
1592 5005 1769 5062 fallax
1800 5009 2059 5081 profero,

416 5088 517 5142 sed
545 5089 857 5159 veridicus,
885 5091 1029 5162 quia
1059 5106 1160 5145 eos
1184 5091 1304 5146 vidi
1354 5093 1799 5152 nudiustertius.
1847 5102 1918 5153 At
1965 5098 2065 5153 de-

417 5172 652 5230 functus
708 5178 1081 5248 respondens
1152 5178 1326 5233 inﬁt:
1388 5182 1515 5235 Non
1567 5182 1713 5237 mihi
1788 5184 2063 5241 videntur

420 5266 640 5329 septem
695 5264 787 5317 vel
836 5270 970 5319 octo
1022 5265 1148 5320 dies
1210 5282 1399 5338 usque
1443 5269 1626 5324 modo
1667 5275 1802 5341 post
1856 5273 2062 5329 mortis

419 5347 752 5415 articulum,
814 5352 919 5406 sed
976 5353 1152 5408 credo
1198 5354 1258 5409 in
1312 5371 1408 5409 me
1461 5358 1694 5413 saevisse
1766 5375 2064 5417 annorum

417 5436 717 5503 octoginta
744 5438 981 5508 poenale
1014 5442 1365 5509 periculum.
1438 5446 1682 5501 Perinde
1742 5464 1888 5518 rogo
1922 5455 1971 5505 te
2003 5450 2063 5505 in

420 5522 661 5578 nomine
685 5527 824 5578 Jesu
855 5525 1065 5580 Christi
1096 5529 1412 5586 salvatoris
1437 5534 1730 5603 omnium,
1762 5552 1835 5591 ne
1862 5554 2063 5595 meam

2091 4438 2133 4490 D

489 5698 636 5771 (269)
672 5699 855 5767 Soph.
880 5713 918 5755 ι.

1440 290 1751 345 ARNOLDI
1792 288 2378 345 EMMEBAMMEVSIS
2417 291 2751 346 MONACHI.

3682 288 3842 341 1088

2156 428 2402 483 spernas
2432 413 2736 469 miseriam
2768 432 2781 468 :
2817 413 2918 468 sed
2963 414 3321 484 quantocius
3378 428 3449 467 ex
3508 411 3844 475 legatione

2154 517 2289 556 mea
2307 503 2455 557 meis
2487 503 2650 559 dicas
2677 508 2733 558 et
2762 502 3079 557 annuntics
3102 502 3240 570 ut,si
3259 518 3355 557 me
3376 502 3557 557 velint
3582 500 3845 556 redem-

2154 594 2322 661 ptum
2353 591 2441 658 iri,
2474 591 2727 647 reddant
2740 590 2913 661 justis
2934 590 3275 645 haeredibus
3301 590 3605 662 praedium
3654 589 3841 661 quod

2153 678 2294 734 olim
2326 696 2608 752 perverso
2640 678 3057 735 scabinionum
3082 678 3309 749 judicio
3334 678 3412 733 ab
3444 675 3841 734 invalidiori-

2155 767 2269 822 bus
2301 768 2537 823 abstuli.
2574 768 2741 833 Quod
2774 767 2821 822 si
2849 782 2971 822 non
3012 767 3275 831 fecerint,
3332 783 3443 840 pro
3484 770 3663 821 certo
3711 764 3843 819 scio

2156 871 2251 910 me
2278 872 2472 927 usque
2502 858 2561 910 in
2592 856 2747 910 diem
2776 855 2982 925 judicii
3020 854 3095 910 de
3153 855 3349 927 poenis
3405 854 3579 910 haud
3638 852 3841 907 exitu-

2155 959 2289 998 rum
2315 944 2457 999 fore.
2488 944 2585 998 Sin
2617 960 2758 999 vero
2801 943 3169 999 satisfactum
3216 942 3390 999 fuerit
3421 941 3842 1015 postulationi

2155 1048 2325 1098 meae,
2359 1048 2533 1104 spero
2563 1031 2804 1087 vincula
2846 1048 2981 1086 mea
3031 1046 3156 1086 non
3208 1030 3311 1086 diu
3360 1031 3573 1096 teneri,
3614 1029 3737 1085 sed
3771 1046 3841 1083 ex

2155 1120 2376 1192 templo
2407 1120 2656 1175 absolvi.
2687 1123 2753 1175 Et
2770 1120 2883 1175 hoc
2914 1120 3022 1175 illis
3056 1126 3110 1174 et
3137 1119 3239 1174 tibi
3276 1120 3520 1189 signum
3579 1118 3842 1174 redem-

2154 1209 2375 1280 ptionis
2403 1226 2551 1263 mea).
2574 1209 2990 1271 certissimum,
3018 1225 3065 1262 s1
3095 1224 3409 1263 recurrens
3461 1209 3590 1263 huc
3655 1208 3841 1263 adve-

2156 1298 2334 1365 neris,
2369 1302 2425 1354 et
2453 1315 2548 1352 me
2573 1298 2669 1353 hic
2725 1314 2846 1353 non
2903 1298 3200 1352 inveneris
3230 1316 3243 1365 ;
3300 1298 3509 1369 sicque
3558 1312 3720 1351 cum
3753 1313 3843 1350 sa-

2156 1383 2274 1439 lute
2306 1385 2381 1440 ad
2413 1385 2655 1457 propria
2686 1384 3053 1453 regredieris.
3121 1387 3217 1439 Est
3246 1388 3304 1440 et
3347 1383 3513 1439 aliud
3578 1384 3842 1453 signum

2155 1489 2279 1545 prie
2317 1473 2622 1543 manibus,
2679 1472 2844 1544 quod
2897 1472 3001 1527 tibi
3049 1471 3281 1544 absque
3328 1471 3631 1527 dilatione
3664 1486 3846 1526 mon-

2156 1566 2374 1615 stratur
2403 1561 2463 1615 in
2491 1561 2759 1616 canibus.
2793 1565 2938 1616 Nam
2968 1560 3219 1615 habebis
3249 1576 3352 1615 eos
3386 1576 3583 1632 penes
3612 1564 3699 1628 te,
3737 1559 3843 1631 qui

2155 1650 2215 1705 in
2247 1649 2453 1722 primis
2483 1650 2698 1704 reversi
2728 1654 2947 1717 essent,
2981 1649 3089 1703 nisi
3119 1649 3192 1702 ad
3237 1653 3453 1703 nutum
3488 1648 3745 1703 Domini
3783 1649 3842 1702 in

2157 1740 2271 1794 hoc
2296 1739 2427 1793 loco
2456 1738 2860 1793 subsisterent.
2893 1738 3112 1791 Eadem
3156 1738 3307 1792 hora
3337 1753 3479 1792 cum
3513 1752 3716 1791 canes
3741 1737 3845 1791 ad-

2157 1831 2512 1888 ventassent,
2546 1842 2849 1896 regressus
2876 1829 2963 1879 est
2991 1826 3173 1880 homo
3191 1825 3586 1897 etpraesentia
3604 1840 3842 1881 canum

2158 1915 2405 1988 placans
2461 1914 2712 1970 dominu
2742 1932 2771 1967 :2
2818 1931 3018 1981 suum,
3077 1930 3216 1969 cum
3266 1913 3659 1969 festinatione
3719 1913 3845 1967 ibat

2159 2004 2236 2059 ad
2266 2004 2509 2059 viduam
2537 2008 2593 2058 et
2622 2004 2700 2058 ad
2730 2003 2881 2058 ﬁlios
2912 2002 3066 2057 illius
3096 2019 3279 2074 quem
3311 2002 3548 2057 noviter
3604 2003 3843 2058 allocu-

2159 2097 2253 2147 tus
2282 2097 2369 2147 est
2396 2092 2678 2157 defuncti,
2703 2107 2771 2146 ac
2804 2091 3109 2145 indicabat
3124 2090 3235 2145 illis
3264 2106 3401 2162 quae
3452 2090 3755 2146 audierat
3794 2096 3849 2144 et

2160 2182 2387 2236 viderat
2410 2181 2470 2235 in
2498 2180 2713 2235 abditis
2772 2179 3009 2234 montis.
3069 2179 3171 2244 Qui
3229 2195 3396 2246 mox,
3440 2178 3670 2234 ﬂentes
3728 2195 3845 2251 pro

2162 2268 2321 2324 malo
2351 2268 2515 2341 quod
2541 2269 2762 2323 factum
2794 2271 2901 2335 est,
2930 2266 3344 2339 paenitentiam
3401 2273 3693 2336 egerunt,
3730 2283 3845 2321 nec

2159 2373 2280 2411 non
2329 2356 2723 2428 eleemosynis
2768 2355 3035 2410 animam
3088 2354 3380 2409 redimere
3438 2355 3846 2417 festinarunt,

2158 2445 2471 2500 reddentes
2505 2445 2799 2517 praedium
2825 2444 2907 2498 eis
2937 2443 3011 2498 de
3040 2443 3262 2515 quibus
3283 2442 3705 2498 mandaverat
3737 2444 3845 2515 qui

2160 2539 2286 2588 erat
2309 2534 2369 2588 in
2401 2534 2611 2605 poenis.
2640 2537 2801 2589 Tunc
2829 2538 3042 2599 rogatu
3067 2531 3343 2587 omnium
3367 2547 3705 2587 recurrens
3737 2533 3846 2587 bo-

2160 2639 2260 2677 mo
2292 2623 2370 2677 ad
2399 2629 2664 2677 montem
2695 2622 2797 2676 ubi
2840 2622 3209 2694 promissum
3270 2626 3529 2694 speratae
3590 2621 3850 2677 absolu-

2164 2711 2334 2766 tionis
2365 2711 2610 2782 acccpit,
2652 2726 2758 2782 per
2807 2710 3116 2764 immensze
3147 2709 3385 2780 pietatis
3445 2710 3714 2775 fontem,
3770 2726 3847 2764 ne

2162 2799 2273 2853 sibi
2328 2798 2583 2853 solitudo
2640 2805 2696 2853 et
2752 2798 3006 2852 tenebrae
3068 2798 3274 2852 terrori
3326 2803 3533 2852 essent
3580 2804 3641 2852 et
3706 2799 3847 2853 hor-

2160 2889 2299 2956 rori,
2332 2888 2654 2957 assumptis
2686 2886 3004 2941 comitibus
3040 2902 3178 2940 cum
3207 2886 3435 2941 lumine
3467 2887 3757 2957 intravit,
3790 2892 3846 2941 et

2162 2976 2413 3031 alterum
2442 2976 2721 3047 praedicto
2749 2975 2919 3044 signo
2952 2974 3300 3030 absolutum
3329 2974 3577 3041 invenit,
3598 2981 3666 3030 et
3701 2976 3847 3030 alte-

2162 3081 2296 3119 rum
2328 3065 2388 3119 in
2442 3064 2826 3131 castigatione
2882 3062 3230 3117 derelictum
3267 3078 3393 3118 non
3439 3062 3653 3118 solum
3699 3064 3846 3118 vidit

2165 3154 2269 3208 sed
2300 3154 2478 3209 etiam
2506 3153 2730 3208 invidit.
2766 3153 2975 3207 Exiens
3014 3167 3156 3207 vero
3212 3151 3353 3207 inde
3402 3152 3564 3207 inter
3623 3153 3845 3207 ﬁdeles

2165 3240 2471 3309 divulgare
2499 3239 2723 3295 studuit
2751 3239 3077 3308 gratiarum
3110 3238 3395 3294 actiones.
3430 3262 3459 3287 »

2779 3330 3204 3384 Ammonicius.

2239 3442 2265 3467 ‹‹
2299 3419 2449 3483 Quid
2481 3417 2594 3473 sibi
2622 3418 2749 3473 vult
2772 3418 2885 3473 hoc
2914 3418 3079 3489 quod
3101 3418 3161 3473 in
3191 3419 3546 3489 purgatoria
3576 3420 3849 3488 castiga

2164 3508 2323 3565 tione
2356 3508 2583 3564 tributae
2614 3507 2812 3563 ferreae
2853 3512 2992 3562 sunt
3022 3507 3184 3573 visae,
3231 3522 3303 3561 ac
3358 3507 3639 3563 exhibita
3698 3508 3857 3580 lapi-

2166 3598 2313 3653 dum
2346 3597 2599 3667 ﬂagella,
2630 3612 2740 3651 nec
2766 3612 2887 3651 non
2917 3596 3175 3651 duorum
3200 3596 3439 3667 parium
3461 3596 3622 3651 alter
3644 3603 3745 3653 est
3770 3599 3853 3653 ibi

2165 3688 2420 3757 relictus,
2454 3687 2599 3741 alter
2627 3685 2871 3757 quidem
2902 3700 3008 3756 per
3039 3683 3486 3739 absolutionem
3547 3692 3647 3740 est
3705 3687 3856 3742 inde

2164 3775 2435 3830 sublatus
2463 3776 2491 3829 ?
2539 3774 2777 3839 Questio
2830 3772 3130 3844 siquidem
3175 3778 3232 3828 et
3275 3772 3607 3829 admiratio
3653 3792 3854 3847 super

2163 3862 2513 3933 hujusmodi
2529 3862 2707 3917 rebus
2736 3862 2939 3931 digna,
2962 3865 3120 3917 certa
3141 3866 3449 3933 exspectat
3498 3861 3856 3919 absolutio-

2167 3952 2257 4007 nis
2296 3952 2525 4017 signa.»

2795 4039 3184 4093 Collectitius.

2238 4152 2262 4177 ‹‹
2301 4130 2355 4184 Si
2380 4127 2580 4197 velles,
2613 4144 2649 4181 ο
2678 4126 3029 4193 Aminonici,
3065 4131 3379 4182 contentus
3428 4143 3568 4182 esse
3607 4134 3861 4204 tempo-

2166 4234 2226 4273 re
2241 4217 2435 4288 prisco
2465 4215 2713 4287 scriptis,
2755 4215 2918 4269 lectis
2958 4219 3012 4269 et
3050 4215 3221 4269 dictis
3252 4215 3313 4269 in
3339 4215 3504 4282 talia,
3572 4234 3736 4289 quae
3789 4222 3863 4275 de

2168 4305 2386 4361 talibus
2418 4305 2597 4359 rebus
2628 4304 3005 4358 inveniuntur
3057 4303 3234 4370 edita,
3277 4304 3458 4359 credo
3508 4304 3627 4361 tibi
3671 4325 3863 4381 posse

2168 4394 2604 4450 absolutionem
2650 4392 2941 4457 sufficere,
2995 4409 3182 4465 quam
3239 4393 3454 4448 beatus
3506 4396 3857 4466 Gregorius

2166 4484 2228 4539 in
2282 4481 2657 4550 Dialogorum
2717 4480 2891 4550 libro,
2961 4481 3465 4537 sciscitationibus
3530 4486 3704 4541 Petri
3780 4506 3865 4543 sa-

2168 4570 2486 4639 tisfaciens,
2542 4570 2615 4625 de
2664 4568 2880 4625 talibus
2928 4569 3263 4625 visionibus
3304 4570 3492 4643 plano
3559 4590 3864 4632 sermone

2169 4659 2313 4715 olim
2341 4659 2660 4715 scribendo
2692 4659 2985 4731 exposuit.
3022 4662 3188 4714 Nunc
3218 4676 3360 4715 vero
3409 4660 3564 4731 quia
3619 4664 3864 4738 impro-

2168 4749 2412 4804 bitatem
2463 4752 2629 4803 tuam
2658 4746 2826 4803 aliter
2853 4752 3114 4802 avertere
3145 4763 3268 4803 non
3310 4764 3602 4820 possum,
3653 4753 3865 4810 dicam

2169 4838 2422 4892 breviter
2451 4836 2597 4909 quid
2625 4836 2768 4890 mihi
2800 4835 2872 4890 de
2904 4836 2995 4890 his
3026 4835 3316 4891 videatur.
3377 4839 3539 4892 Bene
3601 4857 3865 4915 quoque

2169 4929 2225 4981 et
2244 4926 2665 4980 convenienter
2696 4923 2926 4978 tribulre
2969 4923 3111 4977 visae
3171 4929 3330 4994 sunt,
3373 4929 3749 4986 secundum
3813 4931 3863 4985 id

2168 5013 2336 5086 quod
2364 5013 2659 5086 propheta
2715 5016 2979 5077 testatur,
3012 5011 3220 5065 dicens
3253 5030 3265 5065 :
3327 5012 3772 5073 'l‘ribulabitur
3793 5020 3865 5073 ibi

2170 5102 2333 5158 fortis
2410 5104 2572 5173 (269).
2645 5100 2816 5162 Quod
2888 5104 3089 5155 autem
3152 5106 3505 5172 peccatores
3574 5105 3866 5163 laborare

2171 5191 2278 5246 visi
2333 5195 2473 5245 sunt
2524 5191 2583 5245 in
2645 5204 2926 5244 saxorum
2986 5187 3260 5257 ﬂagellis,
3343 5192 3865 5251 manifestissime

2171 5279 2439 5350 increpat
2484 5278 2767 5333 duritiam
2820 5278 3103 5332 humanae
3151 5278 3483 5348 pravitatis.
3553 5284 3673 5339 Cui
3720 5286 3868 5341 Psal-

2175 5366 2352 5422 mista
2404 5366 2667 5421 minatur
2711 5365 2963 5420 dicens:
3011 5364 3187 5421 Multa
3242 5365 3490 5435 ﬂagella
3582 5380 3868 5443 peccato-

2176 5455 2257 5509 ris
2292 5455 2456 5524 (270).
2478 5453 2647 5518 Quod
2668 5469 2809 5508 vero
2838 5469 2993 5508 unus
3016 5468 3121 5523 per
3151 5453 3406 5522 gratiam
3470 5463 3570 5513 est
3631 5477 3867 5518 assum-

2176 5547 2318 5613 ptus
2369 5544 2427 5595 et
2477 5538 2625 5594 alter
2668 5555 2772 5610 per
2820 5540 3039 5610 judicis
3085 5540 3338 5610 justiam
3396 5541 3462 5598 in
3530 5561 3743 5616 ptena
3795 5556 3865 5603 est

2251 5716 2403 5788 (270)
2424 5715 2590 5771 Psal.
2619 5729 2778 5771 xxxi.
