4696 6422
405 416 442 466 t9
1331 415 1496 472 VlTA
1537 420 1590 471 S.
1633 417 2087 484 CUNEGUNDIS,
2132 420 2245 474 UBl
2289 420 2377 475 DE
2419 421 2472 474 S.
2519 421 2845 477 HENRICO.

3730 427 3840 479 '2l0

405 555 484 591 mc
541 539 813 594 animum
877 541 1108 611 pungit,
1153 557 1217 594 ac
1273 540 1333 594 in
1390 546 1638 594 mentem
1669 540 1844 607 venit,
1876 543 2048 595 vitam
2086 547 2133 596 Α
2169 566 2188 589 ι
2235 543 2320 595 hic
2379 545 2563 596 salvus
2607 546 2712 597 erit
2761 545 2974 612 (Matth.
3041 561 3098 612 x,
3151 548 3263 611 22.)
3311 549 3495 616 Atque
3549 548 3733 601 bonus
3781 549 3840 602 in

405 628 734 680 emoranda:
791 627 1034 698 virginis
1090 633 1303 682 nostra:
1378 629 1744 698 Cunegundis
1800 629 2050 683 breviter

410 715 641 784 plicare,
689 721 750 769 et
779 716 1075 769 memorias
1142 716 1353 785 scripto
1403 717 1834 783 commendare;
1874 723 1936 770 ut
1979 718 2047 770 ad

407 803 670 872 emplum
695 804 823 872 ejus
854 803 1159 867 intuentes,
1197 821 1553 874 quaecunque
1584 804 1853 874 virgines,
1887 822 2046 874 quir-

408 907 557 960 nque
613 907 752 944 vere
814 891 1025 956 viduae,
1077 892 1340 962 perfecta:
1395 892 1521 944 vitae
1578 908 1838 945 normam
1897 893 2046 945 arbi-

405 983 554 1030 entur
585 978 1095 1032 conversationem
1119 978 1298 1033 illius.
1339 978 1642 1048 Indignum
1677 977 1830 1031 enim
1866 979 2045 1043 nobis,

405 1067 428 1119 1
465 1066 680 1136 ῗωεεὶε
722 1083 914 1135 operae
949 1067 1194 1137 pretium
1228 1065 1516 1130 duximus,
1549 1075 1613 1119 ut
1666 1065 1750 1118 illi
1793 1066 2044 1119 oflicium

411 1173 438 1208 η
487 1156 916 1208 subtrahamus
969 1155 1104 1222 oris,
1162 1156 1322 1224 cujus
1378 1154 1736 1222 providentia
1790 1155 2044 1224 quotidie

412 1247 613 1295 menta
650 1242 1007 1312 percipimus
1045 1241 1327 1312 corporis.

405 1334 447 1381 6.
505 1333 790 1394 Defuncto
856 1333 1076 1395 marito,
1159 1333 1270 1398 piis
1317 1329 1566 1397 operibus
1643 1331 1850 1382 insistit
1914 1345 2039 1383 san-

405 1437 414 1469 ι
472 1419 862 1486 Cunegundis.
936 1421 1074 1486 Ejus
1134 1419 1380 1486 epistola.
1437 1447 1505 1456 —
1565 1417 1802 1470 Henrico
1848 1417 2043 1487 itaque

405 1525 429 1558 ο
485 1523 618 1560 suae
680 1505 960 1560 castitatis
1017 1505 1438 1575 patientissimo
1493 1521 1720 1574 semper
1783 1505 2042 1570 custode,

406 1595 420 1646 i
484 1611 627 1647 eam
704 1594 826 1647 suis
885 1592 1188 1664 virginem,
1245 1591 1329 1644 uti
1386 1591 1714 1644 traduxerat
1765 1592 1823 1644 in
1881 1591 2040 1645 Chri-

405 1706 430 1746 ι,
485 1682 548 1734 in
620 1681 837 1734 ultimo
916 1681 1121 1750 Spiritu
1175 1679 1518 1733 constitutus
1611 1678 1920 1747 resignavit
1975 1679 2039 1730 ad

412 1768 599 1835 testia,
666 1784 800 1838 qua:
871 1766 1089 1838 jcgiter
1144 1767 1486 1836 suspirabat,
1568 1766 1776 1835 gaudia
1855 1770 2039 1818 trans-

406 1874 452 1918 ο,
505 1857 616 1909 illa
692 1873 752 1907 se
835 1856 905 1909 ad
991 1855 1319 1916 Dominum,
1409 1861 1470 1908 ut
1531 1871 1774 1926 semper,
1859 1859 2038 1907 totam

405 1943 613 2007 ntulit;
681 1941 853 1994 illum
933 1957 1049 1994 suae
1119 1939 1381 2005 castitati,
1463 1941 1802 2006 necessitati,
1870 1942 2039 1994 saluti

405 2047 533 2097 esse,
575 2029 760 2082 illum
787 2030 907 2081 suis
951 2029 1228 2093 ecclesiis;
1288 2027 1448 2081 illum
1485 2028 1636 2095 tiliis,
1663 2045 1836 2100 _quos
1896 2029 1946 2083 ei
1979 2029 2038 2082 in

408 2119 544 2171 risto
615 2121 1058 2187 aggregaverat,
1116 2121 1458 2186 praesentem
1509 2116 1723 2182 adfore,
1765 2117 2037 2170 advocare

405 2207 548 2273 ;iliis,
622 2205 992 2258 orationibus
1049 2204 1282 2268 instare,
1381 2203 1472 2257 die
1533 2204 1839 2275 practicam
1909 2221 2036 2257 cum

409 2295 554 2361 rtha,
639 2298 820 2346 noctu
867 2293 1372 2361 contemplativam
1432 2309 1561 2346 cum
1640 2293 1811 2348 Maria
1865 2294 2037 2346 vitam

405 2399 484 2436 ere
545 2398 680 2436 non
745 2381 1020 2434 cessabat.
1077 2381 1297 2444 Quanta
1352 2396 1485 2434 vero
1548 2382 2037 2451 eleemosynarum

406 2472 614 2540 'gitate,
653 2473 876 2540 quanta
906 2467 1179 2521 orationis
1227 2467 1516 2526 instantia,
1552 2485 1654 2538 pro
1704 2469 1854 2522 beati
1897 2486 2036 2522 Con-

405 2561 463 2627 ;is
495 2557 773 2611 defuncti
833 2557 1031 2610 anima
1075 2556 1460 2617 desudaverit,
1501 2556 1561 2609 in
1590 2557 1903 2626 subscripta
1947 2574 2040 2626 pa-

405 2663 472 2710 ia,
499 2661 694 2716 quam
728 2643 857 2712 ipsa
912 2659 1018 2712 per
1070 2658 1128 2694 se
1175 2642 1335 2710 (nam
1392 2641 1736 2709 litterarum,
1795 2643 1938 2695 sicut
1986 2649 2042 2696 et

406 2750 563 2786 arum
604 2732 852 2796 artium,
905 2729 1258 2799 distinguere
1285 2745 1424 2782 auro
1468 2730 1824 2799 gemmisque
1857 2747 2040 2782 sacras

405 2828 501 2873 stes
557 2820 679 2874 fuit
736 2818 1110 2890 peritissime)
1169 2816 1491 2886 composuit
1545 2818 1633 2887 [et
1683 2817 2036 2886 conscripsit.

405 2912 684 2980 icumque
721 2907 870 2961 scire
903 2905 1148 2959 voluerit
1168 2921 1509 2975 cognoscere
1537 2905 1766 2975 poterit.
1797 2925 1823 2955 ε(
1865 2905 2042 2958 Cune-

405 2998 627 3067 gundis,
673 2996 876 3050 divina
917 2994 1347 3064 dispensatione
1374 2994 1493 3047 solo
1534 2993 1766 3046 nomine
1798 2994 2040 3063 impera-

2168 653 2188 677 »
2233 636 2534 701 conspectu
2565 631 2733 684 etiam
2769 631 2866 685 Dei
2900 631 3166 700 placitum
3203 650 3321 687 esse
3353 634 3600 697 cernitis,
3655 636 3699 688 si
3729 653 3841 690 non

2163 739 2190 766 »
2231 719 2414 771 solum
2447 735 2549 788 pro
2589 719 2701 772 illis
2727 719 2826 790 qui
2863 719 2922 771 in
2953 718 3056 772 hac
3088 720 3200 772 vita
3254 721 3421 790 positi
3453 721 3634 774 multa
3687 722 3844 775 vobis

2164 828 2186 854 ι
2229 806 2398 870 bona,
2439 807 2535 860 sed
2568 824 2668 877 pro
2707 808 2819 860 illis
2850 807 3019 860 etiam
3053 808 3151 877 qui
3199 809 3357 861 nulla
3388 810 3665 877 fecerunt,
3713 827 3840 863 ora-

2159 913 2186 943 »
2229 894 2438 947 veritis.
2493 895 2732 948 Obsecro
2784 911 2920 964 ergo
2966 901 3024 947 ut
3055 912 3183 948 eum
3246 913 3277 948 a
3331 897 3598 950 cordibus
3643 898 3841 951 vestris

2158 1001 2185 1032 io
2225 977 2531 1052 nunquam
2579 982 2883 1052 abjiciatisj.
2939 982 3037 1051 qui
3095 1000 3191 1035 vos
3249 988 3522 1054 tauquam
3579 987 3837 1055 proprias

2160 1090 2180 1116 ι
2225 1070 2454 1131 amavit,
2488 1075 2659 1138 atque
2692 1071 2842 1122 hunc
2891 1072 3075 1122 locum
3110 1077 3292 1124 vestra
3335 1073 3604 1126 servitute
3639 1076 3842 1127 ﬂorere

2156 1178 2182 1205 ››
2225 1158 2424 1212 voluit.
2469 1160 2656 1212 Estote
2687 1176 2914 1229 quoque
2957 1176 3098 1212 metu
3155 1162 3500 1213 necessitatis
3535 1179 3836 1228 memores,

2156 1268 2183 1294 ››
2227 1263 2450 1316 semper
2515 1247 2570 1299 in
2626 1247 2911 1299 hilaritate
2967 1248 3150 1300 cordis
3175 1248 3584 1315 misericordes,
3648 1267 3843 1304 secun-

2159 1356 2179 1381 ι
2224 1333 2358 1385 dum
2419 1335 2558 1386 illud
2631 1334 2882 1402 Apostoli
2938 1352 2950 1387 :
3017 1337 3238 1389 Dilectio
3300 1339 3416 1390 sine
3499 1339 3843 1392 simulatione

2155 1440 2182 1471 ι)
2224 1421 2398 1490 (Rom.
2433 1439 2530 1484 xu,
2564 1421 2635 1491 9).
2681 1423 2904 1474 Necnon
2938 1427 3136 1476 vestra:
3192 1430 3408 1476 mentes
3440 1424 3498 1477 in
3533 1426 3839 1495 quamdam

2159 1530 2179 1554 ι
2227 1515 2438 1561 mutuas
2469 1509 2756 1562 charitatis
2801 1510 3146 1563 soliditatem
3176 1513 3357 1581 magis
3399 1529 3460 1566 ac
3498 1514 3676 1581 magis
3706 1531 3838 1566 con-

2159 1617 2180 1643 ι
2221 1603 2492 1659 crescant,
2533 1604 2813 1666 quatenus
2857 1597 2917 1650 in
2971 1598 3061 1651 die
3114 1599 3495 1652 tribulationis
3534 1601 3839 1654 clamorem

2150 1707 2176 1732 »
2221 1690 2469 1737 vestrum
2520 1685 2697 1754 ipsius
2750 1701 2916 1738 aures
2961 1687 3285 1749 exaudiant,
3352 1687 3450 1756 qui
3499 1688 3634 1740 dicit
3684 1705 3696 1742 :
3742 1691 3842 1744 Ubi

2152 1792 2179 1820 ››
2221 1772 2325 1825 duo
2350 1777 2432 1825 ret
2453 1778 2558 1826 tres
2607 1776 2919 1839 congregati
2943 1776 3153 1839 fuerint
3209 1777 3266 1828 in
3320 1778 3531 1829 nomine
3585 1793 3716 1841 meo,
3781 1780 3839 1831 in

2149 1880 2177 1907 »
2218 1859 2393 1912 medio
2431 1875 2609 1912 eorum
2661 1875 2780 1914 sum
2811 1862 3026 1925 (Matth.
3068 1878 3144 1927 χι,
3192 1863 3307 1933 ‘20).
3347 1864 3503 1927 Quod
3540 1881 3634 1916 vos
3679 1865 3840 1918 omni

2147 1966 2174 1997 ι)
2216 1947 2386 2000 modo
2433 1947 2750 2014 promereri
2810 1948 3025 2008 hortor,
3081 1950 3278 2003 eodem
3347 1957 3675 2020 praestante,
3733 1953 3834 2023 qui

2147 2054 2174 2085 ι)
2215 2051 2346 2088 cum
2385 2036 2550 2088 Patre
2593 2041 2650 2088 et
2681 2035 2896 2105 Spiritu
2945 2041 3139 2088 sancto
3190 2037 3326 2090 vivit
3379 2042 3434 2091 et
3496 2045 3696 2107 regnat
3737 2055 3839 2109 per

2150 2145 2171 2170 ι
2215 2123 2409 2176 omnia
2439 2122 2646 2175 saecula
2676 2123 3037 2176 saeculorum.
3079 2127 3279 2177 Amen.
3312 2146 3337 2170 ››

2211 2216 2264 2264 7.
2300 2213 2653 2265 Monasticam
2694 2217 2888 2264 vestem
2909 2211 3109 2265 induit.
3144 2214 3242 2266 Pia
3280 2213 3392 2280 ejus
3443 2216 3720 2267 exercitia.
3771 2246 3837 2252 —

2147 2299 2400 2368 Denique
2430 2298 2689 2352 Conrado
2729 2298 2835 2351 sibi
2869 2301 3202 2353 succedente
3235 2301 3291 2353 in
3326 2317 3499 2370 regno
3533 2301 3662 2371 (72),
3716 2301 3838 2372 ipsa

2143 2386 2293 2438 curis
2350 2385 2733 2449 saecularibus,
2795 2386 2939 2439 sicut
2962 2387 3082 2456 jam
3127 2387 3220 2440 diu
3266 2387 3706 2453 desideraverat,
3737 2405 3839 2442 ex-

2145 2477 2398 2535 onerata,
2453 2473 2512 2525 in
2564 2473 2686 2541 ipso
2737 2472 3124 2526 anniversario
3183 2474 3273 2527 die
3313 2474 3588 2529 transitus
3659 2475 3834 2528 sancti

2148 2559 2846 2630 Henriciarchiepiscopos
2889 2577 3017 2614 cum
3072 2562 3352 2632 episcopis
3404 2563 3472 2615 ad
3531 2563 3837 2617 dedicatio-

2145 2663 2278 2700 nem
2311 2647 2703 2718 Confugiensis
2733 2648 2982 2701 ecclesiae
3012 2655 3278 2702 convocat
3312 2667 3324 2702 :
3385 2651 3483 2704 ubi
3514 2651 3660 2704 inter
3692 2652 3838 2704 mis-

2146 2749 2336 2786 sarum
2369 2733 2667 2801 solemnia,
2701 2732 2988 2802 imperiali
3039 2736 3433 2791 decentissime
3466 2739 3622 2792 omni
3672 2740 3829 2792 cultu

2149 2826 2367 2885 ornata,
2439 2826 2566 2874 ante
2626 2822 2937 2891 principale
3014 2824 3191 2878 altare
3247 2825 3404 2893 virgo
3468 2828 3579 2878 Deo
3628 2827 3832 2880 devota

2145 2908 2442 2978 processit,
2492 2909 2687 2979 ibique
2743 2911 3077 2963 thesaurum
3113 2911 3638 2982 incomparabilem.
3692 2915 3834 2982 ligni

2150 2996 2432 3050 Dominici
2482 3013 2724 3060 crucem,
2763 3013 2990 3066 parvam
3023 2999 3252 3068 quidem
3303 3001 3360 3053 in
3421 3002 3676 3066 materia,
3738 3003 3832 3057 sed

406 3089 512 3149 ,rix,
548 3083 896 3154 specialiter
935 3081 1157 3135 dilectae
1186 3080 1621 3151 congregationi
1660 3081 1718 3133 in
1750 3080 2043 3152 Confugia,
2077 3087 2114 3140 C
2155 3085 2461 3138 maximam
2493 3085 2553 3136 in
2583 3085 2807 3148 virtute,
2844 3086 2956 3138 Deo
2987 3086 3210 3140 obtulit.
3237 3092 3307 3140 At
3338 3089 3435 3141 ubi
3465 3090 3628 3142 lectio
3662 3106 3833 3143 evan-

406 3172 684 3243 ]uidquid
715 3171 893 3240 justas
921 3167 1190 3222 convenit
1212 3167 1523 3222 dilectioni.
1561 3169 1813 3236 Propriae
1842 3169 2037 3221 adver-

405 3262 574 3313 titatis
606 3259 928 3322 sarcinam,
963 3257 1136 3310 veluti
1169 3256 1410 3318 aestimo,
1461 3255 1681 3309 facilius
1713 3249 2037 3325 tolerarem,

405 3350 432 3402 si
464 3355 699 3403 vestras
747 3363 836 3400 res
891 3345 1074 3398 salvas
1132 3343 1563 3414 incolumesque
1595 3343 1834 3397 existere
1874 3344 2032 3397 vide-

405 3455 528 3491 ἐπι-
610 3434 899 3500 Quamvis
960 3432 1115 3486 enim
1174 3448 1334 3485 mens
1392 3432 1717 3501 procellosis
1771 3448 2038 3485 curarum

409 3526 671 3579 luctibus
709 3521 976 3592 undique
1029 3519 1343 3592 quatiatur,
1399 3524 1599 3572 vestrae
1629 3523 1820 3572 tamen
1847 3535 2037 3572 recor-

405 3613 647 3667 lationis
681 3611 947 3664 anchora
975 3624 1009 3661 a
1038 3607 1222 3662 cordis
1253 3607 1642 3677 profunditate
1676 3625 1789 3660 non
1846 3607 2039 3661 evelli-

406 3719 499 3755 .ur.
527 3703 602 3755 Et
631 3701 780 3754 licet
800 3699 973 3768 longe
1003 3701 1237 3750 remotae
1267 3695 1335 3748 ab
1359 3695 1536 3748 oculis
1584 3696 1723 3759 sitis,
1748 3695 1816 3748 ab
1847 3695 2039 3748 animo

406 3807 584 3843 amen
620 3803 924 3858 nusquam
973 3784 1259 3839 receditis.
1326 3783 1464 3847 Quis
1519 3799 1623 3835 nos
1676 3783 1961 3852 separabit
2009 3799 2040 3835 a

405 3879 675 3932 :haritate
737 3874 992 3930 Christi?
1049 3889 1212 3927 casus
1267 3871 1502 3936 doloris,
1532 3887 1601 3923 an
1655 3871 2042 3940 longinquitas

405 3965 790 4020 'emotionis?
823 3962 976 4027 Quin
1023 3961 1194 4015 etiam
1251 3960 1296 4013 si
1345 3959 1568 4013 amissae
1599 3958 1878 4012 facultatis
1911 3976 2042 4012 usus

406 4056 840 4116 :oncederetur,
902 4050 1169 4104 voluntas
1252 4049 1375 4102 hinc
1427 4047 1616 4118 operis
1693 4046 2043 4100 exhibitione

406 4142 910 4214 romprobaretnr.
973 4139 1168 4207 Ipsum
1232 4141 1427 4190 tamen
1492 4135 1805 4200 modicum,
1891 4134 2043 4205 quod

405 4232 602 4295 idhuc,
667 4230 793 4283 Deo
849 4226 1098 4289 volente,
1157 4224 1445 4294 reliquum
1489 4228 1767 4287 tenemus,
1844 4227 2044 4276 vestrae

411 4314 850 4371 ommonitioni
872 4313 1126 4368 alienum
1157 4327 1279 4364 esse
1313 4311 1603 4376 nolumus,
1637 4315 1700 4363 ut
1731 4309 2040 4378 participa-

405 4409 556 4460 tione
617 4403 938 4475 parvitatis
983 4401 1266 4453 relevetur
1305 4397 1643 4468 magnitudo
1697 4397 2030 4450 devotionis.

405 4495 543 4546 later
576 4505 854 4559 namque
888 4488 936 4540 si
974 4502 1179 4558 parum
1211 4485 1495 4545 habuerit,
1538 4501 1738 4556 parum
1779 4484 1912 4538 ﬁliis
1943 4483 2038 4537 tri-

405 4583 526 4634 .uit.
603 4581 759 4632 Ecce
808 4578 935 4630 haec
995 4574 1206 4628 modici
1264 4578 1526 4642 sumptus
1571 4573 1909 4626 munuscula
1968 4572 2036 4625 ad

406 4667 799 4722 refectionem
851 4663 1013 4716 vobis
1066 4662 1375 4715 mittuntur
1425 4660 1628 4724 carnis,
1679 4666 1743 4712 ut
1789 4659 2036 4713 animam

405 4758 620 4812 :nioris
659 4754 857 4810 Patris
897 4751 1070 4805 vestri
1121 4749 1395 4804 continua
1441 4748 1716 4803 orationis
1766 4748 2039 4802 alimonia

405 4846 688 4909 eticiatis;
731 4841 1020 4911 quoniam
1061 4843 1144 4893 tot
1176 4839 1466 4908 justorum
1502 4854 1699 4908 preces
1730 4838 2041 4890 umanimi-

405 4951 462 4987 er
492 4934 882 4987 continuatae
912 4927 1066 4998 apud
1109 4928 1286 4981 Deum
1321 4927 1564 4979 multum
1600 4931 1840 4994 possunt
1868 4927 2040 4996 proti-

411 5039 528 5086 ere,
595 5017 793 5074 Jacob
823 5020 1174 5069 attestante:
1232 5015 1471 5068 Multum
1538 5014 1680 5067 valet
1738 5013 2043 5080 deprecatio

406 5116 515 5163 usti
563 5107 822 5163 assidua
844 5105 983 5174 (Jac.
1042 5119 1098 5170 v,
1129 5103 1235 5170 l6).
1283 5101 1382 5154 Ille
1420 5099 1589 5153 etiam
1643 5104 1813 5168 atque
1871 5099 2042 5153 etiam

405 5205 565 5250 ustus
637 5193 955 5259 Dominus,
992 5190 1094 5260 qui
1135 5188 1388 5258 justitias
1436 5187 1654 5250 dilexit,
1713 5187 2044 5256 aaquitatem

407 5281 847 5356 npplicationis
906 5277 1182 5334 exaudire
1238 5291 1356 5329 non
1407 5275 1660 5344 respuit:
1722 5275 1816 5327 sed
1888 5273 2046 5326 Vobis

406 5372 698 5426 ndefessis
731 5365 1260 5422 intercessionibus
1291 5361 1602 5433 supradicti
1645 5361 1798 5414 chari
1834 5377 2048 5414 memo-

406 5462 530 5514 'iam
561 5457 931 5514 facientibus
963 5453 1167 5507 salutis
1199 5451 1356 5506 dabit
1381 5449 1710 5519 praemium.
1748 5450 1897 5518 quod
1931 5449 2048 5518 ipse

409 5550 661 5602 promisit
693 5546 904 5600 dicens
937 5560 950 5596 :
1002 5543 1114 5605 Qui
1140 5539 1562 5609 perseveraverit
1612 5552 1778 5604 usque
1806 5539 1864 5590 in
1894 5539 2050 5604 ﬁnem

413 5659 497 5716 72)
533 5657 718 5707 Anno
752 5651 889 5719 ipso
919 5647 1079 5710 1024,
1113 5661 1229 5715 quo
1255 5644 1438 5696 fuerat
1462 5641 1762 5694 defunctus
1793 5640 2085 5693 Henricus.

2148 3173 2302 3243 gelii,
2339 3171 2396 3225 in
2431 3187 2544 3241 qua
2568 3187 2737 3240 supra
2777 3171 3037 3226 arborem
3071 3174 3250 3227 crucis
3295 3177 3604 3230 ascendens
3646 3177 3834 3246 suspi-

2146 3261 2392 3314 cientem
2436 3277 2493 3312 se
2519 3261 2710 3312 .lesum
2743 3259 3049 3328 suscipere,
3083 3266 3140 3314 et
3167 3262 3235 3314 ab
3267 3278 3334 3315 eo
3378 3263 3832 3318 benedictionem

2147 3348 2390 3417 pusillus
2431 3347 2642 3400 meruit
2671 3346 2946 3418 accipere,
2991 3349 3134 3401 lecta
3162 3349 3287 3416 fuit,
3323 3352 3573 3420 regalem
3605 3368 3827 3422 purpu-

2147 3456 2268 3493 ram
2302 3455 2532 3503 exuens,
2585 3439 2836 3492 tunicam
2869 3439 3194 3505 fusciorem,
3222 3458 3394 3510 quam
3426 3441 3549 3511 ipsa
3581 3442 3688 3495 sibi
3717 3443 3833 3496 suis

2148 3527 2412 3580 manibus
2441 3531 2671 3596 operata
2696 3527 2900 3592 fuerat,
2950 3533 3157 3581 vestem
3205 3529 3516 3599 religionis,
3569 3531 3701 3582 data
3754 3549 3834 3584 sa-

2147 3610 2417 3664 cerdotali
2443 3609 2857 3677 benedictione,
2900 3610 3102 3663 induit.
3141 3612 3223 3677 Et,
3255 3613 3449 3665 multis
3489 3629 3593 3682 pro
3621 3631 3678 3666 se
3701 3614 3830 3684 qui-

2147 3700 2275 3753 dem
2310 3697 2598 3763 flentibus,
2625 3714 2727 3766 pro
2761 3697 2857 3750 illa
2883 3702 3071 3751 autem
3099 3699 3498 3768 gaudentibus,
3531 3717 3658 3770 quae
3709 3701 3830 3768 jam

2149 3786 2422 3840 saeculum
2464 3785 2786 3838 damnasset
2815 3784 2871 3838 in
2940 3785 3206 3849 vestibus,
3266 3785 3504 3855 capillis,
3565 3787 3664 3857 qui
3719 3789 3832 3841 huc

2150 3890 2331 3944 usque
2375 3873 2433 3926 in
2483 3873 2683 3926 eodem
2758 3874 3104 3927 monasterio
3150 3890 3251 3944 pro
3299 3874 3479 3943 ipsius
3537 3880 3834 3929 servantur

2151 3959 2386 4027 honore,
2434 3959 2708 4030 praecisis,
2761 3960 3028 4030 imposito
3073 3961 3179 4014 sibi
3239 3963 3310 4014 ab
3350 3962 3629 4033 episcopis
3685 3965 3830 4026 velo,

2152 4050 2364 4104 annulo
2412 4048 2542 4102 fidei
2601 4048 2953 4115 subarrhata,
3009 4049 3423 4117 gratulabunda
3483 4051 3758 4105 succinuit
3819 4069 3833 4106 :

2153 4138 2347 4192 Posuzt
2375 4139 2590 4202 signum
2618 4139 2676 4189 in
2714 4137 2910 4202 faciem
2938 4153 3128 4201 meam,
3161 4142 3210 4190 et
3260 4140 3462 4191 annulo
3495 4155 3590 4193 suo
3641 4140 3834 4193 subar-

2151 4227 2337 4280 rhavit
2360 4241 2441 4278 me
2489 4226 2742 4279 Dominus
2801 4240 2944 4277 meus
2973 4227 3123 4277 Iesus
3173 4227 3452 4280 Christus.
3504 4229 3583 4280 lla
3612 4228 3835 4282 Christo

2157 4329 2363 4384 sponso
2390 4313 2514 4382 ipsa
2550 4328 2759 4381 sponsa
2815 4317 3159 4375 consecrata,
3218 4314 3352 4366 dum
3408 4315 3652 4368 tiliarum
3702 4332 3833 4368 sua-

2151 4419 2278 4455 rum
2311 4418 2369 4454 se
2401 4399 2755 4453 sanctissimo
2797 4399 3170 4452 contubernio
3195 4402 3578 4470 applicuisset,
3614 4419 3723 4455 non
3773 4410 3836 4456 ut

2145 4493 2327 4540 mater
2358 4486 2580 4539 tiliabus
2602 4501 2659 4537 se
2690 4485 3054 4554 praaferebat;
3105 4485 3204 4538 sed
3233 4487 3315 4538 «in
3371 4487 3635 4541 omnibus
3665 4488 3838 4541 servi-

2145 4576 2236 4630 tiis
2268 4575 2528 4628 servilem
2569 4589 2627 4626 se
2656 4589 2958 4643 personam
2991 4573 3354 4638 ostendebat;
3385 4575 3462 4628 ita
3502 4580 3692 4628 tamen
3746 4583 3831 4642 ut,

2146 4681 2274 4718 cum
2312 4663 2507 4718 omnia
2559 4662 2785 4727 faceret,
2829 4661 3261 4714 ostentationem
3320 4662 3542 4734 fugeret
3573 4663 3835 4734 singulo-

2149 4769 2300 4820 rum,
2359 4767 2430 4804 ne
2475 4751 2533 4803 in
2585 4748 2852 4820 praesenti
2917 4749 3123 4802 saeculo
3185 4749 3458 4820 reciperet
3515 4755 3834 4808 mercedem

2149 4855 2332 4892 suam.
2369 4837 2721 4907 Operabatur
2749 4836 3010 4889 manibus
3041 4835 3330 4905 suis(nulli
3361 4839 3514 4892 enim
3545 4839 3601 4893 in
3635 4842 3835 4897 distin-

2150 4925 2390 4996 guendis
2421 4940 2560 4977 auro
2584 4924 2938 4994 gemmisque
2970 4925 3216 4978 vestibus
3264 4926 3600 4996 plurimum,
3655 4937 3752 4983 aut
3779 4931 3835 4983 in

2151 5013 2307 5067 stolis
2342 5018 2438 5065 aut
2467 5012 2526 5064 in
2579 5011 2825 5082 cingulis
2868 5011 3261 5067 mstimabatur
3317 5014 3600 5084 inferior),
3657 5018 3838 5072 sciens

2153 5101 2428 5171 scriptum
2484 5116 2604 5153 esse
2665 5116 2678 5152 :
2729 5099 2839 5165 Qui
2893 5116 2999 5154 non
3065 5098 3340 5170 operatur,
3405 5119 3511 5157 non
3556 5106 3838 5159 manducet

2154 5186 2243 5256 (ΙΙ
2270 5186 2457 5238 Thess.
2497 5200 2575 5248 Ill,
2616 5185 2716 5249 l0).
2775 5183 2995 5253 Sponso
3024 5190 3123 5238 aut
3176 5203 3345 5239 orans
3377 5187 3712 5257 loquebatur
3739 5192 3839 5239 aut

2155 5273 2422 5343 psallens.
2449 5271 2526 5324 Ad
2560 5271 2810 5324 ecclesias
2851 5270 3048 5324 limina
3076 5289 3224 5342 pene
3257 5273 3438 5327 invisa
3475 5275 3832 5344 properabat.

2158 5359 2305 5414 Nihil
2347 5357 2642 5410 severitate
2692 5357 2846 5410 illius
2887 5359 3216 5427 jucundius,
3259 5361 3400 5413 nihil
3480 5359 3837 5427 jucunditate

2157 5447 2424 5502 severius.
2458 5445 2654 5498 Tristis
2701 5445 2760 5498 in
2790 5445 2929 5509 risu,
2989 5447 3046 5499 in
3107 5447 3336 5500 tristitia
3393 5446 3594 5498 suavis.
3665 5447 3836 5499 Breve

2161 5536 2291 5588 vita:
2327 5533 2572 5602 spatium
2599 5538 2808 5586 aeterna
2858 5533 3134 5587 memoria
3188 5533 3611 5601 compensabat.
3677 5535 3836 5588 Idem
