3968 6396
109 299 243 354 1089

1161 296 1450 355 HOMILIA
1489 299 1578 352 DE
1619 292 1809 351 OCTO
1860 294 2452 353 BEATITUDINIBUS.

3395 306 3533 358 i090

92 421 439 488 derelictus,
473 422 697 495 optime
729 422 1005 477 convenit
1033 422 1389 489 evangelicae
1438 420 1759 485 sententiae,
1801 426 1847 476 A
1876 434 2065 490 quam
2095 434 2201 491 per
2220 419 2535 476 utilitatem
2557 421 2649 477 sui
2669 422 3004 479 admodum
3035 424 3230 497 placet
3261 426 3539 482 sensibus

91 526 223 583 qua
245 511 592 574 designatur
616 511 908 566 trifariqu
937 526 1125 577 genus
1148 511 1487 579 hominum,
1511 509 1765 565 Domino

96 599 335 655 dicente
364 618 376 654 :
415 603 599 654 Erunt
623 600 745 654 duo
769 600 829 654 in
859 599 1010 654 lecto
1032 616 1177 670 uno,
1211 616 1370 655 unus
1427 602 1767 654 assumetur

98 694 157 743 et
186 689 334 744 alter
368 689 755 761 relinquetur.
795 692 974 743 Erunt
998 688 1133 743 dure
1168 688 1528 744 molentesin
1552 704 1763 755 unum,

100 793 226 832 una
256 781 599 833 assumetur
626 783 681 832 et
708 777 894 832 altera
924 777 1309 848 relinquetur.
1344 781 1523 832 Erunt
1552 776 1675 831 duo
1704 776 1765 831 in

99 883 269 935 agro,
306 884 460 924 unus
487 872 829 923 assumetur
858 871 913 922 et
939 866 1085 921 alter
1114 866 1481 939 relinquetur
1527 868 1697 935 (271).
1737 890 1763 915 »

715 956 1142 1012 Ammonicius.

174 1068 200 1093 ‹‹
232 1044 456 1101 Solutio
480 1044 724 1119 triplicis
756 1044 1109 1117 quiestionis
1138 1049 1261 1100 tam
1282 1060 1388 1117 per
1410 1044 1763 1100 brevitatem
1824 1094 1827 1095 ,

1876 507 2045 563 meis.
2082 530 2108 556 ››

2505 598 2897 653 Cotlectitius.

1948 708 1973 731 ‹‹
2005 688 2067 740 Et
2091 685 2408 742 humilitati
2430 702 2578 742 metr
2597 687 2810 759 placet,
2831 688 2889 743 in
2910 689 3153 744 nomine
3178 695 3400 747 sanctae
3424 692 3540 747 'l‘ri-

1873 773 2072 829 nitatis
2096 774 2374 831 claudere
2405 774 2645 841 librum,
2679 777 2821 848 quia
2847 777 2935 832 sol
2976 795 3116 834 cum
3166 779 3287 835 tine
3337 779 3537 836 brevis

1874 864 2122 919 dieculae
2149 864 2278 935 jam
2308 864 2453 937 petit
2482 882 2786 922 occasum.
2826 889 2852 915 ››

2488 955 2914 1013 Ammonicius.

1946 1067 1971 1091 (ι
2011 1042 2291 1099 Feliciter.
2318 1047 2529 1099 Amen.
2566 1069 2593 1093 ››

355 1632 433 1683 EX
477 1629 731 1685 COMI'I‘I‘Z
775 1629 1259 1685 VOHBURGENSI
1300 1627 1615 1684 MONACHI
1657 1630 1741 1683 ET
1780 1626 2036 1683 DECANI
2078 1628 2675 1683 EMMERAMMENSIS
2716 1631 2877 1685 Oltl).
2926 1634 2981 1685 ὃ.
3030 1634 3277 1687 BENE”.

1583 1785 2060 1872 HOMILIA

833 1967 1016 2085 DE
1114 1963 1486 2087 OtLTO
1587 1965 2836 2090 BEATITUDINIBUS

1152 2189 1277 2275 ET
1338 2187 1727 2276 SANUTO
1786 2188 2473 2284 EMMERAMMO.

302 2392 497 2465 (Apud
532 2394 593 2447 P.
624 2396 687 2448 Β.
723 2396 849 2462 Pax,
885 2392 1052 2448 Thes.
1085 2392 1340 2459 Anecd.,
1374 2396 1517 2447 tom.
1554 2394 1640 2458 IV,
1670 2408 1729 2463 p.
1762 2407 1819 2459 ιι,
1852 2407 1914 2464 p.
1938 2396 2030 2463 29,
2058 2410 2129 2450 ex
2160 2410 2278 2450 ms.
2312 2396 2445 2451 cod.
2475 2394 2845 2451 bibliothecae
2878 2397 3326 2465 Emmeramm.)

172 2701 363 2756 Lectio
384 2705 437 2755 S.
474 2701 790 2771 Evangeliii
852 2702 1185 2757 secundum
1241 2703 1577 2759 Mattlueum
1615 2719 1626 2755 ε
1690 2704 1761 2755 In
1805 2704 1842 2755 Β
1872 2709 2090 2758 ventur
2113 2705 2311 2773 fontes
2343 2707 2434 2760 tui
2457 2709 2646 2775 foras,
2676 2713 2729 2762 et
2790 2708 2851 2761 in
2898 2707 3122 2775 plateis
3163 2722 3352 2778 aquas
3400 2713 3536 2763 tuas

97 2794 207 2847 itte
236 2798 519 2863 tempore,
551 2808 685 2847 cum
716 2797 973 2848 montem
1009 2797 1065 2847 et
1094 2792 1258 2865 reliq.

492 2948 720 2987 HOMIIJA
769 2949 1004 2987 LECTION
1016 2950 1067 2989 IS
1108 2951 1364 2990 EIUSDEM.

170 3077 408 3131 Creator
429 3080 484 3131 et
502 3076 861 3147 Redemptor
884 3077 1116 3147 generis
1139 3078 1388 3133 humani
1409 3081 1576 3133 Jesus
1600 3076 1762 3132 Chri-

97 3171 224 3221 stus
259 3165 545 3220 Dominus
578 3173 776 3221 noster
801 3183 1013 3222 omnes
1036 3166 1312 3222 homines
1334 3168 1459 3223 sine
1483 3182 1764 3239 persona-

96 3272 231 3310 rum
262 3255 607 3326 acceptione
632 3255 709 3310 ad
748 3272 870 3311 suae
898 3256 1128 3312 donum
1148 3257 1531 3327 benignitatis
1557 3257 1767 3312 invitat

93 3343 469 3415 generaliter,
497 3344 701 3400 dicens
736 3362 747 3399 :
782 3346 848 3401 Si
874 3348 1006 3416 quis
1038 3347 1184 3413 sitit,
1224 3349 1421 3402 veniat
1453 3347 1534 3402 ad
1563 3361 1653 3402 me
1710 3353 1764 3401 et

94 3434 280 3488 οἰόθι.
314 3434 478 3489 Unde
510 3438 564 3489 et
594 3435 909 3507 apostolus
945 3438 1147 3491 Petrus
1185 3454 1196 3490 :
1229 3439 1299 3491 In
1355 3438 1626 3505 veritate,
1681 3436 1762 3491 in-

90 3523 244 3595 quit,
280 3525 543 3592 comperi
575 3525 715 3594 quia
746 3540 865 3579 non
898 3530 980 3579 est
1034 3541 1433 3593 personarum
1489 3530 1766 3593 acceptor

94 3614 249 3665 Deus
278 3625 300 3679 ,'
319 3611 423 3665 sed
453 3612 513 3665 in
544 3612 710 3665 omni
734 3617 927 3681 gente,
954 3613 1059 3681 qui
1089 3614 1249 3666 timet
1282 3615 1467 3666 Deum
1520 3619 1573 3667 et
1634 3628 1764 3680 ope-

91 3705 275 3754 tatur
296 3701 624 3767 justitiam,
658 3706 934 3768 acceptus
965 3705 1046 3755 est
1094 3701 1205 3754 illi.
1270 3700 1402 3756 Sitis
1458 3700 1586 3755 hsec
1640 3716 1765 3755 non

89 3789 398 3845 exterioris
424 3788 685 3843 hominis
718 3793 805 3843 est
849 3788 1219 3860 accipienda,
1282 3789 1387 3845 sed
1443 3788 1760 3859 interioris,

87 3878 198 3949 qui
228 3877 582 3933 exteriorem
614 3881 778 3933 tanto
800 3876 1081 3949 praecellit
1124 3876 1340 3933 decore
1398 3894 1761 3949 gemmaque

86 3965 435 4030 nobilitatis,
467 3972 532 4020 ut
562 3965 794 4034 merito,
825 3971 945 4020 tam
968 3965 1028 4020 in
1060 3964 1236 4021 nobis
1267 3982 1453 4039 quam
1498 3965 1560 4021 in
1609 3966 1758 4033 aliis,

1875 2791 2091 2847 (livide.
2125 2794 2355 2849 Habeto
2383 2810 2481 2850 eas
2507 2797 2687 2864 solus,
2722 2812 2827 2850 nec
2853 2796 2973 2850 sint
2999 2797 3187 2851 atieni
3208 2797 3537 2865 participes

1877 2882 1982 2936 tui.
2023 2883 2440 2955 Unusquisque
2472 2882 2662 2939 ﬁdelis
2693 2900 2918 2956 aquam
2948 2884 3023 2939 de
3059 2884 3313 2939 cisterna
3343 2900 3452 2939 sua
3483 2890 3541 2941 et

1877 2970 2099 3026 ﬂuenta
2130 2972 2291 3043 putei
2322 2973 2413 3028 sui
2442 2972 2612 3042 bibit,
2635 2990 2776 3028 cum
2806 2973 3084 3044 spiritalis
3116 2972 3344 3028 donum
3372 2973 3539 3029 intel-

1873 3057 2129 3127 ligentiae
2156 3058 2505 3131 sibimetipsi
2538 3060 2703 3132 prius
2730 3060 3008 3131 infundit,
3037 3077 3108 3116 ea
3158 3060 3377 3117 scilicet
3403 3076 3543 3133 ope-

1874 3148 2040 3203 ribus
2071 3148 2460 3222 adimplendo
2485 3167 2619 3221 quae
2653 3167 2713 3205 se
2742 3151 2962 3206 habere
2990 3150 3260 3220 intelligit
3289 3167 3541 3206 munere

1874 3240 2095 3295 divino.
2128 3240 2348 3295 Deinde
2379 3240 2727 3297 derivantur
2758 3240 2917 3296 foras
2941 3240 3133 3296 fontes
3192 3240 3345 3311 ejus,
3401 3256 3541 3295 cum

1873 3329 2212 3384 divinorum
2243 3330 2499 3399 gratiam
2524 3330 2826 3386 donorum
2847 3330 2976 3385 aliis
2998 3329 3414 3385 subministrat
3442 3347 3542 3385 ex-

1874 3422 2073 3477 terius.
2132 3427 2191 3477 In
2240 3421 2450 3494 plateis
2481 3437 2623 3477 vero
2673 3421 3024 3476 dividuntur
3073 3426 3346 3493 etaquac.
3380 3438 3540 3487 cum,

1869 3511 2040 3580 juxta
2091 3509 2442 3582 qualitatem
2503 3515 2560 3564 et
2616 3510 3007 3581 capacitatem
3065 3508 3542 3582 uniuscujusque

1875 3598 2367 3665 tltltlttOl'iS,\'ittm
2394 3597 2652 3651 veritatis
2705 3596 2819 3651 late
2878 3595 3195 3653 innotescit
3246 3596 3441 3650 verbis
3486 3603 3541 3651 et

1875 3687 2181 3757 exemplis.
2246 3689 2407 3740 'l‘unc
2456 3684 2617 3740 enim
2670 3686 2853 3740 habet
2903 3701 3005 3740 eas
3042 3685 3225 3749 solus,
3260 3700 3369 3739 nec
3403 3690 3543 3741 sunt

1875 3775 2071 3841 alieni,
2101 3774 2163 3830 id
2194 3779 2282 3830 est
2310 3774 2640 3841 daemones,
2672 3773 2992 3847 participes
3023 3774 3173 3845 ejus,
3232 3790 3372 3829 cum
3431 3790 3544 3830 nec

1875 3880 1981 3936 per
2010 3863 2217 3919 vitium
2249 3861 2521 3917 elationis
2550 3862 2851 3933 malignae,
2882 3862 2985 3917 sed
3008 3877 3115 3935 per
3136 3862 3411 3935 spiritum
3437 3863 3548 3919 hu-

1875 3953 2137 4009 militatis
2168 3969 2346 4021 verte,
2376 3952 2653 4025 spiritalis
2686 3953 2888 4022 gratiae
2918 3958 3153 4026 potum,
3202 3957 3383 4026 prout
3436 3969 3545 4026 po-
3578 4014 3589 4019 _

86 4053 185 4109 ille
218 4054 414 4122 magis
439 4070 627 4126 quam
659 4054 913 4110 exterior
943 4054 1242 4125 diligatur,
1300 4054 1442 4127 quia
1487 4054 1566 4109 ab
1609 4052 1753 4109 inte-
1789 4047 1834 4103 ο
1865 4049 1997 4110 test,
2025 4043 2221 4099 Studet
2250 4041 2381 4097 aliis
2405 4042 2663 4099 exterius
2694 4042 3040 4115 propinare.

86 4143 246 4198 riore
278 4143 394 4198 vita
422 4143 696 4199 exteriori
722 4144 1081 4200 attribuitur.
1117 4143 1277 4199 Sicut
1305 4143 1464 4199 enim
1507 4143 1756 4198 exterio-

85 4233 169 4287 ris
192 4232 453 4287 hominis
477 4233 601 4288 sitis
618 4250 724 4305 per
748 4233 1017 4289 diversas
1040 4233 1344 4306 liquorum
1366 4231 1760 4303 exstinguitur

90 4322 393 4386 materias,
428 4321 507 4379 ita
530 4322 651 4378 sitis
672 4324 935 4379 hominis
964 4323 1258 4379 interioris
1288 4339 1393 4395 per
1418 4320 1602 4378 divini
1630 4337 1759 4376 ver-

87 4411 150 4467 bi
184 4411 381 4467 varias
409 4416 712 4468 recreatur
741 4412 1082 4469 sententias.
1120 4412 1176 4469 Si
1210 4412 1315 4485 qui
1366 4414 1568 4467 autem
1623 4425 1758 4464 nos-

93 4506 251 4557 trum
285 4500 555 4557 ariditate
582 4501 861 4557 invisibili
917 4502 1212 4567 laborant,
1261 4501 1339 4557 ad
1388 4500 1757 4556 Salvatorem

90 4588 391 4644 credendo
425 4588 708 4658 veniant;
743 4607 813 4646 ac
844 4591 972 4661 ejus
1019 4589 1335 4662 praeceptis
1372 4586 1760 4644 obaudiendo

90 4678 324 4745 bibant,
360 4684 417 4734 et
445 4679 731 4747 bibendo,
765 4680 826 4735 id
856 4685 945 4735 est
974 4680 1126 4735 bene
1159 4679 1438 4747 vivendo,
1473 4676 1760 4733 eeternali-

94 4772 179 4823 ter
212 4766 435 4822 vivant.

163 4850 251 4905 Ad
282 4867 470 4924 quam
500 4846 683 4921 hujus
737 4856 914 4924 potus
971 4857 1181 4923 gustus
1233 4850 1572 4907 mercedem
1624 4867 1758 4923 per-

92 4935 313 5003 veniat,
337 4935 467 5007 ipse
488 4935 779 4992 Dominus
801 4936 1147 5006 evangelica
1177 4952 1319 4991 voce
1349 4936 1754 4992 demonstrat:

92 5025 208 5092 Qui
232 5026 441 5096 credit,
469 5025 681 5098 inquit,
708 5028 769 5081 in
829 5042 938 5095 me,
961 5027 1216 5095 ﬂumina
1258 5025 1331 5080 (te
1374 5030 1579 5081 ventre
1630 5028 1758 5095 ejus

86 5118 277 5183 ﬂuent
335 5129 507 5184 aqua?
555 5117 721 5171 vivze.
777 5117 1005 5181 Venter,
1061 5114 1134 5169 de
1192 5129 1315 5187 quo
1374 5111 1761 5182 egrediuntur

91 5219 266 5274 aqua:
299 5201 473 5267 vivt'e,
507 5209 595 5259 est
636 5203 967 5260 intellectus
1023 5202 1319 5259 sensibilis
1379 5202 1617 5258 animae.
1681 5205 1757 5258 De

89 5307 213 5364 quo
243 5295 447 5346 ventre
472 5290 697 5347 ﬂumen
731 5292 1031 5359 egreditur
1061 5309 1235 5365 aqum
1264 5291 1431 5357 vivre,
1487 5308 1624 5346 cum
1648 5290 1757 5346 do-

1942 4134 2110 4189 tlunc
2168 4132 2372 4189 salutis
2421 4138 2633 4205 potum
2685 4132 2974 4188 Dominus
3032 4135 3203 4187 Jesus
3233 4132 3545 4205 discipulis

1868 4224 1993 4279 suis
2022 4222 2389 4296 porrigebat,
2419 4228 2719 4295 quatenus
2750 4221 2862 4294 ipsi
2896 4221 3190 4288 biberent,
3223 4224 3280 4276 et
3320 4222 3394 4276 de
3450 4238 3548 4277 co-

1866 4330 2002 4368 rum
2064 4317 2301 4385 pectore
2358 4327 2530 4383 aquae
2582 4311 2733 4365 vivae
2792 4315 3166 4379 emanarent,
3231 4325 3372 4365 cum
3403 4313 3542 4365 octo

1866 4402 2310 4458 beatitudinum
2333 4401 2587 4471 gratiam
2623 4399 2698 4455 ad
2722 4416 2931 4457 eorum
2961 4399 3244 4469 dignatus
3276 4401 3364 4454 est
3409 4413 3546 4470 pro-

1867 4492 2017 4546 ferre
2048 4489 2322 4545 notitiam
2358 4506 2370 4555 ;
2406 4505 2542 4560 quas
2568 4489 2694 4543 vitae
2727 4488 3103 4543 currentibus
3133 4486 3418 4554 stadium,
3472 4485 3542 4542 li-

1866 4580 2080 4636 berum
2105 4578 2273 4648 regni
2304 4577 2557 4633 caelestis
2589 4576 2866 4649 pandunt
2890 4575 3216 4632 introitum.
3239 4574 3333 4630 Ait
3355 4574 3539 4631 enim:

1939 4670 2116 4726 Beati
2130 4683 2428 4739 pauperes
2451 4669 2690 4738 spiritu.
2712 4666 3080 4740 Paupertatis
3106 4665 3285 4736 igitur
3300 4664 3542 4721 afﬂictio

1866 4775 1961 4815 res
1996 4762 2083 4813 est
2104 4755 2303 4812 media
2324 4755 2381 4811 in
2402 4755 2515 4810 hoc
2538 4753 2756 4810 sreculo
2782 4772 2793 4809 :
2819 4770 2953 4827 quae
2981 4769 3091 4827 pro
3119 4751 3542 4808 sustinentium

1867 4847 2159 4922 qualitate
2190 4850 2246 4902 et
2277 4845 2521 4902 arbitrio
2553 4844 2729 4901 beata
2755 4860 2862 4899 seu
2882 4859 3005 4899 non
3039 4842 3219 4899 beata
3244 4840 3541 4913 judicabi—

1870 4944 1962 4994 tur
1988 4937 2048 4992 in
2081 4937 2301 4992 futuro.
2335 4933 2492 4991 Multi
2521 4937 2658 4990 sunt
2681 4932 2843 4989 enim
2865 4948 3018 5005 quos
3036 4931 3407 5004 paupertatis
3434 4931 3543 4987 mi-

1870 5028 2025 5084 seria
2057 5025 2310 5096 stringit,
2342 5024 2446 5079 sed
2479 5023 2731 5079 Ctt’leStlS
2783 5022 3014 5095 praemii
3068 5020 3389 5093 promissio
3418 5036 3545 5076 non

1867 5116 2099 5187 ditabit,
2146 5114 2291 5187 quia
2322 5113 2661 5169 molestiam
2680 5111 2895 5184 inopiae
2926 5111 3092 5166 freno
3114 5110 3416 5183 patientiae
3438 5125 3541 5167 ne-

1868 5208 2061 5263 sciunt
2094 5209 2289 5261 tenere
2321 5222 2333 5269 ;
2367 5207 2422 5258 ct
2448 5218 2583 5275 quae
2606 5204 2915 5273 nequeunt
2932 5199 3386 5273 apprehendere
3404 5215 3546 5271 pos-

1868 5295 2140 5357 sidcndo,
2169 5309 2276 5366 per
2306 5291 2567 5348 avaritiae
2600 5288 2828 5346 malum
2852 5290 3288 5361 concupiscunt
3319 5288 3379 5344 in
3413 5289 3543 5344 ani-

90 5396 259 5447 num,
288 5379 449 5450 quod
481 5394 517 5434 a
553 5381 672 5434 Deo
721 5380 1109 5452 percipimus,
1163 5380 1423 5453 spiritale
1464 5379 1754 5452 proximis
1800 5401 1843 5454 D
1879 5386 2321 5453 mo.Pauperes
2344 5382 2739 5450 suntspiritu,
2767 5379 2870 5452 qui
2890 5396 2995 5452 per
3019 5379 3272 5447 gratiam
3295 5378 3546 5451 Spiritus

89 5469 306 5524 nostris
334 5467 633 5524 humiliter
660 5470 991 5539 satagimus
1022 5470 1459 5527 administrare.
1504 5468 1668 5524 Unde
1698 5474 1755 5525 ct

90 5574 196 5631 per
263 5556 645 5614 Salomonem
696 5560 1018 5634 unicuique
1078 5560 1235 5616 ﬁdeli
1290 5560 1551 5616 dicitur:
1612 5559 1756 5615 Bibe

90 5663 307 5719 aquam
342 5648 415 5703 de
434 5650 693 5706 cisterna
721 5658 846 5721 tua,
880 5657 933 5707 et
955 5654 1185 5721 ﬂuenta
1209 5651 1381 5721 putei
1403 5650 1495 5706 tui
1519 5665 1545 5721 ,'
1592 5647 1752 5705 deri-

162 5756 313 5829 (271)
334 5757 478 5813 Luc.
510 5774 642 5815 xvu.

1876 5473 2063 5530 sancti
2082 5489 2142 5525 se
2165 5470 2519 5525 submittunt
2540 5474 2886 5541 spontanete
2910 5468 3269 5541 paupertati.
3300 5467 3542 5533 Idcirco,

1871 5561 2045 5631 juxta
2067 5555 2418 5611 sententiam
2451 5553 2791 5625 Salvatoris,
2820 5552 2919 5609 illa
2950 5557 3278 5626 paupertas
3308 5557 3398 5607 est
3422 5551 3547 5607 lau-

1865 5643 2081 5702 dabilis
2104 5658 2237 5714 quae
2261 5638 2601 5696 authabere
2627 5655 2755 5695 non
2779 5638 2962 5712 cupit,
2987 5644 3090 5695 aut
3116 5638 3162 5694 si
3183 5635 3388 5706 habet,
3409 5651 3543 5710 pro_
