3910 6394
396 304 525 373 i091

805 268 1110 370 ARNOLDI
1148 314 1730 373 EMMERAMMENSIS
1767 308 2078 367 MONACHI
2116 306 2403 367 HOMILIA
2447 317 2533 370 DE
2574 317 2752 373 OCTO
2793 313 3376 372 BEATITUDINIBUS

3722 310 3858 366 1092

393 444 525 512 pter
553 443 739 495 Deum
769 438 1073 507 erogando
1088 437 1747 511 relinquit—Quoniam
1770 439 2029 506 ipsorum
2065 431 2114 484 Α
2151 436 2525 494 sustinebunt
2544 439 2805 510 justiﬁes,
2839 439 3048 495 merito
3067 439 3258 495 beata:
3289 436 3601 494 satietatis
3657 435 3856 490 verba

395 536 481 586 est
521 545 767 600 regnum
818 530 1121 583 caelorum.
1186 528 1339 583 Licet
1386 532 1824 601 contemptores
1857 524 2036 595 hujus

397 618 595 674 saeculi
611 617 806 673 adhuc
824 621 1144 686 graventur
1159 615 1314 671 mole
1337 616 1581 683 carnali,
1608 620 1805 672 tamen
1832 615 1959 685 jam
1977 613 2038 667 ti-

396 706 562 763 deiet
582 706 705 778 spei
725 705 913 773 gratia
927 705 1094 774 regni
1117 705 1366 759 cmlestis
1388 705 1778 778 possidebunt
1797 702 2035 773 gaudia.

466 797 643 851 Beati
660 796 846 850 mites.
876 793 1033 849 Mites
1065 798 1201 849 sunt
1221 794 1541 864 mansueti,
1575 794 1679 867 qui
1718 794 2037 848 Dominum

396 882 873 940 mansuetudinis
905 882 1142 937 student
1162 880 1399 955 imitari,
1428 882 1532 955 qui
1558 883 1728 939 dicit:
1764 884 1983 939 Discite
2002 898 2038 937 a

395 990 485 1030 me
513 975 654 1045 quia
680 973 838 1028 mitis
868 988 996 1027 sum
1019 978 1073 1027 et
1102 973 1341 1027 humilis
1369 973 1561 1028 corde.
1599 972 1756 1029 Sicut
1786 972 1877 1028 ille
1907 989 2038 1027 om—

395 1060 575 1116 nibus
606 1061 852 1116 omnino
880 1060 1223 1116 hominibus
1251 1077 1371 1115 suae
1403 1061 1670 1130 gratuita:
1700 1060 1930 1115 donum
1948 1060 2039 1114 tri-

397 1149 524 1205 buit
551 1149 802 1222 pietatis,
829 1149 930 1217 ita,
960 1153 1138 1221 prout
1161 1154 1431 1221 possunt,
1455 1153 1510 1204 et
1532 1149 1701 1203 mites
1718 1149 2038 1220 unicuique

397 1242 677 1307 satagunt
689 1237 971 1308 prodesse
985 1236 1215 1308 absque
1235 1237 1366 1292 felle
1379 1237 2038 1304 amaritudinis—Quo-

396 1326 557 1381 niam
580 1327 696 1394 ipsi
717 1325 1100 1393 possidebunt
1123 1330 1365 1381 terram.
1390 1330 1513 1381 Non
1536 1343 1671 1398 quae
1712 1325 2038 1381 visibilibus

395 1412 609 1468 nostris
632 1412 938 1468 obtutibus
966 1418 1215 1485 apparet
1244 1418 1421 1478 terra,
1454 1419 1511 1469 et
1539 1415 1841 1470 diversam
1869 1414 2039 1470 arbo-

392 1517 528 1556 rum
583 1501 1025 1572 herbarumque
1077 1502 1264 1572 gignit
1317 1503 1649 1568 materiam,
1708 1503 1811 1557 sed
1876 1503 2037 1558 illam

395 1606 580 1662 quam
606 1589 985 1663 spiritualiter
1024 1590 1365 1647 intuebatur
1412 1592 1724 1650 Psalmista
1776 1592 2039 1649 invisibi-

392 1678 532 1747 lem,
565 1678 768 1734 dicens
797 1696 809 1734 :
846 1678 1036 1734 Credo
1074 1681 1270 1735 videre
1301 1681 1451 1736 bona
1474 1683 1713 1736 Domini
1757 1682 1818 1736 in
1878 1687 2037 1737 terra

2152 531 2450 580 merentur
2479 527 2684 583 audire
2718 545 2731 581 :
2765 560 2833 567 —
2863 529 3145 600 quoniam
3177 529 3294 597 ipsi
3334 526 3850 585 saturabuntur,

2147 628 2265 667 non
2290 614 2388 669 illa
2417 616 2721 671 saturitate
2743 632 2930 688 quam
2949 616 3217 689 sequitur
3241 616 3421 671 famis
3454 614 3723 687 inopia.
3749 614 3848 667 sed

2146 716 2330 772 quam
2362 704 2700 775 suspirabat
2722 704 3035 761 Psalmista
3053 721 3191 760 cum
3205 705 3407 761 adhuc
3418 703 3850 776 requievisset

2145 787 2207 843 in
2237 795 2426 846 terra:
2460 794 2586 861 Ego
2618 799 2811 849 autem
2847 796 2907 848 in
2928 795 3173 863 justitia
3199 794 3513 862 apparebo
3548 807 3849 861 conspec-

2148 880 2238 933 tui
2286 885 2384 935 tuo
2414 897 2436 935 .·
2520 882 2805 949 satiabor,
2865 882 3007 937 dum
3058 882 3571 951 manifestabitur
3636 880 3848 950 gloria

2148 972 2271 1022 tua.

2218 1056 2394 1111 Beati
2420 1059 2846 1115 misericordes.
2881 1057 3203 1114 Misericors
3228 1057 3453 1113 dicitur
3504 1056 3627 1129 qui
3696 1056 3847 1110 alio-

2146 1160 2281 1198 rum
2310 1146 2765 1201 necessitatibus
2800 1147 3177 1218 compatitur.
3233 1148 3612 1219 Quicunque
3680 1145 3844 1199 enim

2146 1249 2297 1286 verae
2330 1233 2560 1290 bonum
2590 1235 3007 1290 misericordiae
3030 1235 3330 1291 desiderat
3368 1234 3675 1307 adipisci,
3742 1249 3844 1288 ne-

2147 1336 2311 1376 cesse
2388 1328 2473 1377 est
2559 1328 2622 1378 ut
2680 1325 3029 1379 misereatur
3084 1342 3098 1391 ;
3160 1325 3356 1395 primo
3430 1323 3841 1394 sibimetipsi.

2145 1424 2220 1464 ne
2259 1412 2423 1482 quid,
2484 1413 2765 1483 operibus
2829 1412 3257 1468 consentiendo
3322 1412 3528 1474 malis,
3603 1412 3836 1467 admit-

2145 1502 2224 1553 tat
2290 1500 2560 1571 quodin
2629 1500 2825 1556 futuro
2889 1502 3087 1555 sinum
3157 1501 3456 1556 cruciatus
3522 1499 3842 1573 aperiat:

2144 1592 2201 1643 et
2224 1592 2359 1645 tunc
2411 1590 2886 1647 misericordiam
2916 1590 3046 1647 aliis
3064 1593 3237 1661 juxta
3269 1591 3427 1647 vires
3471 1590 3839 1662 impendat.

2145 1693 2330 1747 quam
2395 1679 2557 1749 prius
2577 1680 2638 1733 in
2673 1680 2996 1752 semetipso
3026 1679 3329 1735 bonorum
3357 1696 3637 1751 operum
3672 1695 3844 1734 exse-

394 1768 735 1823 viventium.
788 1768 923 1821 Ideo
972 1767 1185 1822 dicitur
1245 1774 1397 1824 terra
1448 1769 1757 1825 beatorum
1804 1769 2036 1842 requies
2076 1782 2119 1835 Β
2145 1766 2377 1821 cutione
2437 1767 3112 1835 didicerat—Quoniam
3174 1770 3287 1837 ipsi
3327 1769 3835 1824 misericordiam

395 1859 632 1926 aeterna,
654 1855 799 1928 quia
820 1856 969 1911 sicut
997 1861 1150 1911 terra
1182 1857 1474 1913 soliditate
1500 1864 1712 1914 cuncta
1761 1859 2039 1930 praecellit

394 1946 707 2013 elementa,
738 1946 819 2001 ita
847 1946 1154 2006 beatitudo
1172 1949 1421 2004 ccelestis
1444 1948 1817 2024 permanebit
1849 1946 2037 2003 solida

395 2040 452 2092 et
485 2042 790 2108 perpetua.
827 2039 889 2090 Et
918 2052 1123 2092 revera
1172 2042 1309 2093 tunc
1360 2039 1529 2093 mites
1580 2043 1792 2094 terram
1848 2036 2035 2108 possi-

393 2123 555 2192 dent,
573 2124 820 2195 quando
849 2123 909 2177 in
932 2124 1027 2178 die
1051 2124 1259 2194 judicii
1298 2127 1679 2198 corporaliter
1707 2130 2035 2194 resurgent,

396 2215 461 2266 ut
485 2211 635 2266 sicut
662 2211 861 2266 divina
918 2228 1165 2284 corpore
1215 2218 1270 2269 et
1317 2215 1518 2270 anima
1572 2215 2040 2270 observaverunt

395 2299 703 2368 mandata,
728 2299 809 2353 ita
856 2299 1205 2355 reternaliter
1260 2308 1615 2358 coronentur
1671 2302 1933 2373 corporis
1984 2306 2041 2356 et

396 2387 612 2443 animae
639 2388 787 2443 stola
814 2387 975 2443 bina.

464 2477 640 2531 Beati
669 2477 772 2547 qui
784 2477 1006 2545 lugent.
1028 2480 1153 2532 Non
1165 2479 1783 2551 communisaecularis
1801 2479 2037 2534 tristitiae

395 2564 597 2630 ductu,
626 2563 732 2618 sed
759 2563 1117 2635 poenitentiae
1148 2566 1446 2637 instinctu,
1471 2584 1715 2622 suorum
1765 2568 2042 2623 aliorum-

394 2669 511 2727 que
534 2652 891 2711 detrimenta
914 2670 1163 2726 operum
1186 2655 1503 2712 bonorum.
1523 2659 1940 2729 Suntnamque
1960 2658 2039 2715 la-

395 2756 612 2812 cryma:
643 2745 902 2817 quatuor
931 2741 1023 2796 his
1052 2742 1361 2813 speciebus
1390 2743 1695 2800 distinctae.
1732 2746 1879 2800 Sunt
1927 2746 2037 2800 hu-

394 2830 594 2899 midae,
620 2830 792 2887 salsa:
823 2834 880 2886 et
908 2846 1153 2897 amarae,
1183 2832 1413 2901 calidae,
1439 2850 1624 2905 purae.
1660 2838 1807 2890 Sunt
1849 2834 2040 2890 humi-

394 2918 507 2987 dae,
535 2935 657 2991 quo
689 2919 896 2977 sordes
922 2924 1303 2993 peccatorum
1330 2922 1560 2993 possint
1583 2922 1843 2987 abluere,
1869 2930 1924 2980 et
1945 2940 2037 2980 sa—

395 3006 479 3064 cri
500 3006 741 3080 lapsum
766 3007 1137 3079 baptismatis
1154 3008 1214 3063 in
1243 3010 1498 3077 gradum
1519 3011 1821 3067 restituere
1843 3012 2038 3081 dignae

393 3093 905 3150 reconciliationis.
936 3095 1098 3149 Unde
1124 3095 1303 3151 Isaias
1338 3112 1349 3149 :
1384 3098 1717 3164 Lavamini,
1752 3100 1961 3171 inquit,
1986 3106 2037 3155 et

394 3181 607 3236 mundi
635 3186 832 3237 estote.
863 3180 1020 3237 Sicut
1039 3182 1197 3238 enim
1225 3184 1473 3241 materia
1494 3201 1790 3257 aquarum
1806 3187 2037 3247 visibili.

394 3266 591 3325 carnis
612 3267 1010 3336 immunditia,
1040 3269 1119 3326 ita
1143 3268 1546 3344 lacrymarum
1577 3273 1845 3329 ubertate
1884 3275 2041 3331 lava-

394 3361 491 3413 tur
522 3357 902 3429 spiritualiter
926 3363 982 3414 et
1010 3358 1231 3417 anima.
1269 3362 1414 3416 Sunt
1471 3362 1643 3419 salsae
1695 3370 1751 3419 et
1797 3381 2037 3436 amarae,

393 3445 539 3519 quia
563 3462 671 3520 per
692 3462 860 3518 spem
892 3446 1079 3503 veniae
1131 3453 1188 3504 et
1232 3453 1513 3505 terrorem
1565 3451 1717 3520 ignis
1754 3454 2039 3521 gehennae

394 3533 869 3606 uniuscujusque
900 3535 1169 3591 animum
1198 3536 1389 3592 ﬁdelis
1420 3539 1780 3609 restringunt
1808 3558 1842 3596 a
1864 3542 2040 3615 culpa

390 3622 641 3683 luxurias
675 3623 953 3694 carnalis,
987 3624 1135 3681 sicut
1165 3625 1451 3683 Dominus
1503 3627 1620 3683 ait:
1672 3632 1807 3686 Sint
1856 3633 2044 3687 lumbi

393 3714 575 3769 vestri
592 3714 916 3783 praecincti
937 3726 961 3784 ;
990 3717 1047 3769 et
1069 3714 1386 3785 Apostolus
1420 3733 1433 3772 :
1466 3717 1610 3773 Sine
1626 3733 1775 3787 pace
1794 3726 1847 3775 et
1871 3722 2043 3777 casti-

391 3802 593 3858 monia
622 3816 790 3858 nemo
818 3801 1032 3858 videbit
1053 3803 1260 3858 Deum.
1297 3805 1441 3861 Sunt
1470 3805 1675 3862 calidae
1724 3808 1802 3863 ad
1857 3810 2041 3882 repel-

392 3889 641 3953 lendum
671 3889 856 3958 frigus
883 3889 1264 3958 inﬁdelitatis,
1298 3898 1355 3948 et
1383 3893 1462 3948 ad
1482 3896 1933 3955 accendendum
1955 3916 2044 3955 ar-

393 3976 604 4031 dorem
630 3977 953 4035 charitatis.
980 3978 1138 4035 Sicut
1166 3979 1291 4036 sine
1324 3980 1454 4036 oleo
1483 3982 1748 4057 lucerna,
1780 3987 1861 4043 ita
1892 3988 2042 4045 ﬁdes

393 4064 520 4121 sine
549 4064 872 4136 charitatis,
898 4064 1203 4140 lampada.
1236 4070 1380 4126 Sunt
1401 4087 1586 4143 purae,
1620 4090 1759 4131 cum
1787 4076 1921 4149 quis
1946 4095 2041 4133 as-

395 4152 570 4210 sidua
588 4152 771 4209 ﬂendi
796 4154 1228 4211 consuetudine
1250 4158 1475 4229 peccati
1506 4161 1599 4216 sui
1625 4164 1878 4231 gratiam
1917 4182 2044 4238 spe-

390 4241 609 4300 raverit
637 4240 821 4299 veniae
858 4261 871 4313 ;
900 4248 955 4298 et
974 4243 1105 4315 jam
1136 4260 1259 4300 non
1290 4246 1499 4304 timore
1525 4249 1680 4319 ignis
1730 4253 2039 4323 gehennae,

396 4330 502 4387 sed
529 4347 640 4403 pro
666 4332 1105 4406 exspectatione
1135 4339 1364 4390 aeternae
1402 4336 1786 4397 beatitudinis
1841 4342 2045 4415 incipit

395 4418 557 4488 ﬂere,
580 4425 826 4479 cantans
854 4421 1119 4495 quotidie
1150 4440 1289 4481 cum
1321 4420 1630 4484 Psalmista
1658 4429 1720 4487 in
1741 4431 2039 4488 oratione:

390 4508 588 4580 Super
603 4512 856 4580 ﬂumina
881 4511 1233 4585 Babylonis,
1259 4515 1388 4571 illic
1407 4518 1660 4574 sedimus
1681 4525 1733 4576 et
1753 4523 2041 4592 ﬂevimus,

393 4598 536 4656 dum
566 4602 1022 4659 recordaremur
1051 4604 1158 4669 tui,
1198 4604 1360 4661 Sion.
1395 4605 1461 4661 Hi
1486 4606 1630 4663 tales
1662 4608 1879 4666 divinae
1904 4627 2045 4681 gau-

393 4686 494 4744 dia
521 4704 558 4745 a
587 4689 1008 4748 consolationis
1060 4696 1378 4761 merentur,
1434 4699 1497 4750 ut
1551 4696 1945 4755 subinfertur:
1974 4733 2043 4742 —

392 4778 675 4849 quoniam
694 4779 811 4850 ipsi
837 4781 1328 4849 consolabuntur,
1367 4781 1470 4840 illa
1500 4783 1772 4842 videlicet
1829 4804 2041 4847 conso-

391 4862 610 4923 latione
651 4882 787 4940 quee
812 4871 950 4941 post
994 4868 1152 4926 hanc
1194 4868 1379 4927 vitam
1434 4873 1652 4929 sanctis
1706 4875 1945 4933 dabitur
1980 4878 2042 4934 in

393 4953 615 5008 aeterna
633 4952 857 5027 requie.

461 5035 641 5092 Beati
663 5037 771 5110 qui
795 5037 1065 5093 esuriant
1093 5044 1149 5097 et
1177 5039 1367 5095 situnt
1376 5042 1700 5112 justitiam.
1747 5046 2040 5104 Justitiam

392 5121 616 5178 esurire
645 5127 702 5179 et
730 5123 906 5198 sitire,
935 5129 1023 5182 est
1050 5132 1350 5201 praecepta
1381 5130 1689 5188 Dominica
1728 5132 1932 5191 animo
1976 5136 2041 5191 li-

392 5208 558 5265 benti
579 5211 806 5285 audire,
830 5218 887 5270 et
907 5214 1022 5271 sub
1043 5217 1209 5273 omni
1240 5216 1576 5277 festinantia
1604 5222 1888 5294 operibus
1931 5225 2038 5281 ad-

394 5296 660 5370 implere.
677 5305 739 5356 ln
754 5302 866 5359 hoc
893 5304 1053 5359 enim
1074 5304 1205 5360 loco
1221 5306 1447 5376 justitia
1468 5309 1707 5367 duobus
1734 5313 1929 5369 modis
1951 5319 2040 5371 est

394 5383 799 5459 intelligenda.
821 5393 1055 5449 Justitia
1073 5394 1391 5451 Dominum
1415 5397 1710 5455 Christum
1724 5400 2034 5473 signiﬁcat,

396 5475 470 5532 de
495 5492 617 5549 quo
646 5480 955 5552 apostolus
972 5481 1192 5537 Paulus
1204 5482 1375 5541 dicit:
1402 5486 1517 5554 Qui
1540 5489 1739 5547 factus
1769 5498 1851 5547 est
1874 5493 2036 5549 nobis

384 5565 741 5648 justiﬁcatio
771 5575 824 5625 et
851 5568 1267 5636 sanctiﬁcatio.
1303 5575 1364 5629 Et
1386 5574 1527 5632 item
1549 5577 1713 5648 justa
1744 5580 1844 5636 Dei
1868 5598 2036 5638 man-

393 5646 534 5704 data
561 5665 885 5722 possumus
911 5650 1203 5720 justitiam
1233 5646 1575 5729 intelligere,
1603 5678 1737 5734 quae
1764 5680 1904 5719 suos
1926 5665 2033 5721 ob-

394 5740 725 5793 servatores
747 5738 1069 5793 creduntur
1081 5738 1423 5807 justiﬁeare.
1455 5747 1566 5811 Qui
1579 5749 1759 5806 talem
1778 5754 2033 5810 esuriem

2146 1862 2619 1925 consequentur:
2669 1873 2792 1911 non
2838 1856 3003 1913 illam
3043 1874 3176 1930 quae
3206 1857 3414 1927 augeri
3465 1856 3569 1912 vel
3638 1858 3840 1911 minui

2145 1943 2302 1999 valet
2334 1960 2442 2015 pro
2467 1945 2799 2001 diversitate
2826 1951 3161 2019 temporum
3190 1964 3201 2012 ;
3228 1946 3331 2000 sed
3361 1962 3505 2017 quae
3527 1946 3601 2000 in
3624 1945 3843 2000 divina

2145 2032 2645 2104 contemplatione
2677 2035 3030 2091 detrimenta
3058 2050 3182 2090 non
3209 2034 3530 2091 sustinebit
3556 2034 3631 2089 in
3665 2039 3842 2090 aeter-

2145 2135 2312 2175 num.

2213 2211 2391 2265 Beati
2416 2211 2635 2266 mundo
2654 2212 2848 2267 corde.
2864 2210 3010 2265 Illud
3024 2212 3246 2267 etenim
3267 2217 3355 2267 est
3376 2228 3483 2268 cor
3507 2213 3839 2268 mundum

2145 2297 2309 2369 quod
2339 2298 2417 2353 ab
2444 2299 2608 2353 omni
2643 2299 2926 2370 spurcitia
2956 2299 3231 2356 vitiorum
3253 2301 3361 2356 erit
3376 2306 3840 2373 expurgatum,

2146 2388 2201 2439 et
2231 2385 2395 2457 quod
2416 2401 2538 2441 non
2564 2390 2749 2459 turpis
2780 2388 3163 2453 conscientia,
3188 2405 3299 2444 nec
3326 2389 3649 2445 malarum
3674 2390 3840 2459 cogi-

2147 2474 2439 2528 tationum
2489 2476 2837 2547 coinquinat
2892 2476 3245 2547 frequentia.
3307 2481 3387 2532 De
3435 2493 3570 2550 qua
3627 2479 3839 2533 cordis

2150 2563 2441 2617 munditia
2472 2565 2757 2620 exorabat
2806 2565 3124 2620 Dominum
3183 2565 3501 2621 Psalmista
3558 2567 3834 2623 dicens:

2150 2652 2267 2708 Cor
2288 2654 2570 2709 mundum
2622 2669 2757 2709 crca
2804 2656 2865 2709 in
2918 2671 3028 2723 me,
3076 2656 3653 2724 Deus.—Quoniam
3718 2659 3839 2726 ipsi

2148 2743 2331 2796 Deum
2385 2742 2685 2797 videbunt.
2748 2745 2898 2798 Deus
2951 2743 3112 2800 enim
3163 2744 3404 2816 spiritus
3451 2750 3567 2801 est.
3640 2748 3837 2801 Nemo

2147 2828 2305 2883 enim
2338 2832 2524 2883 Deum
2554 2833 2745 2900 potest
2769 2829 2981 2885 intueri
3007 2830 3119 2885 nisi
3148 2847 3255 2903 per
3284 2831 3593 2902 spiritales
3616 2833 3836 2888 acules

2148 2918 2341 2972 cordis
2372 2918 2601 2972 mundi.
2635 2918 2732 2972 Hic
2762 2917 3056 2974 videbitur
3096 2936 3204 2991 per
3262 2920 3524 2989 gratiam
3592 2923 3835 2994 specia-

2146 3006 2264 3060 lem
2291 3024 2303 3073 ;
2339 3006 2398 3060 in
2429 3008 2626 3061 futuro
2657 3011 2857 3061 autem
2884 3007 3033 3063 facie
3063 3008 3141 3063 ad
3170 3008 3411 3079 faciem,
3439 3015 3508 3064 ut
3552 3013 3833 3066 Joannes

2147 3096 2227 3149 ait
2261 3112 2271 3147 :
2307 3099 2455 3150 Cum
2481 3096 2632 3149 enim
2666 3097 3041 3166 apparuerit,
3069 3098 3287 3153 similes
3346 3099 3401 3153 ei
3457 3100 3725 3164 erimus,
3781 3106 3831 3154 et

2146 3185 2469 3239 videbimus
2499 3200 2627 3240 eum
2658 3187 2836 3240 sicuti
2863 3191 2967 3241 est.

2218 3274 2391 3329 Beati
2412 3275 2670 3342 paciﬁci.
2702 3274 2935 3329 Pacifici
2965 3274 3125 3331 enim
3157 3281 3295 3330 sunt
3320 3275 3425 3349 qui
3449 3292 3685 3349 pacem
3747 3282 3832 3335 fa-

2146 3378 2276 3417 cere
2308 3368 2585 3431 satagunt
2616 3381 2629 3428 ;
2657 3362 2921 3436 primum
2948 3363 3012 3417 in
3042 3365 3396 3437 semetipsis,
3426 3365 3611 3436 juxta
3671 3374 3834 3442 Apo-

2148 3449 2277 3504 stoli
2309 3465 2517 3504 vocem
2547 3449 2796 3504 dicentis
2826 3466 2842 3523 γε
2868 3451 2958 3505 Ne
2983 3466 3121 3522 ergo
3147 3458 3354 3522 regnet
3382 3460 3720 3523 peccatum
3774 3458 3831 3510 in

2149 3544 2338 3593 vestro
2368 3540 2613 3593 mortali
2640 3554 2905 3607 corpore,
2932 3544 2995 3593 ut
3036 3540 3321 3595 obediatis
3382 3548 3828 3612 concupiscen-

2148 3627 2242 3680 tiis
2272 3628 2418 3695 ejus.
2455 3626 2672 3681 Deinde
2707 3642 2844 3682 vero
2873 3626 3294 3683 dissidentium
3322 3629 3509 3685 (orda
3544 3632 3632 3687 ad
3684 3650 3832 3688 con-

2149 3715 2416 3770 cordiam
2464 3731 2789 3786 provocare
2843 3732 2980 3771 cum
3038 3718 3535 3774 mansuetudinis
3607 3724 3828 3791 gratia.

2153 3803 2314 3858 Unde
2344 3803 2653 3859 Psalmista
2682 3821 2693 3857 :
2730 3806 2877 3860 Cum
2911 3804 3022 3873 his,
3054 3806 3266 3878 inquit,
3296 3810 3403 3877 qui
3426 3808 3704 3866 oderunt
3724 3828 3830 3881 pa-

2150 3908 2271 3947 cem
2297 3908 2458 3948 eram
2474 3894 2785 3962 paciﬁcus.
2818 3926 2886 3934 —
2918 3894 3205 3959 Quoniam
3231 3898 3352 3965 ﬁlii
3378 3900 3489 3954 Dei
3515 3902 3829 3957 vocabun-

2149 3987 2268 4035 tur.
2304 3981 2498 4036 Merito
2526 3996 2667 4049 ergo
2697 3980 2798 4036 filii
2830 3982 2930 4037 Dei
2952 3983 3331 4040 vocabuntur
3389 3987 3669 4058 paciﬁci,
3726 3991 3829 4063 qui

2150 4069 2471 4124 Dominum
2502 4069 2668 4142 pacis
2692 4071 2929 4127 student
2948 4070 3184 4128 imitari.
3219 4075 3370 4139 Quia
3397 4075 3589 4133 Filius
3609 4079 3720 4133 Dei
3753 4079 3829 4134 ad

2148 4156 2262 4212 hoc
2292 4161 2535 4212 venerat
2562 4157 2623 4211 in
2652 4158 2949 4213 mundum
2971 4163 3036 4214 ut
3056 4162 3175 4216 Deo
3196 4161 3353 4217 Patri
3378 4179 3493 4218 suo
3539 4166 3835 4238 paciﬁca-

2148 4250 2235 4301 ret
2264 4261 2452 4315 genus
2480 4246 2838 4314 humanum,
2867 4253 2923 4303 et
2948 4264 3057 4321 per
3084 4265 3207 4304 suae
3234 4252 3495 4320 gratiam
3516 4256 3833 4325 passionis

2148 4334 2400 4407 aperiret
2423 4334 2675 4405 januam
2703 4335 2868 4405 regni
2881 4336 3152 4394 caelestis.
3178 4344 3470 4396 Nascente
3485 4342 3829 4414 Salvatore,

2148 4422 2286 4477 huic
2332 4422 2562 4477 mundo
2601 4423 2952 4492 angelorum
2982 4440 3197 4496 pacem
3229 4426 3609 4486 decantabat
3630 4432 3832 4488 multi-

2149 4510 2294 4566 tudo
2323 4510 2557 4566 dicens:
2588 4513 2797 4568 Gloria
2824 4513 2885 4567 in
2917 4516 3164 4570 excelsis
3176 4518 3318 4588 Deo,
3335 4523 3391 4574 et
3410 4519 3475 4575 in
3502 4525 3683 4577 terra
3698 4537 3831 4591 pax

2150 4598 2501 4655 hominibus.
2529 4601 2593 4653 Et
2620 4598 2747 4672 ipse
2779 4599 3064 4670 Salvator,
3124 4603 3503 4661 discessurus
3537 4609 3619 4663 de
3644 4626 3829 4665 mun-

2148 4690 2247 4757 do,
2316 4689 2592 4745 eamdem
2648 4690 2955 4762 discipulis
3004 4695 3481 4751 commendabat
3503 4697 3827 4756 dicendo;

2169 4779 2389 4833 Pacem
2412 4778 2685 4849 relinquo
2743 4779 2922 4848 vobis,
2978 4796 3187 4849 pacem
3254 4800 3445 4840 meam
3514 4787 3597 4843 do
3624 4789 3821 4844 vobis.

2148 4864 2298 4920 Nihil
2357 4864 2538 4932 aliud,
2608 4866 2835 4937 fratres,
2903 4867 2965 4923 in
3030 4870 3196 4941 pacis
3263 4872 3538 4942 nomine,
3607 4876 3733 4932 nisi
3768 4894 3826 4932 se

2146 4953 2347 5027 ipsum
2413 4954 2639 5010 curavit
2688 4955 3041 5030 relinquere,
3105 4964 3171 5015 ut
3229 4960 3451 5017 Paulus
3511 4963 3646 5021 ait:
3691 4968 3825 5036 Ipse

2147 5049 2231 5100 est
2291 5045 2445 5100 enim
2505 5059 2633 5113 pax
2694 5051 2921 5114 nostra,
2962 5048 3067 5119 qui
3110 5050 3256 5117 fecit
3296 5057 3562 5123 utraque
3605 5071 3823 5111 unum.

2148 5133 2370 5189 Idcirco
2403 5132 2516 5189 sub
2543 5134 2709 5191 omni
2738 5134 3029 5192 debemus
3067 5135 3385 5195 devotione
3426 5156 3661 5213 pacem
3691 5145 3823 5201 dili-

2147 5237 2303 5292 gere,
2338 5222 2388 5277 si
2417 5223 2597 5278 Deum
2652 5226 2820 5296 pacis
2874 5225 3153 5282 volumus
3200 5227 3425 5285 habere
3477 5231 3821 5303 placatum.

2217 5302 2394 5368 Beati
2421 5314 2525 5385 qui
2541 5316 3010 5383 persecutionem
3018 5318 3345 5385 patiuntur
3361 5302 3630 5390 propter
3643 5327 3825 5394 justi-

2145 5403 2311 5457 tiam.
2348 5402 2647 5459 Sustinent
2675 5402 3289 5476 enimpersecutiones
3307 5408 3506 5481 multi,
3542 5418 3615 5469 ut
3631 5413 3822 5470 homi-

2143 5489 2308 5557 cidae,
2341 5490 2498 5547 fures
2528 5497 2585 5547 et
2613 5491 2885 5560 adulteri,
2915 5510 3022 5549 nec
3054 5498 3259 5552 tamen
3272 5496 3669 5559 beatitudine
3689 5519 3821 5559 con-

2143 5578 2493 5636 solabuntur
2523 5580 2766 5637 cwlesti.
2795 5582 2955 5637 Unde
2985 5584 3296 5656 apostolus
3314 5589 3531 5646 Petrus
3553 5592 3645 5651 ait
3678 5595 3816 5648 :Ne-

2139 5683 2233 5723 mo
2256 5675 2509 5723 vestrum
2536 5670 2810 5737 patiatur
2838 5674 3014 5739 quasi
3042 5673 3362 5746 homicida,
3395 5685 3508 5733 aut
3530 5681 3679 5749 fur,
3716 5686 3810 5739 aut

2139 5755 2396 5813 adulter.
2421 5764 2525 5814 aut
2540 5773 2738 5827 rapam
2753 5757 2867 5814 Sed
2880 5761 2983 5831 qui
2995 5764 3484 5833 persecutionem
3498 5771 3818 5840 patiuntur
