3968 6384
139 311 162 360 1
178 309 282 361 093

472 309 818 364 APPENDIX
857 312 954 362 AD
995 311 1402 368 ARNOLDUM.
1447 344 1514 353 --
1557 309 1962 368 DESCRIPTIO
2005 314 2324 371 CENSUUM
2365 319 2662 374 MONAST.
2707 321 2765 374 S.
2811 322 3249 379 EMMERAMMI.

3443 329 3462 380 i
3473 328 3580 380 094

128 436 383 502 propter
411 433 729 504 Christum,
786 468 852 474 —
897 437 1160 504 ipsorum
1209 444 1290 492 est
1342 454 1590 507 regnum
1632 439 1803 492 ca’to-
1844 441 1889 488 A
1923 436 2339 499 gloriossimus
2371 447 2600 513 martyr
2632 443 2840 499 Christi
2869 448 3351 502 Emmerammus
3382 454 3581 506 mente

129 535 294 574 rimi.
353 520 516 575 Unde
548 523 861 585 Dominus
907 524 1050 579 alibi
1095 525 1176 580 ait
1207 541 1226 580 .'
1274 528 1342 581 Si
1390 543 1479 581 me
1511 527 1810 596 persecuti

126 615 298 677 sunt,
329 615 382 663 et
409 625 507 665 vos
533 619 990 683 persequentur.
1028 615 1162 669 Haec
1195 621 1280 670 est
1328 617 1584 683 gratuita
1634 616 1806 670 mise-

131 698 289 752 ratio
318 699 660 768 Salvatoris,
690 707 754 756 ut
781 719 921 756 suos
951 708 1268 759 sectatores
1309 705 1575 759 lueredes
1633 704 1810 759 faciat

129 787 307 853 regni
335 789 608 858 cmlestis,
641 794 696 844 et
727 791 830 862 qui
880 796 1124 864 propter
1177 792 1376 865 ipsum
1436 797 1806 865 contempse-

126 882 278 930 runt
303 877 468 933 bona
500 881 872 951 temporalia,
904 881 1029 935 sine
1070 882 1188 937 ﬁne
1214 883 1562 954 possideant
1586 882 1807 954 gaudia

132 965 525 1038 sempiterna.

215 1059 346 1110 Haac
373 1061 506 1113 octo
564 1058 983 1128 beatitudincs,
1041 1077 1076 1115 a
1129 1061 1378 1116 Domino
1427 1061 1694 1134 prolatae,
1729 1062 1806 1116 ad

133 1151 488 1201 sanctorum
520 1147 868 1203 electionem
892 1149 1189 1221 pertinent
1229 1151 1491 1220 generali
1547 1151 1803 1205 vocatio-

133 1251 214 1288 ne
248 1253 258 1289 :
288 1253 422 1307 quae
455 1255 600 1292 suos
642 1238 1053 1294 observatores
1075 1240 1425 1310 justiticant,
1446 1245 1502 1296 et
1533 1241 1611 1295 ad
1644 1246 1806 1295 teter-

131 1341 231 1377 nre
261 1324 550 1381 felicitatis
585 1327 806 1395 gaudia
839 1329 1196 1399 perducunt.

215 1415 345 1467 Haec
372 1430 534 1469 nona
563 1432 705 1470 vero
745 1433 879 1487 quae
932 1417 1218 1488 sequitur,
1281 1418 1614 1490 specialiter
1667 1434 1805 1472 san-

133 1501 246 1554 ctis
278 1503 562 1573 apostolis
594 1509 649 1558 et
673 1505 1040 1576 martyribus
1069 1505 1402 1577 ascribitur,
1436 1512 1500 1561 ut
1523 1506 1807 1562 subinfer-

136 1597 235 1645 tur
265 1609 275 1645 :
308 1593 484 1647 Beati
509 1597 644 1649 estis
702 1611 831 1649 cum
871 1597 1297 1651 maledimerint
1330 1598 1488 1652 vobis
1534 1604 1587 1652 et
1611 1613 1807 1666 perse-

133 1682 265 1736 cuti
296 1697 392 1736 vos
440 1684 692 1750 fuerint.
754 1685 915 1739 Beati
959 1701 1100 1754 ergo
1134 1685 1384 1756 apostoli
1417 1691 1472 1741 et
1510 1691 1804 1756 martyres

1917 524 2193 594 ﬂagranti
2254 529 2485 585 sitiebat
2535 531 2613 586 ab
2664 532 2912 588 infantia
2961 534 3074 590 sub
3115 537 3311 592 solerti
3355 537 3582 607 degens

1916 632 2055 671 cura
2107 618 2552 690 magistrorum,
2607 638 2925 696 quousque
2984 623 3186 679 litterae
3236 626 3582 698 Pythagori-

1917 723 1999 760 cae
2020 709 2163 776 (272)
2196 710 2630 766 conscenderat
2659 711 2909 779 bivium,
2943 729 3098 786 quas,
3131 730 3239 786 per
3266 731 3581 772 ramuscu-

1915 795 2003 850 los
2035 812 2069 850 a
2100 796 2322 851 dextris
2359 804 2658 867 turgentes
2690 806 2746 856 et
2775 816 2809 856 a
2838 803 3106 866 sinistris,
3135 803 3298 859 viam
3325 805 3459 860 vitae
3489 806 3580 860 di-

1917 885 2133 940 scernit
2159 891 2212 941 et
2241 888 2464 942 mortis.
2495 894 2755 945 Ascenso
2786 907 3028 964 quoque
3059 893 3240 963 hujus
3267 892 3473 950 littere:
3496 894 3583 950 bi-

1914 974 2028 1040 vio,
2051 976 2297 1048 spiritali
2320 995 2354 1032 a
2385 977 2604 1032 dextris
2630 983 2684 1035 et
2705 995 2740 1035 a
2774 980 3024 1035 sinistris
3056 983 3426 1056 prospiciens
3443 1000 3581 1040 ocu-

1916 1062 1994 1130 lo,
2027 1064 2325 1120 sinistram
2360 1066 2542 1137 viam,
2595 1085 2731 1147 quae
2781 1086 2927 1125 voce
2975 1071 3285 1128 Dominica
3343 1074 3470 1130 lata
3523 1080 3576 1129 et

1914 1157 2175 1223 spatiosa
2202 1157 2696 1225 nominatur,sub
2728 1159 2893 1213 omni
2924 1159 3265 1217 festinantia
3281 1162 3576 1230 deseruit;

1916 1247 1970 1297 et
1995 1243 2302 1299 dexteram
2326 1261 2462 1317 qua:
2494 1253 2664 1302 arcta
2715 1253 2768 1302 et
2805 1255 3063 1318 angusta
3112 1249 3346 1317 dicitur,
3409 1251 3576 1308 sicuti

1915 1338 2020 1399 est,
2057 1333 2285 1389 idoneae
2318 1334 2506 1402 gratia
2535 1335 2876 1391 intentionis
2924 1337 3192 1410 arripuit,
3249 1344 3313 1394 ut
3366 1345 3581 1412 postea

1917 1422 2044 1476 vitae
2077 1440 2198 1478 sure
2229 1425 2597 1479 conversatio
2629 1425 3066 1498 comprobavit.
3102 1429 3392 1500 Suscepta
3437 1445 3579 1484 vero

1917 1511 2066 1566 bene
2098 1513 2492 1568 conversandi
2522 1513 2970 1579 deliberatione,
3003 1515 3076 1569 de
3109 1515 3320 1571 virtute
3370 1517 3430 1571 in
3459 1517 3576 1572 vir-

1915 1604 2102 1654 tutem
2132 1602 2450 1673 proficiens
2480 1602 2575 1656 die
2609 1608 2929 1674 noctuque,
2961 1604 3391 1661 acclamatione
3440 1623 3580 1662 con~

1915 1689 2078 1743 cordi
2111 1690 2528 1745 universorum
2556 1692 2821 1747 elevatus
2862 1698 2949 1748 est
2991 1693 3052 1748 in
3084 1693 3440 1766 episcopalis
3487 1695 3578 1750 di-

134 1788 260 1825 non
295 1772 490 1827 solum
514 1789 548 1828 a
580 1774 975 1844 praesentibus
1006 1791 1273 1830 carceres
1306 1781 1362 1830 et
1392 1776 1654 1845 vincula,
1702 1775 1804 1830 sed
1846 1795 1885 1846 Β
1916 1777 2152 1842 gnitatis
2212 1778 2557 1850 primatum,
2621 1780 2794 1850 juxta
2859 1780 3273 1836 ecclesiasticae
3340 1782 3581 1839 decreta

134 1860 215 1914 (le
249 1860 600 1916 absentibus
632 1863 1069 1918 maledictionis
1097 1869 1153 1918 et
1199 1864 1582 1919 detractionis
1635 1864 1810 1919 susti-

135 1954 401 2004 nuerunt
426 1951 753 2022 opprobria
784 1969 795 2005 :
829 1985 897 1991 —
946 1958 1000 2007 et
1057 1954 1320 2008 dixerint
1370 1969 1541 2009 omne
1584 1955 1807 2008 malum

136 2039 458 2093 advers-mn
490 2054 588 2094 vos
617 2042 984 2096 mentientes.
1021 2041 1158 2096 Ideo
1207 2046 1414 2096 contra
1460 2042 1810 2113 praedicato-

135 2145 237 2181 res
271 2134 718 2200 persecutorum
748 2131 1014 2207 versutia
1057 2131 1228 2186 ﬁnxit
1266 2132 1606 2200 mendacia,
1667 2133 1811 2206 quia

139 2217 376 2273 nullum
408 2219 465 2274 in
498 2220 580 2273 eis
610 2220 930 2290 vestigium
955 2221 1166 2276 habuit
1195 2222 1438 2277 malitia.
1485 2226 1626 2288 Quae
1658 2241 1808 2295 prm-

139 2307 507 2378 sumptionis
535 2326 718 2365 causa
749 2311 1166 2380 hujuscemodi
1193 2311 1468 2366 fecissent
1491 2313 1667 2382 mala,
1685 2314 1809 2385 ipse

139 2396 435 2451 Dominus
476 2398 810 2466 subiunxit,
871 2401 1090 2455 scilicet
1138 2408 1388 2469 propter
1442 2419 1533 2457 me
1558 2416 1578 2470 ,'
1633 2403 1811 2474 quasi

137 2486 410 2542 diceret:
449 2491 574 2542 Haec
604 2490 810 2544 omnia
841 2506 961 2545 non
1021 2490 1160 2545 odio
1217 2489 1418 2559 vestri,
1469 2492 1574 2546 sed
1627 2509 1810 2548 causa

139 2576 425 2645 ingerunt
473 2579 736 2634 nominis
792 2580 930 2634 mei.
984 2613 1051 2619 —
1111 2581 1376 2635 Gaudete
1420 2587 1472 2635 et
1521 2584 1806 2648 exuttate,

139 2667 644 2738 quandoquidem
678 2669 1178 2723 remunerationis
1211 2670 1464 2737 gratiam
1508 2677 1809 2743 perpetua:

140 2772 258 2827 pro
287 2756 460 2811 vestri
492 2757 831 2812 certaminis
880 2758 1215 2830 percipietis
1266 2758 1488 2814 labore.
1550 2793 1616 2799 —
1667 2763 1812 2828 Quo—

144 2846 309 2899 niam
375 2861 592 2900 merces
643 2853 836 2902 vestra
896 2850 1091 2903 multa
1136 2854 1218 2902 est
1269 2849 1329 2902 in
1380 2850 1562 2903 etet-is.
1598 2852 1811 2904 Merces

144 2937 497 2988 sanctorum
526 2935 739 2992 merito
789 2938 981 2992 multa
1035 2936 1270 3004 dicitur,
1312 2954 1450 2992 cum
1491 2954 1528 2992 a
1560 2937 1812 2993 Domino

141 3037 258 3094 pro
283 3022 631 3079 meritorum
661 3023 944 3096 qualitate
975 3025 1036 3079 in
1081 3025 1298 3080 coelum
1349 3026 1692 3098 centuplum
1727 3042 1816 3081 re-

1920 1865 2064 1933 legis
2090 1867 2253 1938 prius
2286 1867 2512 1922 ordinis
2544 1867 2854 1924 clericatus
2887 1869 3175 1938 gradibus
3201 1871 3487 1927 ascensis.

1993 1958 2261 2028 Cumque
2320 1959 2572 2011 summis
2603 1956 2849 2029 polleret
2901 1957 3238 2030 virtutibus,
3295 1960 3358 2015 in
3411 1960 3579 2033 apice

1922 2061 2164 2100 summo
2195 2045 2340 2100 illud
2370 2046 2784 2112 evangelicum
2834 2047 3061 2102 dictum
3112 2048 3349 2105 volvere
3387 2065 3581 2121 crepe-

1919 2139 2009 2188 rat
2066 2135 2268 2189 animo
2313 2151 2324 2188 :
2371 2136 2484 2189 Cui
2535 2137 2674 2203 plus
2733 2137 3144 2205 committitur,
3193 2138 3336 2206 plus
3389 2138 3463 2194 ab
3515 2153 3580 2193 eo

1921 2225 2226 2293 exigitur;
2258 2224 2472 2278 timens
2503 2241 2577 2278 ne
2610 2224 2901 2280 talentum
2951 2225 3061 2279 sibi
3111 2226 3401 2282 creditum
3455 2228 3580 2282 sine

1919 2312 2084 2367 lucro
2107 2319 2432 2386 reportaret
2455 2314 2531 2369 ad
2571 2314 2890 2383 Christum,
2939 2331 3077 2369 cum
3132 2314 3352 2372 decoro
3403 2315 3584 2371 comi-

1919 2404 2045 2456 tatu
2076 2401 2425 2456 clericorum
2459 2401 2724 2456 futurum
2758 2419 2819 2457 se
2850 2402 3307 2474 praadicatorem
3328 2403 3584 2460 destina-

1920 2494 2089 2544 verat
2119 2490 2196 2544 ad
2224 2496 2461 2558 gentem
2497 2489 2849 2544 Hunnorum
2877 2509 2889 2556 ;
2940 2507 3073 2563 quae
3103 2496 3244 2546 tunc
3275 2491 3579 2563 temporis,

1918 2577 2145 2633 lumine
2175 2580 2435 2635 veritatis
2467 2579 2789 2644 obczecata,
2820 2579 3074 2634 diversis
3114 2580 3412 2636 idolorum
3456 2580 3581 2635 cul-

1921 2668 2078 2722 tibus
2104 2685 2164 2723 se
2197 2668 2585 2723 submittebat
2615 2668 2850 2723 devota.
2878 2671 3146 2740 Cumque
3177 2669 3255 2724 ab
3279 2668 3393 2724 hac
3431 2673 3581 2725 nutu

1920 2756 2123 2811 divino
2148 2757 2506 2830 prohibitus,
2544 2772 2652 2828 per
2681 2755 3003 2811 triennium
3044 2757 3186 2812 ﬁdei
3233 2757 3465 2813 semina
3518 2758 3581 2813 in

1922 2847 2130 2902 Norico
2164 2851 2488 2919 spargeret,
2518 2850 2574 2901 et
2600 2845 2820 2900 multos
2861 2845 2935 2900 ad
2966 2845 3181 2910 lucem,
3234 2861 3370 2917 quae
3420 2846 3584 2903 Chri-

1923 2940 2046 2990 stus
2080 2941 2185 3005 est,
2218 2936 2278 2989 in
2309 2952 2380 2990 ea
2405 2939 2792 3002 converteret,
2853 2951 2991 2990 cum
3045 2934 3251 3007 palma
3288 2935 3580 3007 martyrii,

1923 3025 2379 3098 permirabiliter
2428 3025 2848 3092 consummati,
2911 3024 3190 3092 migravit
3245 3024 3323 3080 ad
3391 3024 3585 3080 Domi—

142 3111 582 3178 munerabitur,
619 3117 675 3167 et
703 3113 823 3169 vita
850 3114 1130 3186 perennis
1169 3114 1392 3184 gaudia
1420 3115 1814 3186 possidebunt
1854 3145 1894 3199 α
1924 3131 2072 3170 num
2103 3132 2114 3168 :
2145 3115 2240 3170 cui
2270 3114 2400 3169 laus
2431 3118 2518 3168 est
2538 3119 2594 3168 et
2618 3113 2806 3184 gloria
2838 3129 2943 3184 per
2971 3111 3206 3168 inﬁnita
3232 3113 3454 3168 saecula
3479 3130 3587 3170 saa-

143 3200 209 3254 in
242 3199 744 3270 contemplatione
775 3201 1000 3258 divina.

222 3289 450 3344 Harum
478 3295 610 3345 octo
639 3291 1098 3361 beatitudinum,
1116 3308 1224 3348 nec
1246 3309 1368 3348 non
1398 3298 1454 3349 et
1477 3310 1815 3366 nonae,quae

146 3378 312 3446 solis,
343 3382 407 3434 ut
431 3379 711 3453 diximus,
746 3383 1112 3454 martyribus
1142 3384 1437 3455 convenit,
1471 3384 1816 3453 gustamina

225 3504 370 3574 (272)
413 3504 476 3560 Id
504 3511 592 3561 est
623 3509 687 3574 Y,

1925 3205 2218 3260 culorum.
2251 3207 2459 3258 Amen.

1995 3294 2201 3350 Arnolt
2224 3293 2398 3348 Abba
2426 3293 2608 3362 logon
2637 3295 2864 3357 tractat,
2898 3308 3080 3364 quem
3111 3291 3343 3347 dixerat
3372 3308 3510 3348 oon.

1995 3381 2330 3438 Mercedem
2361 3382 2543 3450 gratis
2565 3380 2891 3436 monadem
2921 3379 3076 3435 dans
3099 3384 3235 3436 octo
3262 3380 3476 3436 beatis.

154 3680 3556 3712 Μ

883 3850 1633 3970 ΑΡΡΕΝΠΙΧ
1714 3854 1915 3970 AD
2010 3849 2858 3972 ARNOLDUM.

1832 4281 1918 4399 Ι.

494 4552 1084 4644 DinSCtthTlO
1165 4552 1660 4660 GENSUUM,
1753 4549 2435 4641 PROVENTUUM
2513 4550 2641 4640 AG
2719 4551 3256 4642 FRUCTUUM

1152 4761 1234 4812 EX
1275 4759 1566 4812 PREDIIS
1608 4757 2027 4812 MONASTERH
2070 4757 2124 4812 S.
2170 4757 2602 4823 EMMERAMMI,

573 4942 889 5026 Tempore
918 4935 1180 5003 abbatis
1195 4935 1580 5003 Bura/nardi
1608 4935 1830 5024 (1031)
1858 4947 1922 5001 et
1947 4933 2246 5002 Amotdo
2269 4933 2630 5024 prwpositi
2653 4954 2897 5002 munus
2921 4945 3187 5019 agente.

1045 5130 1240 5202 (Apud
1268 5133 1330 5186 Β.
1357 5131 1420 5186 Ρ.
1454 5132 1584 5185 ΡΕΖ.
1621 5129 1914 5187 Thesauri
1939 5130 2228 5188 Anecdot.
2262 5129 2304 5199 Ι,
2338 5145 2418 5198 ιιι,
2451 5128 2565 5186 col.
2594 5132 2708 5196 67).

233 5439 406 5490 Anno
430 5433 509 5490 ab
539 5434 953 5489 incarnatione
988 5433 1217 5489 Domini
1244 5435 1427 5490 nostri
1450 5438 1587 5491 Jesu
1614 5435 1823 5492 Christi
1855 5438 1897 5490 D
1938 5449 2202 5506 prtesens
2232 5432 2549 5505 descriptio
2590 5432 2746 5488 facta
2774 5435 2880 5488 est.
2926 5432 3096 5488 Hunc
3126 5434 3410 5492 abbatem
3439 5435 3600 5491 misit

164 5523 480 5579 millesimo
511 5523 808 5579 tricesimo
840 5523 1055 5595 primo,
1099 5523 1418 5579 indictione
1447 5541 1565 5590 XIV,
1623 5538 1822 5577 rerum

167 5613 425 5669 ccenobii
480 5615 534 5671 S.
577 5613 1003 5668 Emmerammi
1044 5613 1158 5668 sub
1205 5614 1422 5670 abbate
1455 5612 1823 5682 Burchardo,

164 5703 299 5777 ipso
349 5703 597 5773 jubentc
656 5706 710 5758 et
769 5701 1155 5757 nihilominus
1204 5703 1466 5758 Arnoldo
1505 5701 1826 5776 praeposito

169 5810 271 5854 eas
290 5794 678 5868 disquirente,
692 5794 941 5850 fratrum
963 5798 1120 5850 coetu
1139 5791 1488 5868 familiaque
1508 5792 1826 5866 probante,

1930 5523 2107 5578 nobis
2166 5522 2375 5592 Augia,
2436 5537 2619 5594 quem
2677 5537 3042 5577 conservans
3094 5523 3286 5595 gratia
3336 5537 3597 5598 superna

1934 5611 2235 5681 adaugeat
2259 5610 2463 5666 omnia
2495 5610 2605 5665 sibi
2635 5610 2979 5666 commissa.

2007 5704 2085 5757 De
2115 5702 2348 5758 civitate
2381 5702 2490 5757 ista
2520 5706 2687 5757 terra;
2715 5700 2912 5760 salice;
2943 5717 3002 5758 In
3031 5703 3210 5762 hobw
3240 5708 3297 5760 et
3323 5699 3591 5760 dimidia.

1941 5793 2262 5852 Servitores
2282 5792 2511 5851 habent
2537 5808 2598 5848 IlI
2626 5792 2820 5852 hebes
2847 5810 2861 5863 ;
2896 5791 3127 5852 villicus
3158 5793 3342 5853 habet
3385 5806 3465 5847 xu
3502 5789 3594 5858 ju-
