3910 6390
402 299 536 351 1095

400 434 583 490 gera;
615 418 765 473 servi
823 416 989 472 salici
1035 417 1246 485 jugera
1292 430 1393 481 xv;
1448 412 1641 468 mansi
1694 428 1749 467 1x
1785 428 1798 465 :
1832 406 2049 477 singuli
2080 406 2128 460 Α

400 507 639 563 solvunt
665 522 783 561 xxx
826 503 1104 559 denarios
1152 506 1208 556 et
1235 501 1397 569 ligna
1428 518 1504 567 1x,
1534 500 1764 555 eurtilia
1810 513 2000 553 cxxxu
2032 514 2044 561 ;

400 596 461 651 in
490 596 603 650 hac
625 593 855 649 civitate
882 592 1120 647 dantur.

472 686 550 737 De
578 681 857 750 Hartinga
884 685 1047 735 terrae
1079 676 1272 733 saliere
1318 678 1490 733 hobze
1521 694 1578 733 111
1610 683 1665 732 et
1694 693 1811 731 xxu
1838 676 2050 745 jugera

403 772 564 828 Sicco
596 769 790 824 senior
818 768 998 823 habet
1028 785 1065 821 ιι
1086 768 1276 822 hobas
1297 785 1309 833 ;
1334 768 1534 837 junior
1566 767 1770 822 Siecm
1802 763 2045 819 hobam.

402 863 592 931 Eques
618 857 799 913 habet
823 875 841 912 1
872 856 1117 912 hobam.
1154 856 1311 911 Servi
1342 855 1504 910 salici
1544 855 1768 910 habent
1795 870 1927 908 xxvi
1953 852 2049 922 ju-

401 964 540 1018 gera
565 966 578 1015 ;
606 947 803 1002 mansi
826 963 875 1001 γι
905 963 918 999 :
946 945 1170 1000 solvent
1193 944 1458 999 cervisiae
1485 944 1698 998 situlas
1734 959 1828 1002 xv.
1866 939 2051 1001 etalii

400 1041 516 1092 tres
567 1035 787 1091 debent
814 1034 958 1090 dare
986 1050 1040 1087 1v
1065 1032 1378 1104 porcellos.
1433 1031 1659 1101 Singuli
1704 1031 1849 1086 dant
1877 1044 2051 1115 ovem

398 1124 744 1180 tremissam
777 1122 1093 1187 valentem,
1144 1126 1201 1175 et
1228 1120 1379 1175 duos
1407 1119 1622 1192 pullos,
1653 1124 1710 1174 et
1736 1116 2050 1173 duodecim

400 1229 539 1283 ova,
571 1231 624 1268 v1
655 1212 933 1268 denarios
963 1227 1074 1283 pro
1114 1209 1460 1265 vermiculo.
1506 1212 1642 1264 Tres
1689 1207 1914 1265 faciunt
1962 1205 2053 1261 bis

402 1302 458 1357 in
516 1316 675 1358 anno
733 1315 1002 1371 pannum
1050 1298 1124 1353 de
1162 1297 1283 1353 lino
1341 1297 1399 1352 in
1449 1295 1821 1366 longitudine
1871 1293 2049 1349 cubit.

400 1408 497 1460 xu,
526 1390 586 1445 in
617 1389 847 1455 latitud,
880 1405 953 1442 1V.
991 1387 1309 1444 Censuales
1339 1386 1422 1440 vir
1451 1402 1626 1453 unus,
1658 1384 1893 1439 feminae
1924 1400 1975 1437 γ.

472 1483 548 1535 De
599 1479 767 1535 Skira
799 1482 963 1532 terrae
1010 1475 1205 1531 salicae
1252 1493 1283 1529 γ
1313 1475 1505 1530 hobas
1554 1481 1609 1529 et
1635 1473 1966 1529 dimidiam.
1999 1475 2057 1525 et

403 1567 720 1625 Decimatio
765 1566 839 1621 de
887 1566 1017 1638 ipsa
1060 1565 1221 1620 villa.
1254 1564 1437 1620 Mansi
1473 1582 1525 1618 χ.
1564 1562 1789 1632 Singuli
1820 1561 2057 1616 solvunt

397 1673 504 1729 per
535 1671 761 1711 annum
787 1670 962 1709 ovem
994 1653 1333 1708 tremissam
1364 1651 1680 1717 valentem,
1708 1655 1765 1706 et
1792 1667 1843 1704 γι
1875 1649 2057 1703 deua-

1632 289 1967 344 APPENDIX
2009 284 2104 337 AD
2141 282 2550 340 ARNOIMUM.

3736 282 3864 335 £096

2160 405 2271 460 diis
2323 407 2544 476 sigalis.
2595 408 2683 463 Ad
2734 406 3256 480 Etinpachihoba
3288 405 3467 461 solvit
3516 419 3563 459 x
3606 402 3863 459 modios

2159 510 2346 549 avene
2398 502 2453 551 ct
2500 514 2574 551 xx
2604 513 2906 565 nummos,
2940 512 3117 550 ovem
3164 513 3191 547 V
3248 494 3712 558 denariorum;
3752 491 3861 547 alia

2160 583 2299 638 olba
2329 585 2500 640 solvit
2524 603 2589 640 Lx
2623 584 2925 640 denarios.

2231 671 2318 725 Ad
2360 675 2562 727 'l‘anna
2617 672 2821 727 1hoba
2870 670 3042 726 solvit
3070 687 3107 725 x
3135 670 3374 726 modios
3430 684 3697 734 avenae,
3735 683 3857 723 mo-

2160 758 2327 814 dium
2352 778 2366 814 1
2399 760 2619 829 sigulis.
2652 760 2831 817 Mausi
2860 777 2892 814 γ
2918 777 2930 819 :
2959 760 3072 831 ipsi
3100 759 3298 814 mansi
3318 758 3577 814 solvunt
3604 773 3730 829 per
3756 758 3858 811 sin-

2140 847 2333 915 Igulos
2390 865 2561 903 ovem
2613 853 2668 903 et
2715 864 2965 919 porcum
3018 846 3351 901 tremissam
3408 846 3781 911 valentem,
3814 854 3857 898 et

2161 935 2412 990 eervisiae
2446 936 2648 991 situlus
2676 953 2815 1005 xxx,
2845 935 3009 990 tritici
3040 939 3155 989 tres
3182 933 3419 989 modios
3453 935 3781 989 minores.
3810 940 3857 987 et

2161 1038 2431 1093 pannum
2462 1024 2536 1079 de
2566 1024 2709 1080 lana
2737 1025 2797 1079 in
2834 1022 3205 1091 longitudine
3254 1022 3623 1078 cubitorum
3684 1037 3774 1087 1x,
3806 1021 3856 1075 in

2160 1108 2466 1166 latitudine
2498 1128 2571 1177 ιγ,
2595 1117 2651 1168 et
2679 1110 2994 1167 decimatio
3021 1110 3093 1165 de
3118 1110 3249 1182 ipsa
3278 1108 3436 1164 villa.
3465 1108 3641 1165 Mola.
3671 1125 3691 1163 ι
3722 1125 3857 1163 cum

2162 1198 2398 1253 duabus
2429 1200 2594 1255 rotis.

2236 1308 2311 1359 De
2344 1308 2524 1375 Perga
2571 1311 2734 1361 terrae
2765 1306 2963 1361 saliere
2997 1310 3109 1361 tres
3146 1305 3343 1371 hobae,
3377 1319 3659 1360 mansus
3692 1321 3736 1373 1,
3770 1319 3857 1357 co-

2162 1392 2299 1447 dem
2326 1409 2509 1448 eeusu
2536 1410 2659 1465 quo
2684 1393 2847 1466 apud
2878 1393 3209 1463 Giginhova
3231 1392 3504 1447 solvitur.
3538 1391 3713 1447 Mola
3744 1408 3859 1445 una

2164 1497 2301 1535 eum
2348 1482 2586 1537 duabus
2634 1482 2798 1550 rotis,
2832 1482 2999 1537 tertia
3047 1497 3188 1553 pars
3232 1479 3705 1536 decimationis.
3744 1480 3858 1535 Cle-

2164 1568 2321 1624 ricus
2373 1571 2552 1625 habet
2609 1587 2623 1624 1
2676 1570 2918 1625 hobam.
2981 1569 3301 1626 Censuales
3351 1586 3405 1637 x,
3450 1573 3511 1624 et
3563 1585 3633 1624 1x
3688 1568 3857 1623 femi-

2168 1673 2274 1713 nae.
2336 1659 2624 1723 Forstarii,
2673 1658 2955 1714 vinitores
3003 1663 3059 1714 et
3097 1658 3197 1713 alii
3241 1675 3273 1712 1.
3315 1657 3541 1728 jugera
3588 1662 3658 1713 et
3706 1674 3728 1713 1
3778 1658 3855 1711 Ad

395 1745 514 1801 rios
557 1760 666 1817 pro
716 1741 1057 1798 vermiculo.
1114 1745 1194 1796 Ex
1244 1741 1337 1796 his
1370 1758 1404 1795 γ
1433 1741 1613 1796 debet
1637 1756 1743 1813 per
1786 1737 2053 1807 singulos
2101 1752 2138 1805 Β
2167 1748 2539 1819 Aganpuoch
2588 1764 2643 1801 ιιι
2690 1746 2902 1813 habe;
2950 1746 3026 1801 ab
3082 1745 3175 1801 his
3223 1745 3549 1801 solvuntur
3599 1750 3854 1801 centum

398 1833 660 1889 cervisim
715 1849 830 1887 xxv
888 1830 1121 1897 situlas;
1182 1830 1279 1886 alii
1330 1830 1597 1902 quinque
1638 1847 1695 1883 ιγ
1739 1826 2055 1900 porcellos-

396 1941 414 1978 1
444 1922 604 1978 mala
634 1938 772 1976 eum
801 1919 1037 1975 duabus
1068 1919 1233 1986 rotis,
1262 1924 1316 1974 et
1343 1936 1556 1975 nemus
1588 1921 1956 1991 quercetum.
1993 1916 2057 1982 Et

397 2011 625 2066 villicus
671 2009 855 2064 habet
883 2026 898 2062 1
931 2008 1175 2071 hobam,
1235 2007 1523 2061 forestarii
1562 2024 1601 2061 ιι
1651 2006 1877 2061 habent
1906 2021 1923 2057 1
1954 2003 2056 2058 ho-

395 2101 537 2156 bam
570 2104 625 2153 et
652 2114 789 2153 xxm
815 2097 1046 2167 jugera.
1081 2099 1314 2151 Pannos
1343 2095 1564 2151 debent
1592 2095 1665 2149 de
1695 2094 1835 2149 lana
1868 2109 1960 2159 γιι,
1995 2092 2052 2146 in

395 2186 600 2257 longit.
637 2184 869 2240 cubitos
924 2200 1002 2250 1x,
1034 2183 1095 2238 in
1122 2182 1430 2239 latitudine
1477 2200 1550 2237 ιγ.
1586 2180 1903 2237 tlensuales
1931 2180 2052 2235 duo

398 2275 506 2331 viri
535 2279 591 2330 et
622 2290 693 2327 vn
722 2272 1018 2327 mulieres.

470 2365 548 2417 De
576 2362 791 2434 Alpurc
824 2365 987 2415 terra:
1020 2359 1213 2415 salicae
1252 2359 1449 2414 minus
1483 2376 1587 2413 sex
1610 2357 1942 2428 jugeribus,
1975 2373 2048 2411 V11

396 2452 588 2507 hobis.
644 2450 877 2505 Villicus
935 2449 1113 2504 habet
1142 2466 1159 2503 1
1185 2448 1428 2503 hobam.
1489 2447 1675 2504 Mansi
1704 2465 1755 2501 1v
1789 2451 2046 2501 tantum-

395 2541 534 2596 dem
565 2556 778 2595 census
802 2542 1097 2610 quantum
1146 2536 1312 2608 apud
1364 2537 1621 2592 Eiterhof
1642 2535 1899 2590 solvitur.
1930 2537 2046 2590 Μο-

394 2629 671 2685 lendinus
694 2646 712 2683 1
740 2644 878 2684 cum
908 2642 1029 2681 una
1059 2631 1189 2681 rota
1214 2644 1225 2692 ;
1251 2626 1433 2698 panni
1466 2626 1539 2680 de
1564 2625 1700 2681 lana
1722 2641 1780 2678 ιι.

465 2722 543 2774 De
566 2718 875 2773 Elterhova
921 2720 1088 2771 terra:
1142 2714 1336 2769 salices
1367 2732 1459 2768 γιιι
1503 2713 1643 2769 hob.
1672 2711 1907 2767 Villicus
1937 2712 2043 2766 ha-

392 2807 491 2863 bet
512 2825 569 2862 ιγ
598 2806 811 2862 hobas.
842 2804 1079 2877 Equites
1109 2802 1332 2858 habent
1374 2803 1567 2858 hobas
1614 2819 1751 2857 xxv.
1782 2799 2042 2855 Parcalci

391 2914 430 2950 11
461 2895 601 2950 hob.
640 2893 822 2950 Mansi
852 2909 963 2947 xvii
1020 2890 1141 2946 hob
1166 2896 1224 2946 et
1246 2890 1531 2957 dimidia;
1564 2888 1805 2945 insimul
1835 2904 2042 2944 omnes

392 2983 699 3053 sexaginta
724 2987 780 3037 et
807 2980 1015 3036 dimid.
1073 2980 1187 3051 Ipsi
1233 2980 1575 3051 persolvunt
1613 2994 1786 3033 ovem
1818 2982 1874 3033 et
1910 2993 2043 3048 por-

392 3087 550 3137 cum,
584 3069 913 3125 tremissem
943 3067 1261 3133 valentem,
1290 3072 1345 3122 et
1372 3084 1427 3121 1V
1455 3066 1764 3138 porcellos,
1811 3070 1867 3119 et
1890 3065 2041 3119 duos
2080 3101 2119 3153 (Σ

390 3160 604 3232 pullos,
638 3163 694 3213 et
743 3174 817 3212 x11
848 3172 982 3225 ova,
1015 3160 1072 3211 et
1115 3155 1266 3210 duos
1300 3155 1530 3210 modios
1566 3154 1771 3217 umuli,
1806 3152 2039 3226 pulma-

388 3264 525 3324 rum
555 3264 635 3302 xu
666 3262 902 3301 manus.
933 3248 1058 3300 Duo
1088 3244 1281 3298 mansi
1300 3243 1526 3298 faciunt
1550 3259 1741 3298 unum
1767 3259 2035 3313 pannum

390 3336 465 3392 de
490 3336 629 3392 lana
660 3335 716 3391 in
750 3333 1118 3403 longitudine
1150 3332 1485 3387 cubitorum
1514 3350 1612 3397 v11,
1647 3333 1704 3387 in
1736 3331 2041 3386 latitudine

388 3442 461 3480 ιγ.
499 3425 734 3497 Equites
787 3422 1135 3495 persolvunt
1186 3438 1223 3475 x
1253 3426 1308 3476 et
1340 3438 1411 3475 v11
1468 3437 1704 3493 porcos,
1737 3420 2041 3475 tremissas

388 3514 676 3578 valentes,
714 3528 900 3567 unum
927 3511 1222 3579 integrum
1275 3509 1555 3578 solidum,
1587 3510 1837 3564 alterum
1867 3509 2040 3563 dimi-

387 3603 552 3657 dium
610 3601 918 3657 tremissas.
971 3603 1094 3654 Duo
1150 3599 1372 3654 faciunt
1428 3614 1615 3653 unum
1646 3598 1949 3653 eamisiale
1980 3598 2038 3652 in

386 3689 757 3758 longitudine
787 3705 847 3759 x,
903 3687 961 3743 in
993 3686 1299 3742 latitudine
1338 3703 1435 3754 1x;
1489 3685 1739 3757 quidam
1794 3701 1866 3740 ex
1904 3684 2036 3751 illis,

386 3778 533 3834 dant
560 3795 595 3828 v
625 3776 937 3833 carradata
966 3775 1272 3831 cffervisite
1298 3793 1310 3843 ;
1345 3780 1570 3847 septem
1590 3790 1731 3829 vero
1753 3775 2038 3846 equitant,

386 3872 442 3921 et
460 3865 810 3939 praedictum
835 3880 1080 3919 censum
1102 3863 1249 3919 dant
1272 3862 1610 3918 Parscalchi
1634 3862 1874 3917 solvunt
1893 3878 2037 3917 oves

385 3970 508 4010 una
550 3954 748 4008 minus
778 3952 852 4009 de
898 3953 1143 4022 viginti;
1201 3958 1258 4008 et
1285 3969 1316 4007 1.
1348 3952 1583 4008 modios
1639 3968 1863 4007 avenae.
1926 3953 2035 4008 Sex

385 4042 578 4097 molae.
611 4044 688 4097 De
719 4040 1076 4096 molendinis
1098 4046 1154 4095 et
1175 4056 1418 4096 nemore
1444 4040 1747 4110 nongenti.
1783 4042 2036 4096 Censua-

385 4129 468 4184 les
494 4130 602 4185 viri
630 4147 708 4200 1V,
741 4129 975 4185 feminae
1002 4146 1158 4185 xx1v.
1195 4128 1510 4186 Servitorcs
1540 4129 1764 4185 habent
1786 4129 1927 4185 hob.
1954 4147 2033 4184 xu

386 4218 511 4274 sine
541 4235 747 4274 censu.

455 4310 534 4363 De
564 4308 819 4376 Matiuga
846 4311 1009 4362 terrae
1042 4306 1235 4363 saliete
1264 4323 1324 4362 1x
1376 4307 1541 4375 1101).,
1575 4305 1772 4361 mansi
1802 4323 1854 4360 ιγ
1887 4321 2034 4377 pan-

381 4412 492 4453 nos
536 4397 610 4452 de
635 4396 776 4452 lana
803 4413 863 4463 11,
896 4396 1266 4452 tantumdem
1299 4411 1513 4451 census
1543 4400 1838 4466 quantum
1867 4394 2031 4466 apud

382 4486 641 4542 Eiterhof
666 4485 930 4541 solvitur.

449 4573 534 4629 Ad
582 4574 807 4630 Ascahc
837 4573 1025 4629 vineae
1072 4589 1183 4627 V111.
1218 4571 1501 4627 Vinitores
1532 4570 1758 4627 habent
1781 4588 1818 4626 x
1848 4575 1903 4627 et
1936 4588 2028 4627 vm

374 4663 605 4734 jugera.
636 4662 727 4718 Ad
754 4663 905 4718 Rota
934 4661 1110 4717 vinea
1139 4659 1453 4716 dimidium
1485 4659 1627 4715 hob.

449 4751 540 4807 Ad
573 4751 839 4807 Heridios
894 4765 1173 4806 uramara
1226 4748 1541 4804 decimatio
1571 4747 1840 4803 omnium
1891 4765 2026 4821 quae

376 4840 458 4896 ibi
488 4840 817 4896 solvuntur.
852 4842 932 4894 Ex
962 4844 1127 4911 parte
1152 4836 1396 4894 australi
1427 4836 1700 4903 Danubii,
1734 4837 1792 4892 in
1823 4854 2025 4893 nemo-

376 4946 437 4986 re
464 4929 629 5003 quod
654 4930 906 5001 pertinet
924 4928 1001 4983 ad
1023 4927 1398 4991 Ostoronhof,
1417 4926 1733 4982 decimatio
1753 4927 2022 4982 omnium

376 5036 510 5091 quae
541 5018 619 5074 ab
650 5035 720 5072 eo
753 5017 1080 5073 solvuntur.

445 5106 531 5161 Ad
567 5106 941 5161 Vuimdibere
969 5103 1285 5160 decimatio
1324 5103 1596 5159 omnium
1621 5120 1757 5175 quae
1782 5104 2021 5160 solvun-

377 5200 469 5250 tur
494 5195 568 5249 de
620 5194 786 5261 silva,
837 5199 894 5250 et
945 5193 1168 5249 cteteris
1193 5193 1271 5248 ad
1301 5209 1478 5248 usum
1507 5193 1775 5263 ejusdem
1807 5195 2024 5249 montis

376 5282 825 5354 pertinentibus.
859 5283 950 5337 Ad
999 5280 1380 5337 Heinanbach
1423 5280 1594 5336 hobae
1623 5280 1773 5336 duae.
1808 5282 1897 5335 Ab
1928 5281 2021 5336 his

376 5368 685 5425 solvuntur
714 5370 900 5426 modii
928 5386 985 5423 γι
1016 5369 1236 5438 sigalis,
1266 5386 1327 5424 1x
1355 5368 1542 5424 modii
1572 5384 1795 5424 avenae.
1832 5369 2022 5424 Phris-

376 5457 557 5527 ginga
582 5474 620 5511 γ
648 5458 925 5515 denarios
948 5456 1155 5512 valens
1181 5461 1237 5513 et
1262 5457 1494 5513 nummi
1522 5474 1620 5512 xx.
1662 5458 1748 5512 Ad
1780 5458 2023 5513 Inlaras—

375 5546 526 5618 pach
551 5547 723 5602 hobae
747 5565 805 5602 11.
835 5546 921 5602 Ad
948 5546 1518 5619 Vodaprethisperga
1536 5547 1803 5619 quinque
1824 5548 2017 5603 hobm.

375 5635 461 5692 Ad
495 5634 806 5705 Rudilinga
833 5650 895 5689 111
926 5631 1121 5702 hObEB,
1144 5640 1199 5689 et
1220 5634 1552 5691 dimidiam.
1578 5636 1812 5691 Villicus
1844 5637 2024 5693 habet

374 5737 560 5789 unam
586 5721 832 5781 hobam.
864 5724 912 5776 Α
937 5715 1183 5780 dimidio
1233 5720 1407 5779 hobae
1454 5721 1762 5779 solvuntur
1788 5720 1867 5780 xv
1895 5740 2021 5785 mo.-

2065 4447 2107 4499 D

2166 1836 2419 1891 nummi.

2239 1947 2314 1998 De
2364 1943 2585 1998 Ufhusa
2628 1948 2796 1997 terrae
2837 1941 3030 1997 saliere
3062 1957 3117 1995 ιιι
3163 1940 3358 2007 hobas,
3389 1944 3449 1995 et
3481 1939 3852 1996 decimatio.

2165 2031 2419 2086 Clericus
2448 2030 2630 2085 habet
2668 2047 2705 2097 1,
2739 2029 2962 2085 villicus
2996 2029 3174 2084 hahet
3202 2046 3217 2083 1
3247 2028 3498 2084 hobam.
3556 2030 3767 2085 Mansi
3796 2047 3849 2084 x.

2164 2123 2382 2174 Harum
2414 2135 2532 2173 una
2577 2118 2749 2173 solvit
2776 2136 2810 2171 γ
2837 2117 3042 2173 situlas
3086 2116 3297 2184 mellis,
3331 2116 3523 2173 altera
3574 2117 3776 2173 solvit
3804 2136 3844 2172 ιι

2161 2208 2395 2263 modios
2417 2207 2655 2262 solvunt
2681 2222 2952 2278 porcum,
2983 2204 3302 2260 dimidium
3331 2204 3610 2261 solidum
3641 2206 3853 2261 valen-

2162 2301 2296 2365 tem,
2331 2301 2387 2352 et
2429 2312 2625 2363 ovem,
2660 2296 2991 2350 tremissam
3034 2293 3354 2364 valentem,
3385 2298 3445 2349 et
3483 2309 3549 2349 1v
3600 2295 3848 2367 porcel-

2157 2385 2269 2452 los,
2319 2389 2375 2440 et
2405 2390 2518 2439 tres
2547 2383 2763 2456 pullos,
2805 2388 2861 2437 et
2888 2399 2969 2437 x11
2998 2398 3133 2452 ova,
3164 2388 3223 2437 et
3261 2399 3349 2436 1.1V
3389 2382 3698 2439 denarios
3744 2400 3852 2456 pro

2161 2473 2501 2529 vermiculo.
2530 2475 2598 2527 Et
2621 2471 2743 2526 duo
2774 2471 2997 2526 faciunt
3021 2486 3297 2542 pannum
3326 2470 3402 2525 de
3430 2470 3584 2526 lana
3617 2471 3690 2527 in
3723 2471 3851 2527 lon-

2156 2562 2341 2630 gitud.
2379 2560 2713 2617 cubitorum
2743 2575 2841 2621 V11,
2883 2559 2943 2614 in
2982 2558 3294 2614 latitudine
3336 2576 3415 2629 1v,
3443 2563 3504 2615 et
3546 2576 3846 2633 pannum

2154 2651 2228 2706 de
2271 2651 2392 2705 liuo
2441 2650 2500 2704 in
2549 2649 2707 2719 long.
2744 2649 2923 2703 eubit.
2966 2665 3022 2713 x,
3057 2648 3118 2702 in
3166 2647 3266 2703 lat.
3310 2665 3389 2703 ιγ.
3440 2648 3632 2705 Salici
3690 2650 3848 2705 servi

2153 2739 2377 2795 habent
2404 2756 2522 2793 xxx
2543 2737 2773 2808 jugera.
2810 2735 3128 2793 Censuales
3158 2735 3266 2791 viri
3294 2753 3332 2791 γ
3362 2739 3419 2792 et
3462 2752 3598 2793 una
3631 2738 3845 2794 minus

2151 2845 2224 2884 x1.
2253 2828 2550 2883 mulieres.

2222 2939 2299 2990 De
2357 2933 2693 2990 Hachalstat
2749 2937 2914 2987 teme
2970 2930 3167 2987 salice}
3234 2930 3412 2987 hobze
3486 2948 3567 2999 v1,
3637 2934 3841 2989 mansi

2155 3042 2245 3078 V11.
2281 3023 2511 3078 Villicus
2539 3022 2720 3078 habet
2752 3039 2769 3075 1
2800 3020 3023 3076 hobam
3071 3024 3128 3076 et
3180 3037 3262 3075 x11
3294 3020 3537 3091 jugera,
3564 3025 3633 3076 et
3675 3022 3840 3077 deci-

2102 3108 2119 3153 1
2148 3116 2473 3168 mationem
2523 3110 2597 3166 de
2628 3111 2760 3183 ipsa
2790 3109 2942 3166 villa.
2978 3108 3207 3179 Singuli
3249 3108 3398 3164 dant
3438 3125 3559 3164 xxv
3617 3110 3838 3166 sit‘ulas

2150 3201 2426 3266 eervisiaa,
2461 3217 2656 3266 ovem,
2688 3199 3024 3255 tremissam
3049 3197 3373 3266 valentem,
3408 3202 3465 3253 et
3494 3197 3667 3253 duos
3702 3200 3837 3272 pul-

2148 3290 2258 3358 los,
2292 3296 2344 3345 et
2389 3306 2467 3344 x11
2507 3305 2661 3356 ova;
2712 3292 2769 3343 et
2814 3288 2936 3343 duo
2984 3287 3209 3343 faciunt
3244 3302 3524 3359 pannum
3575 3286 3661 3342 de
3716 3289 3838 3344 lino

2148 3379 2209 3435 in
2261 3379 2465 3448 longit.
2524 3378 2659 3434 cub.
2719 3394 2820 3446 x11,
2870 3377 2931 3432 in
2982 3376 3083 3432 lat.
3149 3393 3250 3443 1V;
3305 3380 3364 3431 et
3418 3381 3536 3431 tres
3597 3376 3839 3433 faciunt

2149 3469 2240 3524 bis
2270 3469 2327 3523 in
2361 3484 2521 3523 anno
2570 3482 2839 3538 pannum
2871 3465 2945 3521 de
2974 3465 3115 3521 lana
3158 3464 3219 3520 in
3263 3464 3427 3535 long.
3456 3463 3604 3521 cub.
3643 3483 3733 3532 1x,
3782 3467 3839 3521 in

2149 3558 2248 3613 lat.
2282 3576 2357 3625 1V,
2390 3563 2444 3612 et
2478 3574 2589 3612 111.11
2620 3555 2900 3611 denarios
2948 3571 3056 3627 pro
3106 3554 3452 3611 vermiculo.
3489 3556 3837 3613 Censuales

2148 3666 2207 3702 111
2250 3646 2504 3702 feminae.
2551 3644 2872 3700 l'orstarius
2920 3649 2977 3698 et
3019 3644 3119 3700 alii
3161 3643 3387 3700 habent
3431 3660 3557 3700 xxx
3615 3649 3682 3702 et
3727 3647 3838 3702 tria

2142 3737 2373 3807 jugera.

2218 3846 2297 3899 De
2321 3842 2667 3912 Tuncilinga
2697 3846 2865 3897 terra:
2898 3840 3089 3897 salices
3118 3858 3169 3895 γι
3194 3840 3340 3897 hob.
3373 3846 3431 3897 et
3462 3841 3829 3901 decimatio.

2148 3931 2379 3987 Villicus
2416 3931 2597 3987 habet
2636 3948 2693 3986 ιγ
2722 3930 2937 4000 hobas,
2978 3930 3224 3985 Ricbere
3253 3946 3293 3984 11
3333 3930 3556 3998 hobas,
3596 3932 3831 4004 Regin-

2142 4025 2284 4091 pato
2306 4037 2325 4074 1
2355 4019 2495 4075 hob.
2528 4018 2700 4074 Heizo
2729 4035 2747 4072 1
2777 4017 3022 4073 hobam.
3054 4017 3237 4074 Mansi
3278 4034 3396 4074 γιιι.
3423 4018 3667 4089 Singuli
3715 4020 3832 4077 sol-

2141 4113 2286 4163 vuut
2315 4108 2569 4163 eervisiae
2604 4106 2808 4162 situlas
2840 4123 2973 4162 xxv.
3010 4105 3260 4176 Hungelt
3287 4123 3328 4176 1,
3360 4122 3542 4162 ovem
3578 4110 3829 4166 tremis-

2142 4214 2271 4252 sam
2298 4196 2613 4261 valentem,
2645 4200 2700 4250 et
2725 4194 2878 4250 duos
2903 4194 3120 4267 pullos,
3148 4212 3228 4249 x11
3258 4210 3397 4263 ova,
3428 4195 3699 4252 insimul
3740 4200 3829 4255 fa-

2141 4286 2302 4340 ciunt
2342 4301 2579 4357 pannos
2610 4284 2684 4339 de
2724 4283 2866 4338 lana
2912 4300 2987 4350 ιγ,
3015 4282 3075 4338 in
3113 4282 3277 4353 long.
3312 4283 3452 4339 cub.
3481 4300 3567 4352 1x,
3602 4285 3673 4341 in
3719 4287 3824 4344 lat.

2136 4390 2212 4439 ιγ,
2242 4377 2297 4427 et
2324 4373 2477 4427 duos
2505 4372 2563 4427 in
2596 4371 2757 4439 long,
2787 4370 2922 4426 cub.
2956 4388 3031 4437 V1,
3063 4370 3125 4426 in
3153 4370 3254 4427 lat.
3300 4387 3377 4427 ιγ.
3414 4371 3662 4442 Singuli
3710 4374 3828 4431 sol-

2134 4466 2282 4518 vunt
2304 4480 2336 4515 V
2362 4462 2638 4517 denarios
2662 4476 2771 4534 pro
2797 4459 3142 4517 vermiculo.
3168 4460 3328 4517 Melae
3360 4478 3444 4530 111,
3469 4478 3624 4518 eum
3661 4483 3697 4519 V
3727 4482 3827 4521 ro-

2137 4552 2226 4606 tis.
2260 4550 2563 4606 Pellenarii
2594 4566 2648 4606 x.
2682 4548 2799 4621 Ipsi
2827 4549 2973 4604 dant
3022 4566 3142 4605 xxx
3170 4548 3492 4622 porcellos,
3526 4552 3824 4624 singulos

2135 4642 2437 4697 denarios.
2469 4657 2506 4695 v
2553 4639 2840 4695 valentes.
2887 4638 3140 4694 Femina:
3191 4656 3404 4696 eorum
3454 4640 3721 4701 solvunt
3764 4645 3826 4701 in

2132 4729 2327 4785 hieme
2352 4746 2407 4782 γι
2434 4728 2730 4784 denarios.
2764 4726 3037 4783 Forstarii
3066 4732 3123 4783 et
3151 4727 3251 4784 alii
3277 4728 3512 4785 habent
3534 4747 3615 4786 Lx
3642 4733 3826 4804 juge-

2133 4835 2217 4875 ra.
2254 4817 2572 4875 Censuales
2598 4816 2685 4871 vir
2714 4832 2891 4883 unus,
2924 4822 2980 4872 et
3008 4835 3066 4873 1x
3098 4816 3396 4874 mulieres.

2205 4928 2282 4981 De
2309 4924 2714 4997 Erchaupiunt
2744 4927 2907 4978 terrae
2940 4923 3137 4979 salicae
3158 4942 3218 4979 111
3241 4922 3440 4980 hobas.
3474 4924 3732 4985 villicus
3766 4934 3823 4985 et

2134 5014 2230 5071 alii
2255 5014 2480 5070 habent
2508 5031 2545 5067 11
2577 5012 2788 5067 hobas.
2826 5015 2903 5067 De
2938 5012 3194 5083 Erilinga
3228 5030 3268 5067 x
3296 5012 3499 5070 hobas.
3539 5016 3817 5088 Singula:

2133 5104 2372 5160 solvunt
2398 5101 2655 5159 cervisiae
2686 5099 2893 5156 situlas
2921 5117 3056 5171 xxv,
3079 5117 3332 5173 porcum
3362 5118 3484 5157 xxx
3517 5104 3820 5162 denarios

2131 5192 2448 5259 valentem,
2489 5206 2664 5245 ovem
2709 5189 3048 5245 tremissam
3098 5188 3471 5261 valentem,~1
3523 5194 3820 5251 modium

2132 5280 2321 5349 tritici,
2352 5297 2433 5335 x11
2482 5279 2759 5335 denarios
2809 5295 2918 5351 pro
2972 5279 3171 5334 uxoris
3221 5295 3422 5352 opere.
3459 5283 3819 5342 Parscalchi

2131 5369 2355 5424 habent
2382 5386 2421 5422 11
2451 5368 2661 5435 hobas,
2688 5384 2724 5423 a
2754 5368 2974 5439 quibus
3019 5367 3260 5424 solvunt
3287 5385 3326 5422 11
3357 5384 3533 5439 oves,
3569 5375 3817 5430 tremis-

2132 5474 2228 5511 sas
2262 5457 2500 5513 totidem
2534 5457 2815 5526 valentes,
2852 5456 3087 5513 modios
3119 5473 3153 5511 ιι
3191 5472 3421 5526 avenm,
3458 5461 3521 5514 et
3571 5478 3591 5515 1
3642 5479 3815 5535 para-

2133 5546 2336 5602 fridos.
3432 5600 3433 5603 η

2205 5637 2281 5690 De
2312 5635 2549 5705 Pisiuga
2579 5637 2745 5689 tome
2775 5633 2969 5690 saliens
3010 5653 3065 5689 V1
3095 5634 3293 5702 hobze,
3326 5638 3383 5690 et
3426 5652 3535 5694 xx1
3565 5639 3806 5715 jugera,

2130 5722 2444 5781 decimatio
2477 5723 2550 5779 de
2581 5723 2820 5797 duabus
2866 5723 3148 5792 ecclesiis,
3180 5728 3237 5778 et
3258 5723 3392 5796 ipsa
3424 5725 3602 5797 villa,
3638 5717 3696 5787 et
3736 5730 3809 5785 de
