3968 6440
189 287 336 351 1101

1097 295 1509 353 DESCRIPTIO
1551 292 1876 351 CENSUUM
1922 294 2225 353 MONAST.
2270 298 2328 354 S.
2374 296 2732 355 EMMERAM.

3494 303 3631 359 “02

182 419 247 475 in
302 434 463 476 anno
512 435 787 492 pannum
839 419 913 475 de
958 420 1099 476 lana
1150 420 1313 491 long.
1348 421 1484 476 cul).
1518 437 1598 491 1x,
1644 419 1743 475 lat.
1777 436 1852 475 1v.
1884 430 1932 483 Α
1972 419 2113 476 hob.
2144 438 2180 478 1.
2226 422 2458 479 Villicus
2488 423 2669 479 habet
2712 422 2938 480 hobam
2970 440 2985 477 1
3019 429 3075 481 et
3102 441 3207 481 VIII
3233 426 3362 497 jug.
3397 426 3633 500 Equita-

188 514 322 566 Duo
384 509 609 567 faciunt
669 527 943 583 pannum
1009 511 1083 567 de
1147 511 1269 567 lino
1326 512 1489 583 long.
1560 510 1697 567 cub.
1751 527 1854 579 x11,

184 600 291 657 lat.
332 604 415 656 IV.
1812 662 1815 663 ν

263 693 343 745 De
377 690 702 746 Orilinhem
753 694 891 747 sunt
928 708 1028 747 x1v
1073 691 1270 748 hobas.
1321 691 1581 763 Singulte
1625 691 1862 747 solvunt

185 796 263 833 xv
297 778 503 835 situlas
535 780 812 847 cervisire,
846 785 902 835 et
932 797 1185 848 porcum
1234 799 1312 836 xv
1345 782 1481 837 den.
1538 781 1855 847 valentem,

186 886 203 923 1
256 869 531 925 modium
587 870 776 937 tritici,
829 876 885 926 et
933 888 949 924 1
1000 872 1273 927 modium
1331 889 1570 941 avenae;
1618 870 1861 927 insimul

187 959 468 1033 dantpro
499 976 677 1032 opere
708 978 785 1015 xv
817 961 1059 1017 solidos.
1092 963 1327 1018 Villicus
1358 964 1539 1019 habet
1563 981 1620 1018 x1
1645 963 1859 1034 jugera

188 1052 247 1104 et
276 1066 293 1103 1
323 1048 468 1104 hob.
520 1049 868 1105 Fortstarius
898 1050 1082 1105 habet
1108 1067 1166 1106 v1
1211 1052 1340 1122 jug.
1372 1051 1461 1106 Ad
1492 1051 1876 1123 Alaraspach

189 1139 357 1194 mola
400 1156 437 1206 1,
472 1155 609 1193 cum
645 1155 702 1193 111
731 1139 895 1194 rotis.
927 1139 1264 1196 Molinarius
1296 1141 1475 1197 habet
1518 1158 1593 1196 xv
1621 1142 1855 1211 jugera.

187 1227 281 1283 Ad
328 1227 759 1297 Hegilinhoven
810 1234 947 1284 sunt
995 1247 1027 1283 v
1067 1230 1262 1296 hobas,
1296 1236 1352 1286 et
1395 1247 1469 1285 v11
1502 1231 1735 1301 jugera.
1769 1229 1858 1285 Ab

187 1318 283 1373 his
328 1319 549 1374 dantur
598 1335 671 1373 x1.
718 1318 948 1375 denarii
993 1325 1048 1376 et
1098 1337 1197 1375 va
1252 1320 1438 1376 modii
1488 1336 1715 1377 avente.
1769 1319 1857 1375 Ad

190 1407 735 1463 Horsconoshovan
769 1413 907 1463 sunt
942 1426 1017 1465 xv
1046 1410 1242 1465 hobte.
1278 1410 1366 1465 Ab
1410 1409 1503 1465 his
1547 1409 1859 1465 solvuntur

189 1512 270 1550 xv
298 1495 473 1551 solidi
502 1496 564 1551 in
591 1496 767 1553 ferro.
798 1497 890 1553 Ad
922 1498 1323 1554 Etmatesdorf
1351 1503 1490 1554 sunt
1518 1516 1591 1553 v11
1625 1515 1783 1554 rura.
1811 1504 1858 1554 A

190 1585 443 1656 singulis
492 1586 730 1641 ruribus
759 1604 796 1641 v
826 1592 883 1643 et
928 1605 1000 1643 xL
1040 1588 1269 1643 denarii
1299 1589 1537 1644 dantur.
1574 1588 1663 1643 Ad
1696 1588 1861 1645 Suai-

189 1674 513 1730 nicandorf
536 1680 675 1731 sunt
703 1693 740 1730 11
784 1676 981 1732 hobee.
1018 1677 1266 1733 Solvunt
1298 1694 1409 1733 Lxx
1434 1677 1734 1734 denarios.
1769 1678 1858 1733 Ad

1970 510 2093 566 rius
2123 528 2279 568 unus
2310 513 2490 570 habet
2520 513 2661 569 hob.
2699 531 2716 567 1
2747 518 2803 569 et
2832 514 3131 571 decimam
3159 532 3197 570 1.
3233 516 3468 589 Equitat
3498 516 3631 573 ubi-

1971 618 2207 675 cunque
2256 603 2615 677 praecipitur.
2660 608 2738 659 De
2773 605 3150 678 Dechtapeta,
3194 606 3443 661 ecclesia
3492 622 3633 663 cum

1968 690 2365 749 decimatione
2412 698 2642 749 tantum
2689 693 2866 748 unius
2898 693 3031 749 loci.
3064 697 3251 749 Terrae
3284 694 3481 749 salicae
3528 695 3635 751 bo-

1966 780 2079 837 bas
2110 799 2163 837 v.
2201 783 2363 839 Servi
2408 783 2606 838 salicis
2650 783 2877 839 habent
2925 800 3083 839 xxvn
3118 783 3272 855 jug.,
3304 783 3479 840 vinea
3509 800 3635 841 una.

1968 887 2104 927 cum
2136 873 2407 928 vinitore.
2442 873 2531 928 Ad
2563 873 2949 929 Roccashova
2992 872 3170 929 hoba-1
3214 873 3369 942 duae,
3404 889 3476 929 ex
3506 875 3635 947 qui-

1966 960 2083 1015 bus
2113 962 2447 1018 redduntur
2472 963 2682 1032 cervis,
2716 962 2871 1018 situ].
2895 980 2974 1018 xx
3002 968 3059 1019 et
3080 963 3217 1019 den.
3245 979 3379 1019 xxx.
3405 963 3634 1020 Modius

1967 1066 2125 1105 unus
2178 1053 2458 1123 triticeus,
2506 1052 2682 1108 molae
2738 1070 2799 1107 11.
2835 1052 2924 1107 Ad
2974 1053 3337 1123 Gebrihinga
3384 1053 3636 1111 ecclesia

1968 1156 2107 1195 cum
2137 1142 2535 1198 decimatione
2581 1142 2769 1215 ipsius
2812 1142 2947 1209 loci,
2980 1147 3037 1197 et
3074 1142 3330 1199 aliorum
3372 1158 3431 1198 1v
3474 1142 3635 1199 loco-

1966 1246 2121 1287 rum.
2151 1235 2340 1288 Terrze
2368 1232 2563 1288 saliere
2590 1233 2785 1288 hobas
2812 1250 2872 1288 111
2904 1238 2959 1289 et
2988 1250 3088 1301 xx,
3117 1250 3155 1287 11
3183 1234 3313 1304 jug.
3351 1233 3514 1290 Servi
3545 1249 3636 1290 sa-

1966 1319 2061 1375 lici
2104 1321 2331 1378 habent
2358 1340 2458 1378 x11.
2490 1322 2763 1379 Jurnales
2809 1338 3120 1378 mansores
3164 1339 3243 1390 vl,
3274 1321 3378 1393 qui
3410 1319 3633 1389 singuli

1966 1410 2187 1466 debent
2235 1413 2443 1480 cervis,
2477 1413 2704 1468 sidulas
2750 1430 2887 1479 xvu,
2922 1428 3099 1467 ovem
3132 1426 3339 1482 unam,
3372 1410 3627 1466 tremiss.

1966 1500 2287 1569 valentem,
2320 1501 2596 1558 modium
2636 1507 2692 1558 et
2722 1502 3041 1558 dimidium
3090 1501 3332 1569 farina;
3369 1499 3633 1556 vicissim

1966 1605 2075 1662 per
2102 1605 2296 1646 annos
2344 1591 2593 1661 hungelt
2630 1592 2823 1649 reddit
2852 1596 3043 1648 ratem
3072 1608 3111 1648 1.
3154 1594 3340 1647 Arant
3376 1590 3439 1646 in
3488 1588 3633 1645 heb-

1967 1678 2131 1734 dom.
2169 1696 2208 1734 11
2232 1678 2386 1750 jug.,
2434 1685 2759 1753 operantur
2800 1697 2857 1735 1v
2885 1680 3012 1736 dies
3052 1680 3111 1736 in
3154 1679 3361 1747 hebd.,
3394 1677 3631 1734 feminae

190 1764 526 1837 Priemperc
557 1770 695 1821 sunt
722 1783 823 1821 x111
852 1766 1047 1822 hobas.
1088 1767 1345 1837 Singulae
1371 1767 1613 1824 solvunt
1651 1767 1857 1823 situlas
1969 1783 2179 1823 eorum
2210 1768 2396 1840 trinae,
2438 1786 2476 1824 1.
2509 1769 2861 1840 ludilonem,
2894 1769 3029 1825 duas
3079 1774 3281 1825 autem
3320 1767 3629 1831 camisilze,

189 1872 331 1923 xxx,
355 1854 634 1911 denarios
660 1873 796 1912 xxx.
825 1857 913 1911 Ad
931 1858 1270 1914 Mantalnha
1296 1875 1397 1913 vm
1425 1858 1619 1915 hobze.
1646 1859 1735 1914 Ab
1762 1858 1855 1914 his

192 1945 527 2000 solvuntur.
557 1988 569 2000 .
620 1947 713 2001 Ad
747 1948 1142 2003 Duomantala
1192 1965 1227 2004 a
1271 1966 1374 2004 sex
1416 1949 1657 2004 ruribus
1705 1949 1855 2005 dan-

192 2038 288 2089 tur
316 2052 371 2091 ιχ
402 2035 593 2091 solidi.
624 2036 715 2091 Ad
732 2038 979 2109 Fisepac
1013 2043 1150 2093 sunt
1173 2055 1213 2093 11
1244 2039 1441 2094 hobm.
1462 2039 1550 2093 Ab
1581 2040 1674 2094 his
1706 2040 1857 2096 dan-

192 2128 286 2178 tur
316 2140 388 2178 XL
420 2124 669 2179 denarii.
704 2125 794 2180 Ad
829 2126 996 2181 Sunit
1023 2126 1244 2182 dantur
1274 2132 1390 2183 tres
1423 2128 1611 2183 situlre
1642 2129 1856 2185 mellis.

192 2213 285 2268 Ad
314 2214 724 2270 Puolonsuant
753 2221 892 2271 sunt
918 2232 1136 2271 novem
1166 2234 1325 2272 rura.
1362 2221 1409 2271 Α
1433 2223 1659 2290 septem
1692 2216 1860 2272 solvi-

192 2309 291 2358 tur
333 2303 642 2373 talentum,
676 2310 734 2360 et
781 2306 1102 2361 cidalarius
1142 2323 1333 2362 unum
1373 2308 1572 2363 habet.
1608 2307 1695 2362 Ad
1743 2306 1860 2362 Eri-

190 2392 435 2466 linpach
467 2400 604 2450 sunt
638 2412 710 2449 1v.
745 2395 833 2450 Ab
886 2396 979 2451 his
1010 2396 1230 2452 dantur
1260 2414 1315 2452 1v
1356 2397 1552 2453 solidi.
1581 2398 1667 2452 Ad
1713 2399 1855 2451 Fur-

194 2482 358 2538 dona
400 2490 538 2538 sunt
580 2502 619 2540 χ
662 2501 822 2540 rura.
856 2485 944 2540 Ab
974 2486 1066 2540 his
1118 2486 1432 2543 solvuntur
1460 2505 1499 2543 x
1544 2486 1735 2543 solidi.
1768 2486 1859 2543 Ad

194 2573 618 2629 Prnualasdorf
641 2581 781 2631 sunt
810 2575 920 2631 tria
950 2592 1111 2631 rura.
1145 2580 1411 2642 Quatuor
1443 2577 1617 2633 solidi
1656 2577 1735 2633 ab
1765 2576 1857 2633 his

192 2662 433 2719 dantur.
465 2664 554 2718 Ad
587 2665 819 2737 Urpach
853 2671 993 2721 sunt
1040 2665 1151 2721 tria
1193 2683 1354 2723 rura.
1390 2667 1481 2722 Ab
1514 2668 1605 2723 his
1636 2668 1856 2723 dantur

194 2768 250 2806 111
280 2752 472 2809 solidi.
507 2753 592 2808 Ad
624 2753 914 2810 Hwilinan
948 2760 1088 2811 sunt
1119 2756 1241 2812 duo
1280 2773 1440 2813 rura.
1471 2756 1559 2812 Ab
1590 2757 1682 2812 his
1712 2756 1860 2813 dan-

195 2846 291 2897 tur
322 2860 392 2898 111.
422 2843 671 2899 denarii.
706 2846 783 2898 De
817 2847 1258 2919 Maganaspach
1289 2847 1462 2903 solidi
1491 2864 1591 2903 x11.
1628 2850 1705 2903 De
1738 2847 1855 2902 Ab-

194 2932 650 2990 batiswinidum
683 2936 858 2991 solidi
888 2954 967 3001 1v,
991 2936 1219 2993 denarii
1249 2954 1306 2993 x.
1340 2941 1419 2993 De
1452 2938 1648 2994 Harda
1678 2937 1859 2994 talen-

198 3026 323 3077 tum
356 3039 567 3092 unum,
604 3025 832 3081 denarii
871 3042 929 3081 x.

270 3112 361 3167 Ad
425 3119 663 3185 portam
715 3116 1059 3173 monasterii
1123 3121 1290 3173 terrae
1349 3116 1545 3173 saliere
1602 3116 1764 3172 hoba
1813 3132 1852 3187 1,
1883 3154 1924 3211 Ο

197 3219 381 3274 quam
427 3204 694 3261 minister
724 3206 905 3263 habet
950 3207 1012 3262 in
1042 3207 1443 3274 beneﬁcium;
1489 3206 1807 3263 decimatio
1838 3223 1853 3261 1

198 3291 272 3346 de
302 3298 462 3349 curte
491 3295 803 3368 principali
835 3302 891 3352 et
938 3297 1011 3352 de
1043 3297 1171 3353 aliis
1200 3314 1319 3353 xv1.
1353 3297 1593 3355 Curtilia
1620 3314 1697 3366 1v,
1731 3296 1855 3352 duo

198 3380 259 3435 in
283 3380 680 3440 beneﬁcicum
706 3401 1018 3454 concessa,
1047 3392 1103 3441 et
1129 3387 1251 3442 duo
1283 3386 1606 3457 censualia,
1630 3403 1701 3442 ex
1726 3385 1856 3459 qui-

200 3469 312 3525 bus
342 3470 672 3527 redduntur
702 3490 833 3528 Lvm
874 3475 1135 3542 denarii;
1182 3476 1406 3532 familia
1456 3475 1751 3531 censualis
1782 3475 1855 3531 de

199 3558 411 3629 capite,
433 3559 494 3614 id
525 3564 635 3625 est,
654 3578 733 3616 x11
754 3562 863 3617 viri
893 3567 949 3618 et
976 3580 1055 3618 xv
1084 3563 1378 3625 mulieres.
1400 3563 1480 3619 ad
1505 3563 1855 3636 praedictam

198 3652 433 3720 portam
464 3650 846 3722 pertinentes,
880 3667 952 3706 ex
982 3653 1203 3724 quibus
1234 3653 1485 3708 urbanis
1517 3653 1610 3708 vel
1644 3652 1858 3708 subur-

199 3738 392 3808 banis,
415 3754 525 3794 nec
550 3755 673 3794 non
698 3745 754 3795 et
779 3740 853 3796 de
885 3741 1211 3809 curtilibus,
1244 3743 1337 3798 vel
1367 3748 1532 3799 extra
1558 3742 1681 3797 sitis
1710 3741 1859 3797 ruri-

198 3829 313 3884 bus
342 3829 677 3886 annualiter
703 3831 1114 3903 persolvendte
1146 3838 1282 3889 sunt
1301 3832 1467 3888 librae
1498 3850 1558 3888 111
1587 3837 1643 3887 et
1671 3850 1728 3888 v1
1761 3849 1857 3887 so-

198 3919 301 3975 lidi
343 3920 589 3975 denarii.
621 3920 691 3976 Hi
715 3927 1029 3995 sequentes
1058 3922 1175 3978 loci
1220 3939 1359 3979 cum
1408 3922 1573 3979 omni
1602 3922 1858 3994 puritate

203 4009 432 4067 servicii
462 4010 836 4068 ministrant:
880 4013 954 4068 de
984 4014 1154 4069 Curte
1200 4012 1282 4069 ad
1314 4012 1733 4086 Egilisprunna
1763 4028 1858 4068 ec-

202 4099 379 4155 clesia
410 4117 549 4155 cum
580 4101 973 4158 decimatione
1003 4102 1194 4175 ipsius
1223 4102 1358 4172 loci,
1390 4108 1447 4158 et
1475 4102 1730 4158 aliorum
1763 4118 1859 4158 x111

200 4190 489 4245 locorum.
518 4194 702 4246 Terrae
724 4191 920 4248 saliere
947 4193 1137 4249 hobas
1162 4210 1220 4247 1v
1240 4196 1297 4249 et
1335 4192 1546 4249 dimid.
1573 4193 1735 4248 Servi
1767 4209 1862 4248 sa-

200 4279 297 4335 lici
342 4279 567 4336 habent
618 4298 694 4335 x11
738 4282 970 4352 jugera.
1013 4285 1312 4339 Mansores
1343 4299 1462 4351 v111,
1504 4282 1608 4356 qui
1641 4281 1861 4352 singuli

202 4369 459 4425 reddunt
489 4370 750 4427 ccrvisiae
784 4372 989 4428 situlas
1019 4389 1159 4442 xv11,
1191 4389 1367 4428 ovem
1396 4389 1601 4439 unam,
1631 4372 1862 4428 tremis-

203 4474 333 4514 sam
358 4459 680 4528 valentem,
709 4461 983 4517 modium
1026 4478 1218 4517 unum
1252 4467 1308 4518 et
1351 4461 1672 4517 dimidium
1721 4462 1860 4517 fari-

204 4563 335 4617 nae;
381 4548 641 4605 vicissim
694 4566 802 4623 per
855 4567 1047 4607 annos
1098 4550 1348 4620 hungelt
1392 4551 1518 4607 red.
1566 4556 1750 4606 Arant
1805 4568 1861 4606 111

204 4638 330 4694 dies
360 4638 421 4694 in
464 4640 873 4709 hebdomada,
907 4646 1231 4714 operantur
1261 4658 1319 4696 111
1363 4641 1491 4697 dies
1530 4641 1737 4711 hebd.,
1771 4657 1864 4697 ra-

209 4733 325 4784 tem
381 4744 588 4796 unam,
644 4728 881 4786 femina:
940 4747 1149 4786 eorum
1215 4730 1382 4786 trime
1433 4729 1554 4786 10d.
1626 4747 1660 4797 1,
1726 4730 1864 4785 duae

207 4822 407 4873 autem
455 4818 703 4875 cam1sil.
754 4836 792 4874 1.
846 4818 1004 4876 Molae
1050 4836 1108 4875 11.
1156 4823 1382 4876 Domus
1431 4837 1466 4875 1.
1518 4823 1597 4875 De
1630 4819 1868 4876 Cherin-

208 4909 548 4977 gozashova
597 4923 749 4963 Lxxx
779 4908 1028 4965 denarii.
1074 4912 1151 4965 De
1191 4909 1492 4966 Talahova
1521 4926 1633 4965 Lxx
1684 4908 1868 4965 dena-

207 4997 295 5074 rii,
328 4998 591 5055 cervis-ire
632 4999 839 5056 situlas
871 5016 1009 5069 xv11,
1042 5016 1215 5056 ovem
1264 5016 1449 5056 unam
1484 4999 1739 5056 tremiss.
1770 5015 1871 5055 va-

207 5086 446 5157 lentem,
491 5089 728 5145 modios
766 5106 841 5145 vn
892 5106 1116 5159 avenae,
1149 5089 1434 5145 carradas
1484 5106 1562 5157 1v,
1594 5088 1741 5157 ligni
1790 5087 1870 5144 ad

209 5177 431 5246 focum,
462 5179 695 5252 pullum
724 5186 763 5248 1,
794 5196 911 5237 ova
934 5196 992 5245 v,
1023 5179 1215 5252 pascit
1244 5195 1496 5251 porcum
1528 5196 1566 5234 1.
1603 5180 1869 5252 Operan-

210 5274 303 5325 tur
356 5270 581 5328 in......
636 5270 698 5327 in
753 5275 1045 5328 autumno
1106 5270 1390 5337 similiter,
1443 5275 1574 5326 arat
1623 5269 1686 5325 in
1730 5269 1873 5325 heb-

210 5359 373 5416 dom.
408 5377 463 5415 111
495 5360 642 5427 dies,
673 5360 959 5428 herbicat,
988 5366 1167 5430 secat,
1198 5360 1428 5416 inducit
1458 5359 1800 5416 carradium
1830 5375 1869 5427 1,

211 5448 415 5505 fenum
458 5454 638 5517 secat,
671 5453 729 5505 et
754 5449 1001 5505 inducit.
1038 5451 1116 5505 De
1161 5449 1584 5507 Scerhanhova
1631 5448 1870 5504 cervisa’.

214 5537 416 5593 situlas
471 5556 579 5607 XL;
634 5544 764 5595 arat
818 5555 925 5612 per
988 5556 1220 5596 annum
1291 5556 1431 5595 xv111
1490 5540 1726 5611 jugera.
1793 5540 1873 5593 De

214 5626 502 5685 Frianvelt
541 5628 747 5684 cervis.
779 5645 900 5685 xxx
930 5630 1190 5699 modios,
1222 5647 1261 5684 11
1309 5629 1498 5699 sigali.
1526 5626 1875 5683 Annualiter

213 5722 382 5775 arant
435 5718 647 5790 v1jug.
682 5721 762 5775 De
806 5720 1321 5777 Marchunashusa
1368 5736 1445 5775 x11
1491 5735 1705 5775 massae
1748 5714 1876 5772 ﬁeri

213 5808 487 5877 reddunt.
563 5811 643 5867 De
711 5810 1005 5869 Entihova
1066 5827 1129 5869 x1
1195 5808 1496 5874 denarios.
1564 5806 1881 5884 Presbyter

1968 1874 2030 1926 1.,
2085 1856 2345 1913 reddunt
2399 1858 2708 1914 vermiculi
2761 1874 2988 1931 coppos
3040 1875 3101 1914 11.
3160 1857 3250 1913 Ad
3299 1855 3639 1926 Tegandorf

1970 1947 2283 2003 censuales
2310 1948 2486 2003 hobze
2517 1965 2596 2014 1x,
2629 1950 2733 2022 qui
2763 1948 2941 2005 simul
2970 1948 3233 2005 reddunt
3261 1948 3475 2014 cervis,
3509 1962 3635 2003 car-

1968 2036 2149 2093 radas
2191 2055 2250 2107 v,
2282 2038 2488 2094 farinae
2533 2040 2770 2096 modios
2820 2056 2942 2095 xxn
2982 2042 3038 2095 et
3087 2038 3320 2106 dimid.,
3354 2036 3633 2093 denarios

1970 2126 2192 2183 solidos
2218 2144 2297 2183 Vl.
2331 2127 2423 2182 Ad
2473 2128 2813 2185 Essislidorf
2854 2128 3019 2184 hoba
3068 2127 3303 2195 dimid.;
3336 2126 3475 2182 inde
3503 2141 3636 2199 per-

1970 2216 2207 2273 solvunt
2249 2218 2387 2274 den.
2438 2235 2532 2285 xL,
2588 2219 2753 2275 mod.
2805 2236 2865 2275 11.
2911 2221 2991 2274 De
3044 2216 3323 2289 Sinzinga
3368 2215 3631 2289 persolv.

1968 2306 2106 2363 den.
2142 2324 2230 2363 1.x.
2267 2311 2347 2364 De
2393 2308 2675 2365 Altasvelt
2719 2309 2858 2365 den.
2891 2327 2942 2365 ι.
2980 2308 3070 2364 Ad
3100 2308 3356 2377 Matinga
3383 2306 3636 2362 ecclesia

1969 2414 2108 2452 cum
2157 2397 2554 2454 decimatione
2598 2398 2786 2471 ipsius
2815 2397 2950 2466 loci,
2986 2396 3298 2453 censuales
3342 2395 3634 2464 holze1v,

1967 2487 2071 2559 qui
2103 2487 2284 2543 simul
2312 2487 2573 2544 reddunt
2602 2490 2809 2545 cervis.
2844 2488 3048 2545 carad.
3091 2504 3171 2544 111.
3207 2492 3263 2543 et
3300 2487 3508 2544 denar.
3536 2502 3632 2542 XL.

1966 2576 2126 2632 Melae
2151 2593 2210 2632 11.

2042 2668 2172 2721 Haec
2201 2670 2340 2722 sunt
2366 2664 2662 2722 beneﬁcia
2686 2665 2975 2739 Proponis
3007 2665 3069 2721 in
3100 2663 3467 2733 Getlovinge,
3500 2661 3634 2736 qui‘

1966 2755 2082 2811 bus
2107 2772 2143 2811 a
2170 2761 2376 2812 sancto
2405 2758 2852 2812 Emmerammo
2900 2762 2987 2812 est
3016 2754 3427 2821 beneficiatus,
3456 2758 3514 2809 et
3543 2752 3634 2809 Ul-

1967 2845 2124 2901 ricus
2153 2845 2309 2901 ﬁlius
2340 2846 2488 2917 ejus.
2526 2849 2591 2901 ln
2623 2844 2990 2915 Geltolvinge
3019 2862 3079 2901 1v
3107 2844 3318 2911 curiae;
3351 2842 3412 2898 in
3440 2846 3631 2900 Maur-

1964 2934 2123 3005 linge
2154 2952 2171 2990 1
2200 2935 2367 2991 curia
2395 2954 2407 3003 ;
2442 2935 2503 2990 in
2532 2934 2777 2991 hintach
2801 2934 2950 2990 silva
2980 2940 3037 2989 et
3065 2937 3249 2989 curia.
3283 2937 3346 2988 1n
3379 2924 3633 2988 Harthu«

1969 3041 2076 3080 sen
2107 3024 2242 3081 duae
2274 3026 2482 3094 curiae;
2532 3025 2595 3081 in
2626 3024 3075 3080 Wolferchoven
3104 3040 3146 3078 11
3178 3022 3355 3079 curiae
3383 3040 3395 3090 ;
3444 3020 3634 3077 Rude-

1966 3114 2125 3185 linge
2157 3114 2342 3171 altera
2366 3114 2614 3172 dimidia
2639 3114 2825 3170 curia.
2859 3114 2996 3169 Haec
3026 3128 3169 3169 vero
3200 3115 3339 3168 sunt
3365 3127 3500 3184 quze
3532 3110 3635 3167 alii

1969 3206 2047 3263 ab
2080 3222 2150 3261 eo
2181 3204 2517 3261 beneﬁciati
2545 3208 2782 3260 tenent:
2833 3204 2896 3258 in
2926 3200 3276 3258 Hakhelstat
3302 3217 3320 3255 1
3351 3200 3538 3273 huba,
3570 3199 3633 3255 in

1966 3294 2348 3350 Aitterhovcn
2377 3310 2417 3348 11
2459 3293 2637 3349 hubre
2682 3297 2738 3348 et
2780 3292 3014 3350 tertiam
3061 3296 3296 3364 partem
3342 3289 3630 3358 decimae;

1965 3385 2029 3441 in
2058 3384 2384 3454 Rudelinge
2414 3383 2624 3439 dimid.
2658 3384 2845 3453 huba,
2878 3383 2939 3438 in
2981 3382 3293 3439 Chessawe
3322 3397 3362 3436 11
3410 3379 3629 3448 hubze;

1966 3474 2027 3530 in
2060 3475 2229 3530 Much
2258 3490 2446 3547 prope
2477 3472 2699 3542 Ronige
2730 3489 2855 3528 una
2878 3471 3079 3539 huba;
3112 3472 3174 3526 in
3204 3470 3569 3542 Niderspach
3592 3485 3635 3524 11

1966 3564 2184 3631 hubae;
2236 3563 2297 3618 in
2354 3562 2705 3620 Swinsbach
2744 3577 2783 3615 11
2826 3560 3027 3631 curiae,
3060 3560 3123 3615 in
3154 3559 3472 3631 Gailspach
3509 3571 3633 3615 una

1968 3653 2153 3721 curia,
2183 3656 2239 3708 et
2266 3650 2497 3707 hubam
2527 3666 2734 3706 unam.

1994 3742 2312 3799 Buchardi
2335 3741 2411 3798 ab
2441 3742 2504 3797 S.
2533 3739 2965 3797 Emmerammi
2988 3738 3433 3810 complacitalio
3464 3754 3599 3796 cum

2601 3830 3002 3887 Ruitensz‘bus.

2042 3926 2106 3978 In
2135 3920 2379 3978 nomine
2412 3919 2669 3977 Domini.
2701 3923 2917 3977 Notum
2948 3920 3021 3976 sit
3062 3918 3364 3988 ﬁdelibus,
3394 3935 3517 3976 non
3550 3918 3637 3975 in-

1969 4010 2270 4079 ﬁdelibus,
2303 4010 2557 4084 qualiter
2580 4010 2757 4067 bona:
2786 4009 3094 4067 memoriae
3125 4009 3318 4067 abbas
3344 4010 3635 4065 Purchara

1971 4102 2106 4175 dus,
2139 4103 2290 4159 inter
2337 4107 2550 4159 caetera
2600 4118 2737 4174 quae
2788 4103 2850 4157 in
2898 4102 3081 4159 rebus
3111 4102 3172 4156 B.
3208 4093 3636 4156 Emmerammi

1974 4192 2208 4265 sibique
2238 4191 2661 4248 tamulantium
2685 4191 2765 4247 ad
2786 4190 3181 4248 commodum
3206 4189 3376 4246 duxit
3394 4189 3490 4244 vel
3514 4205 3641 4244 ver-

1972 4283 2057 4351 tit,
2101 4283 2457 4339 assentiente
2506 4286 2629 4338 tota
2678 4281 2930 4337 fratrum
2972 4286 3211 4338 caterva
3262 4296 3401 4335 cum
3448 4293 3638 4334 manu

1976 4372 2253 4429 advocati
2310 4373 2403 4428 sui
2446 4371 2803 4443 Kadalhohi,
2854 4371 3087 4427 comitis
3133 4367 3635 4437 excellentissimi,

1976 4463 2133 4520 hanc
2163 4461 2663 4535 compendiosam
2716 4477 2855 4516 cum
2904 4460 3285 4516 Ruitensibus
3314 4458 3450 4513 fecit
3480 4472 3639 4512 com-

1975 4551 2424 4626 placitationem
2450 4568 2462 4605 :
2498 4556 2562 4606 ut
2589 4550 2664 4606 de
2690 4548 2917 4605 familia
2944 4565 3080 4621 quae
3110 4549 3192 4604 ad
3218 4546 3637 4619 Ruitpertinet,

1978 4641 2176 4698 mansi
2207 4640 2448 4712 scilicet,
2480 4656 2586 4695 seu
2629 4638 2981 4695 hiltiscalchi
3027 4634 3288 4710 expediti
3335 4652 3372 4692 a
3410 4635 3530 4692 sale
3576 4635 3644 4690 ti-

1979 4730 2121 4789 scali
2167 4744 2353 4786 censu
2399 4746 2472 4786 ex
2521 4732 2691 4802 parte
2721 4728 3000 4794 adaucto,
3032 4742 3217 4800 quem
3248 4731 3424 4783 antea
3455 4724 3644 4781 solve-

1977 4826 2114 4878 rant
2158 4836 2266 4895 per
2317 4819 2587 4891 singulos
2643 4835 2857 4890 annos,
2890 4818 2965 4874 de
3014 4816 3263 4889 singulis
3309 4814 3488 4873 hobis
3518 4813 3644 4871 vini

1980 4928 2195 4969 sauma
2224 4926 2348 4967 non
2396 4910 2639 4966 aliunde
2671 4924 2857 4983 quam
2887 4909 2962 4965 de
2994 4924 3102 4964 suo
3129 4907 3374 4980 proprio
3419 4905 3646 4978 persol-

1978 5007 2141 5060 vant.
2172 5002 2294 5057 Hoc
2317 5006 2519 5057 autem
2548 5000 2759 5056 vinum
2793 5000 2915 5055 sive
2944 4998 3092 5055 illud
3118 4997 3214 5054 hic
3242 4995 3507 5070 praedicti
3530 5011 3648 5053 ser-

1979 5091 2037 5147 vi
2069 5095 2293 5163 emant,
2326 5091 2451 5146 sive
2483 5089 2562 5145 ad
2606 5092 2882 5146 Pauzona
2921 5092 3193 5160 emptum
3224 5090 3498 5160 pergant,
3531 5085 3647 5142 tale

1981 5180 2163 5237 debet
2189 5196 2317 5236 esse
2344 5184 2410 5236 ut
2438 5180 2518 5236 ad
2546 5178 2783 5236 libitum
2814 5176 3139 5235 Scafwardi
3167 5176 3280 5232 sub
3302 5176 3648 5247 juramento

1982 5268 2283 5326 constricti
2332 5272 2523 5325 totum
2555 5268 2862 5341 probetur,
2895 5271 2952 5324 et
2976 5266 3059 5322 sic
3107 5265 3167 5322 in
3198 5263 3437 5323 cellario
3465 5264 3649 5321 collo-

1982 5363 2164 5414 cetur.
2198 5360 2360 5413 Hanc
2385 5373 2529 5414 vero
2557 5373 2771 5413 census
2801 5356 3143 5412 auctionem
3189 5354 3302 5410 sub
3345 5369 3418 5410 eo
3447 5357 3652 5411 tenore

1982 5447 2243 5521 professi
2275 5451 2414 5503 sunt
2454 5451 2518 5503 ut
2566 5463 2675 5520 pro
2706 5446 2934 5503 colonis
2967 5461 3077 5502 seu
3105 5444 3382 5517 agricolis
3414 5443 3495 5500 ad
3534 5443 3654 5501 alia

1983 5536 2118 5593 loca
2173 5536 2423 5592 minime
2479 5536 2603 5592 ulta
2656 5535 3066 5607 transferatur,
3123 5535 3229 5591 sed
3284 5534 3367 5591 eis
3416 5538 3473 5590 et
3529 5533 3654 5590 suis

1985 5624 2239 5698 posteris
2287 5624 2578 5693 habitare,
2610 5625 2930 5683 consistere
2981 5641 3051 5681 ac
3099 5624 3341 5696 servire,
3382 5622 3555 5680 liceat
3590 5622 3654 5678 in

1987 5716 2080 5772 his
2136 5714 2282 5772 locis
2334 5718 2391 5771 et
2446 5714 2617 5772 terris
2674 5732 2808 5789 quae
2866 5715 2946 5772 ad
3008 5716 3361 5789 praedictam
3424 5716 3655 5770 curtem

1987 5804 2235 5867 nomine
2260 5805 2427 5869 Ruite
2447 5806 2742 5885 pertinere
2758 5804 3212 5881 dignoscantur.
3229 5801 3392 5865 Servi
3411 5814 3655 5881 quoque
