  <div class='ocr_page' id='page_1' title='image "/cluster/home/n/w/nwhite01/storage/ocr_20150623/140-141/uc1.31175018559917/1127.png"; bbox 0 0 3910 6396; ppageno 0'>
   <div class='ocr_carea' id='block_1_1' title="bbox 322 272 458 328">
    <p class='ocr_par' dir='ltr' id='par_1_1' title="bbox 322 272 458 328">
     <span class='ocr_line' id='line_1_1' title="bbox 322 272 458 328; baseline 0 -1"><span class='ocrx_word' id='word_1_1' title='bbox 322 272 458 328; x_wconf 81' lang='lat' dir='ltr'>H03</span> 
     </span>
    </p>
   </div>
   <div class='ocr_carea' id='block_1_2' title="bbox 1552 266 2466 327">
    <p class='ocr_par' dir='ltr' id='par_1_2' title="bbox 1552 266 2466 327">
     <span class='ocr_line' id='line_1_2' title="bbox 1552 266 2466 327; baseline 0.002 -2"><span class='ocrx_word' id='word_1_2' title='bbox 1552 266 1892 325; x_wconf 79' lang='lat' dir='ltr'>APPENDIX</span> <span class='ocrx_word' id='word_1_3' title='bbox 1926 267 2021 322; x_wconf 82' lang='lat' dir='ltr'>AD</span> <span class='ocrx_word' id='word_1_4' title='bbox 2060 267 2202 326; x_wconf 81' lang='lat' dir='ltr'>ARN</span> <span class='ocrx_word' id='word_1_5' title='bbox 2208 267 2344 326; x_wconf 89' lang='lat' dir='ltr'>OLD</span> <span class='ocrx_word' id='word_1_6' title='bbox 2353 268 2466 327; x_wconf 78' lang='grc' dir='ltr'>ΗΜ.</span> 
     </span>
    </p>
   </div>
   <div class='ocr_carea' id='block_1_3' title="bbox 3587 263 3758 323">
    <p class='ocr_par' dir='ltr' id='par_1_3' title="bbox 3587 263 3758 323">
     <span class='ocr_line' id='line_1_3' title="bbox 3587 263 3758 323; baseline -0.012 0"><span class='ocrx_word' id='word_1_7' title='bbox 3587 263 3758 323; x_wconf 70' lang='grc'><strong>1104</strong></span> 
     </span>
    </p>
   </div>
   <div class='ocr_carea' id='block_1_4' title="bbox 318 389 3756 467">
    <p class='ocr_par' dir='ltr' id='par_1_4' title="bbox 318 389 3756 467">
     <span class='ocr_line' id='line_1_4' title="bbox 318 389 3756 467; baseline -0.002 -17"><span class='ocrx_word' id='word_1_8' title='bbox 318 393 482 450; x_wconf 81' lang='lat' dir='ltr'>salici</span> <span class='ocrx_word' id='word_1_9' title='bbox 511 393 591 451; x_wconf 92' lang='lat' dir='ltr'>ad</span> <span class='ocrx_word' id='word_1_10' title='bbox 612 392 703 451; x_wconf 89' lang='lat' dir='ltr'>sal</span> <span class='ocrx_word' id='word_1_11' title='bbox 729 410 897 465; x_wconf 83' lang='lat' dir='ltr'>vasa,</span> <span class='ocrx_word' id='word_1_12' title='bbox 928 398 985 452; x_wconf 90' lang='lat' dir='ltr'>et</span> <span class='ocrx_word' id='word_1_13' title='bbox 1007 398 1214 451; x_wconf 83' lang='lat' dir='ltr'>caetera</span> <span class='ocrx_word' id='word_1_14' title='bbox 1249 392 1586 450; x_wconf 89' lang='lat' dir='ltr'>necessaria</span> <span class='ocrx_word' id='word_1_15' title='bbox 1612 391 1850 458; x_wconf 85' lang='lat' dir='ltr'>faciant,</span> <span class='ocrx_word' id='word_1_16' title='bbox 1868 404 1963 445; x_wconf 81' lang='lat' dir='ltr'>ve-</span> <span class='ocrx_word' id='word_1_17' title='bbox 1997 399 2045 452; x_wconf 83' lang='grc' dir='ltr'><strong>Α</strong></span> <span class='ocrx_word' id='word_1_18' title='bbox 2070 404 2172 462; x_wconf 90' lang='lat' dir='ltr'>po,</span> <span class='ocrx_word' id='word_1_19' title='bbox 2219 393 2475 463; x_wconf 87' lang='lat' dir='ltr'>Hartuic,</span> <span class='ocrx_word' id='word_1_20' title='bbox 2508 392 2778 464; x_wconf 84' lang='lat' dir='ltr'>Sigihart,</span> <span class='ocrx_word' id='word_1_21' title='bbox 2826 392 3105 467; x_wconf 86' lang='lat' dir='ltr'>Sigepolt,</span> <span class='ocrx_word' id='word_1_22' title='bbox 3151 395 3401 467; x_wconf 90' lang='lat' dir='ltr'>Cumpo,</span> <span class='ocrx_word' id='word_1_23' title='bbox 3453 389 3756 452; x_wconf 84' lang='lat' dir='ltr'>Odalrih.</span> 
     </span>
    </p>
   </div>
   <div class='ocr_carea' id='block_1_5' title="bbox 317 481 1957 558">
    <p class='ocr_par' dir='ltr' id='par_1_5' title="bbox 317 481 1957 558">
     <span class='ocr_line' id='line_1_5' title="bbox 317 481 1957 558; baseline -0.004 -18"><span class='ocrx_word' id='word_1_24' title='bbox 317 484 453 541; x_wconf 91' lang='lat' dir='ltr'>stitu</span> <span class='ocrx_word' id='word_1_25' title='bbox 483 488 538 541; x_wconf 92' lang='lat' dir='ltr'>et</span> <span class='ocrx_word' id='word_1_26' title='bbox 562 500 804 541; x_wconf 89' lang='lat' dir='ltr'>annona</span> <span class='ocrx_word' id='word_1_27' title='bbox 828 485 902 540; x_wconf 90' lang='lat' dir='ltr'>de</span> <span class='ocrx_word' id='word_1_28' title='bbox 927 484 1362 558; x_wconf 63' lang='lat' dir='ltr'>praenominata</span> <span class='ocrx_word' id='word_1_29' title='bbox 1392 487 1554 540; x_wconf 89' lang='lat' dir='ltr'>curte</span> <span class='ocrx_word' id='word_1_30' title='bbox 1585 481 1698 538; x_wconf 87' lang='lat' dir='ltr'>sibi</span> <span class='ocrx_word' id='word_1_31' title='bbox 1718 495 1957 537; x_wconf 85' lang='lat' dir='ltr'>conces-</span> 
     </span>
    </p>
   </div>
   <div class='ocr_carea' id='block_1_6' title="bbox 314 570 1957 645">
    <p class='ocr_par' dir='ltr' id='par_1_6' title="bbox 314 570 1957 645">
     <span class='ocr_line' id='line_1_6' title="bbox 314 570 1957 645; baseline -0.002 -17"><span class='ocrx_word' id='word_1_32' title='bbox 314 589 400 630; x_wconf 85' lang='lat' dir='ltr'>sa.</span> <span class='ocrx_word' id='word_1_33' title='bbox 440 574 623 645; x_wconf 80' lang='lat' dir='ltr'>Hujus</span> <span class='ocrx_word' id='word_1_34' title='bbox 653 572 942 645; x_wconf 87' lang='lat' dir='ltr'>pactionis</span> <span class='ocrx_word' id='word_1_35' title='bbox 972 578 1162 640; x_wconf 83' lang='lat' dir='ltr'>testes,</span> <span class='ocrx_word' id='word_1_36' title='bbox 1193 572 1602 645; x_wconf 88' lang='lat' dir='ltr'>quamplures,</span> <span class='ocrx_word' id='word_1_37' title='bbox 1642 586 1807 627; x_wconf 89' lang='lat' dir='ltr'>more</span> <span class='ocrx_word' id='word_1_38' title='bbox 1852 570 1957 624; x_wconf 86' lang='lat' dir='ltr'>Ba-</span> 
     </span>
    </p>
   </div>
   <div class='ocr_carea' id='block_1_7' title="bbox 303 659 1955 735">
    <p class='ocr_par' dir='ltr' id='par_1_7' title="bbox 303 659 1955 735">
     <span class='ocr_line' id='line_1_7' title="bbox 303 659 1955 735; baseline -0.003 -16"><span class='ocrx_word' id='word_1_39' title='bbox 303 663 533 733; x_wconf 90' lang='lat' dir='ltr'>joarico</span> <span class='ocrx_word' id='word_1_40' title='bbox 562 662 789 719; x_wconf 88' lang='lat' dir='ltr'>attracti</span> <span class='ocrx_word' id='word_1_41' title='bbox 813 678 918 734; x_wconf 90' lang='lat' dir='ltr'>per</span> <span class='ocrx_word' id='word_1_42' title='bbox 948 678 1143 733; x_wconf 82' lang='lat' dir='ltr'>aures,</span> <span class='ocrx_word' id='word_1_43' title='bbox 1166 678 1425 735; x_wconf 85' lang='lat' dir='ltr'>quorum</span> <span class='ocrx_word' id='word_1_44' title='bbox 1454 662 1703 718; x_wconf 89' lang='lat' dir='ltr'>nomina</span> <span class='ocrx_word' id='word_1_45' title='bbox 1727 660 1823 716; x_wconf 87' lang='lat' dir='ltr'>hic</span> <span class='ocrx_word' id='word_1_46' title='bbox 1851 659 1955 715; x_wconf 87' lang='lat' dir='ltr'>ha-</span> 
     </span>
    </p>
   </div>
   <div class='ocr_carea' id='block_1_8' title="bbox 307 749 1953 823">
    <p class='ocr_par' dir='ltr' id='par_1_8' title="bbox 307 749 1953 823">
     <span class='ocr_line' id='line_1_8' title="bbox 307 749 1953 823; baseline -0.001 -17"><span class='ocrx_word' id='word_1_47' title='bbox 307 751 524 807; x_wconf 83' lang='lat' dir='ltr'>bentur</span> <span class='ocrx_word' id='word_1_48' title='bbox 550 750 876 823; x_wconf 90' lang='lat' dir='ltr'>suscripta:</span> <span class='ocrx_word' id='word_1_49' title='bbox 910 750 1234 815; x_wconf 88' lang='lat' dir='ltr'>Williham,</span> <span class='ocrx_word' id='word_1_50' title='bbox 1266 750 1441 817; x_wconf 76' lang='lat' dir='ltr'>Aceli,</span> <span class='ocrx_word' id='word_1_51' title='bbox 1473 749 1813 816; x_wconf 84' lang='lat' dir='ltr'>Adalbreht,</span> <span class='ocrx_word' id='word_1_52' title='bbox 1847 751 1953 804; x_wconf 87' lang='lat' dir='ltr'>Pa-</span> 
     </span>
    </p>
   </div>
   <div class='ocr_carea' id='block_1_9' title="bbox 306 838 1950 910">
    <p class='ocr_par' dir='ltr' id='par_1_9' title="bbox 306 838 1950 910">
     <span class='ocr_line' id='line_1_9' title="bbox 306 838 1950 910; baseline -0.002 -15"><span class='ocrx_word' id='word_1_53' title='bbox 306 838 408 905; x_wconf 92' lang='lat' dir='ltr'>bo,</span> <span class='ocrx_word' id='word_1_54' title='bbox 466 839 687 908; x_wconf 85' lang='lat' dir='ltr'>Arnolt,</span> <span class='ocrx_word' id='word_1_55' title='bbox 746 839 1014 906; x_wconf 87' lang='lat' dir='ltr'>Haitfolc,</span> <span class='ocrx_word' id='word_1_56' title='bbox 1063 840 1319 910; x_wconf 87' lang='lat' dir='ltr'>Ledunc,</span> <span class='ocrx_word' id='word_1_57' title='bbox 1372 840 1703 910; x_wconf 87' lang='lat' dir='ltr'>Engilhere,</span> <span class='ocrx_word' id='word_1_58' title='bbox 1760 838 1950 908; x_wconf 86' lang='lat' dir='ltr'>Heizo,</span> 
     </span>
    </p>
   </div>
   <div class='ocr_carea' id='block_1_10' title="bbox 306 927 1386 1001">
    <p class='ocr_par' dir='ltr' id='par_1_10' title="bbox 306 927 1386 1001">
     <span class='ocr_line' id='line_1_10' title="bbox 306 927 1386 1001; baseline 0.002 -18"><span class='ocrx_word' id='word_1_59' title='bbox 306 928 449 985; x_wconf 89' lang='lat' dir='ltr'>item</span> <span class='ocrx_word' id='word_1_60' title='bbox 480 927 677 996; x_wconf 85' lang='lat' dir='ltr'>Hcizo,</span> <span class='ocrx_word' id='word_1_61' title='bbox 710 928 1015 1001; x_wconf 83' lang='lat' dir='ltr'>Rutpreth,</span> <span class='ocrx_word' id='word_1_62' title='bbox 1045 927 1386 999; x_wconf 83' lang='lat' dir='ltr'>Engelhere.</span> 
     </span>
    </p>
   </div>
   <div class='ocr_carea' id='block_1_11' title="bbox 309 1053 1953 1123">
    <p class='ocr_par' dir='ltr' id='par_1_11' title="bbox 309 1053 1953 1123">
     <span class='ocr_line' id='line_1_11' title="bbox 309 1053 1953 1123; baseline -0.001 -14"><span class='ocrx_word' id='word_1_63' title='bbox 309 1054 442 1110; x_wconf 88' lang='lat' dir='ltr'>Otto</span> <span class='ocrx_word' id='word_1_64' title='bbox 459 1053 788 1123; x_wconf 76' lang='lat' dir='ltr'>Episcopus</span> <span class='ocrx_word' id='word_1_65' title='bbox 811 1054 1248 1110; x_wconf 86' lang='lat' dir='ltr'>Ratisbonensis</span> <span class='ocrx_word' id='word_1_66' title='bbox 1267 1053 1623 1110; x_wconf 85' lang='lat' dir='ltr'>monasterio</span> <span class='ocrx_word' id='word_1_67' title='bbox 1644 1053 1704 1109; x_wconf 88' lang='lat' dir='ltr'>S.</span> <span class='ocrx_word' id='word_1_68' title='bbox 1726 1054 1953 1108; x_wconf 86' lang='lat' dir='ltr'>Emme-</span> 
     </span>
    </p>
   </div>
   <div class='ocr_carea' id='block_1_12' title="bbox 376 1124 1947 1195">
    <p class='ocr_par' dir='ltr' id='par_1_12' title="bbox 376 1124 1947 1195">
     <span class='ocr_line' id='line_1_12' title="bbox 376 1124 1947 1195; baseline -0.001 -14"><span class='ocrx_word' id='word_1_69' title='bbox 376 1127 595 1181; x_wconf 83' lang='lat' dir='ltr'>rammi</span> <span class='ocrx_word' id='word_1_70' title='bbox 619 1127 865 1181; x_wconf 77' lang='lat' dir='ltr'>remittit</span> <span class='ocrx_word' id='word_1_71' title='bbox 908 1126 1100 1181; x_wconf 86' lang='lat' dir='ltr'>decem</span> <span class='ocrx_word' id='word_1_72' title='bbox 1131 1126 1380 1193; x_wconf 84' lang='lat' dir='ltr'>talenta,</span> <span class='ocrx_word' id='word_1_73' title='bbox 1407 1140 1537 1195; x_wconf 60' lang='lat' dir='ltr'>qua</span> <span class='ocrx_word' id='word_1_74' title='bbox 1566 1124 1947 1181; x_wconf 81' lang='lat' dir='ltr'>Gebehardus</span> 
     </span>
    </p>
   </div>
   <div class='ocr_carea' id='block_1_13' title="bbox 376 1195 1948 1267">
    <p class='ocr_par' dir='ltr' id='par_1_13' title="bbox 376 1195 1948 1267">
     <span class='ocr_line' id='line_1_13' title="bbox 376 1195 1948 1267; baseline -0.001 -16"><span class='ocrx_word' id='word_1_75' title='bbox 376 1197 542 1252; x_wconf 79' lang='lat' dir='ltr'>illius</span> <span class='ocrx_word' id='word_1_76' title='bbox 571 1203 903 1252; x_wconf 79' lang='lat' dir='ltr'>antecessor</span> <span class='ocrx_word' id='word_1_77' title='bbox 926 1197 1259 1267; x_wconf 75' lang='lat' dir='ltr'>quotannis</span> <span class='ocrx_word' id='word_1_78' title='bbox 1288 1197 1351 1251; x_wconf 82' lang='lat' dir='ltr'>in</span> <span class='ocrx_word' id='word_1_79' title='bbox 1374 1197 1697 1265; x_wconf 82' lang='lat' dir='ltr'>festivitate</span> <span class='ocrx_word' id='word_1_80' title='bbox 1720 1195 1782 1251; x_wconf 89' lang='lat' dir='ltr'>S.</span> <span class='ocrx_word' id='word_1_81' title='bbox 1807 1196 1948 1250; x_wconf 83' lang='lat' dir='ltr'>Em-</span> 
     </span>
    </p>
   </div>
   <div class='ocr_carea' id='block_1_14' title="bbox 373 1267 1714 1337">
    <p class='ocr_par' dir='ltr' id='par_1_14' title="bbox 373 1267 1714 1337">
     <span class='ocr_line' id='line_1_14' title="bbox 373 1267 1714 1337; baseline 0 -16"><span class='ocrx_word' id='word_1_82' title='bbox 373 1269 683 1324; x_wconf 86' lang='lat' dir='ltr'>merammi</span> <span class='ocrx_word' id='word_1_83' title='bbox 711 1269 944 1337; x_wconf 72' lang='lat' dir='ltr'>exigere</span> <span class='ocrx_word' id='word_1_84' title='bbox 972 1268 1046 1322; x_wconf 90' lang='lat' dir='ltr'>ab</span> <span class='ocrx_word' id='word_1_85' title='bbox 1077 1267 1288 1323; x_wconf 83' lang='lat' dir='ltr'>abbate</span> <span class='ocrx_word' id='word_1_86' title='bbox 1312 1273 1714 1323; x_wconf 77' lang='lat' dir='ltr'>consueverat.</span> 
     </span>
    </p>
   </div>
   <div class='ocr_carea' id='block_1_15' title="bbox 374 1372 1949 1431">
    <p class='ocr_par' dir='ltr' id='par_1_15' title="bbox 374 1372 1949 1431">
     <span class='ocr_line' id='line_1_15' title="bbox 374 1372 1949 1431; baseline -0.001 -1"><span class='ocrx_word' id='word_1_87' title='bbox 374 1379 438 1430; x_wconf 81' lang='lat' dir='ltr'>In</span> <span class='ocrx_word' id='word_1_88' title='bbox 487 1374 728 1430; x_wconf 87' lang='lat' dir='ltr'>nomine</span> <span class='ocrx_word' id='word_1_89' title='bbox 773 1372 1006 1430; x_wconf 88' lang='lat' dir='ltr'>Domini</span> <span class='ocrx_word' id='word_1_90' title='bbox 1050 1373 1239 1429; x_wconf 82' lang='lat' dir='ltr'>nostri</span> <span class='ocrx_word' id='word_1_91' title='bbox 1266 1376 1402 1430; x_wconf 84' lang='lat' dir='ltr'>Jesu</span> <span class='ocrx_word' id='word_1_92' title='bbox 1426 1373 1654 1431; x_wconf 79' lang='lat' dir='ltr'>Christi.</span> <span class='ocrx_word' id='word_1_93' title='bbox 1689 1376 1818 1431; x_wconf 91' lang='lat' dir='ltr'>Otto</span> <span class='ocrx_word' id='word_1_94' title='bbox 1848 1372 1949 1430; x_wconf 88' lang='lat' dir='ltr'>Dei</span> 
     </span>
    </p>
   </div>
   <div class='ocr_carea' id='block_1_16' title="bbox 305 1462 1947 1536">
    <p class='ocr_par' dir='ltr' id='par_1_16' title="bbox 305 1462 1947 1536">
     <span class='ocr_line' id='line_1_16' title="bbox 305 1462 1947 1536; baseline -0.001 -16"><span class='ocrx_word' id='word_1_95' title='bbox 305 1465 493 1535; x_wconf 86' lang='lat' dir='ltr'>gratia</span> <span class='ocrx_word' id='word_1_96' title='bbox 522 1463 965 1536; x_wconf 83' lang='lat' dir='ltr'>Ratisponensis</span> <span class='ocrx_word' id='word_1_97' title='bbox 991 1462 1328 1535; x_wconf 90' lang='lat' dir='ltr'>episcopus.</span> <span class='ocrx_word' id='word_1_98' title='bbox 1361 1462 1642 1533; x_wconf 85' lang='lat' dir='ltr'>Agnitum</span> <span class='ocrx_word' id='word_1_99' title='bbox 1685 1480 1812 1519; x_wconf 88' lang='lat' dir='ltr'>esse</span> <span class='ocrx_word' id='word_1_100' title='bbox 1842 1478 1947 1519; x_wconf 85' lang='lat' dir='ltr'>vo-</span> 
     </span>
    </p>
   </div>
   <div class='ocr_carea' id='block_1_17' title="bbox 302 1552 1947 1625">
    <p class='ocr_par' dir='ltr' id='par_1_17' title="bbox 302 1552 1947 1625">
     <span class='ocr_line' id='line_1_17' title="bbox 302 1552 1947 1625; baseline -0.002 -15"><span class='ocrx_word' id='word_1_101' title='bbox 302 1553 503 1610; x_wconf 91' lang='lat' dir='ltr'>lumus</span> <span class='ocrx_word' id='word_1_102' title='bbox 544 1553 824 1610; x_wconf 90' lang='lat' dir='ltr'>omnibus</span> <span class='ocrx_word' id='word_1_103' title='bbox 867 1552 1125 1609; x_wconf 76' lang='lat' dir='ltr'>veritatis</span> <span class='ocrx_word' id='word_1_104' title='bbox 1177 1552 1522 1623; x_wconf 84' lang='lat' dir='ltr'>cultoribus,</span> <span class='ocrx_word' id='word_1_105' title='bbox 1552 1552 1947 1625; x_wconf 71' lang='lat' dir='ltr'>praesentibus</span> 
     </span>
    </p>
   </div>
   <div class='ocr_carea' id='block_1_18' title="bbox 304 1642 1946 1716">
    <p class='ocr_par' dir='ltr' id='par_1_18' title="bbox 304 1642 1946 1716">
     <span class='ocr_line' id='line_1_18' title="bbox 304 1642 1946 1716; baseline -0.003 -14"><span class='ocrx_word' id='word_1_106' title='bbox 304 1650 359 1704; x_wconf 90' lang='lat' dir='ltr'>ct</span> <span class='ocrx_word' id='word_1_107' title='bbox 402 1644 632 1716; x_wconf 61' lang='lat' dir='ltr'>futuris,</span> <span class='ocrx_word' id='word_1_108' title='bbox 665 1643 926 1699; x_wconf 83' lang='lat' dir='ltr'>maxime</span> <span class='ocrx_word' id='word_1_109' title='bbox 968 1647 1168 1699; x_wconf 91' lang='lat' dir='ltr'>tamen</span> <span class='ocrx_word' id='word_1_110' title='bbox 1213 1642 1656 1699; x_wconf 83' lang='lat' dir='ltr'>successoribus</span> <span class='ocrx_word' id='word_1_111' title='bbox 1710 1643 1946 1713; x_wconf 80' lang='lat' dir='ltr'>nostris,</span> 
     </span>
    </p>
   </div>
   <div class='ocr_carea' id='block_1_19' title="bbox 2063 480 3756 555">
    <p class='ocr_par' dir='ltr' id='par_1_19' title="bbox 2063 480 3756 555">
     <span class='ocr_line' id='line_1_19' title="bbox 2063 480 3756 555; baseline 0.001 -23"><span class='ocrx_word' id='word_1_112' title='bbox 2063 480 2256 535; x_wconf 87' lang='lat' dir='ltr'>Testes</span> <span class='ocrx_word' id='word_1_113' title='bbox 2282 486 2422 537; x_wconf 91' lang='lat' dir='ltr'>sunt</span> <span class='ocrx_word' id='word_1_114' title='bbox 2449 486 2505 538; x_wconf 90' lang='lat' dir='ltr'>et</span> <span class='ocrx_word' id='word_1_115' title='bbox 2523 482 2584 538; x_wconf 90' lang='lat' dir='ltr'>hi</span> <span class='ocrx_word' id='word_1_116' title='bbox 2604 481 2925 555; x_wconf 88' lang='lat' dir='ltr'>populares</span> <span class='ocrx_word' id='word_1_117' title='bbox 2946 481 3115 538; x_wconf 86' lang='lat' dir='ltr'>laici:</span> <span class='ocrx_word' id='word_1_118' title='bbox 3149 481 3454 538; x_wconf 83' lang='lat' dir='ltr'>Heinricus</span> <span class='ocrx_word' id='word_1_119' title='bbox 3484 484 3756 548; x_wconf 86' lang='lat' dir='ltr'>Comes,</span> 
     </span>
    </p>
   </div>
   <div class='ocr_carea' id='block_1_20' title="bbox 2060 568 3762 644">
    <p class='ocr_par' dir='ltr' id='par_1_20' title="bbox 2060 568 3762 644">
     <span class='ocr_line' id='line_1_20' title="bbox 2060 568 3762 644; baseline 0.002 -21"><span class='ocrx_word' id='word_1_120' title='bbox 2060 568 2222 626; x_wconf 87' lang='lat' dir='ltr'>Pabo</span> <span class='ocrx_word' id='word_1_121' title='bbox 2252 570 2429 628; x_wconf 82' lang='lat' dir='ltr'>frater</span> <span class='ocrx_word' id='word_1_122' title='bbox 2458 573 2605 644; x_wconf 89' lang='lat' dir='ltr'>ejus,</span> <span class='ocrx_word' id='word_1_123' title='bbox 2634 572 2875 629; x_wconf 88' lang='lat' dir='ltr'>Udalrih</span> <span class='ocrx_word' id='word_1_124' title='bbox 2895 573 2969 628; x_wconf 87' lang='lat' dir='ltr'>de</span> <span class='ocrx_word' id='word_1_125' title='bbox 2995 573 3311 644; x_wconf 79' lang='lat' dir='ltr'>Praeginza,</span> <span class='ocrx_word' id='word_1_126' title='bbox 3341 573 3489 644; x_wconf 81' lang='lat' dir='ltr'>Roh,</span> <span class='ocrx_word' id='word_1_127' title='bbox 3516 569 3762 636; x_wconf 77' lang='lat' dir='ltr'>Aribo,</span> 
     </span>
    </p>
   </div>
   <div class='ocr_carea' id='block_1_21' title="bbox 2062 657 3185 733">
    <p class='ocr_par' dir='ltr' id='par_1_21' title="bbox 2062 657 3185 733">
     <span class='ocr_line' id='line_1_21' title="bbox 2062 657 3185 733; baseline 0.004 -21"><span class='ocrx_word' id='word_1_128' title='bbox 2062 657 2354 733; x_wconf 78' lang='lat' dir='ltr'>Adalhoh,</span> <span class='ocrx_word' id='word_1_129' title='bbox 2386 660 2621 730; x_wconf 83' lang='lat' dir='ltr'>Mathin,</span> <span class='ocrx_word' id='word_1_130' title='bbox 2652 663 2829 732; x_wconf 89' lang='lat' dir='ltr'>Prun,</span> <span class='ocrx_word' id='word_1_131' title='bbox 2856 660 3185 718; x_wconf 89' lang='lat' dir='ltr'>Cotesealk.</span> 
     </span>
    </p>
   </div>
   <div class='ocr_carea' id='block_1_22' title="bbox 2059 819 3754 880">
    <p class='ocr_par' dir='ltr' id='par_1_22' title="bbox 2059 819 3754 880">
     <span class='ocr_line' id='line_1_22' title="bbox 2059 819 3754 880; baseline 0.002 -8"><span class='ocrx_word' id='word_1_132' title='bbox 2059 819 2379 875; x_wconf 85' lang='lat' dir='ltr'>Heinricus</span> <span class='ocrx_word' id='word_1_133' title='bbox 2407 820 2536 877; x_wconf 77' lang='lat' dir='ltr'>dux</span> <span class='ocrx_word' id='word_1_134' title='bbox 2580 822 2839 877; x_wconf 66' lang='lat' dir='ltr'>Austm’m</span> <span class='ocrx_word' id='word_1_135' title='bbox 2889 822 3074 877; x_wconf 85' lang='lat' dir='ltr'>donat</span> <span class='ocrx_word' id='word_1_136' title='bbox 3103 824 3462 880; x_wconf 82' lang='lat' dir='ltr'>monasterio</span> <span class='ocrx_word' id='word_1_137' title='bbox 3488 823 3557 879; x_wconf 92' lang='lat' dir='ltr'>S.</span> <span class='ocrx_word' id='word_1_138' title='bbox 3586 822 3754 877; x_wconf 86' lang='lat' dir='ltr'>Em-</span> 
     </span>
    </p>
   </div>
   <div class='ocr_carea' id='block_1_23' title="bbox 2130 892 3756 1018">
    <p class='ocr_par' dir='ltr' id='par_1_23' title="bbox 2130 892 3756 1018">
     <span class='ocr_line' id='line_1_23' title="bbox 2130 892 3756 1018; baseline 0.002 -74"><span class='ocrx_word' id='word_1_139' title='bbox 2130 892 2440 946; x_wconf 81' lang='lat' dir='ltr'>merammi</span> <span class='ocrx_word' id='word_1_140' title='bbox 2464 892 2788 1018; x_wconf 39' lang='lat' dir='ltr'>anomalam</span> <span class='ocrx_word' id='word_1_141' title='bbox 2808 893 3131 961; x_wconf 84' lang='lat' dir='ltr'>justitiam,</span> <span class='ocrx_word' id='word_1_142' title='bbox 3161 910 3341 965; x_wconf 86' lang='lat' dir='ltr'>quam</span> <span class='ocrx_word' id='word_1_143' title='bbox 3370 895 3515 950; x_wconf 85' lang='lat' dir='ltr'>olim</span> <span class='ocrx_word' id='word_1_144' title='bbox 3562 893 3756 948; x_wconf 70' lang='lat' dir='ltr'>\Ver—</span> 
     </span>
     <span class='ocr_line' id='line_1_24' title="bbox 2130 962 3748 1018; baseline 0.002 -3"><span class='ocrx_word' id='word_1_145' title='bbox 2130 962 2349 1017; x_wconf 82' lang='lat' dir='ltr'>nherus</span> <span class='ocrx_word' id='word_1_146' title='bbox 2374 962 2448 1017; x_wconf 86' lang='lat' dir='ltr'>de</span> <span class='ocrx_word' id='word_1_147' title='bbox 2539 963 2912 1018; x_wconf 73' lang='lat' dir='ltr'>inchelsaezze</span> <span class='ocrx_word' id='word_1_148' title='bbox 2933 966 3065 1018; x_wconf 84' lang='lat' dir='ltr'>iure</span> <span class='ocrx_word' id='word_1_149' title='bbox 3088 964 3421 1018; x_wconf 84' lang='lat' dir='ltr'>beneﬁciali</span> <span class='ocrx_word' id='word_1_150' title='bbox 3436 966 3748 1018; x_wconf 82' lang='lat' dir='ltr'>obtinuit.</span> 
     </span>
    </p>
   </div>
   <div class='ocr_carea' id='block_1_24' title="bbox 2127 962 3748 1035">
    <p class='ocr_par' dir='ltr' id='par_1_24' title="bbox 2127 962 3748 1035">
     <span class='ocr_line' id='line_1_25' title="bbox 2127 962 3748 1035; baseline 0.002 -20"><span class='ocrx_word' id='word_1_151' title='bbox 2127 962 2349 1017; x_wconf 82' lang='lat' dir='ltr'>nherus</span> <span class='ocrx_word' id='word_1_152' title='bbox 2374 962 2448 1017; x_wconf 86' lang='lat' dir='ltr'>de</span> <span class='ocrx_word' id='word_1_153' title='bbox 2464 962 2912 1019; x_wconf 70' lang='lat' dir='ltr'>Winchelsa’zze</span> <span class='ocrx_word' id='word_1_154' title='bbox 2920 966 3065 1033; x_wconf 85' lang='lat' dir='ltr'>jure</span> <span class='ocrx_word' id='word_1_155' title='bbox 3088 962 3421 1035; x_wconf 67' lang='lat' dir='ltr'>beizeﬁciali</span> <span class='ocrx_word' id='word_1_156' title='bbox 3436 966 3748 1021; x_wconf 83' lang='lat' dir='ltr'>obtinuit.</span> 
     </span>
    </p>
   </div>
   <div class='ocr_carea' id='block_1_25' title="bbox 2130 1083 3756 1156">
    <p class='ocr_par' dir='ltr' id='par_1_25' title="bbox 2130 1083 3756 1156">
     <span class='ocr_line' id='line_1_26' title="bbox 2130 1083 3756 1156; baseline 0.004 -19"><span class='ocrx_word' id='word_1_157' title='bbox 2130 1083 2433 1140; x_wconf 83' lang='lat' dir='ltr'>Heinricus</span> <span class='ocrx_word' id='word_1_158' title='bbox 2482 1085 2583 1142; x_wconf 88' lang='lat' dir='ltr'>Dei</span> <span class='ocrx_word' id='word_1_159' title='bbox 2639 1086 2829 1156; x_wconf 85' lang='lat' dir='ltr'>gratia</span> <span class='ocrx_word' id='word_1_160' title='bbox 2858 1087 2982 1143; x_wconf 76' lang='lat' dir='ltr'>dux</span> <span class='ocrx_word' id='word_1_161' title='bbox 3010 1088 3215 1145; x_wconf 72' lang='lat' dir='ltr'>Astrite</span> <span class='ocrx_word' id='word_1_162' title='bbox 3244 1089 3535 1146; x_wconf 90' lang='lat' dir='ltr'>omnibus</span> <span class='ocrx_word' id='word_1_163' title='bbox 3566 1088 3756 1147; x_wconf 86' lang='lat' dir='ltr'>Chri-</span> 
     </span>
    </p>
   </div>
   <div class='ocr_carea' id='block_1_26' title="bbox 2059 1170 3751 1251">
    <p class='ocr_par' dir='ltr' id='par_1_26' title="bbox 2059 1170 3751 1251">
     <span class='ocr_line' id='line_1_27' title="bbox 2059 1170 3751 1251; baseline 0.006 -28"><span class='ocrx_word' id='word_1_164' title='bbox 2059 1170 2131 1225; x_wconf 89' lang='lat' dir='ltr'>sti</span> <span class='ocrx_word' id='word_1_165' title='bbox 2158 1170 2435 1229; x_wconf 84' lang='lat' dir='ltr'>ﬁdelibus</span> <span class='ocrx_word' id='word_1_166' title='bbox 2464 1179 2585 1231; x_wconf 90' lang='lat' dir='ltr'>tam</span> <span class='ocrx_word' id='word_1_167' title='bbox 2612 1175 2915 1248; x_wconf 79' lang='lat' dir='ltr'>praesentis</span> <span class='ocrx_word' id='word_1_168' title='bbox 2947 1177 3131 1233; x_wconf 79' lang='lat' dir='ltr'>aetatis</span> <span class='ocrx_word' id='word_1_169' title='bbox 3174 1194 3362 1251; x_wconf 87' lang='lat' dir='ltr'>quam</span> <span class='ocrx_word' id='word_1_170' title='bbox 3403 1193 3751 1235; x_wconf 84' lang='lat' dir='ltr'>successu-</span> 
     </span>
    </p>
   </div>
   <div class='ocr_carea' id='block_1_27' title="bbox 2056 1262 3175 1333">
    <p class='ocr_par' dir='ltr' id='par_1_27' title="bbox 2056 1262 3175 1333">
     <span class='ocr_line' id='line_1_28' title="bbox 2056 1262 3175 1333; baseline 0.007 -18"><span class='ocrx_word' id='word_1_171' title='bbox 2056 1276 2137 1315; x_wconf 74' lang='lat' dir='ltr'>rte</span> <span class='ocrx_word' id='word_1_172' title='bbox 2168 1262 2523 1333; x_wconf 88' lang='lat' dir='ltr'>posteritatis</span> <span class='ocrx_word' id='word_1_173' title='bbox 2552 1264 2615 1319; x_wconf 90' lang='lat' dir='ltr'>in</span> <span class='ocrx_word' id='word_1_174' title='bbox 2645 1265 2873 1321; x_wconf 89' lang='lat' dir='ltr'>Christo</span> <span class='ocrx_word' id='word_1_175' title='bbox 2900 1264 3175 1323; x_wconf 84' lang='lat' dir='ltr'>salutem.</span> 
     </span>
    </p>
   </div>
   <div class='ocr_carea' id='block_1_28' title="bbox 2129 1366 3750 1446">
    <p class='ocr_par' dir='ltr' id='par_1_28' title="bbox 2129 1366 3750 1446">
     <span class='ocr_line' id='line_1_29' title="bbox 2129 1366 3750 1446; baseline 0.004 -24"><span class='ocrx_word' id='word_1_176' title='bbox 2129 1366 2277 1432; x_wconf 88' lang='lat' dir='ltr'>Quia</span> <span class='ocrx_word' id='word_1_177' title='bbox 2305 1368 2570 1441; x_wconf 87' lang='lat' dir='ltr'>petitioni</span> <span class='ocrx_word' id='word_1_178' title='bbox 2593 1386 2903 1427; x_wconf 87' lang='lat' dir='ltr'>servorum</span> <span class='ocrx_word' id='word_1_179' title='bbox 2930 1372 3137 1429; x_wconf 87' lang='lat' dir='ltr'>Christi</span> <span class='ocrx_word' id='word_1_180' title='bbox 3168 1377 3413 1446; x_wconf 89' lang='lat' dir='ltr'>propter</span> <span class='ocrx_word' id='word_1_181' title='bbox 3446 1376 3658 1430; x_wconf 90' lang='lat' dir='ltr'>Deum</span> <span class='ocrx_word' id='word_1_182' title='bbox 3685 1376 3750 1429; x_wconf 89' lang='lat' dir='ltr'>et</span> 
     </span>
    </p>
   </div>
   <div class='ocr_carea' id='block_1_29' title="bbox 2056 1454 3747 1529">
    <p class='ocr_par' dir='ltr' id='par_1_29' title="bbox 2056 1454 3747 1529">
     <span class='ocr_line' id='line_1_30' title="bbox 2056 1454 3747 1529; baseline 0.007 -19"><span class='ocrx_word' id='word_1_183' title='bbox 2056 1454 2117 1511; x_wconf 90' lang='lat' dir='ltr'>in</span> <span class='ocrx_word' id='word_1_184' title='bbox 2145 1456 2263 1513; x_wconf 92' lang='lat' dir='ltr'>Deo</span> <span class='ocrx_word' id='word_1_185' title='bbox 2292 1463 2383 1514; x_wconf 90' lang='lat' dir='ltr'>est</span> <span class='ocrx_word' id='word_1_186' title='bbox 2412 1460 2826 1529; x_wconf 89' lang='lat' dir='ltr'>annuendum,</span> <span class='ocrx_word' id='word_1_187' title='bbox 2858 1462 3241 1518; x_wconf 84' lang='lat' dir='ltr'>notiﬁcamus</span> <span class='ocrx_word' id='word_1_188' title='bbox 3290 1478 3575 1520; x_wconf 87' lang='lat' dir='ltr'>ommum</span> <span class='ocrx_word' id='word_1_189' title='bbox 3621 1462 3747 1520; x_wconf 81' lang='lat' dir='ltr'>bo-</span> 
     </span>
    </p>
   </div>
   <div class='ocr_carea' id='block_1_30' title="bbox 2056 1547 3749 1625">
    <p class='ocr_par' dir='ltr' id='par_1_30' title="bbox 2056 1547 3749 1625">
     <span class='ocr_line' id='line_1_31' title="bbox 2056 1547 3749 1625; baseline 0.006 -25"><span class='ocrx_word' id='word_1_190' title='bbox 2056 1561 2275 1603; x_wconf 91' lang='lat' dir='ltr'>norum</span> <span class='ocrx_word' id='word_1_191' title='bbox 2308 1547 2671 1620; x_wconf 89' lang='lat' dir='ltr'>discretioni,</span> <span class='ocrx_word' id='word_1_192' title='bbox 2702 1551 2888 1622; x_wconf 89' lang='lat' dir='ltr'>quod,</span> <span class='ocrx_word' id='word_1_193' title='bbox 2919 1557 3163 1625; x_wconf 90' lang='lat' dir='ltr'>propter</span> <span class='ocrx_word' id='word_1_194' title='bbox 3191 1553 3545 1625; x_wconf 86' lang='lat' dir='ltr'>petitionem</span> <span class='ocrx_word' id='word_1_195' title='bbox 3581 1552 3749 1610; x_wconf 88' lang='lat' dir='ltr'>dile-</span> 
     </span>
    </p>
   </div>
   <div class='ocr_carea' id='block_1_31' title="bbox 2056 1634 3744 1713">
    <p class='ocr_par' dir='ltr' id='par_1_31' title="bbox 2056 1634 3744 1713">
     <span class='ocr_line' id='line_1_32' title="bbox 2056 1634 3744 1713; baseline 0.006 -24"><span class='ocrx_word' id='word_1_196' title='bbox 2056 1634 2131 1690; x_wconf 92' lang='lat' dir='ltr'>cti</span> <span class='ocrx_word' id='word_1_197' title='bbox 2192 1635 2428 1692; x_wconf 87' lang='lat' dir='ltr'>abbatis</span> <span class='ocrx_word' id='word_1_198' title='bbox 2484 1638 2672 1694; x_wconf 90' lang='lat' dir='ltr'>nostri</span> <span class='ocrx_word' id='word_1_199' title='bbox 2711 1639 3028 1711; x_wconf 84' lang='lat' dir='ltr'>Adelberti,</span> <span class='ocrx_word' id='word_1_200' title='bbox 3071 1641 3367 1713; x_wconf 88' lang='lat' dir='ltr'>justitiam</span> <span class='ocrx_word' id='word_1_201' title='bbox 3421 1647 3744 1713; x_wconf 88' lang='lat' dir='ltr'>nostram,</span> 
     </span>
    </p>
   </div>
   <div class='ocr_carea' id='block_1_32' title="bbox 303 1725 3747 1805">
    <p class='ocr_par' dir='ltr' id='par_1_32' title="bbox 303 1725 3747 1805">
     <span class='ocr_line' id='line_1_33' title="bbox 303 1725 3747 1805; baseline -0.001 -17"><span class='ocrx_word' id='word_1_202' title='bbox 303 1732 553 1803; x_wconf 85' lang='lat' dir='ltr'>qualiter</span> <span class='ocrx_word' id='word_1_203' title='bbox 572 1749 705 1802; x_wconf 91' lang='lat' dir='ltr'>nos,</span> <span class='ocrx_word' id='word_1_204' title='bbox 730 1748 839 1805; x_wconf 90' lang='lat' dir='ltr'>pro</span> <span class='ocrx_word' id='word_1_205' title='bbox 866 1748 1070 1788; x_wconf 89' lang='lat' dir='ltr'>amore</span> <span class='ocrx_word' id='word_1_206' title='bbox 1095 1731 1194 1788; x_wconf 91' lang='lat' dir='ltr'>Dei</span> <span class='ocrx_word' id='word_1_207' title='bbox 1216 1748 1285 1788; x_wconf 90' lang='lat' dir='ltr'>ac</span> <span class='ocrx_word' id='word_1_208' title='bbox 1315 1735 1517 1787; x_wconf 90' lang='lat' dir='ltr'>nostra</span> <span class='ocrx_word' id='word_1_209' title='bbox 1547 1730 1734 1787; x_wconf 88' lang='lat' dir='ltr'>salute</span> <span class='ocrx_word' id='word_1_210' title='bbox 1759 1736 1814 1788; x_wconf 88' lang='lat' dir='ltr'>et</span> <span class='ocrx_word' id='word_1_211' title='bbox 1838 1747 1947 1803; x_wconf 92' lang='lat' dir='ltr'>pro</span> <span class='ocrx_word' id='word_1_212' title='bbox 1988 1729 2041 1802; x_wconf 63' lang='grc' dir='ltr'>δ’</span> <span class='ocrx_word' id='word_1_213' title='bbox 2058 1740 2243 1796; x_wconf 78' lang='lat' dir='ltr'>quam</span> <span class='ocrx_word' id='word_1_214' title='bbox 2266 1725 2399 1796; x_wconf 88' lang='lat' dir='ltr'>jure</span> <span class='ocrx_word' id='word_1_215' title='bbox 2427 1725 2760 1784; x_wconf 79' lang='lat' dir='ltr'>beneficiali</span> <span class='ocrx_word' id='word_1_216' title='bbox 2780 1730 3136 1786; x_wconf 87' lang='lat' dir='ltr'>Wernherus</span> <span class='ocrx_word' id='word_1_217' title='bbox 3162 1730 3237 1787; x_wconf 92' lang='lat' dir='ltr'>de</span> <span class='ocrx_word' id='word_1_218' title='bbox 3259 1731 3747 1788; x_wconf 84' lang='lat' dir='ltr'>Winchelssezze</span> 
     </span>
    </p>
   </div>
   <div class='ocr_carea' id='block_1_33' title="bbox 302 1820 1949 1893">
    <p class='ocr_par' dir='ltr' id='par_1_33' title="bbox 302 1820 1949 1893">
     <span class='ocr_line' id='line_1_34' title="bbox 302 1820 1949 1893; baseline -0.002 -16"><span class='ocrx_word' id='word_1_219' title='bbox 302 1821 567 1877; x_wconf 89' lang='lat' dir='ltr'>remedio</span> <span class='ocrx_word' id='word_1_220' title='bbox 597 1822 810 1878; x_wconf 76' lang='lat' dir='ltr'>animae</span> <span class='ocrx_word' id='word_1_221' title='bbox 841 1820 1230 1878; x_wconf 88' lang='lat' dir='ltr'>antecessoris</span> <span class='ocrx_word' id='word_1_222' title='bbox 1259 1821 1448 1877; x_wconf 90' lang='lat' dir='ltr'>nostri</span> <span class='ocrx_word' id='word_1_223' title='bbox 1477 1820 1591 1893; x_wconf 72' lang='lat' dir='ltr'>piae</span> <span class='ocrx_word' id='word_1_224' title='bbox 1648 1820 1949 1876; x_wconf 79' lang='lat' dir='ltr'>memoriae</span> 
     </span>
    </p>
   </div>
   <div class='ocr_carea' id='block_1_34' title="bbox 305 1909 1949 1983">
    <p class='ocr_par' dir='ltr' id='par_1_34' title="bbox 305 1909 1949 1983">
     <span class='ocr_line' id='line_1_35' title="bbox 305 1909 1949 1983; baseline -0.001 -17"><span class='ocrx_word' id='word_1_225' title='bbox 305 1910 654 1979; x_wconf 89' lang='lat' dir='ltr'>Gebehardi,</span> <span class='ocrx_word' id='word_1_226' title='bbox 677 1910 935 1967; x_wconf 89' lang='lat' dir='ltr'>relevare</span> <span class='ocrx_word' id='word_1_227' title='bbox 957 1911 1260 1983; x_wconf 90' lang='lat' dir='ltr'>cupientes</span> <span class='ocrx_word' id='word_1_228' title='bbox 1284 1910 1587 1966; x_wconf 76' lang='lat' dir='ltr'>servitium</span> <span class='ocrx_word' id='word_1_229' title='bbox 1603 1909 1768 1982; x_wconf 86' lang='lat' dir='ltr'>quod</span> <span class='ocrx_word' id='word_1_230' title='bbox 1789 1909 1949 1965; x_wconf 91' lang='lat' dir='ltr'>idem</span> 
     </span>
    </p>
   </div>
   <div class='ocr_carea' id='block_1_35' title="bbox 305 1998 1951 2073">
    <p class='ocr_par' dir='ltr' id='par_1_35' title="bbox 305 1998 1951 2073">
     <span class='ocr_line' id='line_1_36' title="bbox 305 1998 1951 2073; baseline -0.001 -17"><span class='ocrx_word' id='word_1_231' title='bbox 305 2005 648 2057; x_wconf 88' lang='lat' dir='ltr'>antecessor</span> <span class='ocrx_word' id='word_1_232' title='bbox 677 2004 878 2056; x_wconf 91' lang='lat' dir='ltr'>noster</span> <span class='ocrx_word' id='word_1_233' title='bbox 918 2000 1240 2073; x_wconf 88' lang='lat' dir='ltr'>quotannis</span> <span class='ocrx_word' id='word_1_234' title='bbox 1290 2000 1352 2055; x_wconf 91' lang='lat' dir='ltr'>in</span> <span class='ocrx_word' id='word_1_235' title='bbox 1392 1998 1701 2056; x_wconf 86' lang='lat' dir='ltr'>festivitate</span> <span class='ocrx_word' id='word_1_236' title='bbox 1732 1999 1787 2055; x_wconf 93' lang='lat' dir='ltr'>S.</span> <span class='ocrx_word' id='word_1_237' title='bbox 1821 2001 1951 2054; x_wconf 88' lang='lat' dir='ltr'>Em-</span> 
     </span>
    </p>
   </div>
   <div class='ocr_carea' id='block_1_36' title="bbox 304 2087 1948 2146">
    <p class='ocr_par' dir='ltr' id='par_1_36' title="bbox 304 2087 1948 2146">
     <span class='ocr_line' id='line_1_37' title="bbox 304 2087 1948 2146; baseline -0.002 0"><span class='ocrx_word' id='word_1_238' title='bbox 304 2089 619 2146; x_wconf 89' lang='lat' dir='ltr'>merammi</span> <span class='ocrx_word' id='word_1_239' title='bbox 650 2088 728 2144; x_wconf 90' lang='lat' dir='ltr'>ab</span> <span class='ocrx_word' id='word_1_240' title='bbox 754 2088 973 2145; x_wconf 89' lang='lat' dir='ltr'>abbate</span> <span class='ocrx_word' id='word_1_241' title='bbox 1020 2088 1176 2144; x_wconf 90' lang='lat' dir='ltr'>illius</span> <span class='ocrx_word' id='word_1_242' title='bbox 1220 2087 1335 2144; x_wconf 92' lang='lat' dir='ltr'>loci</span> <span class='ocrx_word' id='word_1_243' title='bbox 1370 2103 1494 2144; x_wconf 91' lang='lat' dir='ltr'>non</span> <span class='ocrx_word' id='word_1_244' title='bbox 1525 2093 1700 2144; x_wconf 87' lang='lat' dir='ltr'>cauta</span> <span class='ocrx_word' id='word_1_245' title='bbox 1728 2088 1948 2143; x_wconf 86' lang='lat' dir='ltr'>discre-</span> 
     </span>
    </p>
   </div>
   <div class='ocr_carea' id='block_1_37' title="bbox 306 2176 1954 2250">
    <p class='ocr_par' dir='ltr' id='par_1_37' title="bbox 306 2176 1954 2250">
     <span class='ocr_line' id='line_1_38' title="bbox 306 2176 1954 2250; baseline -0.002 -15"><span class='ocrx_word' id='word_1_246' title='bbox 306 2180 462 2235; x_wconf 89' lang='lat' dir='ltr'>tione</span> <span class='ocrx_word' id='word_1_247' title='bbox 490 2178 603 2234; x_wconf 86' lang='lat' dir='ltr'>sibi</span> <span class='ocrx_word' id='word_1_248' title='bbox 625 2177 760 2234; x_wconf 83' lang='lat' dir='ltr'>fecit</span> <span class='ocrx_word' id='word_1_249' title='bbox 781 2194 862 2233; x_wconf 79' lang='lat' dir='ltr'><strong>xx</strong></span> <span class='ocrx_word' id='word_1_250' title='bbox 890 2177 1123 2233; x_wconf 86' lang='lat' dir='ltr'>talentis</span> <span class='ocrx_word' id='word_1_251' title='bbox 1153 2176 1426 2250; x_wconf 87' lang='lat' dir='ltr'>persolvi,</span> <span class='ocrx_word' id='word_1_252' title='bbox 1459 2181 1517 2233; x_wconf 90' lang='lat' dir='ltr'>et</span> <span class='ocrx_word' id='word_1_253' title='bbox 1539 2177 1695 2233; x_wconf 88' lang='lat' dir='ltr'>hanc</span> <span class='ocrx_word' id='word_1_254' title='bbox 1720 2178 1954 2249; x_wconf 88' lang='lat' dir='ltr'>quanti-</span> 
     </span>
    </p>
   </div>
   <div class='ocr_carea' id='block_1_38' title="bbox 304 2266 1949 2340">
    <p class='ocr_par' dir='ltr' id='par_1_38' title="bbox 304 2266 1949 2340">
     <span class='ocr_line' id='line_1_39' title="bbox 304 2266 1949 2340; baseline -0.002 -14"><span class='ocrx_word' id='word_1_255' title='bbox 304 2274 486 2326; x_wconf 88' lang='lat' dir='ltr'>tatem</span> <span class='ocrx_word' id='word_1_256' title='bbox 513 2267 728 2323; x_wconf 88' lang='lat' dir='ltr'>nostris</span> <span class='ocrx_word' id='word_1_257' title='bbox 758 2267 1127 2340; x_wconf 89' lang='lat' dir='ltr'>temporibus</span> <span class='ocrx_word' id='word_1_258' title='bbox 1168 2266 1498 2323; x_wconf 89' lang='lat' dir='ltr'>derivatam</span> <span class='ocrx_word' id='word_1_259' title='bbox 1528 2283 1599 2323; x_wconf 86' lang='lat' dir='ltr'>ex</span> <span class='ocrx_word' id='word_1_260' title='bbox 1629 2272 1949 2323; x_wconf 88' lang='lat' dir='ltr'>consuetu-</span> 
     </span>
    </p>
   </div>
   <div class='ocr_carea' id='block_1_39' title="bbox 305 2355 1950 2430">
    <p class='ocr_par' dir='ltr' id='par_1_39' title="bbox 305 2355 1950 2430">
     <span class='ocr_line' id='line_1_40' title="bbox 305 2355 1950 2430; baseline -0.002 -15"><span class='ocrx_word' id='word_1_261' title='bbox 305 2358 539 2415; x_wconf 87' lang='lat' dir='ltr'>dinaria</span> <span class='ocrx_word' id='word_1_262' title='bbox 557 2357 685 2427; x_wconf 80' lang='lat' dir='ltr'>lege</span> <span class='ocrx_word' id='word_1_263' title='bbox 714 2356 889 2430; x_wconf 88' lang='lat' dir='ltr'>quasi</span> <span class='ocrx_word' id='word_1_264' title='bbox 915 2355 1180 2413; x_wconf 90' lang='lat' dir='ltr'>debitam</span> <span class='ocrx_word' id='word_1_265' title='bbox 1207 2356 1462 2430; x_wconf 88' lang='lat' dir='ltr'>reliquit,</span> <span class='ocrx_word' id='word_1_266' title='bbox 1480 2356 1792 2412; x_wconf 89' lang='lat' dir='ltr'>dimidiam</span> <span class='ocrx_word' id='word_1_267' title='bbox 1822 2357 1950 2427; x_wconf 88' lang='lat' dir='ltr'>ejus</span> 
     </span>
    </p>
   </div>
   <div class='ocr_carea' id='block_1_40' title="bbox 304 2445 1951 2522">
    <p class='ocr_par' dir='ltr' id='par_1_40' title="bbox 304 2445 1951 2522">
     <span class='ocr_line' id='line_1_41' title="bbox 304 2445 1951 2522; baseline -0.001 -19"><span class='ocrx_word' id='word_1_268' title='bbox 304 2452 557 2522; x_wconf 89' lang='lat' dir='ltr'>partem,</span> <span class='ocrx_word' id='word_1_269' title='bbox 581 2447 638 2502; x_wconf 91' lang='lat' dir='ltr'>id</span> <span class='ocrx_word' id='word_1_270' title='bbox 673 2451 780 2513; x_wconf 89' lang='lat' dir='ltr'>est,</span> <span class='ocrx_word' id='word_1_271' title='bbox 806 2463 846 2502; x_wconf 81' lang='lat' dir='ltr'><strong>x</strong></span> <span class='ocrx_word' id='word_1_272' title='bbox 875 2446 1094 2503; x_wconf 88' lang='lat' dir='ltr'>talenta</span> <span class='ocrx_word' id='word_1_273' title='bbox 1116 2446 1391 2519; x_wconf 89' lang='lat' dir='ltr'>precibus</span> <span class='ocrx_word' id='word_1_274' title='bbox 1413 2445 1736 2502; x_wconf 89' lang='lat' dir='ltr'>Eberhardi</span> <span class='ocrx_word' id='word_1_275' title='bbox 1765 2445 1951 2502; x_wconf 88' lang='lat' dir='ltr'>abba-</span> 
     </span>
    </p>
   </div>
   <div class='ocr_carea' id='block_1_41' title="bbox 303 2534 1951 2607">
    <p class='ocr_par' dir='ltr' id='par_1_41' title="bbox 303 2534 1951 2607">
     <span class='ocr_line' id='line_1_42' title="bbox 303 2534 1951 2607; baseline -0.001 -16"><span class='ocrx_word' id='word_1_276' title='bbox 303 2536 377 2592; x_wconf 92' lang='lat' dir='ltr'>tis</span> <span class='ocrx_word' id='word_1_277' title='bbox 406 2535 784 2603; x_wconf 87' lang='lat' dir='ltr'>donavimus,</span> <span class='ocrx_word' id='word_1_278' title='bbox 817 2550 898 2590; x_wconf 92' lang='lat' dir='ltr'>sc.</span> <span class='ocrx_word' id='word_1_279' title='bbox 926 2539 1246 2590; x_wconf 89' lang='lat' dir='ltr'>statuentes</span> <span class='ocrx_word' id='word_1_280' title='bbox 1276 2539 1336 2589; x_wconf 92' lang='lat' dir='ltr'>ut</span> <span class='ocrx_word' id='word_1_281' title='bbox 1362 2534 1614 2607; x_wconf 89' lang='lat' dir='ltr'>quisque</span> <span class='ocrx_word' id='word_1_282' title='bbox 1646 2550 1951 2590; x_wconf 89' lang='lat' dir='ltr'>successor</span> 
     </span>
    </p>
   </div>
   <div class='ocr_carea' id='block_1_42' title="bbox 304 2622 1950 2695">
    <p class='ocr_par' dir='ltr' id='par_1_42' title="bbox 304 2622 1950 2695">
     <span class='ocr_line' id='line_1_43' title="bbox 304 2622 1950 2695; baseline -0.001 -14"><span class='ocrx_word' id='word_1_283' title='bbox 304 2630 521 2692; x_wconf 87' lang='lat' dir='ltr'>noster,</span> <span class='ocrx_word' id='word_1_284' title='bbox 554 2628 656 2680; x_wconf 88' lang='lat' dir='ltr'>aut</span> <span class='ocrx_word' id='word_1_285' title='bbox 683 2622 865 2680; x_wconf 79' lang='lat' dir='ltr'>natali</span> <span class='ocrx_word' id='word_1_286' title='bbox 894 2622 989 2679; x_wconf 90' lang='lat' dir='ltr'>die</span> <span class='ocrx_word' id='word_1_287' title='bbox 1019 2623 1395 2679; x_wconf 86' lang='lat' dir='ltr'>memorandi</span> <span class='ocrx_word' id='word_1_288' title='bbox 1434 2623 1711 2695; x_wconf 74' lang='lat' dir='ltr'>martyris</span> <span class='ocrx_word' id='word_1_289' title='bbox 1741 2622 1950 2679; x_wconf 83' lang='lat' dir='ltr'>Christi</span> 
     </span>
    </p>
   </div>
   <div class='ocr_carea' id='block_1_43' title="bbox 306 2707 1951 2782">
    <p class='ocr_par' dir='ltr' id='par_1_43' title="bbox 306 2707 1951 2782">
     <span class='ocr_line' id='line_1_44' title="bbox 306 2707 1951 2782; baseline -0.001 -17"><span class='ocrx_word' id='word_1_290' title='bbox 306 2709 469 2782; x_wconf 89' lang='lat' dir='ltr'>apud</span> <span class='ocrx_word' id='word_1_291' title='bbox 494 2707 923 2765; x_wconf 89' lang='lat' dir='ltr'>monasterium</span> <span class='ocrx_word' id='word_1_292' title='bbox 960 2707 1145 2780; x_wconf 89' lang='lat' dir='ltr'>ipsius</span> <span class='ocrx_word' id='word_1_293' title='bbox 1175 2707 1481 2780; x_wconf 88' lang='lat' dir='ltr'>publicam</span> <span class='ocrx_word' id='word_1_294' title='bbox 1529 2708 1776 2764; x_wconf 86' lang='lat' dir='ltr'>missam</span> <span class='ocrx_word' id='word_1_295' title='bbox 1806 2708 1951 2764; x_wconf 82' lang='lat' dir='ltr'>cele-</span> 
     </span>
    </p>
   </div>
   <div class='ocr_carea' id='block_1_44' title="bbox 303 2797 1949 2870">
    <p class='ocr_par' dir='ltr' id='par_1_44' title="bbox 303 2797 1949 2870">
     <span class='ocr_line' id='line_1_45' title="bbox 303 2797 1949 2870; baseline -0.001 -14"><span class='ocrx_word' id='word_1_296' title='bbox 303 2800 508 2869; x_wconf 87' lang='lat' dir='ltr'>brans,</span> <span class='ocrx_word' id='word_1_297' title='bbox 540 2798 710 2856; x_wconf 90' lang='lat' dir='ltr'>solito</span> <span class='ocrx_word' id='word_1_298' title='bbox 752 2814 920 2854; x_wconf 89' lang='lat' dir='ltr'>more</span> <span class='ocrx_word' id='word_1_299' title='bbox 966 2797 1049 2854; x_wconf 91' lang='lat' dir='ltr'>ibi</span> <span class='ocrx_word' id='word_1_300' title='bbox 1091 2798 1402 2870; x_wconf 90' lang='lat' dir='ltr'>prandeat,</span> <span class='ocrx_word' id='word_1_301' title='bbox 1444 2801 1547 2853; x_wconf 90' lang='lat' dir='ltr'>aut</span> <span class='ocrx_word' id='word_1_302' title='bbox 1590 2797 1637 2853; x_wconf 91' lang='lat' dir='ltr'>si</span> <span class='ocrx_word' id='word_1_303' title='bbox 1684 2798 1949 2854; x_wconf 81' lang='lat' dir='ltr'>natalitio</span> 
     </span>
    </p>
   </div>
   <div class='ocr_carea' id='block_1_45' title="bbox 304 2887 1955 2962">
    <p class='ocr_par' dir='ltr' id='par_1_45' title="bbox 304 2887 1955 2962">
     <span class='ocr_line' id='line_1_46' title="bbox 304 2887 1955 2962; baseline -0.001 -16"><span class='ocrx_word' id='word_1_304' title='bbox 304 2890 583 2946; x_wconf 88' lang='lat' dir='ltr'>interesse</span> <span class='ocrx_word' id='word_1_305' title='bbox 608 2904 731 2945; x_wconf 89' lang='lat' dir='ltr'>non</span> <span class='ocrx_word' id='word_1_306' title='bbox 758 2887 968 2962; x_wconf 90' lang='lat' dir='ltr'>possit,</span> <span class='ocrx_word' id='word_1_307' title='bbox 990 2904 1030 2943; x_wconf 85' lang='lat' dir='ltr'><strong>x</strong></span> <span class='ocrx_word' id='word_1_308' title='bbox 1059 2887 1277 2943; x_wconf 88' lang='lat' dir='ltr'>talenta</span> <span class='ocrx_word' id='word_1_309' title='bbox 1301 2887 1527 2958; x_wconf 83' lang='lat' dir='ltr'>argenti</span> <span class='ocrx_word' id='word_1_310' title='bbox 1557 2902 1665 2959; x_wconf 91' lang='lat' dir='ltr'>pro</span> <span class='ocrx_word' id='word_1_311' title='bbox 1697 2903 1955 2944; x_wconf 87' lang='lat' dir='ltr'>comme-</span> 
     </span>
    </p>
   </div>
   <div class='ocr_carea' id='block_1_46' title="bbox 304 2976 1951 3050">
    <p class='ocr_par' dir='ltr' id='par_1_46' title="bbox 304 2976 1951 3050">
     <span class='ocr_line' id='line_1_47' title="bbox 304 2976 1951 3050; baseline -0.002 -14"><span class='ocrx_word' id='word_1_312' title='bbox 304 2979 637 3036; x_wconf 86' lang='lat' dir='ltr'>moratione</span> <span class='ocrx_word' id='word_1_313' title='bbox 666 2977 944 3048; x_wconf 76' lang='lat' dir='ltr'>legitimte</span> <span class='ocrx_word' id='word_1_314' title='bbox 984 2977 1251 3033; x_wconf 88' lang='lat' dir='ltr'>stationis</span> <span class='ocrx_word' id='word_1_315' title='bbox 1289 2976 1558 3049; x_wconf 90' lang='lat' dir='ltr'>accipiat,</span> <span class='ocrx_word' id='word_1_316' title='bbox 1593 2977 1785 3032; x_wconf 90' lang='lat' dir='ltr'>sciens</span> <span class='ocrx_word' id='word_1_317' title='bbox 1814 2993 1951 3050; x_wconf 74' lang='lat' dir='ltr'>pro~</span> 
     </span>
    </p>
   </div>
   <div class='ocr_carea' id='block_1_47' title="bbox 2059 1812 3748 1887">
    <p class='ocr_par' dir='ltr' id='par_1_47' title="bbox 2059 1812 3748 1887">
     <span class='ocr_line' id='line_1_48' title="bbox 2059 1812 3748 1887; baseline 0.005 -20"><span class='ocrx_word' id='word_1_318' title='bbox 2059 1827 2096 1868; x_wconf 90' lang='lat' dir='ltr'>a</span> <span class='ocrx_word' id='word_1_319' title='bbox 2122 1812 2299 1869; x_wconf 89' lang='lat' dir='ltr'>nobis</span> <span class='ocrx_word' id='word_1_320' title='bbox 2329 1814 2493 1870; x_wconf 88' lang='lat' dir='ltr'>visus</span> <span class='ocrx_word' id='word_1_321' title='bbox 2523 1820 2611 1872; x_wconf 92' lang='lat' dir='ltr'>est</span> <span class='ocrx_word' id='word_1_322' title='bbox 2639 1815 2941 1887; x_wconf 87' lang='lat' dir='ltr'>habuisse,</span> <span class='ocrx_word' id='word_1_323' title='bbox 2968 1818 3229 1875; x_wconf 66' lang='lat' dir='ltr'>ecclesiae</span> <span class='ocrx_word' id='word_1_324' title='bbox 3264 1820 3319 1876; x_wconf 89' lang='lat' dir='ltr'>S.</span> <span class='ocrx_word' id='word_1_325' title='bbox 3349 1822 3748 1876; x_wconf 80' lang='lat' dir='ltr'>Emmeram-</span> 
     </span>
    </p>
   </div>
   <div class='ocr_carea' id='block_1_48' title="bbox 2056 1901 3742 1980">
    <p class='ocr_par' dir='ltr' id='par_1_48' title="bbox 2056 1901 3742 1980">
     <span class='ocr_line' id='line_1_49' title="bbox 2056 1901 3742 1980; baseline 0.007 -25"><span class='ocrx_word' id='word_1_326' title='bbox 2056 1902 2140 1957; x_wconf 92' lang='lat' dir='ltr'>mi</span> <span class='ocrx_word' id='word_1_327' title='bbox 2167 1901 2525 1959; x_wconf 84' lang='lat' dir='ltr'>indulsimus</span> <span class='ocrx_word' id='word_1_328' title='bbox 2573 1910 2629 1961; x_wconf 87' lang='lat' dir='ltr'>et</span> <span class='ocrx_word' id='word_1_329' title='bbox 2656 1906 3031 1976; x_wconf 89' lang='lat' dir='ltr'>tradidimus,</span> <span class='ocrx_word' id='word_1_330' title='bbox 3064 1923 3135 1964; x_wconf 93' lang='lat' dir='ltr'>eo</span> <span class='ocrx_word' id='word_1_331' title='bbox 3172 1907 3447 1965; x_wconf 90' lang='lat' dir='ltr'>videlicet</span> <span class='ocrx_word' id='word_1_332' title='bbox 3490 1915 3742 1980; x_wconf 86' lang='lat' dir='ltr'>tenore,</span> 
     </span>
    </p>
   </div>
   <div class='ocr_carea' id='block_1_49' title="bbox 2057 1990 3747 2064">
    <p class='ocr_par' dir='ltr' id='par_1_49' title="bbox 2057 1990 3747 2064">
     <span class='ocr_line' id='line_1_50' title="bbox 2057 1990 3747 2064; baseline 0.006 -18"><span class='ocrx_word' id='word_1_333' title='bbox 2057 1990 2221 2063; x_wconf 89' lang='lat' dir='ltr'>quod</span> <span class='ocrx_word' id='word_1_334' title='bbox 2250 1992 2531 2064; x_wconf 71' lang='lat' dir='ltr'>praefatus</span> <span class='ocrx_word' id='word_1_335' title='bbox 2563 1993 2756 2050; x_wconf 89' lang='lat' dir='ltr'>abbas</span> <span class='ocrx_word' id='word_1_336' title='bbox 2793 2000 2850 2052; x_wconf 90' lang='lat' dir='ltr'>et</span> <span class='ocrx_word' id='word_1_337' title='bbox 2884 2012 3094 2053; x_wconf 87' lang='lat' dir='ltr'>omnes</span> <span class='ocrx_word' id='word_1_338' title='bbox 3133 2013 3521 2055; x_wconf 87' lang='lat' dir='ltr'>successores</span> <span class='ocrx_word' id='word_1_339' title='bbox 3555 2015 3598 2056; x_wconf 86' lang='lat' dir='ltr'>a</span> <span class='ocrx_word' id='word_1_340' title='bbox 3629 2015 3747 2056; x_wconf 89' lang='lat' dir='ltr'>no-</span> 
     </span>
    </p>
   </div>
   <div class='ocr_carea' id='block_1_50' title="bbox 2056 2080 3745 2159">
    <p class='ocr_par' dir='ltr' id='par_1_50' title="bbox 2056 2080 3745 2159">
     <span class='ocr_line' id='line_1_51' title="bbox 2056 2080 3745 2159; baseline 0.007 -24"><span class='ocrx_word' id='word_1_341' title='bbox 2056 2080 2171 2152; x_wconf 90' lang='lat' dir='ltr'>bis,</span> <span class='ocrx_word' id='word_1_342' title='bbox 2202 2085 2258 2137; x_wconf 82' lang='lat' dir='ltr'>et</span> <span class='ocrx_word' id='word_1_343' title='bbox 2299 2097 2335 2137; x_wconf 90' lang='lat' dir='ltr'>a</span> <span class='ocrx_word' id='word_1_344' title='bbox 2375 2080 2498 2140; x_wconf 87' lang='lat' dir='ltr'>ﬁlio</span> <span class='ocrx_word' id='word_1_345' title='bbox 2544 2088 2752 2141; x_wconf 88' lang='lat' dir='ltr'>nostro</span> <span class='ocrx_word' id='word_1_346' title='bbox 2796 2084 3149 2159; x_wconf 87' lang='lat' dir='ltr'>Liuppoldo,</span> <span class='ocrx_word' id='word_1_347' title='bbox 3199 2092 3257 2144; x_wconf 92' lang='lat' dir='ltr'>et</span> <span class='ocrx_word' id='word_1_348' title='bbox 3302 2087 3381 2144; x_wconf 91' lang='lat' dir='ltr'>ab</span> <span class='ocrx_word' id='word_1_349' title='bbox 3429 2088 3745 2146; x_wconf 86' lang='lat' dir='ltr'>omnibus</span> 
     </span>
    </p>
   </div>
   <div class='ocr_carea' id='block_1_51' title="bbox 2058 2170 3743 2248">
    <p class='ocr_par' dir='ltr' id='par_1_51' title="bbox 2058 2170 3743 2248">
     <span class='ocr_line' id='line_1_52' title="bbox 2058 2170 3743 2248; baseline 0.006 -24"><span class='ocrx_word' id='word_1_350' title='bbox 2058 2170 2504 2228; x_wconf 88' lang='lat' dir='ltr'>successoribus</span> <span class='ocrx_word' id='word_1_351' title='bbox 2532 2173 2751 2229; x_wconf 88' lang='lat' dir='ltr'>nostris</span> <span class='ocrx_word' id='word_1_352' title='bbox 2780 2190 2920 2231; x_wconf 94' lang='lat' dir='ltr'>cum</span> <span class='ocrx_word' id='word_1_353' title='bbox 2970 2175 3167 2248; x_wconf 90' lang='lat' dir='ltr'>quiete</span> <span class='ocrx_word' id='word_1_354' title='bbox 3198 2181 3255 2233; x_wconf 94' lang='lat' dir='ltr'>et</span> <span class='ocrx_word' id='word_1_355' title='bbox 3291 2177 3419 2234; x_wconf 89' lang='lat' dir='ltr'>sine</span> <span class='ocrx_word' id='word_1_356' title='bbox 3466 2177 3743 2235; x_wconf 67' lang='lat' dir='ltr'>laesione</span> 
     </span>
    </p>
   </div>
   <div class='ocr_carea' id='block_1_52' title="bbox 2057 2259 3748 2325">
    <p class='ocr_par' dir='ltr' id='par_1_52' title="bbox 2057 2259 3748 2325">
     <span class='ocr_line' id='line_1_53' title="bbox 2057 2259 3748 2325; baseline 0.006 -10"><span class='ocrx_word' id='word_1_357' title='bbox 2057 2259 2138 2316; x_wconf 91' lang='lat' dir='ltr'>ad</span> <span class='ocrx_word' id='word_1_358' title='bbox 2168 2276 2344 2317; x_wconf 92' lang='lat' dir='ltr'>usum</span> <span class='ocrx_word' id='word_1_359' title='bbox 2368 2260 2617 2319; x_wconf 84' lang='lat' dir='ltr'>fratrum</span> <span class='ocrx_word' id='word_1_360' title='bbox 2646 2262 2871 2320; x_wconf 90' lang='lat' dir='ltr'>ibidem</span> <span class='ocrx_word' id='word_1_361' title='bbox 2898 2267 3016 2321; x_wconf 92' lang='lat' dir='ltr'>Deo</span> <span class='ocrx_word' id='word_1_362' title='bbox 3038 2266 3424 2323; x_wconf 90' lang='lat' dir='ltr'>servientium</span> <span class='ocrx_word' id='word_1_363' title='bbox 3450 2267 3748 2325; x_wconf 85' lang='lat' dir='ltr'>habeant</span> 
     </span>
    </p>
   </div>
   <div class='ocr_carea' id='block_1_53' title="bbox 2057 2349 3745 2423">
    <p class='ocr_par' dir='ltr' id='par_1_53' title="bbox 2057 2349 3745 2423">
     <span class='ocr_line' id='line_1_54' title="bbox 2057 2349 3745 2423; baseline 0.006 -19"><span class='ocrx_word' id='word_1_364' title='bbox 2057 2353 2113 2405; x_wconf 90' lang='lat' dir='ltr'>et</span> <span class='ocrx_word' id='word_1_365' title='bbox 2140 2349 2505 2423; x_wconf 88' lang='lat' dir='ltr'>possideant.</span> <span class='ocrx_word' id='word_1_366' title='bbox 2540 2354 2609 2407; x_wconf 91' lang='lat' dir='ltr'>Ut</span> <span class='ocrx_word' id='word_1_367' title='bbox 2635 2357 2834 2410; x_wconf 89' lang='lat' dir='ltr'>autem</span> <span class='ocrx_word' id='word_1_368' title='bbox 2876 2354 3029 2411; x_wconf 87' lang='lat' dir='ltr'>actio</span> <span class='ocrx_word' id='word_1_369' title='bbox 3058 2361 3267 2412; x_wconf 88' lang='lat' dir='ltr'>nostra</span> <span class='ocrx_word' id='word_1_370' title='bbox 3296 2358 3577 2413; x_wconf 88' lang='lat' dir='ltr'>tenacius</span> <span class='ocrx_word' id='word_1_371' title='bbox 3608 2374 3745 2415; x_wconf 89' lang='lat' dir='ltr'>me-</span> 
     </span>
    </p>
   </div>
   <div class='ocr_carea' id='block_1_54' title="bbox 2057 2439 3743 2518">
    <p class='ocr_par' dir='ltr' id='par_1_54' title="bbox 2057 2439 3743 2518">
     <span class='ocr_line' id='line_1_55' title="bbox 2057 2439 3743 2518; baseline 0.005 -24"><span class='ocrx_word' id='word_1_372' title='bbox 2057 2439 2262 2495; x_wconf 64' lang='lat' dir='ltr'>moriae</span> <span class='ocrx_word' id='word_1_373' title='bbox 2288 2439 2561 2497; x_wconf 90' lang='lat' dir='ltr'>omnium</span> <span class='ocrx_word' id='word_1_374' title='bbox 2589 2446 2716 2498; x_wconf 91' lang='lat' dir='ltr'>tam</span> <span class='ocrx_word' id='word_1_375' title='bbox 2745 2442 3080 2499; x_wconf 86' lang='lat' dir='ltr'>futurorum</span> <span class='ocrx_word' id='word_1_376' title='bbox 3108 2461 3296 2518; x_wconf 90' lang='lat' dir='ltr'>quam</span> <span class='ocrx_word' id='word_1_377' title='bbox 3325 2446 3743 2518; x_wconf 63' lang='lat' dir='ltr'>praesentium</span> 
     </span>
    </p>
   </div>
   <div class='ocr_carea' id='block_1_55' title="bbox 2057 2527 3744 2601">
    <p class='ocr_par' dir='ltr' id='par_1_55' title="bbox 2057 2527 3744 2601">
     <span class='ocr_line' id='line_1_56' title="bbox 2057 2527 3744 2601; baseline 0.006 -19"><span class='ocrx_word' id='word_1_378' title='bbox 2057 2527 2456 2600; x_wconf 88' lang='lat' dir='ltr'>imprimatur,</span> <span class='ocrx_word' id='word_1_379' title='bbox 2500 2535 2857 2601; x_wconf 65' lang='lat' dir='ltr'>praesentem</span> <span class='ocrx_word' id='word_1_380' title='bbox 2904 2532 3174 2589; x_wconf 89' lang='lat' dir='ltr'>chartam</span> <span class='ocrx_word' id='word_1_381' title='bbox 3224 2534 3366 2591; x_wconf 89' lang='lat' dir='ltr'>inde</span> <span class='ocrx_word' id='word_1_382' title='bbox 3419 2535 3744 2592; x_wconf 88' lang='lat' dir='ltr'>conscribi</span> 
     </span>
    </p>
   </div>
   <div class='ocr_carea' id='block_1_56' title="bbox 2057 2616 3749 2699">
    <p class='ocr_par' dir='ltr' id='par_1_56' title="bbox 2057 2616 3749 2699">
     <span class='ocr_line' id='line_1_57' title="bbox 2057 2616 3749 2699; baseline 0.006 -28"><span class='ocrx_word' id='word_1_383' title='bbox 2057 2616 2326 2687; x_wconf 86' lang='lat' dir='ltr'>fecimus,</span> <span class='ocrx_word' id='word_1_384' title='bbox 2355 2622 2411 2674; x_wconf 92' lang='lat' dir='ltr'>et</span> <span class='ocrx_word' id='word_1_385' title='bbox 2454 2622 2648 2687; x_wconf 91' lang='lat' dir='ltr'>testes,</span> <span class='ocrx_word' id='word_1_386' title='bbox 2681 2621 2786 2692; x_wconf 91' lang='lat' dir='ltr'>qui</span> <span class='ocrx_word' id='word_1_387' title='bbox 2832 2620 3102 2693; x_wconf 89' lang='lat' dir='ltr'>aderant,</span> <span class='ocrx_word' id='word_1_388' title='bbox 3131 2623 3409 2680; x_wconf 89' lang='lat' dir='ltr'>annotari</span> <span class='ocrx_word' id='word_1_389' title='bbox 3448 2625 3749 2699; x_wconf 61' lang='lat' dir='ltr'>praecipi-</span> 
     </span>
    </p>
   </div>
   <div class='ocr_carea' id='block_1_57' title="bbox 2056 2708 3747 2787">
    <p class='ocr_par' dir='ltr' id='par_1_57' title="bbox 2056 2708 3747 2787">
     <span class='ocr_line' id='line_1_58' title="bbox 2056 2708 3747 2787; baseline 0.006 -26"><span class='ocrx_word' id='word_1_390' title='bbox 2056 2722 2234 2762; x_wconf 91' lang='lat' dir='ltr'>mus:</span> <span class='ocrx_word' id='word_1_391' title='bbox 2290 2709 2500 2764; x_wconf 90' lang='lat' dir='ltr'>Comes</span> <span class='ocrx_word' id='word_1_392' title='bbox 2542 2708 2849 2778; x_wconf 84' lang='lat' dir='ltr'>Liutolfus,</span> <span class='ocrx_word' id='word_1_393' title='bbox 2902 2726 3103 2767; x_wconf 90' lang='lat' dir='ltr'>comes</span> <span class='ocrx_word' id='word_1_394' title='bbox 3150 2712 3425 2782; x_wconf 85' lang='lat' dir='ltr'>Sifridus,</span> <span class='ocrx_word' id='word_1_395' title='bbox 3485 2714 3747 2787; x_wconf 85' lang='lat' dir='ltr'>dapifer</span> 
     </span>
    </p>
   </div>
   <div class='ocr_carea' id='block_1_58' title="bbox 2056 2794 3740 2873">
    <p class='ocr_par' dir='ltr' id='par_1_58' title="bbox 2056 2794 3740 2873">
     <span class='ocr_line' id='line_1_59' title="bbox 2056 2794 3740 2873; baseline 0.006 -24"><span class='ocrx_word' id='word_1_396' title='bbox 2056 2794 2513 2865; x_wconf 84' lang='lat' dir='ltr'>Werinhardus,</span> <span class='ocrx_word' id='word_1_397' title='bbox 2540 2796 2870 2867; x_wconf 89' lang='lat' dir='ltr'>Udalricus,</span> <span class='ocrx_word' id='word_1_398' title='bbox 2888 2798 3102 2856; x_wconf 80' lang='lat' dir='ltr'>Albero</span> <span class='ocrx_word' id='word_1_399' title='bbox 3131 2800 3206 2856; x_wconf 91' lang='lat' dir='ltr'>de</span> <span class='ocrx_word' id='word_1_400' title='bbox 3234 2801 3740 2873; x_wconf 84' lang='lat' dir='ltr'>Burkartesdorf,</span> 
     </span>
    </p>
   </div>
   <div class='ocr_carea' id='block_1_59' title="bbox 2057 2884 3741 2963">
    <p class='ocr_par' dir='ltr' id='par_1_59' title="bbox 2057 2884 3741 2963">
     <span class='ocr_line' id='line_1_60' title="bbox 2057 2884 3741 2963; baseline 0.006 -23"><span class='ocrx_word' id='word_1_401' title='bbox 2057 2884 2359 2940; x_wconf 85' lang='lat' dir='ltr'>Heinricus</span> <span class='ocrx_word' id='word_1_402' title='bbox 2412 2885 2487 2941; x_wconf 91' lang='lat' dir='ltr'>de</span> <span class='ocrx_word' id='word_1_403' title='bbox 2543 2886 2904 2954; x_wconf 86' lang='lat' dir='ltr'>Mistelbach,</span> <span class='ocrx_word' id='word_1_404' title='bbox 2959 2888 3174 2945; x_wconf 78' lang='lat' dir='ltr'>Albero</span> <span class='ocrx_word' id='word_1_405' title='bbox 3218 2890 3293 2947; x_wconf 92' lang='lat' dir='ltr'>de</span> <span class='ocrx_word' id='word_1_406' title='bbox 3342 2892 3741 2963; x_wconf 82' lang='lat' dir='ltr'>Kunringen.</span> 
     </span>
    </p>
   </div>
   <div class='ocr_carea' id='block_1_60' title="bbox 2059 2976 3747 3047">
    <p class='ocr_par' dir='ltr' id='par_1_60' title="bbox 2059 2976 3747 3047">
     <span class='ocr_line' id='line_1_61' title="bbox 2059 2976 3747 3047; baseline 0.005 -18"><span class='ocrx_word' id='word_1_407' title='bbox 2059 2976 2277 3030; x_wconf 88' lang='lat' dir='ltr'>Eorum</span> <span class='ocrx_word' id='word_1_408' title='bbox 2329 2991 2569 3031; x_wconf 88' lang='lat' dir='ltr'>summa</span> <span class='ocrx_word' id='word_1_409' title='bbox 2613 2976 2741 3031; x_wconf 80' lang='lat' dir='ltr'>haec</span> <span class='ocrx_word' id='word_1_410' title='bbox 2772 2976 3097 3047; x_wconf 82' lang='lat' dir='ltr'>colligitur:</span> <span class='ocrx_word' id='word_1_411' title='bbox 3150 2979 3225 3035; x_wconf 91' lang='lat' dir='ltr'>de</span> <span class='ocrx_word' id='word_1_412' title='bbox 3272 2979 3546 3039; x_wconf 84' lang='lat' dir='ltr'>Ufhusen</span> <span class='ocrx_word' id='word_1_413' title='bbox 3593 2982 3747 3038; x_wconf 90' lang='lat' dir='ltr'>soli-</span> 
     </span>
    </p>
   </div>
   <div class='ocr_carea' id='block_1_61' title="bbox 308 3062 3739 3151">
    <p class='ocr_par' dir='ltr' id='par_1_61' title="bbox 308 3062 3739 3151">
     <span class='ocr_line' id='line_1_62' title="bbox 308 3062 3739 3151; baseline 0.002 -29"><span class='ocrx_word' id='word_1_414' title='bbox 308 3066 403 3123; x_wconf 94' lang='lat' dir='ltr'>cul</span> <span class='ocrx_word' id='word_1_415' title='bbox 432 3065 617 3122; x_wconf 91' lang='lat' dir='ltr'>dubio</span> <span class='ocrx_word' id='word_1_416' title='bbox 646 3064 789 3139; x_wconf 86' lang='lat' dir='ltr'>quia</span> <span class='ocrx_word' id='word_1_417' title='bbox 818 3064 867 3120; x_wconf 90' lang='lat' dir='ltr'>si</span> <span class='ocrx_word' id='word_1_418' title='bbox 894 3063 1041 3138; x_wconf 90' lang='lat' dir='ltr'>quid</span> <span class='ocrx_word' id='word_1_419' title='bbox 1067 3064 1206 3120; x_wconf 91' lang='lat' dir='ltr'>huic</span> <span class='ocrx_word' id='word_1_420' title='bbox 1236 3080 1487 3120; x_wconf 66' lang='lat' dir='ltr'>summa:</span> <span class='ocrx_word' id='word_1_421' title='bbox 1515 3064 1735 3120; x_wconf 86' lang='lat' dir='ltr'>salubri</span> <span class='ocrx_word' id='word_1_422' title='bbox 1761 3065 1951 3122; x_wconf 88' lang='lat' dir='ltr'>consi-</span> <span class='ocrx_word' id='word_1_423' title='bbox 1990 3096 2030 3151; x_wconf 66' lang='grc' dir='ltr'>ο</span> <span class='ocrx_word' id='word_1_424' title='bbox 2059 3062 2173 3119; x_wconf 92' lang='lat' dir='ltr'>dus</span> <span class='ocrx_word' id='word_1_425' title='bbox 2214 3078 2254 3133; x_wconf 95' lang='lat'>1,</span> <span class='ocrx_word' id='word_1_426' title='bbox 2286 3064 2360 3119; x_wconf 91' lang='lat' dir='ltr'>de</span> <span class='ocrx_word' id='word_1_427' title='bbox 2391 3063 2575 3120; x_wconf 89' lang='lat' dir='ltr'>Skure</span> <span class='ocrx_word' id='word_1_428' title='bbox 2605 3063 2777 3120; x_wconf 89' lang='lat' dir='ltr'>solidi</span> <span class='ocrx_word' id='word_1_429' title='bbox 2805 3081 2865 3134; x_wconf 87' lang='lat'>11,</span> <span class='ocrx_word' id='word_1_430' title='bbox 2897 3066 2971 3122; x_wconf 92' lang='lat' dir='ltr'>de</span> <span class='ocrx_word' id='word_1_431' title='bbox 3011 3067 3407 3139; x_wconf 85' lang='lat' dir='ltr'>Egilsbrunne</span> <span class='ocrx_word' id='word_1_432' title='bbox 3448 3070 3635 3127; x_wconf 92' lang='lat' dir='ltr'>solid.</span> <span class='ocrx_word' id='word_1_433' title='bbox 3670 3078 3739 3141; x_wconf 68' lang='grc' dir='ltr'>ιι,</span> 
     </span>
    </p>
   </div>
   <div class='ocr_carea' id='block_1_62' title="bbox 306 3153 1954 3224">
    <p class='ocr_par' dir='ltr' id='par_1_62' title="bbox 306 3153 1954 3224">
     <span class='ocr_line' id='line_1_63' title="bbox 306 3153 1954 3224; baseline -0.001 -13"><span class='ocrx_word' id='word_1_434' title='bbox 306 3155 387 3213; x_wconf 91' lang='lat' dir='ltr'>lio</span> <span class='ocrx_word' id='word_1_435' title='bbox 433 3170 469 3211; x_wconf 92' lang='lat' dir='ltr'>a</span> <span class='ocrx_word' id='word_1_436' title='bbox 509 3154 683 3210; x_wconf 89' lang='lat' dir='ltr'>nobis</span> <span class='ocrx_word' id='word_1_437' title='bbox 724 3153 971 3209; x_wconf 74' lang='lat' dir='ltr'>diﬁinite</span> <span class='ocrx_word' id='word_1_438' title='bbox 1023 3153 1322 3224; x_wconf 85' lang='lat' dir='ltr'>adaugere</span> <span class='ocrx_word' id='word_1_439' title='bbox 1372 3153 1712 3215; x_wconf 87' lang='lat' dir='ltr'>tentaverit:</span> <span class='ocrx_word' id='word_1_440' title='bbox 1767 3154 1954 3210; x_wconf 83' lang='lat' dir='ltr'>maxi-</span> 
     </span>
    </p>
   </div>
   <div class='ocr_carea' id='block_1_63' title="bbox 308 3241 1953 3331">
    <p class='ocr_par' dir='ltr' id='par_1_63' title="bbox 308 3241 1953 3314">
     <span class='ocr_line' id='line_1_64' title="bbox 308 3241 1953 3314; baseline -0.001 -13"><span class='ocrx_word' id='word_1_441' title='bbox 308 3259 476 3301; x_wconf 88' lang='lat' dir='ltr'>mam</span> <span class='ocrx_word' id='word_1_442' title='bbox 505 3243 618 3299; x_wconf 90' lang='lat' dir='ltr'>sibi</span> <span class='ocrx_word' id='word_1_443' title='bbox 644 3243 797 3299; x_wconf 89' lang='lat' dir='ltr'>iram</span> <span class='ocrx_word' id='word_1_444' title='bbox 824 3241 886 3298; x_wconf 90' lang='lat' dir='ltr'>in</span> <span class='ocrx_word' id='word_1_445' title='bbox 924 3241 1018 3297; x_wconf 91' lang='lat' dir='ltr'>die</span> <span class='ocrx_word' id='word_1_446' title='bbox 1065 3242 1167 3298; x_wconf 84' lang='lat' dir='ltr'>irae</span> <span class='ocrx_word' id='word_1_447' title='bbox 1196 3242 1628 3299; x_wconf 89' lang='lat' dir='ltr'>thezaurizabit.</span> <span class='ocrx_word' id='word_1_448' title='bbox 1658 3242 1843 3314; x_wconf 88' lang='lat' dir='ltr'>Hujus</span> <span class='ocrx_word' id='word_1_449' title='bbox 1870 3243 1953 3299; x_wconf 91' lang='lat' dir='ltr'>rei</span> 
     </span>
    </p>
   </div>
   <div class='ocr_carea' id='block_1_64' title="bbox 314 3329 1953 3402">
    <p class='ocr_par' dir='ltr' id='par_1_64' title="bbox 314 3329 1953 3402">
     <span class='ocr_line' id='line_1_65' title="bbox 314 3329 1953 3402; baseline -0.001 -13"><span class='ocrx_word' id='word_1_450' title='bbox 314 3336 491 3389; x_wconf 89' lang='lat' dir='ltr'>testes</span> <span class='ocrx_word' id='word_1_451' title='bbox 512 3335 649 3389; x_wconf 91' lang='lat' dir='ltr'>sunt</span> <span class='ocrx_word' id='word_1_452' title='bbox 665 3329 926 3402; x_wconf 82' lang='lat' dir='ltr'>religiosi</span> <span class='ocrx_word' id='word_1_453' title='bbox 947 3329 1136 3387; x_wconf 87' lang='lat' dir='ltr'>clerici</span> <span class='ocrx_word' id='word_1_454' title='bbox 1154 3332 1457 3400; x_wconf 88' lang='lat' dir='ltr'>Peruuart,</span> <span class='ocrx_word' id='word_1_455' title='bbox 1472 3330 1761 3401; x_wconf 89' lang='lat' dir='ltr'>Sigbreht,</span> <span class='ocrx_word' id='word_1_456' title='bbox 1787 3333 1953 3388; x_wconf 88' lang='lat' dir='ltr'>Cum-</span> 
     </span>
    </p>
   </div>
   <div class='ocr_carea' id='block_1_65' title="bbox 2061 3151 3746 3226">
    <p class='ocr_par' dir='ltr' id='par_1_65' title="bbox 2061 3151 3746 3226">
     <span class='ocr_line' id='line_1_66' title="bbox 2061 3151 3746 3226; baseline 0.006 -19"><span class='ocrx_word' id='word_1_457' title='bbox 2061 3151 2135 3208; x_wconf 92' lang='lat' dir='ltr'>de</span> <span class='ocrx_word' id='word_1_458' title='bbox 2181 3154 2380 3209; x_wconf 84' lang='lat' dir='ltr'>Lanne</span> <span class='ocrx_word' id='word_1_459' title='bbox 2421 3152 2592 3209; x_wconf 89' lang='lat' dir='ltr'>solid.</span> <span class='ocrx_word' id='word_1_460' title='bbox 2625 3169 2685 3221; x_wconf 88' lang='grc' dir='ltr'>ιι,</span> <span class='ocrx_word' id='word_1_461' title='bbox 2717 3153 2791 3209; x_wconf 94' lang='lat' dir='ltr'>de</span> <span class='ocrx_word' id='word_1_462' title='bbox 2823 3154 3100 3226; x_wconf 88' lang='lat' dir='ltr'>Bisingen</span> <span class='ocrx_word' id='word_1_463' title='bbox 3129 3156 3303 3215; x_wconf 92' lang='lat' dir='ltr'>solid.</span> <span class='ocrx_word' id='word_1_464' title='bbox 3339 3174 3379 3214; x_wconf 91' lang='lat'>1.</span> <span class='ocrx_word' id='word_1_465' title='bbox 3405 3158 3483 3216; x_wconf 92' lang='lat' dir='ltr'>de</span> <span class='ocrx_word' id='word_1_466' title='bbox 3518 3160 3746 3217; x_wconf 86' lang='lat' dir='ltr'>Bente-</span> 
     </span>
    </p>
   </div>
   <div class='ocr_carea' id='block_1_66' title="bbox 2060 3240 3747 3317">
    <p class='ocr_par' dir='ltr' id='par_1_66' title="bbox 2060 3240 3747 3317">
     <span class='ocr_line' id='line_1_67' title="bbox 2060 3240 3747 3317; baseline 0.006 -20"><span class='ocrx_word' id='word_1_467' title='bbox 2060 3240 2260 3311; x_wconf 88' lang='lat' dir='ltr'>lingen</span> <span class='ocrx_word' id='word_1_468' title='bbox 2294 3241 2465 3298; x_wconf 92' lang='lat' dir='ltr'>solid.</span> <span class='ocrx_word' id='word_1_469' title='bbox 2497 3259 2538 3312; x_wconf 88' lang='lat'>1,</span> <span class='ocrx_word' id='word_1_470' title='bbox 2566 3242 2640 3298; x_wconf 92' lang='lat' dir='ltr'>de</span> <span class='ocrx_word' id='word_1_471' title='bbox 2685 3243 3115 3316; x_wconf 85' lang='lat' dir='ltr'>Gebrichingen</span> <span class='ocrx_word' id='word_1_472' title='bbox 3166 3246 3276 3304; x_wconf 92' lang='lat' dir='ltr'>sol.</span> <span class='ocrx_word' id='word_1_473' title='bbox 3309 3264 3352 3317; x_wconf 93' lang='lat'>1,</span> <span class='ocrx_word' id='word_1_474' title='bbox 3382 3248 3460 3305; x_wconf 89' lang='lat' dir='ltr'>de</span> <span class='ocrx_word' id='word_1_475' title='bbox 3490 3250 3747 3307; x_wconf 85' lang='lat' dir='ltr'>Ysinin-</span> 
     </span>
    </p>
   </div>
   <div class='ocr_carea' id='block_1_67' title="bbox 2061 3326 3743 3405">
    <p class='ocr_par' dir='ltr' id='par_1_67' title="bbox 2061 3326 3743 3405">
     <span class='ocr_line' id='line_1_68' title="bbox 2061 3326 3743 3405; baseline 0.006 -18"><span class='ocrx_word' id='word_1_476' title='bbox 2061 3347 2178 3402; x_wconf 84' lang='lat' dir='ltr'>gen</span> <span class='ocrx_word' id='word_1_477' title='bbox 2209 3330 2380 3389; x_wconf 89' lang='lat' dir='ltr'>solid.</span> <span class='ocrx_word' id='word_1_478' title='bbox 2414 3348 2453 3402; x_wconf 88' lang='lat'>1,</span> <span class='ocrx_word' id='word_1_479' title='bbox 2484 3331 2589 3405; x_wconf 92' lang='lat' dir='ltr'>qui</span> <span class='ocrx_word' id='word_1_480' title='bbox 2620 3337 2759 3390; x_wconf 85' lang='lat' dir='ltr'>sunt</span> <span class='ocrx_word' id='word_1_481' title='bbox 2796 3326 3106 3392; x_wconf 73' lang='lat' dir='ltr'>annuatim</span> <span class='ocrx_word' id='word_1_482' title='bbox 3150 3336 3325 3394; x_wconf 90' lang='lat' dir='ltr'>solidi</span> <span class='ocrx_word' id='word_1_483' title='bbox 3367 3337 3743 3398; x_wconf 87' lang='lat' dir='ltr'>duodecim.</span> 
     </span>
    </p>
   </div>
   <div class='ocr_carea' id='block_1_68' title="bbox 316 3540 3736 3570">
    <p class='ocr_par' dir='ltr' id='par_1_68' title="bbox 316 3540 3736 3570">
     <span class='ocr_line' id='line_1_69' title="bbox 316 3540 3736 3570; baseline 0.001 -7"><span class='ocrx_word' id='word_1_484' title='bbox 316 3540 3736 3570; x_wconf 54' lang='lat' dir='ltr'>ww</span> 
     </span>
    </p>
   </div>
   <div class='ocr_carea' id='block_1_69' title="bbox 1959 3724 2074 3848">
    <p class='ocr_par' dir='ltr' id='par_1_69' title="bbox 1959 3724 2074 3848">
     <span class='ocr_line' id='line_1_70' title="bbox 1959 3724 2074 3848; baseline 0.009 -1"><span class='ocrx_word' id='word_1_485' title='bbox 1959 3724 2074 3848; x_wconf 92' lang='grc' dir='ltr'>ΙΙ</span> 
     </span>
    </p>
   </div>
   <div class='ocr_carea' id='block_1_70' title="bbox 322 3984 3750 4129">
    <p class='ocr_par' dir='ltr' id='par_1_70' title="bbox 322 3984 3750 4129">
     <span class='ocr_line' id='line_1_71' title="bbox 322 3984 3750 4129; baseline 0.002 -7"><span class='ocrx_word' id='word_1_486' title='bbox 322 3984 989 4123; x_wconf 82' lang='lat' dir='ltr'><strong>ANNALES</strong></span> <span class='ocrx_word' id='word_1_487' title='bbox 1030 3990 1541 4122; x_wconf 84' lang='lat' dir='ltr'>SANCTI</span> <span class='ocrx_word' id='word_1_488' title='bbox 1591 3988 2491 4117; x_wconf 78' lang='lat' dir='ltr'>EMMERAMMI</span> <span class='ocrx_word' id='word_1_489' title='bbox 2551 3995 3276 4122; x_wconf 83' lang='lat' dir='ltr'>RANISPON</span> <span class='ocrx_word' id='word_1_490' title='bbox 3299 4001 3750 4129; x_wconf 87' lang='lat' dir='ltr'><strong>ENSIS</strong></span> 
     </span>
    </p>
   </div>
   <div class='ocr_carea' id='block_1_71' title="bbox 1090 4262 2936 4338">
    <p class='ocr_par' dir='ltr' id='par_1_71' title="bbox 1090 4262 2936 4338">
     <span class='ocr_line' id='line_1_72' title="bbox 1090 4262 2936 4338; baseline 0.001 -19"><span class='ocrx_word' id='word_1_491' title='bbox 1090 4262 1283 4337; x_wconf 83' lang='lat' dir='ltr'>(Apud</span> <span class='ocrx_word' id='word_1_492' title='bbox 1310 4266 1508 4338; x_wconf 75' lang='lat' dir='ltr'>Psnrz,</span> <span class='ocrx_word' id='word_1_493' title='bbox 1538 4264 1923 4322; x_wconf 79' lang='lat' dir='ltr'>Monumenta</span> <span class='ocrx_word' id='word_1_494' title='bbox 1954 4264 2291 4323; x_wconf 82' lang='lat' dir='ltr'>Germanice</span> <span class='ocrx_word' id='word_1_495' title='bbox 2320 4264 2477 4334; x_wconf 84' lang='lat' dir='ltr'>hist.,</span> <span class='ocrx_word' id='word_1_496' title='bbox 2511 4264 2716 4338; x_wconf 87' lang='lat' dir='ltr'>Script.</span> <span class='ocrx_word' id='word_1_497' title='bbox 2752 4267 2791 4335; x_wconf 80' lang='grc' dir='ltr'>Ι,</span> <span class='ocrx_word' id='word_1_498' title='bbox 2822 4266 2936 4336; x_wconf 82' lang='grc'>91.)</span> 
     </span>
    </p>
   </div>
   <div class='ocr_carea' id='block_1_72' title="bbox 1854 4500 2185 4557">
    <p class='ocr_par' dir='ltr' id='par_1_72' title="bbox 1854 4500 2185 4557">
     <span class='ocr_line' id='line_1_73' title="bbox 1854 4500 2185 4557; baseline -0.006 -1"><span class='ocrx_word' id='word_1_499' title='bbox 1854 4500 2185 4557; x_wconf 79' lang='lat' dir='ltr'>MONITUM.</span> 
     </span>
    </p>
   </div>
   <div class='ocr_carea' id='block_1_73' title="bbox 389 4672 3761 4759">
    <p class='ocr_par' dir='ltr' id='par_1_73' title="bbox 389 4672 3761 4759">
     <span class='ocr_line' id='line_1_74' title="bbox 389 4672 3761 4759; baseline 0.003 -26"><span class='ocrx_word' id='word_1_500' title='bbox 389 4675 645 4759; x_wconf 76' lang='lat' dir='ltr'>Annales</span> <span class='ocrx_word' id='word_1_501' title='bbox 675 4675 1134 4759; x_wconf 80' lang='lat' dir='ltr'>Ratisponenses</span> <span class='ocrx_word' id='word_1_502' title='bbox 1167 4674 1525 4759; x_wconf 62' lang='lat' dir='ltr'>majoresex</span> <span class='ocrx_word' id='word_1_503' title='bbox 1555 4674 1755 4733; x_wconf 91' lang='lat' dir='ltr'>codice</span> <span class='ocrx_word' id='word_1_504' title='bbox 1805 4672 2462 4759; x_wconf 57' lang='lat' dir='ltr'>sanctimEmmerammi</span> <span class='ocrx_word' id='word_1_505' title='bbox 2501 4677 2764 4759; x_wconf 84' lang='lat' dir='ltr'>primum</span> <span class='ocrx_word' id='word_1_506' title='bbox 2816 4675 3168 4759; x_wconf 59' lang='lat' dir='ltr'>hiabilonius</span> <span class='ocrx_word' id='word_1_507' title='bbox 3214 4678 3525 4759; x_wconf 49' lang='lat' dir='ltr'>(analect.</span> <span class='ocrx_word' id='word_1_508' title='bbox 3565 4686 3626 4759; x_wconf 76' lang='lat' dir='ltr'>t._</span> <span class='ocrx_word' id='word_1_509' title='bbox 3650 4688 3761 4759; x_wconf 84' lang='lat' dir='ltr'>IV)</span> 
     </span>
    </p>
   </div>
   <div class='ocr_carea' id='block_1_74' title="bbox 318 4746 3763 4828">
    <p class='ocr_par' dir='ltr' id='par_1_74' title="bbox 318 4746 3763 4828">
     <span class='ocr_line' id='line_1_75' title="bbox 318 4746 3763 4828; baseline 0.002 -24"><span class='ocrx_word' id='word_1_510' title='bbox 318 4746 922 4828; x_wconf 52' lang='lat' dir='ltr'>typisdederatLjam</span> <span class='ocrx_word' id='word_1_511' title='bbox 947 4762 1085 4828; x_wconf 69' lang='lat' dir='ltr'>vero</span> <span class='ocrx_word' id='word_1_512' title='bbox 1112 4746 1541 4828; x_wconf 40' lang='lat' dir='ltr'>multoineli‘us</span> <span class='ocrx_word' id='word_1_513' title='bbox 1585 4764 1944 4828; x_wconf 78' lang='lat' dir='ltr'>summaque</span> <span class='ocrx_word' id='word_1_514' title='bbox 1974 4747 2279 4828; x_wconf 73' lang='lat' dir='ltr'>diligentia</span> <span class='ocrx_word' id='word_1_515' title='bbox 2318 4746 2653 4828; x_wconf 71' lang='lat' dir='ltr'>confectum</span> <span class='ocrx_word' id='word_1_516' title='bbox 2706 4748 2976 4828; x_wconf 74' lang='lat' dir='ltr'>ejusdem</span> <span class='ocrx_word' id='word_1_517' title='bbox 3017 4746 3342 4828; x_wconf 83' lang='lat' dir='ltr'>authentici</span> <span class='ocrx_word' id='word_1_518' title='bbox 3368 4746 3763 4828; x_wconf 65' lang='lat' dir='ltr'>exemplum</span> 
     </span>
    </p>
   </div>
   <div class='ocr_carea' id='block_1_75' title="bbox 321 4817 3765 4892">
    <p class='ocr_par' dir='ltr' id='par_1_75' title="bbox 321 4817 3765 4892">
     <span class='ocr_line' id='line_1_76' title="bbox 321 4817 3765 4892; baseline 0.003 -19"><span class='ocrx_word' id='word_1_519' title='bbox 321 4817 529 4892; x_wconf 71' lang='lat' dir='ltr'>studiis</span> <span class='ocrx_word' id='word_1_520' title='bbox 553 4821 615 4892; x_wconf 87' lang='lat' dir='ltr'>V_.</span> <span class='ocrx_word' id='word_1_521' title='bbox 645 4818 725 4892; x_wconf 80' lang='lat' dir='ltr'>Cl.</span> <span class='ocrx_word' id='word_1_522' title='bbox 756 4817 1081 4892; x_wconf 84' lang='lat' dir='ltr'>Bernhardi</span> <span class='ocrx_word' id='word_1_523' title='bbox 1113 4819 1369 4892; x_wconf 83' lang='lat' dir='ltr'>Docenii,</span> <span class='ocrx_word' id='word_1_524' title='bbox 1401 4818 1773 4874; x_wconf 63' lang='lat' dir='ltr'>bibliothecae</span> <span class='ocrx_word' id='word_1_525' title='bbox 1805 4817 1979 4892; x_wconf 72' lang='lat' dir='ltr'>regite</span> <span class='ocrx_word' id='word_1_526' title='bbox 2030 4818 2405 4892; x_wconf 75' lang='lat' dir='ltr'>Monacensis</span> <span class='ocrx_word' id='word_1_527' title='bbox 2426 4819 2689 4892; x_wconf 81' lang='lat' dir='ltr'>custodis</span> <span class='ocrx_word' id='word_1_528' title='bbox 2735 4817 3187 4892; x_wconf 15' lang='lat' dir='ltr'>solidasqueide</span> <span class='ocrx_word' id='word_1_529' title='bbox 3217 4838 3281 4877; x_wconf 89' lang='lat' dir='ltr'>re</span> <span class='ocrx_word' id='word_1_530' title='bbox 3310 4828 3527 4880; x_wconf 85' lang='lat' dir='ltr'>nostra</span> <span class='ocrx_word' id='word_1_531' title='bbox 3558 4817 3765 4885; x_wconf 81' lang='lat' dir='ltr'>ineri-</span> 
     </span>
    </p>
   </div>
   <div class='ocr_carea' id='block_1_76' title="bbox 319 4888 3766 4959">
    <p class='ocr_par' dir='ltr' id='par_1_76' title="bbox 319 4888 3766 4959">
     <span class='ocr_line' id='line_1_77' title="bbox 319 4888 3766 4959; baseline 0.003 -14"><span class='ocrx_word' id='word_1_532' title='bbox 319 4890 550 4959; x_wconf 88' lang='lat' dir='ltr'>tissimi,</span> <span class='ocrx_word' id='word_1_533' title='bbox 573 4890 882 4945; x_wconf 90' lang='lat' dir='ltr'>debemus.</span> <span class='ocrx_word' id='word_1_534' title='bbox 918 4889 1096 4959; x_wconf 87' lang='lat' dir='ltr'>Cujus</span> <span class='ocrx_word' id='word_1_535' title='bbox 1132 4888 1333 4943; x_wconf 91' lang='lat' dir='ltr'>litteris</span> <span class='ocrx_word' id='word_1_536' title='bbox 1360 4905 1565 4945; x_wconf 82' lang='lat' dir='ltr'>mense</span> <span class='ocrx_word' id='word_1_537' title='bbox 1593 4890 1906 4945; x_wconf 82' lang='lat' dir='ltr'>Novembri</span> <span class='ocrx_word' id='word_1_538' title='bbox 1936 4890 2078 4945; x_wconf 90' lang='lat' dir='ltr'>anni</span> <span class='ocrx_word' id='word_1_539' title='bbox 2112 4893 2243 4944; x_wconf 76' lang='lat'>1823</span> <span class='ocrx_word' id='word_1_540' title='bbox 2277 4889 2355 4944; x_wconf 92' lang='lat' dir='ltr'>ad</span> <span class='ocrx_word' id='word_1_541' title='bbox 2388 4890 2688 4946; x_wconf 89' lang='lat' dir='ltr'>Societatis</span> <span class='ocrx_word' id='word_1_542' title='bbox 2717 4888 3037 4946; x_wconf 81' lang='lat' dir='ltr'>directores</span> <span class='ocrx_word' id='word_1_543' title='bbox 3066 4891 3221 4949; x_wconf 89' lang='lat' dir='ltr'>datis</span> <span class='ocrx_word' id='word_1_544' title='bbox 3243 4907 3487 4950; x_wconf 84' lang='lat' dir='ltr'>annexa</span> <span class='ocrx_word' id='word_1_545' title='bbox 3514 4902 3620 4954; x_wconf 89' lang='lat' dir='ltr'>est</span> <span class='ocrx_word' id='word_1_546' title='bbox 3652 4916 3766 4956; x_wconf 81' lang='lat' dir='ltr'>co—</span> 
     </span>
    </p>
   </div>
   <div class='ocr_carea' id='block_1_77' title="bbox 319 4960 3760 5032">
    <p class='ocr_par' dir='ltr' id='par_1_77' title="bbox 319 4960 3760 5032">
     <span class='ocr_line' id='line_1_78' title="bbox 319 4960 3760 5032; baseline 0.003 -15"><span class='ocrx_word' id='word_1_547' title='bbox 319 4960 466 5017; x_wconf 83' lang='lat' dir='ltr'>dicis</span> <span class='ocrx_word' id='word_1_548' title='bbox 495 4960 833 5032; x_wconf 89' lang='lat' dir='ltr'>descriptio,</span> <span class='ocrx_word' id='word_1_549' title='bbox 860 4976 931 5015; x_wconf 85' lang='lat' dir='ltr'>ex</span> <span class='ocrx_word' id='word_1_550' title='bbox 951 4976 1074 5032; x_wconf 86' lang='lat' dir='ltr'>qua</span> <span class='ocrx_word' id='word_1_551' title='bbox 1103 4976 1236 5031; x_wconf 78' lang='lat' dir='ltr'>quae</span> <span class='ocrx_word' id='word_1_552' title='bbox 1266 4960 1343 5015; x_wconf 87' lang='lat' dir='ltr'>ad</span> <span class='ocrx_word' id='word_1_553' title='bbox 1373 4977 1498 5015; x_wconf 88' lang='lat' dir='ltr'>rem</span> <span class='ocrx_word' id='word_1_554' title='bbox 1528 4966 1795 5017; x_wconf 90' lang='lat' dir='ltr'>nostram</span> <span class='ocrx_word' id='word_1_555' title='bbox 1828 4960 2051 5017; x_wconf 87' lang='lat' dir='ltr'>faciunt</span> <span class='ocrx_word' id='word_1_556' title='bbox 2075 4960 2399 5032; x_wconf 81' lang='lat' dir='ltr'>afl&#39;eriinus.</span> <span class='ocrx_word' id='word_1_557' title='bbox 2434 4962 2631 5017; x_wconf 80' lang='lat' dir='ltr'>Codex</span> <span class='ocrx_word' id='word_1_558' title='bbox 2657 4965 2745 5016; x_wconf 84' lang='lat' dir='ltr'>est</span> <span class='ocrx_word' id='word_1_559' title='bbox 2770 4961 2921 5016; x_wconf 89' lang='lat' dir='ltr'>inter</span> <span class='ocrx_word' id='word_1_560' title='bbox 2948 4964 3003 5016; x_wconf 84' lang='lat' dir='ltr'>S.</span> <span class='ocrx_word' id='word_1_561' title='bbox 3039 4966 3648 5024; x_wconf 86' lang='lat' dir='ltr'>Emmerammianos</span> <span class='ocrx_word' id='word_1_562' title='bbox 3688 4974 3760 5027; x_wconf 88' lang='lat' dir='ltr'>E.</span> 
     </span>
    </p>
   </div>
   <div class='ocr_carea' id='block_1_78' title="bbox 319 5031 3764 5112">
    <p class='ocr_par' dir='ltr' id='par_1_78' title="bbox 319 5031 3764 5112">
     <span class='ocr_line' id='line_1_79' title="bbox 319 5031 3764 5112; baseline 0.003 -27"><span class='ocrx_word' id='word_1_563' title='bbox 319 5036 407 5112; x_wconf 64' lang='lat'>&#39;79,</span> <span class='ocrx_word' id='word_1_564' title='bbox 427 5032 589 5112; x_wconf 70' lang='lat' dir='ltr'>initio</span> <span class='ocrx_word' id='word_1_565' title='bbox 619 5031 819 5112; x_wconf 65' lang='lat' dir='ltr'>saeculi</span> <span class='ocrx_word' id='word_1_566' title='bbox 846 5035 929 5099; x_wconf 83' lang='lat' dir='ltr'>1X,</span> <span class='ocrx_word' id='word_1_567' title='bbox 950 5031 1025 5099; x_wconf 76' lang='lat' dir='ltr'>et,</span> <span class='ocrx_word' id='word_1_568' title='bbox 1054 5032 1339 5112; x_wconf 67' lang='lat' dir='ltr'>utvcrius</span> <span class='ocrx_word' id='word_1_569' title='bbox 1358 5032 1587 5112; x_wconf 44' lang='lat' dir='ltr'>‘dicam,</span> <span class='ocrx_word' id='word_1_570' title='bbox 1612 5034 1761 5111; x_wconf 72' lang='lat' dir='ltr'>anni</span> <span class='ocrx_word' id='word_1_571' title='bbox 1778 5033 1981 5112; x_wconf 72' lang='lat' dir='ltr'>damni</span> <span class='ocrx_word' id='word_1_572' title='bbox 1997 5031 2341 5112; x_wconf 78' lang='lat' dir='ltr'>Htudowici</span> <span class='ocrx_word' id='word_1_573' title='bbox 2358 5033 2766 5112; x_wconf 54' lang='lat' dir='ltr'>quartijrtdic.</span> <span class='ocrx_word' id='word_1_574' title='bbox 2903 5033 2999 5089; x_wconf 89' lang='lat' dir='ltr'>die</span> <span class='ocrx_word' id='word_1_575' title='bbox 3031 5038 3094 5089; x_wconf 81' lang='grc'>16</span> <span class='ocrx_word' id='word_1_576' title='bbox 3119 5036 3243 5089; x_wconf 79' lang='lat' dir='ltr'>kat.</span> <span class='ocrx_word' id='word_1_577' title='bbox 3268 5037 3422 5112; x_wconf 64' lang='lat' dir='ltr'>mai.</span> <span class='ocrx_word' id='word_1_578' title='bbox 3440 5039 3764 5112; x_wconf 84' lang='lat' dir='ltr'>scriptus,</span> 
     </span>
    </p>
   </div>
   <div class='ocr_carea' id='block_1_79' title="bbox 318 5101 3765 5176">
    <p class='ocr_par' dir='ltr' id='par_1_79' title="bbox 318 5101 3765 5176">
     <span class='ocr_line' id='line_1_80' title="bbox 318 5101 3765 5176; baseline 0.003 -18"><span class='ocrx_word' id='word_1_579' title='bbox 318 5109 385 5158; x_wconf 92' lang='lat' dir='ltr'>ut</span> <span class='ocrx_word' id='word_1_580' title='bbox 410 5104 499 5158; x_wconf 88' lang='lat' dir='ltr'>vir</span> <span class='ocrx_word' id='word_1_581' title='bbox 526 5102 903 5176; x_wconf 77' lang='lat' dir='ltr'>doctissimus</span> <span class='ocrx_word' id='word_1_582' title='bbox 932 5119 1003 5157; x_wconf 78' lang='lat' dir='ltr'>ex</span> <span class='ocrx_word' id='word_1_583' title='bbox 1035 5101 1484 5176; x_wconf 69' lang='lat' dir='ltr'>ultimisdeletae</span> <span class='ocrx_word' id='word_1_584' title='bbox 1513 5104 1575 5156; x_wconf 89' lang='lat' dir='ltr'>in</span> <span class='ocrx_word' id='word_1_585' title='bbox 1614 5104 2061 5176; x_wconf 80' lang='lat' dir='ltr'>primapagina</span> <span class='ocrx_word' id='word_1_586' title='bbox 2090 5101 2389 5176; x_wconf 69' lang='lat' dir='ltr'>sententia:</span> <span class='ocrx_word' id='word_1_587' title='bbox 2423 5103 2612 5158; x_wconf 84' lang='lat' dir='ltr'>verbis</span> <span class='ocrx_word' id='word_1_588' title='bbox 2641 5103 2808 5176; x_wconf 84' lang='lat' dir='ltr'>haud</span> <span class='ocrx_word' id='word_1_589' title='bbox 2853 5104 3180 5174; x_wconf 83' lang='lat' dir='ltr'>incongrue</span> <span class='ocrx_word' id='word_1_590' title='bbox 3211 5106 3496 5176; x_wconf 86' lang='lat' dir='ltr'>conjicit;</span> <span class='ocrx_word' id='word_1_591' title='bbox 3546 5101 3765 5169; x_wconf 53' lang='lat' dir='ltr'>e&#39;onti;</span> 
     </span>
    </p>
   </div>
   <div class='ocr_carea' id='block_1_80' title="bbox 317 5171 3769 5245">
    <p class='ocr_par' dir='ltr' id='par_1_80' title="bbox 317 5171 3769 5245">
     <span class='ocr_line' id='line_1_81' title="bbox 317 5171 3769 5245; baseline 0.003 -17"><span class='ocrx_word' id='word_1_592' title='bbox 317 5178 417 5245; x_wconf 87' lang='lat' dir='ltr'>net</span> <span class='ocrx_word' id='word_1_593' title='bbox 441 5173 1030 5245; x_wconf 10' lang='lat' dir='ltr'>opusgdeicomputo,</span> <span class='ocrx_word' id='word_1_594' title='bbox 1061 5171 1466 5245; x_wconf 87' lang='lat' dir='ltr'>calendarium</span> <span class='ocrx_word' id='word_1_595' title='bbox 1501 5171 1990 5245; x_wconf 79' lang='lat' dir='ltr'>astronomicum,</span> <span class='ocrx_word' id='word_1_596' title='bbox 2021 5173 2221 5245; x_wconf 91' lang='lat' dir='ltr'>cyclos</span> <span class='ocrx_word' id='word_1_597' title='bbox 2273 5172 2828 5231; x_wconf 89' lang='lat' dir='ltr'>decennovennales</span> <span class='ocrx_word' id='word_1_598' title='bbox 2878 5171 3178 5231; x_wconf 77' lang='lat' dir='ltr'>annorum</span> <span class='ocrx_word' id='word_1_599' title='bbox 3208 5171 3342 5243; x_wconf 62' lang='lat'>779,</span> <span class='ocrx_word' id='word_1_600' title='bbox 3370 5171 3492 5233; x_wconf 41' lang='lat'>873&#39;</span> <span class='ocrx_word' id='word_1_601' title='bbox 3512 5186 3581 5237; x_wconf 86' lang='lat' dir='ltr'>et</span> <span class='ocrx_word' id='word_1_602' title='bbox 3615 5182 3769 5240; x_wconf 85' lang='lat' dir='ltr'>ulti-</span> 
     </span>
    </p>
   </div>
   <div class='ocr_carea' id='block_1_81' title="bbox 319 5242 3764 5327">
    <p class='ocr_par' dir='ltr' id='par_1_81' title="bbox 319 5242 3764 5327">
     <span class='ocr_line' id='line_1_82' title="bbox 319 5242 3764 5327; baseline 0.004 -30"><span class='ocrx_word' id='word_1_603' title='bbox 319 5244 436 5327; x_wconf 58' lang='lat' dir='ltr'>mis</span> <span class='ocrx_word' id='word_1_604' title='bbox 466 5242 748 5327; x_wconf 37' lang='lat' dir='ltr'>sexvfoliis</span> <span class='ocrx_word' id='word_1_605' title='bbox 773 5242 910 5327; x_wconf 74' lang='lat' dir='ltr'>inde</span> <span class='ocrx_word' id='word_1_606' title='bbox 940 5260 975 5299; x_wconf 91' lang='lat' dir='ltr'>a</span> <span class='ocrx_word' id='word_1_607' title='bbox 1005 5244 1103 5323; x_wconf 84' lang='lat' dir='ltr'>fol.</span> <span class='ocrx_word' id='word_1_608' title='bbox 1138 5248 1204 5298; x_wconf 90' lang='lat'>80</span> <span class='ocrx_word' id='word_1_609' title='bbox 1226 5244 1478 5327; x_wconf 61' lang='lat' dir='ltr'>annales</span> <span class='ocrx_word' id='word_1_610' title='bbox 1508 5244 1670 5327; x_wconf 68' lang='lat' dir='ltr'>istos,</span> <span class='ocrx_word' id='word_1_611' title='bbox 1698 5260 1824 5327; x_wconf 67' lang='lat' dir='ltr'>una</span> <span class='ocrx_word' id='word_1_612' title='bbox 1848 5242 2181 5327; x_wconf 73' lang='lat' dir='ltr'>eademque</span> <span class='ocrx_word' id='word_1_613' title='bbox 2220 5259 2406 5327; x_wconf 82' lang='lat' dir='ltr'>manu</span> <span class='ocrx_word' id='word_1_614' title='bbox 2426 5249 2729 5327; x_wconf 46' lang='lat' dir='ltr'>enare-tos.</span> <span class='ocrx_word' id='word_1_615' title='bbox 2766 5245 2986 5327; x_wconf 72' lang='lat' dir='ltr'>Eadem</span> <span class='ocrx_word' id='word_1_616' title='bbox 3012 5262 3234 5327; x_wconf 80' lang='lat' dir='ltr'>manus</span> <span class='ocrx_word' id='word_1_617' title='bbox 3266 5262 3575 5327; x_wconf 75' lang='lat' dir='ltr'>numeros</span> <span class='ocrx_word' id='word_1_618' title='bbox 3614 5256 3764 5327; x_wconf 65' lang='grc'>824,</span> 
     </span>
    </p>
   </div>
   <div class='ocr_carea' id='block_1_82' title="bbox 321 5313 3769 5398">
    <p class='ocr_par' dir='ltr' id='par_1_82' title="bbox 321 5313 3769 5398">
     <span class='ocr_line' id='line_1_83' title="bbox 321 5313 3769 5398; baseline 0.003 -30"><span class='ocrx_word' id='word_1_619' title='bbox 321 5318 423 5368; x_wconf 65' lang='grc'><strong>849</strong></span> <span class='ocrx_word' id='word_1_620' title='bbox 455 5313 702 5398; x_wconf 60' lang='lat' dir='ltr'>addidit,</span> <span class='ocrx_word' id='word_1_621' title='bbox 736 5315 918 5398; x_wconf 77' lang='lat' dir='ltr'>altera</span> <span class='ocrx_word' id='word_1_622' title='bbox 944 5315 1155 5393; x_wconf 80' lang='lat' dir='ltr'>seriem</span> <span class='ocrx_word' id='word_1_623' title='bbox 1182 5314 1343 5398; x_wconf 33' lang='lat' dir='ltr'>‘ab‘a.</span> <span class='ocrx_word' id='word_1_624' title='bbox 1379 5318 1481 5398; x_wconf 68' lang='grc' dir='ltr'>8ξο</span> <span class='ocrx_word' id='word_1_625' title='bbox 1512 5314 1590 5369; x_wconf 88' lang='lat' dir='ltr'>ad</span> <span class='ocrx_word' id='word_1_626' title='bbox 1613 5332 1665 5370; x_wconf 88' lang='lat' dir='ltr'>a.</span> <span class='ocrx_word' id='word_1_627' title='bbox 1695 5320 1803 5397; x_wconf 38' lang='grc'>941.</span> <span class='ocrx_word' id='word_1_628' title='bbox 1817 5313 2104 5398; x_wconf 76' lang='lat' dir='ltr'>perduxit</span> <span class='ocrx_word' id='word_1_629' title='bbox 2130 5316 2299 5398; x_wconf 64' lang='lat' dir='ltr'>notis</span> <span class='ocrx_word' id='word_1_630' title='bbox 2339 5315 2516 5398; x_wconf 75' lang='lat' dir='ltr'>nullis</span> <span class='ocrx_word' id='word_1_631' title='bbox 2541 5314 2887 5398; x_wconf 35' lang='lat' dir='ltr'>additistita</span> <span class='ocrx_word' id='word_1_632' title='bbox 2916 5321 2981 5371; x_wconf 90' lang='lat' dir='ltr'>ut</span> <span class='ocrx_word' id='word_1_633' title='bbox 3008 5321 3197 5372; x_wconf 89' lang='lat' dir='ltr'>totum</span> <span class='ocrx_word' id='word_1_634' title='bbox 3223 5319 3553 5398; x_wconf 81' lang='lat' dir='ltr'>annalium</span> <span class='ocrx_word' id='word_1_635' title='bbox 3583 5313 3769 5398; x_wconf 66' lang='lat' dir='ltr'>Opus</span> 
     </span>
    </p>
   </div>
   <div class='ocr_carea' id='block_1_83' title="bbox 319 5385 3769 5456">
    <p class='ocr_par' dir='ltr' id='par_1_83' title="bbox 319 5385 3769 5456">
     <span class='ocr_line' id='line_1_84' title="bbox 319 5385 3769 5456; baseline 0.004 -16"><span class='ocrx_word' id='word_1_636' title='bbox 319 5399 481 5440; x_wconf 90' lang='lat' dir='ltr'>anno</span> <span class='ocrx_word' id='word_1_637' title='bbox 511 5387 610 5438; x_wconf 82' lang='lat'>823</span> <span class='ocrx_word' id='word_1_638' title='bbox 643 5385 924 5456; x_wconf 88' lang='lat' dir='ltr'>scriptum</span> <span class='ocrx_word' id='word_1_639' title='bbox 952 5385 1388 5456; x_wconf 85' lang='lat' dir='ltr'>essevideatur.</span> <span class='ocrx_word' id='word_1_640' title='bbox 1424 5387 1563 5449; x_wconf 66' lang='lat' dir='ltr'>Quae</span> <span class='ocrx_word' id='word_1_641' title='bbox 1608 5403 1745 5442; x_wconf 90' lang='lat' dir='ltr'>cum</span> <span class='ocrx_word' id='word_1_642' title='bbox 1788 5385 1870 5443; x_wconf 71' lang='lat' dir='ltr'>ita</span> <span class='ocrx_word' id='word_1_643' title='bbox 1900 5387 2037 5455; x_wconf 90' lang='lat' dir='ltr'>sint,</span> <span class='ocrx_word' id='word_1_644' title='bbox 2070 5385 2273 5441; x_wconf 85' lang='lat' dir='ltr'>addito</span> <span class='ocrx_word' id='word_1_645' title='bbox 2308 5386 2485 5456; x_wconf 18' lang='lat' dir='ltr'>Aquod</span> <span class='ocrx_word' id='word_1_646' title='bbox 2524 5400 2683 5456; x_wconf 87' lang='lat' dir='ltr'>anno</span> <span class='ocrx_word' id='word_1_647' title='bbox 2733 5389 2833 5442; x_wconf 77' lang='lat'>803</span> <span class='ocrx_word' id='word_1_648' title='bbox 2864 5403 3042 5443; x_wconf 87' lang='lat' dir='ltr'>voces</span> <span class='ocrx_word' id='word_1_649' title='bbox 3082 5404 3262 5443; x_wconf 89' lang='lat' dir='ltr'>sensu</span> <span class='ocrx_word' id='word_1_650' title='bbox 3294 5397 3586 5450; x_wconf 88' lang='lat' dir='ltr'>carentes</span> <span class='ocrx_word' id='word_1_651' title='bbox 3618 5385 3769 5456; x_wconf 65' lang='lat' dir='ltr'>non</span> 
     </span>
    </p>
   </div>
   <div class='ocr_carea' id='block_1_84' title="bbox 319 5454 3771 5537">
    <p class='ocr_par' dir='ltr' id='par_1_84' title="bbox 319 5454 3771 5537">
     <span class='ocr_line' id='line_1_85' title="bbox 319 5454 3771 5537; baseline 0.003 -28"><span class='ocrx_word' id='word_1_652' title='bbox 319 5458 633 5537; x_wconf 38' lang='lat' dir='ltr'>auc-torem.</span> <span class='ocrx_word' id='word_1_653' title='bbox 668 5454 778 5537; x_wconf 64' lang='lat' dir='ltr'>sed</span> <span class='ocrx_word' id='word_1_654' title='bbox 783 5456 1057 5536; x_wconf 70' lang='lat' dir='ltr'>scribam</span> <span class='ocrx_word' id='word_1_655' title='bbox 1087 5454 1426 5537; x_wconf 71' lang='lat' dir='ltr'>imperitum</span> <span class='ocrx_word' id='word_1_656' title='bbox 1454 5456 1729 5537; x_wconf 79' lang='lat' dir='ltr'>prodant,</span> <span class='ocrx_word' id='word_1_657' title='bbox 1764 5454 2080 5537; x_wconf 38' lang='lat' dir='ltr'>clarissimi.</span> <span class='ocrx_word' id='word_1_658' title='bbox 2106 5454 2724 5537; x_wconf 42' lang='lat' dir='ltr'>Docenii—senten‘tiam</span> <span class='ocrx_word' id='word_1_659' title='bbox 2772 5458 3119 5537; x_wconf 68' lang='lat' dir='ltr'>amplector,</span> <span class='ocrx_word' id='word_1_660' title='bbox 3153 5460 3257 5530; x_wconf 88' lang='lat' dir='ltr'>qui</span> <span class='ocrx_word' id='word_1_661' title='bbox 3287 5459 3402 5516; x_wconf 88' lang='lat' dir='ltr'>ista</span> <span class='ocrx_word' id='word_1_662' title='bbox 3436 5479 3515 5519; x_wconf 79' lang='lat' dir='ltr'>ex</span> <span class='ocrx_word' id='word_1_663' title='bbox 3550 5454 3771 5537; x_wconf 66' lang='lat' dir='ltr'>paulo</span> 
     </span>
    </p>
   </div>
   <div class='ocr_carea' id='block_1_85' title="bbox 319 5523 3772 5598">
    <p class='ocr_par' dir='ltr' id='par_1_85' title="bbox 319 5523 3772 5598">
     <span class='ocr_line' id='line_1_86' title="bbox 319 5523 3772 5598; baseline 0.001 -18"><span class='ocrx_word' id='word_1_664' title='bbox 319 5523 637 5598; x_wconf 83' lang='lat' dir='ltr'>antiquiori</span> <span class='ocrx_word' id='word_1_665' title='bbox 665 5526 866 5582; x_wconf 88' lang='lat' dir='ltr'>codice</span> <span class='ocrx_word' id='word_1_666' title='bbox 895 5556 964 5566; x_wconf 88' lang='lat'>-—-</span> <span class='ocrx_word' id='word_1_667' title='bbox 993 5523 1404 5598; x_wconf 45' lang='lat' dir='ltr'>quem—cyclos</span> <span class='ocrx_word' id='word_1_668' title='bbox 1430 5523 1982 5598; x_wconf 79' lang='lat' dir='ltr'>decennovennales</span> <span class='ocrx_word' id='word_1_669' title='bbox 2028 5526 2281 5598; x_wconf 75' lang='lat' dir='ltr'>abbatiae</span> <span class='ocrx_word' id='word_1_670' title='bbox 2320 5525 2510 5598; x_wconf 79' lang='lat' dir='ltr'>sancti</span> <span class='ocrx_word' id='word_1_671' title='bbox 2542 5527 2580 5579; x_wconf 86' lang='lat' dir='ltr'>E</span> <span class='ocrx_word' id='word_1_672' title='bbox 2609 5523 2965 5583; x_wconf 70' lang='lat' dir='ltr'>umeramini</span> <span class='ocrx_word' id='word_1_673' title='bbox 3010 5523 3193 5584; x_wconf 69' lang='lat' dir='ltr'>fuiSsé</span> <span class='ocrx_word' id='word_1_674' title='bbox 3243 5536 3505 5589; x_wconf 88' lang='lat' dir='ltr'>autumo</span> <span class='ocrx_word' id='word_1_675' title='bbox 3536 5523 3613 5577; x_wconf 60' lang='grc' dir='ltr'>ὶ-</span> <span class='ocrx_word' id='word_1_676' title='bbox 3652 5523 3772 5598; x_wconf 53' lang='grc' dir='ltr'>δεῖ</span> 
     </span>
    </p>
   </div>
   <div class='ocr_carea' id='block_1_86' title="bbox 320 5595 3770 5672">
    <p class='ocr_par' dir='ltr' id='par_1_86' title="bbox 320 5595 3770 5672">
     <span class='ocr_line' id='line_1_87' title="bbox 320 5595 3770 5672; baseline 0.006 -24"><span class='ocrx_word' id='word_1_677' title='bbox 320 5596 538 5672; x_wconf 72' lang='lat' dir='ltr'>scripta</span> <span class='ocrx_word' id='word_1_678' title='bbox 565 5612 691 5652; x_wconf 86' lang='lat' dir='ltr'>esse</span> <span class='ocrx_word' id='word_1_679' title='bbox 714 5600 933 5672; x_wconf 79' lang='lat' dir='ltr'>senset.</span> <span class='ocrx_word' id='word_1_680' title='bbox 963 5598 1136 5672; x_wconf 68' lang='lat' dir='ltr'>idem</span> <span class='ocrx_word' id='word_1_681' title='bbox 1152 5595 1343 5672; x_wconf 74' lang='lat' dir='ltr'>innuit</span> <span class='ocrx_word' id='word_1_682' title='bbox 1371 5597 1567 5667; x_wconf 87' lang='lat' dir='ltr'>operis</span> <span class='ocrx_word' id='word_1_683' title='bbox 1597 5599 1842 5672; x_wconf 75' lang='lat' dir='ltr'>instituti</span> <span class='ocrx_word' id='word_1_684' title='bbox 1872 5596 2215 5672; x_wconf 76' lang='lat' dir='ltr'>ratio,_anni</span> <span class='ocrx_word' id='word_1_685' title='bbox 2241 5596 2410 5672; x_wconf 86' lang='lat' dir='ltr'>multi</span> <span class='ocrx_word' id='word_1_686' title='bbox 2439 5600 2582 5672; x_wconf 75' lang='lat' dir='ltr'>nota</span> <span class='ocrx_word' id='word_1_687' title='bbox 2611 5604 2899 5665; x_wconf 85' lang='lat' dir='ltr'>carentes,</span> <span class='ocrx_word' id='word_1_688' title='bbox 2924 5604 3158 5672; x_wconf 88' lang='lat' dir='ltr'>etopus</span> <span class='ocrx_word' id='word_1_689' title='bbox 3191 5600 3385 5657; x_wconf 89' lang='lat' dir='ltr'>simile</span> <span class='ocrx_word' id='word_1_690' title='bbox 3416 5604 3481 5660; x_wconf 88' lang='lat' dir='ltr'>in</span> <span class='ocrx_word' id='word_1_691' title='bbox 3517 5595 3770 5669; x_wconf 80' lang='lat' dir='ltr'>eodem</span> 
     </span>
    </p>
   </div>
   <div class='ocr_carea' id='block_1_87' title="bbox 318 5663 3077 5739">
    <p class='ocr_par' dir='ltr' id='par_1_87' title="bbox 318 5663 3077 5739">
     <span class='ocr_line' id='line_1_88' title="bbox 318 5663 3077 5739; baseline 0.003 -20"><span class='ocrx_word' id='word_1_692' title='bbox 318 5663 521 5720; x_wconf 82' lang='lat' dir='ltr'>codice</span> <span class='ocrx_word' id='word_1_693' title='bbox 546 5667 923 5739; x_wconf 54' lang='lat' dir='ltr'>praecedensL</span> <span class='ocrx_word' id='word_1_694' title='bbox 946 5663 1370 5739; x_wconf 83' lang='lat' dir='ltr'>Adnotationes</span> <span class='ocrx_word' id='word_1_695' title='bbox 1398 5663 1700 5739; x_wconf 75' lang='lat' dir='ltr'>nonnullae</span> <span class='ocrx_word' id='word_1_696' title='bbox 1726 5685 1864 5725; x_wconf 92' lang='lat' dir='ltr'>cum</span> <span class='ocrx_word' id='word_1_697' title='bbox 1890 5663 2209 5739; x_wconf 86' lang='lat' dir='ltr'>annalibus</span> <span class='ocrx_word' id='word_1_698' title='bbox 2234 5665 2670 5739; x_wconf 68' lang='lat' dir='ltr'>Juvavensibus</span> <span class='ocrx_word' id='word_1_699' title='bbox 2698 5663 3077 5727; x_wconf 72' lang='lat' dir='ltr'>conveniunt.</span> 
     </span>
    </p>
   </div>
   <div class='ocr_carea' id='block_1_88' title="bbox 388 5735 3772 5831">
    <p class='ocr_par' dir='ltr' id='par_1_88' title="bbox 388 5735 3772 5831">
     <span class='ocr_line' id='line_1_89' title="bbox 388 5735 3772 5831; baseline 0.005 -35"><span class='ocrx_word' id='word_1_700' title='bbox 388 5735 646 5797; x_wconf 72' lang='lat' dir='ltr'>Annales</span> <span class='ocrx_word' id='word_1_701' title='bbox 673 5737 863 5799; x_wconf 83' lang='lat' dir='ltr'>sancti</span> <span class='ocrx_word' id='word_1_702' title='bbox 887 5736 1314 5794; x_wconf 85' lang='lat' dir='ltr'>Emmerammi</span> <span class='ocrx_word' id='word_1_703' title='bbox 1340 5735 1601 5797; x_wconf 87' lang='lat' dir='ltr'>minores</span> <span class='ocrx_word' id='word_1_704' title='bbox 1619 5739 1886 5799; x_wconf 77' lang='lat' dir='ltr'>Andreas</span> <span class='ocrx_word' id='word_1_705' title='bbox 1917 5739 2073 5799; x_wconf 81' lang='lat' dir='ltr'>Felix</span> <span class='ocrx_word' id='word_1_706' title='bbox 2103 5737 2354 5798; x_wconf 71' lang='lat' dir='ltr'>(Efelins</span> <span class='ocrx_word' id='word_1_707' title='bbox 2376 5741 2414 5795; x_wconf 90' lang='lat' dir='ltr'>t.</span> <span class='ocrx_word' id='word_1_708' title='bbox 2432 5740 2471 5796; x_wconf 90' lang='lat' dir='ltr'>l.</span> <span class='ocrx_word' id='word_1_709' title='bbox 2505 5737 2870 5816; x_wconf 81' lang='lat' dir='ltr'>Scriptorum</span> <span class='ocrx_word' id='word_1_710' title='bbox 2884 5756 3086 5802; x_wconf 90' lang='lat' dir='ltr'>rerum</span> <span class='ocrx_word' id='word_1_711' title='bbox 3106 5742 3447 5820; x_wconf 79' lang='lat' dir='ltr'>Boicarum,</span> <span class='ocrx_word' id='word_1_712' title='bbox 3468 5762 3635 5825; x_wconf 75' lang='lat' dir='ltr'>pag.</span> <span class='ocrx_word' id='word_1_713' title='bbox 3660 5756 3772 5831; x_wconf 68' lang='lat'>46,</span> 
     </span>
    </p>
   </div>
  </div>
