3910 6380
161 324 288 380 1105

1409 317 1727 375 ANNALES
1768 317 1823 374 S.
1867 315 2303 374 EMMERAMMI.

3432 321 3566 380 1106

152 466 221 504 cx
251 445 450 503 codice
480 445 947 503 membranaceo
979 446 1056 502 ab
1087 447 1459 503 Hartmanno
1517 445 1760 500 Schedel
1816 444 2190 500 bibliothecze
2243 444 2578 501 Monacensi
2617 444 2780 500 illato
2811 445 3017 501 edidit.
3044 447 3172 503 Una
3199 463 3340 503 cum
3390 450 3564 505 Beda:

155 521 300 575 libro
332 522 407 573 De
433 519 659 574 ratione
691 523 1030 590 temporum
1062 519 1262 590 cyclos
1289 517 1859 590 decennovennales
1901 516 2050 590 inde
2071 532 2108 590 a_
2138 516 2366 571 Christo
2420 521 2562 571 nato
2594 533 2787 588 usque
2846 518 3180 590 adannum
3219 523 3351 575 1063
3385 523 3566 576 conti-

153 596 249 647 net
281 609 292 657 ;
325 590 764 653 adnotationes,
809 588 1026 646 Ulifelio
1058 588 1222 655 teste,
1277 589 1518 644 duobus
1574 588 1960 660 scriptoribus
2017 588 2329 660 debentur,
2385 604 2648 660 quorum
2679 605 2897 644 manus
2927 589 3117 645 littera
3146 597 3304 646 recta
3335 597 3391 648 et
3421 593 3566 648 obli-

153 661 580 734 quadistinxit.
618 665 680 716 Et
706 678 816 716 nos
845 662 1238 734 quidemﬁnon
1265 661 1446 734 duos,
1483 661 1589 716 sed
1621 659 1958 734 complures
1981 659 2138 712 \‘il‘OS
2173 676 2278 734 per
2305 659 2661 734 saeculorum
2692 660 3014 734 decursum
3046 667 3218 716 notas
3243 662 3379 718 licet
3437 665 3565 719 bre-

153 730 421 788 riSsimas
453 733 767 802 adjecisse,
800 730 1165 788 ct'nonnulla
1194 733 1392 788 minus
1425 738 1578 788 recte
1609 733 1686 786 ab
1747 730 1963 786 ()Efelio
2011 731 2308 801 exscripta
2366 747 2496 784 esse
2528 730 2774 802 opinati,
2802 732 3024 787 litteras
3055 750 3125 788 ca
3155 734 3230 787 de
3257 751 3317 789 re
3351 735 3427 789 ad
3457 739 3564 790 Do-

151 805 383 876 cenium
416 811 686 859 nostrum
713 805 1013 872 dedimus,
1046 806 1216 876 cujus
1258 811 1457 859 tamen
1509 820 1681 858 curas
1713 803 1980 857 codicem
2027 802 2361 876 hucusque
2387 802 2663 870 chugisse
2693 802 2990 876 dolemus.
3031 806 3107 858 Eo
3137 805 3383 861 fortasse
3418 824 3562 862 usus

151 882 235 931 est
259 875 523 931 Andreas
550 876 1006 956 ‘Batisponcnsis
1038 872 1430 956 in'chronico
1489 876 1910 956 episcoporum
1953 872 2692 956 Ratisponensium,.nam
2736 875 3014 956 quamvis
3040 892 3336 956 annorum
3395 879 3562 956 apud

150 965 284 1002 cum
317 947 686 1020 computatio
717 945 776 1002 in
805 949 1150 1020 universum
1181 945 1590 1020 minimeicu'm
1627 945 1954 1020 annalibus
1977 945 2192 1020 nostris
2224 945 2554 1020 conveniat,
2588 945 2974 1020 anno’tamen
3006 952 3108 1001 062
3143 947 3375 1003 initium
3407 945 3561 1018 c'pis-

149 1023 395 1092 copatus
426 1017 480 1073 S'.
520 1018 866 1092 Wolfgangi
916 1019 1154 1092 attribui
1200 1036 1392 1092 posse
1428 1018 1519 1073 liis
1551 1018 1748 1092 verbis
1783 1019 1874 1092 uel
1899 1018 2052 1092 sicut
2082 1018 2141 1071 in
2172 1017 2425 1092 quadam
2468 1019 2754 1072 chronica
2783 1019 2928 1071 satis
2964 1020 3307 1092 aut/centica
3341 1017 3564 1087 legitur

149 1088 287 1162 dicit
320 1108 331 1156 ;
363 1106 600 1162 necnon
631 1090 897 1162 primum
939 1088 1274 1146 Batisbonae
1301 1088 2386 1162 episcopumrGaubaldumnominat,
2431 1104 2620 1162 quum
2671 1093 2884 1162 tamen
2913 1089 3128 1144 rectius
3183 1091 3561 1147 Gausbaldus

147 1161 238 1216 vel
261 1159 890 1231 Gauzbaldus'audiat,
926 1162 1152 1234 quippe
1179 1163 1284 1234 qui
1313 1159 1370 1218 et
1395 1162 1457 1218 in
1483 1159 1801 1216 annalibus
1829 1159 2210 1218 Mettensibus
2240 1159 2316 1216 ad
2347 1176 2400 1215 a.
2429 1164 2529 1215 713
2557 1159 2964 1216 Cauzebaldus
2997 1166 3261 1216 vocetur.

839 1451 927 1503 ΑΝ
940 1449 1164 1504 NALES
1207 1448 1448 1504 SANCTI
1493 1449 1787 1503 EMMERAI

2006 1446 2284 1502 \"l‘ISPON
2297 1448 2490 1502 ENSIS
2530 1448 2858 1504 MAJORES.

136 1685 301 1738 ANNI
343 1680 391 1734 Α
431 1681 842 1737 ΝΛΤΝΙΤΑΤΕ
884 1682 1154 1737 ΒΟΜΙΝΙ.

133 1775 256 1827 748.
283 1770 573 1844 Pippinus
603 1769 902 1825 Critonem
937 1771 1011 1825 de
1051 1769 1380 1826 Baiowaria
1443 1767 1686 1841 expulit,
1743 1773 1798 1824 ct

275 1860 540 1919 Tasiloni
571 1860 858 1917 ducatum
881 1860 1064 1916 dedit.

132 1957 254 2009 7-19.

132 2047 255 2099 750.
280 2042 572 2116 Pippinus
598 2057 700 2098 rex
729 2040 919 2098 factus
950 2045 1055 2098 est.

130 2133 252 2187 751.
285 2137 414 2188 75'2.

130 2227 251 2278 753.
277 2222 622 2295 Stephanus
649 2237 809 2295 papa
840 2221 900 2276 in
933 2221 1235 2277 Frantiam
1257 2221 1433 2276 venit.

129 2315 252 2368 754.
276 2312 624 2368 Bonifacius
651 2311 1080 2383 martyrizatur.

130 2406 254 2456 755.
281 2406 410 2457 756.
450 2406 572 2456 757.
611 2405 734 2457 758.
767 2406 892 2456 759.
926 2406 1049 2455 760.
1083 2404 1204 2455 76!.
1234 2404 1356 2455 762.

128 2494 250 2547 763.
281 2490 535 2562 Hiemps
564 2505 822 2560 magnus
853 2493 995 2545 erat.

125 2583 249 2634 76'}.
272 2584 399 2636 765.
440 2584 562 2634 766.
597 2585 720 2634 767.

125 2671 246 2724 768.
275 2668 568 2744 Pippinus
599 2685 701 2726 rex
731 2668 896 2738 obiit,
929 2672 984 2725 et
1010 2669 1253 2726 Carolus
1309 2672 1366 2726 et
1413 2668 1791 2726 Caroloman-

265 2775 386 2815 nus
432 2775 602 2830 rcges
629 2759 767 2816 facti
797 2763 953 2814 sunt.

123 2851 244 2904 769.
277 2855 405 2905 770.
441 2854 564 2904 771.

121 2941 245 2994 772.
274 2939 531 2996 Carolus
555 2939 615 2996 in
659 2940 914 2996 Saxonia
971 2939 1347 3013 conquesivit
1395 2939 1683 2996 Eresburc
1739 2944 1793 2995 ct

267 3029 574 3100 lrminsul,
634 3033 690 3086 et
736 3029 959 3086 Tassilo
1015 3032 1404 3087 Carentanus.

266 3136 438 3194 papa
463 3119 656 3177 factus
695 3125 802 3177 est.

121 3212 244 3265 773.

125 3299 534 3357 77-1.Carolus
589 3299 834 3374 Papiam
891 3301 1061 3374 cepit.
1125 3303 1375 3358 Sanctus
1430 3302 1792 3376 Hrodpertus

264 3389 599 3446 translatus
623 3395 730 3448 est.

117 3483 241 3534 775.
268 3483 400 3536 776.
439 3485 564 3538 777.
597 3482 721 3536 778.
764 3483 886 3537 779.
922 3485 1044 3536 780.
1079 3486 1202 3537 781.
1237 3485 1358 3538 782.

118 3569 240 3624 783.
270 3569 435 3625 Huni
468 3569 547 3625 ad
578 3569 820 3626 Enisam
842 3575 1149 3636 venerunt,
1184 3571 1288 3626 sed
1337 3571 1420 3628 ibi
1460 3579 1792 3630 nocuerunt

259 3658 439 3714 nihil.

114 3749 240 3806 784.
269 3748 552 3818 Hiltigart
580 3747 785 3820 regina
809 3754 865 3806 et
893 3752 1089 3823 Arpeo
1121 3751 1269 3823 (273)
1302 3753 1622 3826 episcopus
1668 3753 1792 3810 obi-

259 3840 467 3903 erunt,
503 3841 559 3892 et
588 3841 720 3894 Atto
753 3840 890 3910 (274)
924 3839 1242 3912 episcOpus
1275 3839 1466 3896 factus
1503 3845 1608 3897 est.

110 3927 238 3980 785.
266 3928 488 3995 Pugna
520 3927 984 3984 Baiowariorum
1018 3945 1152 3984 cum
1186 3929 1512 4002 Hrodperto
1542 3930 1621 3986 ad
1652 3934 1791 3987 Pau~

257 4029 420 4070 zana
449 4016 614 4085 (275).
645 4015 919 4085 Virgilius
978 4019 1296 4091 episcopus
1321 4021 1464 4089 (276)
1498 4024 1554 4076 et
1612 4022 1791 4094 Opor-

255 4107 451 4159 tunus
475 4104 667 4160 abbas
696 4108 841 4177 (277)
872 4107 1166 4164 obierunt.

109 4195 232 4248 786.
262 4195 513 4249 Hartrat
538 4195 768 4251 malum
795 4197 1109 4251 consilium
1144 4197 1312 4266 fecit;
1347 4203 1403 4254 et
1434 4199 1671 4272 signum
1728 4201 1789 4258 in

251 4283 635 4339 vestimentis
691 4285 1028 4342 hominum.
1093 4291 1212 4342 Arn
1261 4289 1584 4363 episcopus
1639 4296 1788 4364 (278)

254 4373 586 4428 ordinatus
614 4379 718 4430 est.

101 4460 229 4517 787.
266 4465 551 4518 Domnus
580 4464 826 4520 Carolus
860 4481 960 4520 rex
986 4469 1183 4521 Romie
1237 4468 1364 4538 fuit,
1417 4474 1474 4525 et
1528 4470 1666 4526 inde
1715 4473 1793 4528 ad

249 4553 377 4606 Leh
408 4571 421 4618 ;
457 4553 732 4608 obsidem
783 4555 1108 4609 Tassilonis
1163 4556 1349 4612 lilium
1407 4559 1790 4614 Theodonem

250 4644 410 4698 tulit.

99 4734 228 4787 788.
256 4733 505 4789 Tassilo
528 4739 740 4807 captus
782 4738 888 4805 est,
946 4740 1000 4790 et
1056 4737 1202 4791 Huni
1253 4738 1330 4793 ad
1386 4739 1787 4814 Furgali{279)

245 4828 307 4878 et
339 4823 409 4878 in
445 4822 777 4880 Baiowaria
803 4842 815 4893 ;
849 4830 903 4880 et
935 4825 1179 4880 Carolus
1211 4826 1404 4899 primo
1436 4827 1495 4883 in
1524 4828 1788 4886 Baiowa-

246 4912 365 4968 ria.

95 5004 223 5058 789.
260 5006 398 5059 790.

1835 1684 1878 1736 Λ
1912 1685 2034 1734 791.
2063 1679 2306 1735 Carolus
2334 1679 2528 1751 primo
2555 1680 2615 1736 in
2644 1681 2918 1736 Huniam.

1906 1771 2328 1841 702.5ynodus
2389 1776 2596 1826 contra
2657 1771 2837 1826 Felice
2883 1773 2944 1826 in
2997 1771 3459 1839 Reganesburc;
3507 1776 3564 1828 et

2050 1860 2277 1915 malum
2309 1861 2628 1916 consilium
2659 1863 2802 1932 (280)
2835 1865 3037 1917 contra
3070 1861 3366 1918 Carolum.

1905 1953 2028 2005 793.
2056 1950 2298 2006 Carolus
2329 1967 2435 2023 per
2466 1951 2757 2006 fossatum
2787 1951 3166 2008 Alhmonem.

1904 2044 2027 2095 791.
2057 2041 2336 2113 Synodus
2368 2041 2446 2096 ad
2472 2041 3062 2098 Franchonovadam.

1905 2135 2028 2186 795.

1904 2227 2027 2277 706.
2056 2221 2351 2277 Adrianus
2382 2237 2543 2294 papa
2569 2220 2732 2276 obiit.
2751 2220 2905 2276 Huni
2935 2237 2996 2276 se
3026 2221 3430 2278 reddiderunt.
3453 2224 3565 2278 Leo

2048 2328 2210 2384 papa
2250 2311 2441 2368 factus
2481 2315 2586 2367 est.

1904 2406 2028 2456 797.

1902 2495 2024 2546 798.
2049 2495 2168 2548 Arn
2197 2491 2686 2564 archiepiscopus
2715 2491 2909 2547 factus
2941 2495 3045 2546 est.

1901 2587 1928 2635 7
1937 2588 2024 2637 90.
2053 2584 2164 2638 Leo
2192 2597 2353 2654 papa
2383 2581 2819 2652 martyrizatur.

1902 2674 2023 2724 800.
2047 2670 2380 2739 Liutgardis
2413 2670 2619 2740 regina
2647 2669 2812 2725 obiit.

1902 2763 2022 2814 801.
2051 2759 2294 2815 Carolus
2323 2759 2644 2832 imperator
2675 2759 2864 2814 factus
2893 2762 3000 2814 est.

1902 2853 2023 2905 802.
2050 2850 2304 2906 Cadaloc
2335 2855 2392 2905 et
2413 2849 2873 2905 Goterhammus
2905 2863 3014 2903 seu
3043 2847 3219 2904 ceteri
3248 2847 3417 2904 multi
3471 2849 3559 2905 in-

2045 2940 2266 2996 terfecti
2294 2940 2532 2995 fuerunt
2561 2938 2639 2994 ad
2671 2936 2981 2994 castellum
3029 2936 3339 2992 Guntionis
3390 2938 3555 3009 (281).

1495 3029 1792 3086 Adrianus
1835 3047 1870 3100 ις
1903 3034 2024 3086 803.
2052 3031 2296 3087 Carolus
2325 3030 2401 3087 ad
2431 3029 2713 3087 Salzburc
2744 3027 3177 3084 monasterium
3204 3028 3329 3083 fuit.

1903 3124 2026 3176 801.
2055 3124 2317 3177 Saxones
2348 3120 2426 3176 ab
2452 3119 2605 3176 ultra
2632 3117 2873 3175 Albium
2918 3119 3066 3189 (282)
3110 3117 3364 3190 expulsi.
3421 3119 3562 3174 Ath-

2043 3211 2240 3268 winus
2271 3210 2434 3266 obiit.
2468 3219 2471 3221 ’

1903 3307 2024 3358 803.
2055 3304 2166 3357 Leo
2197 3316 2359 3375 papa
2408 3299 2486 3356 ad
2537 3298 2834 3357 Carisiaco
2878 3302 3078 3354 noster
3135 3297 3398 3354 domnus
3454 3299 3562 3354 ha-

2044 3393 2192 3449 buit.
2228 3392 2550 3448 Cabuanus
2576 3391 2723 3460 (283)
2754 3389 2914 3444 venit
2941 3389 3017 3444 ad
3056 3387 3284 3444 domno
3328 3389 3561 3458 Carolo,

2045 3483 2421 3538 etAbraham
2473 3495 2742 3550 cagonus
2803 3480 2942 3548 (28-1)
2993 3477 3329 3550 baptizatus
3383 3494 3563 3550 super

2051 3571 2304 3628 Fiskaha
2343 3573 2510 3641 (285).

1902 3666 2024 3718 806.
2058 3661 2303 3718 Carolus
2354 3675 2608 3731 regnum
2669 3657 2867 3713 divisit
2921 3657 3074 3713 inter
3123 3655 3276 3713 ﬁlios
3331 3672 3472 3713 suos
3498 3657 3560 3714 in

2041 3751 2376 3808 Theodonis
2406 3749 2560 3806 villa.

1901 3846 2024 3899 807.
2053 3845 2175 3898 808.
2209 3844 2331 3898 809.

1900 3936 2022 3989 810.
2045 3931 2329 4006 Pippinus
2375 3931 2521 3988 obiit
2559 3933 2610 3987 8.
2667 3930 2748 3986 Id.
2802 3929 2907 3986 Iul.
2965 3931 3178 4000 Magna
3228 3926 3561 3984 mortalitas

2041 4021 2398 4078 animalium
2431 4020 2556 4077 fuit.

1900 4112 2023 4170 811.
2049 4112 2520 4182 Carolusjunior
2547 4111 2712 4180 obiit,
2744 4115 2796 4167 2.
2830 4113 2976 4166 Non.
3003 4109 3311 4165 Decembr.

1899 4208 2023 4258 812.
2049 4201 2432 4258 Bernhardus
2453 4217 2490 4257 a
2515 4201 2744 4257 domno
2777 4199 2984 4256 Carolo
3010 4215 3114 4255 rex
3145 4198 3337 4254 factus
3363 4202 3469 4255 est.

1899 4293 2311 4348 813.Domnus
2370 4289 2614 4346 Carolus
2667 4290 2992 4362 imperator
3045 4287 3391 4343 Iiludowico
3439 4287 3561 4344 ﬁlio

2042 4397 2150 4434 suo
2183 4395 2468 4433 coronam
2499 4379 2732 4450 imperii
2767 4377 3072 4449 imposuit.

1864 4435 1867 4440 Ι
1904 4473 2025 4524 81-1.
2053 4472 2318 4524 Domnus
2351 4435 2949 4538 Carolus‘impera‘tor
2974 4465 3119 4520 obiit
3147 4471 3176 4519 5
3226 4463 3356 4519 Kal.
3389 4465 3555 4522 Febr.

2043 4558 2212 4612 etatis
2241 4573 2364 4609 sum
2390 4572 2551 4610 anno
2576 4556 2692 4626 71°,
2754 4559 2809 4610 et
2860 4555 3126 4609 domnus
3177 4553 3558 4610 Hludowicus

2043 4647 2336 4718 imperare
2360 4646 2557 4717 ccepit.

1901 4738 2022 4793 815.

1900 4833 2024 4886 816.
2053 4832 2165 4884 Leo
2195 4843 2360 4902 papa
2406 4826 2572 4884 obiit.
2638 4826 2969 4899 Stephanus
3026 4841 3189 4898 papa
3233 4823 3424 4880 factus
3469 4829 3558 4881 est

2041 4925 2096 4975 et
2126 4919 2184 4974 in
2216 4934 2422 4974 mense
2473 4917 2709 4974 Octobr.
2743 4917 2802 4972 in
2853 4915 3049 4972 Remis
3107 4915 3337 4970 civitate
3387 4914 3558 4970 dom-

2043 5026 2189 5067 num
2222 5008 2638 5065 Hludowicum
2669 5008 2748 5064 ad
2778 5007 3196 5080 imperatorem
3223 5005 3551 5062 benedixit.

1732 5194 1956 5248 ΝΟΤίΕ.

165 5345 328 5416 (273)
366 5343 769 5418 Frisingensis
801 5365 813 5412 ;
844 5347 991 5402 alias
1023 5347 1201 5418 Arbo,
1253 5349 1464 5417 Aribo;
1525 5349 1597 5406 cf.
1654 5351 1782 5406 Mei-

93 5415 361 5473 chelbek
399 5415 550 5471 Hist.
590 5417 834 5486 Frising.
870 5423 908 5474 l.
944 5423 1031 5475 82.

164 5490 322 5559 (274)
373 5489 800 5557 Frisingensis.

167 5567 321 5629 (275)
372 5564 618 5615 Botzen.

164 5634 322 5702 (276)
373 5629 851 5699 Salzburgensis.

167 5705 329 5776 (277)
374 5703 844 5776 Lu_n_a.-laccnsis.

162 5772 325 5846 (278)
367 5772 847 5846 Salzburgensis.

163 5845 328 5918 (279)
377 5850 422 5902 Ι.
462 5859 514 5900 e.
545 5845 607 5903 in
641 5845 833 5914 Friuli,
869 5846 1180 5916 Forojulio.

1965 5353 2108 5420 (280)
2151 5352 2404 5425 Pippini.

1967 5426 2112 5490 (281)
2152 5419 2299 5478 Nam
2331 5423 2652 5491 Gunzburg
2680 5423 2739 5478 in
2761 5419 3118 5479 Alamannia
3148 5422 3176 5477 ?

1966 5499 2109 5558 (282)
2150 5499 2300 5550 Num
2323 5495 2518 5549 natale
2553 5495 2786 5550 Domini
2817 5495 2844 5549 ?

1965 5572 2111 5635 (283)
2156 5571 2192 5620 Ι.
2224 5582 2273 5620 e.
2309 5565 2631 5627 cabcanus,
2666 5581 2955 5634 eaganus,
2985 5565 3330 5621 Theodorus
3361 5565 3552 5620 nomi-

1890 5653 1966 5692 ne
1999 5639 2071 5692 cf.
2099 5654 2238 5692 ann.
2278 5636 2554 5691 Einhardi
2587 5635 2663 5689 ad
2696 5637 2754 5690 ll.
2790 5654 2844 5692 a.

1966 5712 2112 5777 (281)
2152 5709 2451 5775 Caganus.
2504 5707 2795 5762 Theodori
2867 5724 3198 5778 successor,
3249 5722 3433 5777 supra
3483 5705 3545 5760 in

1888 5795 2032 5834 ann.
2064 5779 2504 5834 Juvavensibus
2523 5794 2818 5847 paganus.

1964 5852 2105 5922 (2825)
2148 5850 2381 5906 Fluvius
2410 5849 2471 5907 in
2501 5845 2761 5906 conﬁnio
2789 5849 3037 5906 Austriée
3069 5853 3123 5906 et
3156 5845 3442 5917 Ungarite.
