3968 6416
341 323 477 381 119⁸7
1124 318 1421 376 APPEND.
1461 318 1556 374 AD
1595 315 2009 374 ARNOLDUM.
2048 342 2119 357 -
2155 312 2481 373 ANNALES
2520 314 2577 370 S.
2619 314 2981 372 EMMERAM.
3639 316 3823 373 1108

332 446 459 506 817.
480 444 786 505 Pascualis
816 458 981 520 papa
999 442 1192 501 factus
1221 446 1331 511 est,
1364 444 1421 500 et
1440 441 1749 500 Baturicus
1772 439 2000 517 episco-
2036 443 2088 498 Α
2116 442 2242 497 820.
2268 438 2467 497 Hostis
2500 455 2727 513 magna
2754 441 2965 499 contra
2993 437 3405 498 Hliudwitum.

480 552 601 612 pus
630 536 799 609 (286).
2115 532 2240 587 821.
2264 529 2395 587 Alia
2421 530 2615 590 hoste.

340 630 467 685 818.
490 624 871 683 Pernhardus
899 639 1003 680 rex
1031 621 1366 679 carmalum
1394 622 1544 694 (287)
1571 620 1810 680 levavit.
2117 622 2242 678 822.
2263 624 2533 679 Domnus
2555 621 2940 679 Hludowicus
2982 621 3063 679 ad
3113 622 3681 692 Franconovadam,
3740 627 3825 681 et

340 720 464 775 819.
490 713 873 772 Pcrnhardus
949 711 1187 770 interiit.
1273 711 1629 785 Hiltipaldus
1688 711 2007 786 episcopus
2259 710 2620 769 Hludbarius
2643 711 2706 767 in
2734 711 3238 784 Langobardiam.

481 806 629 877 (288)
662 802 809 861 obiit
832 807 890 859 et
917 800 1166 861 Odolfus
1190 801 1335 876 (289)
1359 801 1567 860 comis.
1602 800 1854 860 Liudwit
1882 817 2008 859 car-
2116 804 2243 860 823.
2265 801 2506 875 Hiemps
2538 817 2819 873 magnus,
2853 800 3122 859 similiter
3172 801 3413 860 siccitas
3456 802 3713 874 grandis
3740 807 3822 861 et

482 892 718 952 mulam
746 890 983 951 levavit.
2260 890 2437 949 famis
2466 890 2668 949 valida
2696 892 2867 963 (290).

1040 1179 1368 1237 ANNALES
1411 1178 1661 1237 SANCTI
1699 1179 2117 1238 EMMERAMMI
2154 1177 2703 1236 RATISPONENSIS
2741 1177 3075 1236 MINORES.

626 1362 821 1418 ANNO
861 1358 1405 1417 lNCABNATIONlS
1444 1359 1710 1417 DOMINI.
2047 1363 2089 1418 Β
2259 1358 2687 1428 Radasponam
2735 1356 2898 1414 venit
2957 1356 3122 1429 (296).
3180 1357 3263 1414 Et
3310 1357 3519 1430 ingens
3589 1360 3824 1417 thoni—

343 1457 468 1509 732.
494 1449 843 1508 Gaubaldus
876 1450 926 1486 ετ
956 1447 1271 1506 ordinatur
1306 1447 1628 1522 episcopus
1663 1449 1828 1521 (291).
2267 1452 2473 1503 truum
2523 1448 2759 1518 factum
2816 1451 2922 1503 est.
2981 1446 3208 1504 Occisio
3254 1463 3643 1520 paganorum
3714 1451 3829 1508 ad

343 1545 468 1600 743.
494 1539 751 1597 Karolus
780 1540 1111 1615 imperator
1139 1541 1318 1595 natus
1346 1542 1452 1595 est.
2264 1537 2531 1594 Norrum
2558 1538 2730 1608 (297).

344 1637 468 1689 756.
496 1629 826 1705 Sintpertus
855 1630 1170 1687 ordinatur
1198 1628 1543 1703 episcopus.
2121 1630 2247 1684 951.
2272 1624 2595 1683 Perahtold
2620 1625 2779 1683 ﬁlius
2808 1626 3101 1701 Arnulpbi
3131 1626 3420 1702 expulsus
3449 1632 3538 1686 est
3565 1629 3642 1687 de
3686 1634 3831 1688 No—

345 1726 470 1777 792.
494 1719 845 1777 Adalwinus
865 1719 1180 1776 ordinatur
1207 1718 1552 1791 episcopus.
2266 1716 2411 1774 rica.

346 1814 472 1867 814.
497 1810 774 1867 Karulus
805 1810 1137 1880 imperator
1161 1807 1305 1865 obiit
1331 1809 1402 1864 ’⁸.
2124 1811 2257 1863 972.»
2276 1808 2530 1865 Sanctus
2560 1806 2967 1878 Wolfkangus
2999 1806 3312 1865 ordinatur
3339 1809 3682 1884 episcopus.

347 1904 472 1957 817.
497 1899 808 1957 Baturicus
838 1898 1160 1973 episcopus
1190 1897 1526 1955 ordinatur.
2124 1900 2249 1954 975.
2273 1897 2647 1955 Ramuoldus
2701 1914 2738 1955 a
2792 1901 3003 1955 sancto
3052 1897 3422 1969 Wolfkango
3480 1900 3831 1959 ordinatur

302 2062 309 2065 _
348 1993 473 2048 844.
496 1990 791 2061 Satzpurc
819 1994 1086 2047 cremata
1113 1993 1219 2047 est.
2272 1987 2467 2044 abbas
2494 1987 2666 2060 (298).

350 2084 474 2137 845.
498 2080 788 2138 Pattavia
817 2084 1143 2137 crematur.
1876 2138 1881 2141 _
2127 2081 2253 2134 995.
2279 2077 2667 2134 Gebehardus
2695 2075 2927 2150 primus
2956 2076 3267 2134 ordinatur
3304 2077 3645 2152 episcopus.

350 2173 477 2227 848.
500 2168 928 2225 Erchanfridus
953 2168 1269 2225 ordinatur
1298 2167 1640 2241 episcopus.
2132 2169 2288 2222 1000.
2312 2165 2754 2221 Wolframmus
2777 2163 3093 2221 ordinatur
3119 2164 3333 2223 abbas.

349 2263 475 2316 858.
498 2257 825 2315 Ambricho
850 2257 1164 2315 ordinatur
1192 2257 1538 2332 episcopus.
2133 2258 2290 2312 1006.
2314 2254 2752 2311 Wolframmus
2776 2254 2996 2327 injuste
3021 2255 3361 2329 deponitur,
3385 2261 3442 2315 et
3471 2257 3831 2318 Richoldus

352 2350 477 2405 862.
498 2346 882 2417 Erchanfrid
909 2346 1071 2404 obiit.
2309 2344 2703 2401 substituitur.

353 2438 480 2492 865.
505 2437 705 2493 Terrae
730 2441 924 2493 motus
953 2435 1096 2507 fuit.
2135 2438 2290 2492 1023.
2312 2433 2700 2492 Gebehardns
2740 2434 3041 2492 secundus
3089 2435 3400 2493 ordinatur
3448 2438 3825 2514 episcopus.

356 2528 480 2585 890.
507 2525 609 2583 Sic
638 2531 906 2584 cremata
938 2530 1023 2583 est
1051 2525 1416 2583 Radisbona.
1449 2524 1775 2583 Ambricho
1797 2526 2021 2597 episco-
2134 2527 2291 2595 102,4.
2312 2523 2618 2580 Heinricus
2644 2524 2974 2598 imperator
2998 2525 3163 2595 obiit,
3212 2526 3608 2585 Chuonradus
3667 2545 3836 2587 suc-

491 2630 634 2688 pus,
654 2615 871 2673 Ethice
899 2615 1085 2673 abbas
1111 2616 1405 2673 obierunt.
1430 2618 1716 2688 Aspertus
1756 2615 1903 2690 (292)
1928 2632 2021 2674 or-
2311 2613 2505 2670 cessit.

498 2705 743 2763 dinatur
767 2704 1111 2780 episcopus.
2061 2730 2101 2786 ε
2135 2706 2292 2761 1028.
2318 2703 2642 2761 Richoldus
2672 2705 2929 2762 caecitate
2981 2722 3305 2779 percussus
3363 2711 3572 2765 sancto
3636 2711 3831 2768 Hart-

358 2799 484 2854 893.
507 2795 767 2869 Asperht
795 2795 1118 2870 episcopus
1147 2795 1311 2853 obiit.
2309 2794 2462 2851 wico
2514 2794 2824 2852 abbatiam
2880 2796 3138 2869 reliquit.
3195 2798 3249 2853 Is
3307 2812 3469 2855 anno
3527 2799 3827 2857 secundo

356 2888 481 2943 894.
506 2885 659 2942 Tuto
688 2884 1003 2942 ordinatur
1033 2883 1375 2959 episcopus.
2310 2888 2521 2958 sponte
2542 2884 2812 2956 regimen
2837 2886 3187 2943 monasterii
3215 2887 3499 2955 deseruit,
3533 2887 3630 2945 cui
3660 2891 3828 2945 Bur-

353 2979 482 3033 895.
501 2975 876 3045 Zuendipalc
899 2975 1030 3032 dua:
1056 2975 1219 3030 obiit.
2309 2975 2499 3033 chard
2530 2976 2836 3033 successit.

355 3068 481 3121 896.
515 3065 714 3120 Terrae
739 3068 934 3120 motus
964 3063 1258 3120 secundus
1284 3063 1429 3133 fuit.
2135 3068 2290 3121 1036.
2312 3065 2700 3122 Gebehardus
2729 3066 2933 3123 tertius
2955 3066 3270 3124 ordinatur
3289 3068 3629 3142 episcopus.

354 3155 481 3210 906.
506 3150 869 3208 Radasbona
900 3151 1037 3223 igne
1064 3155 1347 3209 cremata.
1896 3192 1901 3195 Α
2136 3154 2291 3210 1037.
2324 3154 2628 3211 Burchard
2658 3154 2851 3212 abbas
2878 3156 3043 3229 apud
3068 3159 3325 3213 Romam
3355 3158 3414 3213 in
3439 3156 3672 3231 pascali
3704 3158 3823 3217 die

354 3244 481 3298 907.
506 3239 809 3296 Exercitus
835 3240 1305 3297 Baiowariorum
1334 3240 1569 3298 occisus
1598 3240 1711 3299 fuit
1734 3240 1901 3315 (293).
2308 3244 2628 3302 defunctus
2653 3250 2746 3302 est
2773 3264 2786 3314 ;
2819 3246 2915 3302 cui
2945 3247 3230 3304 successit
3259 3246 3633 3306 Oudalricus.

357 3329 803 3401 933.1sangrim
832 3328 1146 3387 ordinatur
1173 3328 1513 3404 episcopus.
2135 3336 2291 3391 1044.
2314 3335 2671 3405 Beringerus
2701 3334 3014 3392 ordinatur
3042 3335 3256 3392 abbas.

353 3421 478 3477 942.
503 3419 865 3477 Guntharius
891 3419 1203 3478 ordinatur
1227 3420 1572 3495 episcopus,
1599 3426 1738 3496 post
1761 3426 1830 3481 30
1875 3421 2019 3480 heb-
2134 3429 2292 3483 1048.
2312 3425 2742 3496 Reginwardus
2771 3425 3084 3482 ordinatur
3113 3424 3326 3483 abbas.

498 3507 800 3566 domadas
829 3508 995 3566 obiit.
2133 3520 2289 3573 1052.
2308 3514 2637 3573 Translatio
2669 3515 2862 3572 sancti
2894 3515 3230 3587 Wolfkangi
3260 3515 3547 3591 episcopi,
3579 3520 3639 3575 et
3687 3519 3818 3577 dc-

354 3599 481 3656 944.
503 3597 769 3655 Michael
793 3599 1023 3669 accepit
1050 3600 1336 3669 ferulam.
2308 3604 2528 3662 dicatio
2558 3604 2763 3678 criptaa
2789 3605 2941 3677 ejus.

351 3690 477 3746 945.
505 3689 725 3746 Occisio
752 3704 1132 3761 paganorum
1166 3689 1312 3763 (294)
1338 3690 1422 3746 ad
1462 3690 1670 3747 Weles.
2132 3698 2290 3751 1060.
2316 3696 2447 3752 Otto
2482 3694 2794 3751 ordinatur
2829 3694 3171 3769 episcopus.

352 3780 477 3834 947.
502 3777 946 3836 Berachtoldus
976 3779 1106 3837 dum
1134 3779 1284 3851 (295)
1312 3779 1480 3837 obiit.
2132 3788 2290 3841 1062.
2315 3783 2641 3842 Conbustio
2672 3783 2934 3841 coenobii
2966 3784 3158 3841 sancti
3198 3784 3629 3843 Emmerammi
3687 3785 3815 3843 idi-

351 3869 477 3925 948.
497 3868 822 3926 Heinricus
850 3869 982 3927 dua;
1000 3868 1147 3941 (295)
1208 3869 1449 3940 e/fectus
1500 3875 1603 3928 est.
1635 3869 1718 3928 Et
1747 3870 1881 3929 Otto
1910 3886 2021 3930 rex
2306 3872 2424 3930 bus
2452 3872 2686 3947 Aprilis.

1722 4068 1964 4125 VARLE
2009 4068 2412 4127 LECTIONES.

425 4259 520 4333 (³⁷)
553 4258 867 4368 legendum
886 4261 1136 4346 .videtur
1164 4259 1539 4346 gausbaldus
1564 4263 1658 4320 vel
1686 4261 2081 4335 gauzbaldus,
2114 4278 2386 4347 quamvis
2406 4269 2462 4346 et
2479 4263 3246 4350 .Andreasﬂaliqunensis
3276 4262 3620 4347 gaubaldus
3649 4265 3809 4349 scri-

425 4338 510 4404 τη
554 4333 595 4404 (ξ
625 4332 767 4404 )hic
791 4337 848 4390 et
871 4349 935 4389 in
956 4334 1334 4404 sequentibus
1364 4350 1800 4404 nonnunquam
1833 4335 2037 4404 (Efele
2080 4336 2201 4393 Fm.
2258 4341 2317 4394 et
2368 4338 2519 4393 Finit
2558 4343 2799 4404 scripsit
2824 4352 2848 4404 ,’
2903 4338 3162 4395 codicem
3217 4336 3437 4396 habere
3492 4341 3803 4404 existimo,

353 4331 513 4415 bat;
554 4331 767 4415 (ξελξιξσ
791 4337 848 4390 et
871 4331 1334 4415 insequentibus
1360 4331 1800 4415 nonnunquam
1833 4335 2037 4408 (Efele
2067 4331 2201 4393 'Fin.
2258 4341 2317 4394 et
2368 4335 2519 4393 Finit
2558 4337 2848 4409 scripsit;
2903 4331 3162 4395 codicem
3217 4331 3437 4396 habere
3492 4337 3803 4407 existimo,

350 4403 513 4479 quod
538 4403 687 4464 obiit
712 4403 1044 4478 legendum'
1058 4421 1180 4465 esse
1205 4412 1459 4466 constat.

420 4820 438 5033 ἓ

2328 5251 2346 5462 ἒ

1964 4623 2177 4683 ΝΟΤίΕ

446 4820 572 4893 286)
605 4818 1082 4893 liatisbonensis.
1301 4888 1348 4893 __
1437 4888 1448 4893 _
2194 4818 2838 4893 (291)Ratisponensis,
2883 4819 2967 4876 uti
3022 4822 3081 4876 et
3135 4818 3240 4893 qui
3290 4820 3626 4893 sequuntur
3674 4818 3803 4893 epi-

441 4888 568 4964 287)
605 4891 722 4964 Le
774 4889 1121 4964 tumultum,
1149 4904 1271 4964 yox
1295 4888 1545 4964 Slavica.
1641 4960 1652 4964 _
1898 4959 1938 4964 __
2127 4888 2317 4964 secpi.

439 4959 564 5034 288)
623 4961 1081 5035 Coloniensiset
1110 4960 1302 5035 abbas
1332 4960 1708 5035 Menseensis.
1768 4959 2010 5019 Traditt.
2197 4959 2340 5035 (2'92)
2381 4962 2735 5035 Notissimus
2761 4963 2989 5020 Arnulﬁ
3019 4961 3431 5020 cancellarius.

345 5031 725 5115 manseerises
755 5032 924 5115 apud
953 5033 1177 5115 Ekbart
1205 5033 1416 5115 Franc.
1443 5031 1662 5115 Orient.
1699 5035 1925 5115 11:355..
1971 5103 1986 5115 Ι
2196 5031 2345 5115 (293)
2386 5033 2471 5115 gf.
2502 5050 2645 5091 ann.
2678 5035 3103 5115 Alamannicus
3132 5050 3319 5115 supra
3342 5048 3483 5115 pag.
3508 5036 3596 5090 54.

422 5107 567 5188 (289)
602 5103 890 5188 Bajoariae
921 5109 1066 5188 post
1111 5103 1433 5188 Geroldum
1486 5108 1698 5162 rector.
1751 5103 2015 5162 Meichel-
2194 5103 2343 5188 (294)
2386 5108 2805 5178 Ungarorum;
2838 5106 2912 5164 cf.
2941 5103 3266 5179 Reginonis
3309 5103 3796 5163 cbntinuatorcm

346 5175 469 5233 bek
495 5175 636 5233 Hist.
664 5175 1089 5249 Frising.‘dipl.
1121 5191 1253 5234 nro.
1280 5180 1402 5234 373.
1668 5247 1674 5249 Α
2124 5175 2340 5235 21.944.

420 5249 571 5323 (290)
607 5247 1184 5306 Numerium—orum
1230 5250 1470 5323 824-845
1497 5262 1536 5305 a
1568 5247 1775 5318 prima
1826 5261 2013 5323 manu
2194 5251 2345 5323 (295)
2385 5249 2689 5321 Bajoariae,
2712 5250 2789 5308 cf.
2822 5248 3143 5323 Reginonis
3174 5252 3333 5307 cont.
3367 5265 3424 5307 a.
3456 5251 3582 5307 945.

347 5318 666 5389 eodemque
692 5324 1032 5391 atramento
1052 5321 1386 5391 pramotati
1407 5325 1549 5376 sunt
1582 5337 1596 5388 ;
1631 5320 1869 5391 numeri
1921 5334 2011 5376 se-
2198 5318 2346 5391 (296)
2385 5318 2559 5378 Anno
2589 5318 2714 5380 954.

347 5393 589 5458 quentes
611 5404 795 5470 usque
813 5390 894 5446 ad
911 5393 1204 5470 _941m_um
1249 5407 1368 5470 non
1416 5393 1592 5463 longe
1614 5396 1750 5470 post
1777 5390 1854 5447 ab
1883 5391 2011 5448 alia
2196 5390 2345 5470 (A297)
2384 5396 2561 5470 fingo
2589 5398 2694 5449 955
2726 5392 2804 5449 ad
2836 5394 3118 5470 Lechum.

346 5470 534 5538 manu
559 5458 757 5514 additi
780 5464 1152 5538 suntmulla
1174 5468 1475 5533 praeterea
1503 5458 1783 5535 apposita
1808 5476 2010 5520 rerum
2191 5458 2335 5535 (298)
2380 5465 2436 5520 S.
2462 5465 2982 5538 Emmerammi,ut
3006 5464 3188 5538 etiam
3218 5463 3469 5538 abbates
3532 5479 3795 5538 sequen-

348 5530 654 5597 gestarum
682 5536 990 5588 memorat.
1023 5530 1230 5593 Dom-3ft.
1541 5530 1557 5535 ’
1581 5530 1599 5535 ”
2118 5530 2207 5618 tes
2241 5530 2373 5618 Leo“
2389 5550 2584 5607 usque
2610 5535 2877 5618 episcopi
2892 5530 3374 5618 'ljatisponenses
3393 5535 3575 5594 simul
3606 5530 3798 5596 abba-

2120 5604 2216 5662 ἥδε
2248 5606 2304 5662 8.
2334 5604 2764 5664 Emnieranimi
2782 5604 3167 5681 praefuerant.
