3980 6400
431 352 532 404 211

1414 349 1575 404 VITA
1615 352 1668 405 S.
1712 347 2194 409 CUNEGUNDIS,
2233 348 2356 406 UBl
2395 349 2484 405 DE
2523 350 2580 404 S.
2624 348 2952 404 HENRICO.

3853 355 3950 403 2|?

432 475 518 531 illi
547 476 706 530 locus
744 473 1020 530 orationis
1045 477 1102 528 et
1121 473 1333 544 quietis
1360 473 1490 540 fuit,
1523 473 1673 528 idem
1705 488 1935 542 semper
1964 471 2135 526 habi-
2163 475 2208 527 Α
2247 471 2436 526 monis
2458 474 2931 528 monumentum:
2966 469 3189 526 lumina
3217 487 3318 525 sua
3348 469 3408 525 in
3435 472 3536 527 Dei
3558 472 3736 537 ﬁgere
3787 489 3949 542 aspe-

435 568 546 630 tus,
579 564 863 618 incultum
894 580 1102 633 corpus
1135 580 1148 617 :
1182 563 1318 617 dum
1379 563 1548 616 sciret
1599 561 1939 632 rejiciendas
1987 560 2133 614 deli-

435 653 551 706 cias
571 652 846 723 corporis,
871 652 1024 722 quod
1055 651 1226 722 paulo
1275 656 1405 721 post
1434 650 1721 704 vermibus
1780 649 2136 702 exarandum

437 740 510 794 sit
543 757 808 810 :semper
832 756 958 793 eam
993 742 1198 809 legere,
1235 744 1332 793 aut
1383 740 1664 808 legentem
1723 739 1924 791 audire
1975 737 2135 790 vide-

439 845 550 883 res.
587 830 758 884 Multa
785 829 872 882 illi
915 829 1063 882 circa
1111 827 1549 881 contubernales
1578 825 1825 889 devotio,
1869 826 2140 896 frequens

441 916 845 971 decubantium
899 915 1164 979 visitatio,
1223 914 1470 968 sollicita
1508 929 1831 983 pauperum
1866 913 2139 966 consola—

441 1007 542 1059 tio.
577 1007 860 1059 Prseterea
888 1005 1054 1074 plura
1085 1019 1210 1056 eam
1243 1002 1519 1056 miracula
1577 1002 1773 1055 fecisse
1825 1001 2137 1065 credimus,

443 1093 563 1159 sed,
596 1092 749 1163 quod
777 1093 1023 1162 gratiam
1081 1091 1384 1144 hominum
1441 1094 1498 1142 et
1542 1089 1731 1142 oleum
1793 1087 2142 1141 adulationis

445 1196 674 1250 semper
702 1180 944 1254 fugeret,
980 1195 1102 1232 esse
1133 1194 1437 1249 suppressa
1473 1194 1487 1230 :
1521 1177 1675 1248 quod
1728 1180 1924 1229 tamen
1974 1175 2140 1228 incu-

448 1267 547 1320 riae
577 1268 917 1338 scriptorum
952 1284 1052 1320 seu
1092 1265 1434 1319 revolutioni
1492 1270 1842 1334 temporum,
1877 1279 1992 1316 non
2049 1263 2142 1316 de-

451 1355 619 1408 fectui
648 1355 1037 1426 deputandum
1073 1360 1158 1408 est
1185 1354 1482 1407 virtutum.
1537 1354 1721 1406 Pauca
1767 1357 1959 1406 tamen
2008 1366 2138 1421 quas

448 1442 506 1494 in
533 1442 756 1511 scriptis
781 1442 1117 1512 reperimus,
1150 1447 1249 1495 aut
1296 1441 1548 1494 veridica
1590 1439 2138 1502 sanctimonialium,

450 1530 546 1582 ubi
576 1530 675 1583 illa
703 1531 927 1585 Christo
960 1531 1261 1595 militabat,
1291 1529 1570 1583 relatione
1620 1528 2015 1597 cognovimus,
2053 1528 2145 1580 hic

451 1616 702 1671 inserere
731 1619 972 1687 dignum
1015 1619 1301 1672 duximus.

523 1709 573 1760 8.
610 1709 893 1760 Miracutis
913 1709 1099 1760 claret.
1135 1707 1457 1761 Incendium
1509 1707 1828 1772 exstinguit.
1880 1733 1949 1743 —
2003 1705 2144 1755 Cum

452 1798 583 1863 post
620 1794 893 1846 orationis
921 1793 1305 1865 frequentiam
1360 1793 1511 1845 inter
1551 1791 1810 1845 lectionis
1864 1790 2149 1844 lassitudi-

452 1896 586 1934 nem
617 1882 822 1935 ancilla
852 1882 1056 1936 Christi
1088 1882 1148 1935 in
1203 1882 1368 1945 lecto,
1403 1896 1519 1934 non
1577 1879 1788 1950 plumis
1843 1884 2145 1944 exstructo,

453 1970 548 2022 sed
587 1969 772 2022 cilicio
811 1974 1006 2034 strato,
1034 1969 1293 2022 membra
1323 1984 1525 2038 sopore
1557 1972 1786 2037 gravata
1816 1967 2147 2032 remisisset,

453 2059 644 2128 puella
689 2063 908 2110 sacrata
963 2073 1093 2127 quas
1149 2057 1219 2110 de
1278 2072 1438 2109 more
1494 2057 1578 2109 illi
1627 2055 1932 2121 assidebat,
1965 2071 2151 2110 sacros

455 2145 694 2212 codices,
733 2147 945 2215 legens,
970 2161 1098 2199 cum
1120 2145 1238 2199 fere
1269 2146 1336 2199 ad
1362 2145 1614 2198 medium
1644 2145 1824 2198 noctis
1853 2145 2152 2198 lectionem

458 2234 810 2301 extenderet,
855 2234 1164 2303 caligantes
1239 2235 1434 2286 oculos
1485 2233 1708 2299 clausit,
1762 2233 2075 2302 lumenque
2121 2249 2152 2286 θ

460 2322 722 2375 manibus
751 2321 904 2374 illius
933 2321 1270 2392 prolapsum
1298 2321 1492 2390 paleas
1522 2320 1860 2390 corripiens,
1922 2321 2009 2373 sui
2039 2320 2155 2374 fra-

460 2426 595 2478 gore
641 2409 1108 2478 circumjacentes
1173 2425 1393 2462 sorores
1437 2410 1719 2462 excitavit.
1771 2409 2030 2463 Clamore
2087 2424 2155 2461 ex

459 2513 738 2551 concursu
789 2497 956 2564 facto,
1039 2497 1198 2566 virgo
1252 2497 1461 2550 Christi
1525 2497 1594 2550 de
1655 2513 1856 2549 somno
1902 2512 2154 2560 excussa,

460 2587 597 2640 dum
627 2585 998 2640 colluctantes
1054 2586 1203 2639 inter
1231 2601 1292 2638 se
1351 2591 1404 2638 et
1437 2589 1843 2656 concrepantes
1899 2583 2160 2637 flammas

461 2675 607 2728 circa
637 2691 697 2728 se
727 2674 966 2744 aspexit,
1027 2674 1093 2727 ad
1125 2673 1402 2726 orationis
1456 2689 1616 2726 arma
1677 2690 1734 2726 se
1781 2673 2077 2738 convertit,
2105 2677 2161 2725 et

460 2763 626 2834 signo
666 2763 847 2815 crucis
885 2762 1246 2816 adustionem
1281 2762 1437 2815 illam
1464 2762 1678 2832 absque
1728 2763 1889 2816 omni
1922 2777 2157 2815 suarum

462 2851 692 2904 laesione
725 2851 963 2904 vestium
994 2851 1215 2904 avertit.
1249 2851 1367 2904 Tua
1398 2854 1530 2904 sunt
1560 2851 1702 2914 hare,
1735 2850 1973 2915 Christe,
2018 2865 2158 2920 ope-

460 2955 544 3002 ra,
577 2939 678 3009 qui
715 2939 852 2992 olim
886 2938 1263 3008 Babylonium
1295 2953 1492 3007 regem
1543 2937 1603 2990 in
1652 2953 1754 2990 suo
1785 2937 1975 2990 furore
2018 2951 2159 2989 con-

2245 564 2421 624 ctum,
2456 560 2701 628 primam
2733 575 2861 630 quae
2891 560 3120 612 doceret
3148 559 3354 624 facere,
3418 568 3482 614 ut
3512 562 3760 616 fructum
3851 563 3952 616 do-

2246 649 2445 700 ctrina),
2476 664 2592 700 suae
2629 649 2750 718 ipsa
2778 647 2839 700 in
2881 649 3058 713 ccelis,
3119 649 3234 702 Deo
3289 650 3616 718 adjuvante,
3647 651 3834 720 possit
3866 649 3952 703 in-

2247 735 2458 788 venire.
2495 737 2622 790 Haec
2671 741 2728 789 et
2756 737 3037 805 ejusmodi
3084 737 3296 790 iterum
3329 744 3384 791 et
3424 739 3632 792 iterum
3692 744 3952 791 materno

2249 822 2436 876 studio
2468 823 2521 876 ei
2555 824 2866 883 inculcans,
2897 824 3059 894 quasi
3093 825 3150 878 iu
3186 825 3452 878 omnibus
3477 826 3598 895 jam
3640 826 3952 896 perfectam

2249 917 2305 964 et
2333 911 2456 981 ipsa
2497 915 2822 982 magistrum
2863 913 3121 966 venerari
3170 915 3360 984 ccepit.
3418 915 3537 979 llla,
3590 914 3688 967 ubi
3745 915 3953 984 immaj

2249 1004 2378 1052 tura
2420 981 2679 1054 libertate
2710 1003 2884 1072 potita
2919 1007 3020 1067 est,
3057 981 3334 1070 paulatim
3366 1017 3399 1054 a
3443 1001 3632 1072 rigore
3668 1019 3773 1054 suo
3807 981 3954 1054 deti:

2249 1105 2396 1155 cere,
2429 1089 2752 1142 molliorem
2784 1091 3022 1154 cultum,
3057 1090 3361 1144 lautiorem
3382 1091 3594 1156 cibum,
3623 1106 3754 1160 quas
3788 1091 3954 1142 vitio-

2252 1191 2384 1229 rum
2433 1177 2709 1230 alimenta
2761 1182 2915 1242 sunt,
2966 1177 3328 1230 desiderare:
3382 1178 3588 1231 ultima
3634 1177 3693 1230 in
3753 1178 3954 1240 choro,

2252 1263 2440 1334 prima
2480 1266 2538 1318 in
2585 1265 2870 1332 convivio,
2916 1267 3240 1334 puellarum
3279 1266 3489 1319 fabulis
3561 1266 3864 1330 interesse,
3897 1280 3954 1317 ac

2255 1352 2314 1405 in
2341 1353 2608 1406 omnibus
2635 1353 2816 1406 laxius
2855 1369 3020 1423 agere
3052 1354 3241 1422 coepit.
3277 1356 3383 1408 Pro
3426 1353 3758 1424 hujusmodi
3810 1354 3956 1407 levi-

2256 1441 2466 1493 tatibus
2517 1441 2653 1494 dum
2715 1457 2842 1494 eam
2917 1441 3251 1511 frequenter
3313 1448 3508 1495 sancta
3574 1441 3670 1494 Dei
3718 1441 3876 1494 inter
3905 1458 3956 1493 se

2257 1528 2546 1599 privatim,
2579 1529 2804 1598 publice
2829 1545 3020 1582 coram
3047 1529 3316 1582 omnibus
3347 1530 3659 1583 secundum
3693 1529 3956 1600 Apostol‘

2258 1622 2562 1686 praecepta,
2595 1617 2805 1685 smpius
2865 1623 3152 1685 argueret,
3209 1618 3555 1684 obsecraret,
3612 1617 3956 1688 increparet,

2260 1721 2363 1758 nec
2393 1705 2490 1758 illa
2521 1711 2842 1758 matertera:
2883 1707 3034 1758 velut
3066 1706 3382 1774 patrocinio
3433 1712 3532 1759 aut
3570 1703 3956 1758 familiaritate

2258 1809 2401 1846 vane
2431 1794 2640 1847 confisa
2679 1794 2798 1847 ullo
2856 1795 3026 1848 modo
3073 1794 3519 1860 emendaretur;
3579 1793 3831 1863 quadam
3875 1792 3958 1845 die

2258 1882 2395 1936 dum
2428 1882 2549 1951 ipsa
2579 1897 2708 1935 cum
2756 1887 3039 1936 conventu
3087 1897 3336 1947 crucem,
3370 1898 3502 1936 nam
3533 1882 3652 1936 dies
3705 1881 3958 1935 Domini-

2260 1985 2359 2023 cus
2383 1975 2525 2034 erat,
2559 1969 2834 2039 sequitur,
2885 1970 3168 2023 abbatissa
3221 1970 3404 2023 defuit
3463 1969 3593 2039 (74).
3645 1971 3833 2034 Quam
3869 1969 3958 2021 illa

2261 2057 2582 2127 inquirens.
2639 2063 2695 2111 et
2747 2058 3078 2127 epulantem
3145 2074 3276 2111 cum
3328 2059 3534 2111 coasvis
3595 2057 3654 2111 in
3709 2056 3958 2110 conclavi

2262 2145 2575 2217 reperiens,
2609 2146 2728 2199 zelo
2788 2147 3014 2216 pietatis
3064 2152 3305 2211 armata,
3358 2162 3490 2199 cum
3550 2145 3724 2200 verbo
3772 2161 3956 2198 corrc,

2263 2234 2474 2304 ptionis
2506 2234 2739 2288 dextera
2777 2235 3072 2288 maxillam
3105 2235 3228 2304 ejus
3251 2235 3558 2304 percussit;
3611 2251 3741 2305 quae
3799 2233 3960 2304 quasi

2264 2323 2518 2394 sigillum
2558 2322 2847 2393 quoddam
2888 2323 3135 2376 formam
3178 2323 3494 2393 digitorum
3534 2323 3658 2392 ejus
3717 2323 3960 2393 accepit,

2265 2428 2379 2484 qua
2409 2412 2569 2464 omni
2591 2417 2851 2480 tempore
2879 2413 3007 2464 vita:
3071 2427 3189 2464 suae
3234 2429 3349 2466 non
3373 2412 3575 2466 caruit.
3623 2413 3701 2466 De
3729 2428 3846 2482 quo
3880 2411 3960 2463 ni-

2267 2501 2481 2554 mirum
2516 2499 2662 2553 facto
2691 2505 2932 2563 constat,
2966 2499 3101 2570 quia
3157 2517 3267 2553 non
3323 2505 3547 2554 tantum
3579 2517 3684 2570 pro
3731 2516 3814 2565 se,
3871 2499 3960 2552 sed

2268 2593 2325 2642 et
2365 2604 2470 2658 pro
2502 2587 2745 2641 aliorum
2792 2587 3193 2641 emendatione
3225 2589 3333 2642 hoc
3367 2589 3625 2658 pertulit,
3689 2593 3751 2641 ut
3800 2588 3960 2656 hujus

2270 2657 2410 2728 visio
2444 2675 2570 2728 aliis
2617 2675 2941 2745 proficeret,
2975 2681 3032 2729 et
3061 2677 3130 2730 ad
3185 2657 3439 2730 melioris
3495 2677 3624 2730 vitae
3681 2680 3896 2730 statum
3941 2657 3960 2726 ἐ

2269 2762 2425 2816 vitiis
2481 2762 2597 2814 suis
2627 2768 3008 2833 retorqueret.
3951 2775 3956 2780 '

2347 2853 2429 2904 10.
2463 2852 2844 2905 Chirotecham
2873 2853 2990 2920 ejus
3021 2853 3217 2907 radius
3247 2854 3376 2906 solis
3424 2855 3672 2906 sustinet.
3701 2883 3770 2890 -—
3806 2854 3962 2906 Forte

2273 2944 2328 2992 et
2354 2939 2505 2992 istud
2539 2939 2954 2992 detractoribus
2987 2939 3309 2992 fabulosum
3351 2945 3408 2993 et
3434 2939 3764 2993 infidelibus
3795 2939 3962 2993 incre-

461 3027 683 3095 fudisti,
708 3033 761 3081 et
797 3027 1125 3081 Chaldaicos
1181 3027 1365 3097 ignes,
1394 3032 1460 3079 ut
1511 3026 1677 3095 pueri
1735 3026 1818 3079 tui
1847 3025 2159 3079 liberaren-
2195 3023 2236 3076 C
2275 3025 2448 3079 dibile
2476 3025 2790 3096 potabitur,
2825 3028 2978 3096 quod
3032 3027 3393 3080 sanctitatem
3426 3028 3602 3094 illius,
3655 3044 3833 3099 quam
3868 3028 3962 3081 hu-

463 3120 560 3168 tur
589 3114 772 3178 illaesi,
806 3120 902 3167 tua
936 3115 1144 3167 virtute
1175 3113 1512 3167 exstinxisti.

537 3207 588 3258 9.
623 3207 693 3257 De
749 3206 901 3257 Jutta
952 3204 1068 3271 ejus
1116 3208 1288 3270 nepte,
1333 3202 1632 3255 abbatissa.
1691 3229 1762 3240 —
1791 3199 1955 3253 Aliud
1991 3199 2164 3253 mira-

466 3292 660 3345 culum
693 3296 808 3344 tam
847 3291 1195 3360 stupendum
1229 3305 1401 3359 quam
1452 3287 1773 3341 mirandum
1832 3287 1922 3341 hic
1954 3287 2170 3357 placuit

469 3379 845 3439 subscribere,
879 3379 936 3431 in
965 3394 1080 3447 quo
1111 3377 1290 3430 animi
1323 3377 1476 3429 illius
1514 3376 1900 3429 constantiam
1931 3382 1984 3430 et
2009 3377 2166 3445 rigo-

470 3469 548 3522 ris
575 3469 932 3521 severitatem
963 3467 1178 3519 discere
1206 3464 1438 3534 poteris.
1488 3465 1696 3518 Habuit
1727 3479 1922 3517 secum
1955 3465 2170 3518 sororis

471 3573 588 3610 suae
621 3556 821 3620 tiliam,
852 3557 1064 3610 Juttam
1096 3557 1210 3623 (73)
1235 3553 1485 3607 nomine.
1519 3554 1673 3605 llanc
1703 3570 1735 3606 a
1766 3552 1968 3622 primis
2003 3553 2171 3607 annis

473 3647 794 3710 educatam,
822 3643 979 3698 omni
1010 3643 1332 3712 disciplina,
1370 3642 1732 3695 saecularium
1761 3657 1994 3711 quoque
2017 3642 2169 3695 litte-

471 3751 666 3788 rarum
721 3733 958 3786 scientia
1014 3733 1380 3785 instruxerat.
1433 3732 1560 3784 Haec
1617 3735 1982 3784 materteram
2051 3746 2170 3784 non

471 3824 662 3878 minus
695 3822 988 3892 religionis
1045 3837 1218 3891 quam
1268 3820 1589 3874 dilectionis
1642 3835 1833 3872 amore
1882 3824 2072 3872 secuta
2118 3823 2175 3873 et

472 3916 802 3963 consecrata
833 3909 957 3963 fuit.
997 3910 1179 3972 Onam
1229 3909 1286 3961 in
1310 3909 1578 3961 omnibus
1612 3909 1779 3976 plene
1811 3907 2169 3975 instructam,

471 3997 572 4050 ubi
601 3999 725 4067 ejus
767 3998 826 4050 in
879 3983 1230 4050 orationibus
1281 3996 1656 4066 vigilantiam,
1690 3997 1750 4048 in
1773 3996 2010 4066 jejuniis
2042 4011 2170 4066 per-

473 4085 871 4149 severantiam,
904 4090 961 4138 et
991 4085 1058 4138 ad
1091 4084 1286 4137 omnia
1316 4083 1650 4154 patientiam
1694 4085 2006 4154 perspexit,
2053 4101 2175 4138 om-

473 4172 636 4226 nium
668 4189 897 4226 assensu
926 4177 981 4225 et
1009 4178 1236 4240 rogatu,
1296 4172 1542 4242 primam
1604 4172 1664 4224 iu
1724 4171 1850 4240 ipso
1907 4173 2170 4226 coenobio

2277 3114 2534 3167 militatis
2587 3115 2771 3184 gratia
2819 3115 2944 3184 ipsa
2990 3115 3252 3169 homines
3307 3116 3482 3169 latere
3549 3116 3750 3180 voluit,
3815 3121 3962 3169 muta

2278 3203 2560 3257 elementa
2619 3204 2951 3274 loquuntur.
3010 3203 3264 3274 Denique
3313 3220 3442 3257 cum
3501 3208 3629 3274 post
3664 3204 3964 3258 lectionem

2247 3297 2250 3302 '
2278 3291 2582 3360 evangelii,
2619 3307 2721 3344 suo
2777 3291 3020 3344 solemni
3069 3308 3229 3345 more
3262 3292 3648 3345 sacriﬁcatura
3678 3292 3964 3345 accederet

2279 3377 2348 3430 ad
2396 3378 2595 3441 altare,
2654 3377 2868 3431 dextrae
2916 3393 3121 3430 manus
3173 3394 3291 3431 suas
3343 3377 3728 3432 chirothecam
3788 3379 3964 3432 detral

2280 3467 2442 3532 hens,
2476 3482 2606 3519 cum
2630 3467 2820 3520 nullus
2849 3467 2949 3536 qui
2986 3467 3266 3536 reciperet
3295 3467 3534 3532 adesset,
3568 3483 3601 3519 a
3631 3483 3688 3520 se
3747 3468 3963 3536 rejecit:

2279 3571 2452 3625 quam
2484 3555 2677 3608 radius
2708 3554 2842 3608 solis
2880 3571 2985 3624 per
3009 3555 3273 3608 fenestrae
3304 3554 3542 3607 rimulas
3599 3554 3822 3608 intrans
3862 3571 3964 3606 sus-

2278 3643 2451 3713 cepit,
2495 3647 2550 3696 et
2603 3643 2804 3696 tandiu
2861 3643 3025 3714 quasi
3082 3643 3414 3696 famulando
3470 3643 3760 3706 sustinuit,
3799 3643 3963 3697 donec

2280 3732 2400 3798 illa,
2439 3736 2568 3801 post
2613 3730 2955 3784 sacriﬁcium
3005 3731 3254 3796 rediens,
3310 3747 3437 3784 eam
3496 3729 3798 3800 reciperet.
3849 3732 3963 3783 Tale

2280 3821 2452 3874 etiam
2486 3818 2624 3890 quid
2652 3821 2710 3872 in
2738 3819 2888 3872 beati
2922 3818 3027 3871 viri
3055 3819 3252 3873 Goaris
3283 3824 3434 3872 veste
3493 3818 3807 3890 aliquando
3837 3819 3964 3872 divi-

2283 3923 2356 3960 na
2384 3907 2592 3960 virtute
2615 3912 2906 3959 ostensum
2941 3905 3113 3959 fuisse
3169 3905 3380 3974 legitur
3427 3906 3577 3975 (75);
3625 3905 3728 3976 qui
3777 3906 3912 3960 dum
3947 3921 3964 3956 ε

2282 3995 2412 4048 sede
2443 3994 2658 4048 Rustici
2689 3993 3036 4048 Trevirensis
3064 3994 3352 4063 pontificis
3381 3993 3712 4063 despicitur,
3753 4009 3786 4047 a
3831 4009 3964 4046 sum-

2287 4099 2378 4136 ma
2413 4082 2704 4152 majestate
2738 4099 2840 4152 per
2866 4081 3118 4153 [majoris
3165 4081 3464 4135 luminaris
3517 4083 3838 4136 honoratur
3890 4080 3963 4134 far

2286 4172 2589 4225 mulatum.
2616 4171 2881 4225 Omnium
2909 4171 3101 4240 itaque
3134 4187 3311 4240 capax
3341 4177 3464 4224 erat
3491 4171 3850 4235 meritorum,
3878 4168 3963 4240 qui

475 4277 600 4314 eam
632 4261 970 4315 abbatissam
1006 4260 1280 4331 praefecit.
1337 4261 1480 4314 Tum
1526 4260 1686 4330 virgo
1755 4266 1936 4314 mater
1991 4261 2169 4314 filiam
2211 4298 2254 4351 Ο
2278 4261 2529 4329 judicem
2559 4265 2892 4312 cunctarum
2928 4259 3138 4312 meruit
3166 4259 3376 4312 habere
3405 4258 3710 4312 virtutum.

473 4349 807 4419 suscipiens,
866 4350 1029 4420 juxta
1083 4349 1595 4402 commonitionem
1646 4355 1901 4402 sanctam
1952 4349 2168 4402 dudum

473 4439 748 4503 habitam,
784 4437 1231 4508 praecedentium
1276 4436 1358 4490 illi
1417 4438 1651 4490 Patrum
1716 4441 1982 4506 repetens
2031 4437 2170 4490 allo-

473 4526 628 4596 quia,
664 4531 858 4579 monet
883 4526 953 4579 ob
974 4525 1172 4579 salutis
1202 4525 1466 4579 affectum
1497 4525 1663 4578 utilia
1701 4540 1765 4578 ac
1801 4525 1914 4577 Deo
1966 4524 2174 4594 placita

473 4631 624 4683 serpe
655 4615 859 4674 dicere,
908 4615 1238 4684 frequenter
1277 4613 1499 4678 audire,
1527 4613 1723 4665 solitas
1755 4612 2052 4682 religionis
2078 4612 2172 4666 iti-

473 4704 628 4756 neris
657 4704 776 4755 vias
823 4720 936 4757 non
992 4704 1274 4767 deserere,
1325 4702 1510 4769 magis
1560 4701 1854 4770 magisque
1909 4717 2168 4754 errorum

475 4791 642 4844 devia
671 4796 728 4844 et
767 4791 1049 4844 diabolica
1077 4793 1292 4844 calcare
1324 4791 1636 4860 figmenta;
1695 4791 1916 4842 nullam
1965 4789 2077 4843 luci
2108 4806 2172 4843 ac

475 4879 744 4942 tenebris,
779 4879 1001 4932 veritati
1031 4884 1203 4950 atque
1251 4879 1571 4942 mendacio,
1623 4877 1971 4948 turpitudini
1999 4883 2171 4948 atque

475 4966 761 5020 honestati
792 4967 941 5036 apud
986 4968 1084 5020 Dei
1107 4983 1298 5020 servos
1329 4967 1491 5019 docet
1520 4982 1641 5020 esse
1667 4966 2166 5029 communionem;

475 5054 713 5108 sollicite
734 5055 1048 5108 cavendum
1085 5072 1156 5108 ne
1189 5071 1334 5107 vana
1378 5055 1649 5108 sectando
1706 5055 1993 5108 desineret
2048 5071 2170 5108 esse

475 5144 756 5213 templum
791 5143 912 5203 Dei,
957 5148 1012 5196 et
1042 5143 1318 5197 habitatio
1371 5143 1701 5197 daemonum
1736 5143 1916 5209 ﬁeret,
1960 5147 2018 5196 et
2058 5143 2170 5196 da:-

543 5251 657 5320 (73)
697 5249 929 5303 Variant
958 5250 1179 5303 codices
1225 5251 1285 5303 in
1336 5249 1507 5318 hujus
1557 5250 1790 5303 nomine
1846 5249 2164 5304 scribendo.

477 5321 622 5374 Editi
657 5325 874 5373 veteres
925 5320 1140 5374 habent
1177 5321 1428 5384 Vitham;
1472 5336 1606 5373 mss.
1636 5323 1690 5384 2,
1746 5322 1943 5373 Vtham
1977 5335 1991 5387 ;
2036 5320 2168 5373 Hof-

475 5407 746 5459 manuus,
798 5391 1105 5445 Juditham.
1161 5392 1434 5457 Juitham,
1469 5391 1837 5458 Cunegundis
1883 5406 2164 5452 sororem,

475 5463 680 5524 Wolfo,
716 5468 981 5532 nuptam,
1009 5468 1066 5516 et
1090 5462 1278 5515 Jutam
1327 5477 1428 5515 seu
1460 5463 1669 5515 Mutam
1700 5462 1880 5532 ipsius
1932 5467 2163 5530 neptem

473 5532 702 5586 comitis
735 5533 1162 5602 Limburgensis
1198 5548 1438 5586 uxorem
1491 5539 1777 5586 memorat
1823 5532 2046 5586 Mimans
2103 5533 2165 5586 in

479 5603 690 5656 Notitia
725 5605 1091 5658 ecclesiarum
1125 5603 1325 5674 Belgii,
1379 5618 1510 5674 pag.
1551 5604 1668 5656 148.

2361 4352 2442 4402 Η,
2467 4349 2684 4404 Morbus
2715 4349 2831 4416 ejus
2861 4353 3150 4401 extremus.
3184 4349 3407 4416 Respuit
3436 4349 3643 4414 regales
3666 4348 3960 4416 exsequias.

2283 4437 2431 4491 Obit.
2490 4465 2560 4477 —
2613 4437 2946 4500 Quindecim
2993 4436 3052 4488 in
3093 4442 3286 4488 sancto
3334 4435 3628 4505 proposito
3669 4432 3964 4503 supervixit

2281 4540 2484 4590 annos,
2507 4529 2622 4578 tam
2654 4523 2993 4578 humilitatis
3033 4523 3216 4594 gratia
3260 4539 3434 4593 quam
3483 4522 3782 4593 religionis
3827 4537 3964 4575 reve-

2285 4613 2468 4667 rentia
2497 4614 2765 4667 omnibus
2815 4612 3170 4667 admiranda.
3220 4611 3472 4665 Tandem
3522 4627 3627 4682 pro
3679 4612 3858 4665 nimia
3909 4609 3964 4660 ci:

2282 4701 2486 4754 borum
2535 4700 2899 4766 abstinentia,
2949 4699 3222 4753 orationis
3255 4704 3312 4752 et
3365 4699 3692 4768 vigiliarum
3745 4695 3963 4752 incredil

2282 4788 2379 4842 bili
2445 4789 2884 4859 perseverantia,
2939 4787 3112 4858 coepit
3179 4803 3415 4857 corpore
3481 4787 3869 4856 languescere,
3923 4787 3963 4834 et

2281 4879 2706 4948 ingravescente
2766 4876 2964 4930 morbo
3014 4875 3296 4946 paulatim
3359 4875 3621 4928 deiicere.
3686 4876 3798 4928 Sed
3846 4873 3961 4926 dum

2280 4965 2540 5018 membra
2586 4965 2782 5018 dolore
2819 4964 3293 5018 contraherentur
3340 4964 3614 5031 exterius,
3659 4964 3862 5032 spiritu
3893 4966 3960 5012 ta-

2282 5071 2433 5118 men,
2463 5070 2595 5106 nam
2627 5053 2750 5106 laus
2783 5053 2882 5106 Dei
2919 5068 3148 5121 semper
3204 5052 3261 5104 in
3318 5067 3415 5104 ore
3447 5051 3570 5122 ejus
3600 5052 3726 5115 fuit,
3762 5050 3962 5105 confor-

2279 5143 2598 5197 fortabatur
2636 5141 2900 5196 interius.
2934 5141 3181 5196 Vocabat
3211 5139 3434 5195 sanctos
3455 5142 3709 5211 angelos,
3736 5150 3964 5212 quorum

2351 5250 2466 5316 (74)
2500 5248 2562 5301 ld
2595 5252 2679 5301 est
2707 5249 3056 5318 processioni
3079 5265 3210 5318 quas
3242 5248 3413 5300 etiam
3434 5264 3607 5318 nunc
3635 5253 3769 5301 ante
3801 5245 3961 5312 majus

2279 5335 2504 5372 sacrum
2537 5320 2596 5371 in
2626 5317 2900 5372 coenobiis
2926 5317 3130 5372 diebus
3162 5317 3474 5372 Dominicis
3523 5319 3648 5371 fieri
3677 5319 3839 5383 solet,
3866 5333 3963 5368 nua

2277 5390 2570 5444 interfuit.

2349 5464 2451 5526 (75)
2515 5459 2669 5515 Beati
2698 5459 2896 5513 Goaris
2934 5459 3139 5523 Vitam,
3175 5459 3277 5513 ubi
3339 5459 3449 5514 hoc
3476 5459 3820 5513 miraculum
3879 5454 3958 5508 de-

2275 5531 2572 5594 scribitur,
2624 5530 2800 5584 habes
2851 5531 3070 5584 Saeculo
3129 5531 3175 5584 ll
3238 5530 3605 5583 Benedictino
3646 5530 3719 5583 ad
3768 5537 3957 5582 annum

2275 5601 2502 5655 circiter
2531 5601 2635 5655 649
2669 5601 3013 5670 (Patrologiz
3052 5602 3228 5664 CXXI,
3262 5601 3320 5654 in
3359 5601 3819 5666 WANDALaaa'ro).
