3968 6384
145 418 3578 456 am

1565 575 1708 616 ano
1738 547 1926 616 nomn
1953 575 2154 617 11mm.

1458 749 2270 894 ΑΒΙΒΟ

733 1003 1688 1130 MOGUNTINUS
1751 1007 2994 1132 ARCHIEPISCOPUS

1619 1233 2036 1240 _.._——_...—_.—.————

1297 1335 1738 1424 NOTITIA
1811 1337 2427 1426 HISTORICA.

934 1538 1178 1606 hama,
1207 1536 1582 1593 Bibliotheca
1609 1537 1818 1594 medite
1849 1543 1900 1593 et
1931 1538 2149 1607 inﬁma:
2179 1539 2542 1609 Latinitatis,
2572 1541 2614 1610 Ι,
2647 1541 2791 1609 134.)

211 1846 416 1924 Aribo,
461 1863 533 1902 ex
582 1850 758 1924 gente
804 1847 1097 1924 comitum
1129 1849 1797 1924 Summuntarianorum
1829 1852 1921 1913 (de
1951 1853 2342 1922 Hohenwart')
2374 1854 2860 1924 archiepiscopus
2891 1851 3268 1917 Moguntinus
3300 1851 3378 1908 ab
3409 1867 3572 1907 anno

147 1922 285 1995 1021
317 1919 392 1973 ad
427 1919 843 1995 lQ3l,_pr£ef_uit
872 1920 1122 1974 concilio
1153 1922 1688 1995 Moguntinoanno
1742 1928 1868 1977 t()23
1920 1930 1975 1978 et
2018 1919 2625 1989 Selgenstademlibus
2675 1919 2836 1979 au'no
2891 1928 3022 1979 1021
3073 1929 3128 1978 et
3179 1929 3351 1987 1026;
3394 1929 3573 1995 atque

137 1994 359 2061 praeter
387 1990 668 2067 epistolas
699 1991 775 2046 ad
810 1994 1134 2046 lternonem
1165 1992 1466 2067 abbatem.
1498 1993 1770 2048 laudatas
1802 1995 2162 2049 'l‘l1ritl1e1nio
2193 2013 2325 2067 cap.
2360 2001 2482 2052 309.
2520 1996 2760 2066 Scripsit
2791 1999 2928 2050 (tom
2942 1995 3299 2050 mentarium
3329 1995 3387 2049 in
3419 1990 3575 2066 ps'al-

139 2061 629 2136 mosgraduum,
660 2078 839 2136 quem
873 2069 1165 2136 memorat
1193 2063 1530 2128 Sigebertus
1557 2082 1688 2135 cap.
1728 2070 1845 2120 HO.
1878 2067 2050 2122 Plura
2075 2067 2148 2121 de
2180 2061 2292 2122 hoc
2323 2069 2578 2124 Arihone
2624 2061 2908 2136 Georgius
2937 2067 3302 2124 Christianus
3331 2061 3573 2122 Joannis

143 2132 224 2186 ad
247 2133 469 2187 librum
503 2150 534 2186 ι’
568 2132 790 2188 Νἰρὸιίιί
824 2134 1056 2204 Scrarii,
1089 2138 1230 2190 tom.
1269 2140 1282 2190 Ι
1318 2138 1531 2190 Rerum
1564 2132 1703 2204 Mog

1007 2134 1056 2204 ii,
1089 2138 1230 2190 tom.
1269 2140 1282 2190 l
1318 2138 1531 2190 Rerum
1564 2132 2108 2204 Mogt'intiacartun,
2144 2155 2282 2210 pag.
2315 2143 2417 2195 3163
2452 2157 2574 2212 seq.

149 2257 3571 2292 Ἦ

952 2427 1551 2516 CONCILIUM
1629 2428 2762 2521 SALEGUNSTADIENSE.

134 2608 204 2674 In
254 2627 448 2677 causa
492 2609 854 2696 disciplinac
895 2611 1347 2679 ecclesiastica:
1391 2611 1786 2680 celebratum
1822 2629 1994 2678 anno
2036 2613 2488 2700 Redemptoris
2530 2615 2733 2683 nostri
2791 2615 2984 2698 1022,
3031 2621 3320 2700 tempore
3366 2615 3572 2681 Bene-

833 2717 986 2784 dicti
1022 2737 1204 2805 papze
1236 2728 1294 2787 et
1339 2718 1621 2786 lleinrici
1658 2717 2096 2803 imperatoris,
2135 2721 2526 2808 praesidente
2556 2724 2870 2790 ARIBONE.

245 2912 537 2978 (Canoncs
570 2914 752 2982 hujus
780 2914 1020 2968 concilii
1048 2918 1102 2970 et
1133 2914 1442 2983 appet-idin,~
1473 2915 1558 2970 De
1586 2913 1884 2971 initianda
1914 2919 2140 2985 synodo
2172 2924 2410 2974 exstant
2434 2920 2802 2989 Patrologiae
2831 2924 2970 2974 tom.
3000 2917 3178 2985 CXL,
3214 2918 3324 2973 col.
3358 2919 3461 2972 900

942 3039 967 3046 ο.

149 3037 816 3066 m—————.-——————
835 3055 903 3063 --.a
921 3057 929 3064 .
959 3057 964 3061 ς

663 3058 816 3066 _.——.-—

975 3057 1306 3066 Ἤ

1309 3056 1506 3066 ..ς-κ·-.
1523 3060 1650 3066 -.-,.--
1665 3061 1812 3067 ..-σν-...-
1839 3064 1844 3065 γ
1881 3063 1918 3067 _.

1929 3061 2092 3068 ὴ...-

2097 3059 2332 3068 ψυᾳᾴ-Δ-
2345 3062 2357 3069 .

3253 3058 3558 3068 _.—————

1546 3137 1688 3175 ANNO
1724 3139 1910 3176 DOMINI
1939 3139 2136 3180 MXXX”
2149 3170 2160 3182 .

1290 3314 2427 3510 EBALUS

805 3619 1537 3741 REMENSIS
1607 3621 2880 3747 ARCHIEPISCOPUS.
2963 3683 2966 3686 λ

1287 3947 1732 4037 ΝΟΤΙΤΙΑ
1800 3951 2393 4040 HISTORICA

1086 4133 1313 4192 (Gallia
1362 4133 1708 4192 Christiana
1757 4148 1932 4202 nova,
1984 4136 2127 4190 tom.
2182 4137 2264 4202 ΙΧ,
2311 4150 2450 4208 pag.
2502 4137 2615 4208 6i.)

1659 4321 2051 4332 ——

207 4461 444 4529 Ebalus,
480 4477 682 4518 comes
710 4463 1104 4531 Rociaoensis,
1138 4465 1402 4538 primum
1438 4467 1647 4536 laicus,
1680 4483 1792 4522 nu-
1831 4453 1876 4504 Α
1907 4470 2041 4522 ante
2073 4465 2608 4540 quaesivit,etnunc
2637 4465 2901 4521 maxime
2926 4463 3251 4520 insudabat
3275 4467 3572 4536 quatenus

134 4554 328 4623 pserat
359 4551 600 4606 Beatrici
631 4552 704 4607 de
741 4554 1074 4619 Hannonia,
1109 4555 1240 4610 tilia:
1276 4557 1530 4612 Rainerii
1561 4555 1793 4611 comitis
1905 4572 2010 4628 per
2053 4572 2193 4611 eum
2226 4572 2367 4610 suas
2407 4554 2756 4610 calliditates
2788 4553 3032 4608 liberius
3063 4557 3377 4608 exerceret.
3405 4577 3432 4602 ››
3466 4556 3573 4610 Ha-

136 4643 190 4698 et
221 4640 508 4695 Harwidis
542 4641 780 4698 Roberti
814 4646 1176 4700 Francorum
1209 4647 1361 4714 regis
1392 4647 1629 4702 sororis.
1669 4646 1792 4700 Elc-
1902 4647 2003 4701 bet
2031 4661 2172 4700 vero
2219 4648 2425 4699 contra
2456 4643 2603 4698 illud
2655 4642 3058 4699 testimonium
3102 4642 3414 4698 manifeste
3456 4659 3570 4716 pu-

136 4729 387 4786 ctionem
409 4731 537 4800 ejus
561 4732 640 4787 sic
664 4737 868 4789 narrat
889 4734 1223 4789 Chronicon
1249 4735 1790 4791 Cameracenselib.
1903 4740 2187 4806 gnantem
2235 4734 2576 4790 Fulbertum
2616 4736 3060 4800 Carnotensem,
3093 4731 3195 4804 qui
3224 4732 3286 4788 in
3317 4732 3570 4804 epistola

135 4838 213 4885 111,
242 4835 372 4892 cap.
405 4825 472 4875 25
501 4837 512 4875 :
550 4843 575 4867 ‹‹
604 4821 892 4877 Defuncto
921 4823 1168 4879 Arnulfo
1202 4826 1581 4880 Rcmcnsium
1608 4825 1796 4880 archi-
1903 4831 1970 4881 38
2022 4824 2275 4880 Guidoni
2307 4824 2668 4896 coepiscopo
2719 4839 2830 4878 suo
2861 4821 2938 4878 ab
2983 4821 3358 4877 ordinatione
3402 4822 3567 4878 Ebali

137 4909 843 4983 episcopo,Azelinus(hic
867 4912 1265 4969 estAdalbero
1283 4914 1621 4987 episcopus)
1641 4917 1791 4969 Lau-
1905 4913 2219 4969 Rcmensis
2251 4913 2398 4968 nihil
2427 4929 2555 4967 esse
2587 4909 2980 4967 metuendum
3012 4910 3289 4966 ostendit.
3323 4933 3349 4957 «ι
3382 4909 3438 4967 Si
3459 4916 3564 4978 est,

137 4999 416 5055 dunensis
441 5000 767 5074 quemdem
796 5000 1017 5056 laicum
1052 5001 1379 5058 Ebulonem
1405 5005 1669 5070 nomine,
1695 5018 1798 5059 an—
1903 5007 1968 5058 ut
1993 5003 2225 5068 dicitur,
2259 5002 2337 5056 ad
2362 5000 2615 5057 infantia
2643 4999 3031 5067 Christianus,
3063 5015 3214 5054 sano
3246 5015 3448 5067 sensu,
3481 5015 3572 5056 sa-
3667 5037 3674 5048 ι

139 5093 226 5145 tea
252 5107 428 5148 suum
457 5089 839 5146 secretarium
863 5095 917 5146 et
943 5108 1068 5146 suze
1096 5091 1430 5147 calliditatis
1463 5093 1791 5160 conscium,
1903 5092 2015 5147 eris
2042 5092 2244 5148 litteris
2273 5089 2564 5159 eruditus,
2597 5088 2856 5158 sobrius,
2890 5093 3110 5157 castus,
3146 5093 3379 5144 amator
3403 5090 3571 5162 pacis

137 5179 515 5248 acclamavit;
543 5185 679 5236 etut
698 5197 802 5236 rex
823 5181 1322 5236 concederetsuis
1339 5181 1791 5237 adulationibus
1903 5187 1958 5237 et
2001 5180 2356 5245 dilectionis,
2389 5179 2554 5235 nullo
2600 5177 2866 5244 crimine,
2906 5178 3072 5234 nulla
3116 5177 3378 5234 infamia:
3426 5183 3570 5235 nota

137 5269 464 5342 impetravit
506 5287 518 5334 ;
569 5269 762 5326 virum
804 5287 947 5326 sane
993 5271 1211 5325 nullius
1263 5271 1616 5344 disciplinac,
1648 5271 1794 5326 nihil
1904 5272 2196 5336 turbatus,
2233 5269 2597 5341 tandemque
2625 5285 2661 5324 a
2687 5267 2842 5324 clero
2872 5271 2929 5323 et
2971 5267 3198 5341 populo
3224 5285 3344 5324 suae
3372 5268 3574 5325 civita-

137 5360 645 5415 etiamlitterarum
660 5366 872 5432 praeter
889 5377 1082 5432 pauca
1106 5361 1592 5433 syllogismorum
1614 5377 1792 5431 argu-
1904 5363 1973 5418 tis
2021 5362 2239 5416 electus
2265 5378 2277 5426 ;
2308 5359 2510 5428 magni
2560 5358 2780 5416 ctenim
2821 5357 2952 5425 viri,
2977 5357 3189 5431 inquit,
3215 5359 3567 5415 Ambrosius

138 5455 331 5506 menta
349 5449 881 5522 seientem,quibus
902 5450 1116 5506 idiotas
1139 5467 1207 5506 ac
1227 5450 1526 5523 simplices
1549 5467 1792 5523 quoque
1904 5448 2356 5506 Mediolanensis
2389 5451 2444 5503 et
2489 5449 2820 5502 Germanus
2870 5445 3404 5504 Antissiodorensis
3442 5447 3570 5505 alii-

138 5540 420 5597 luditicari
469 5539 717 5596 solebat.
751 5539 873 5595 Sub
920 5542 1113 5613 specie
1155 5557 1296 5597 vero
1337 5541 1666 5597 litterarum
1717 5541 1792 5595 ad
1903 5555 2020 5612 que
2067 5536 2360 5603 nonnulli,
2394 5535 2538 5608 quia
2586 5535 2729 5592 tales
2775 5533 2835 5590 in
2886 5535 3041 5592 laico
3091 5535 3301 5593 habitu
3339 5538 3570 5595 exstite-

141 5631 273 5688 tanti
294 5629 539 5686 honoris
567 5629 871 5700 fastigium
903 5632 1091 5687 multo
1115 5638 1250 5687 ante
1282 5633 1792 5705 tenderat,spen1-
1903 5633 2058 5698 runt,
2093 5627 2292 5682 subito
2335 5625 2510 5681 nobis
2543 5624 2729 5680 sancti
2758 5626 3046 5696 praesules
3074 5625 3362 5682 exierunt.

139 5737 246 5795 que
277 5737 449 5776 suam
480 5719 670 5776 multa
700 5721 952 5794 pecunia
983 5721 1349 5788 cumulabat,
1377 5738 1565 5795 quam
1593 5721 1792 5775 usuris
1976 5717 2126 5784 Quin
2143 5721 2197 5772 et
2219 5716 2376 5771 idem
2403 5715 2876 5780 Fulbertus,cum
2898 5720 3142 5789 propter
3163 5716 3393 5772 damna
3412 5731 3572 5789 quee-

140 5811 374 5887 turpiter
398 5816 874 5870 coacervaverat.
898 5815 1013 5868 lloc
1035 5827 1279 5885 quoque
1301 5811 1572 5869 Azelinus
1602 5809 1791 5868 multo
1832 5812 1870 5866 Β
1901 5808 2044 5866 dam
2068 5806 2339 5864 Ecclesiae
2366 5804 2639 5864 Remensi
2661 5803 2739 5862 ab
2762 5804 2969 5866 Odone
2993 5804 3332 5880 Campaniae
3355 5805 3567 5863 comite
