3910 6426
367 320 497 374 1111
957 317 1225 374 EBALUS
1255 320 1412 375 BEM.
1443 317 1760 376 ARCHIEP.
1789 345 1861 359 --
1886 316 2093 374 EBALI
2123 315 2406 375 CHARTA
2433 319 2569 374 PRO
2601 317 2885 375 CLENOB.
2918 314 3182 374 MOSOI.
3727 307 3838 362 1111

358 443 524 500 illata
548 443 769 500 Ebalus
800 443 1001 500 animo
1030 442 1328 499 remissior
1354 442 1486 498 loco
1516 443 1724 500 cedere
1752 443 2004 499 medita~
2035 445 2083 498 Α
2111 441 2276 500 initia
2301 442 2680 516 pontiﬁcatus
2711 443 2840 514 ejus
2880 440 2959 498 ad
2997 455 3228 497 annum
3260 441 3403 496 1021
3453 431 3836 528 revocandi

359 536 541 600 retur,
591 549 728 588 eum
780 548 854 588 ne
895 548 1099 588 curam
1153 531 1349 600 gregis
1401 532 1633 588 Domini
1681 532 2015 605 relinquere
2121 548 2272 588 esse.
2300 537 2471 588 Anno
2506 536 2639 588 1026
2670 529 2919 588 restituit
2947 528 3310 586 monasterio
3341 530 3836 591 Mosomagens

362 621 553 691 vellet,
581 622 920 677 cohortatus
949 626 1066 676 est:
1101 642 1128 668 ‹‹
1153 619 1388 686 Audivi,
1418 620 1626 694 inquit,
1660 621 1743 678 sic
1787 626 1842 677 te
1872 638 2016 676 mm-
2122 619 2430 676 ecclesiam
2449 621 2675 677 Duziaci
2692 636 2879 692 quam
2892 617 3217 689 antiquitus
3233 613 3836 689 possederat.Anne

361 727 494 766 rore
542 710 827 766 afﬂictum
876 713 940 765 ut
990 725 1196 766 curam
1249 709 1443 780 gregis
1501 711 1791 766 Dominici
1846 706 2050 766 relin-'
2127 712 2258 764 1027
2308 709 2645 765 Heinricum
2691 713 2964 778 lregem,
2997 706 3222 762 vivente
3270 704 3511 760 adhuc
3578 698 3837 756 Roberto

363 815 543 872 quere
573 798 754 867 velis;
786 799 953 871 quod
983 815 1091 870 ego
1135 798 1346 856 acriter
1375 803 1432 856 et
1459 800 1648 856 amice
1692 800 2012 869 redarguo,
2120 803 2309 871 patre,
2341 799 2644 855 coronavit
2672 799 2768 854 die
2815 800 3205 853 Pentecostes.
3238 799 3424 888 anno
3489 793 3665 848 1032
3719 806 3836 888 pro

364 893 584 944 testans
626 893 699 954 te,
735 888 785 943 si
827 889 942 944 hoc
990 888 1200 959 egeris,
1232 905 1355 944 non
1403 888 1582 944 fuisse
1634 893 2012 961 pastorem.»
2123 888 2352 944 curavit
2395 888 2884 944 instaurationem
2930 885 3275 942 monasterii
3326 885 3836 957 Sparnacensis.

363 977 522 1034 Alias
551 977 810 1050 denique
846 977 1248 1034 luculentioris
1278 977 1474 1033 adhuc
1507 977 1822 1033 testimonii
1863 977 2013 1033 litte-
2124 977 2279 1033 Obiit
2312 994 2351 1034 v
2393 977 2530 1033 Idus
2575 976 2701 1033 Maii
2751 993 2819 1032 ex
2871 974 3214 1043 Necrologio
3265 970 3629 1036 Remensi,
3694 985 3839 1024 anno

362 1083 462 1122 ras
502 1066 713 1137 legeris
771 1067 934 1139 apud
986 1067 1288 1130 eumdem,
1342 1082 1477 1139 quea
1535 1067 1620 1122 sic
1677 1065 2010 1140 incipiunt:
2126 1070 2259 1123 1033
2288 1082 2360 1122 ex
2386 1065 2676 1123 Chronico
2705 1063 3138 1134 Mosomagensi
3168 1078 3398 1136 corpus
3448 1061 3625 1132 ejus
3657 1057 3840 1130 sepul-

367 1157 575 1213 Gloria
628 1163 679 1213 et
729 1158 950 1214 honore
994 1158 1172 1228 digno
1233 1158 1412 1212 Patri
1457 1163 1510 1214 et
1567 1157 2014 1226 archiepiscopo
2123 1157 2250 1210 tum
2271 1155 2429 1225 jacet
2459 1155 2630 1224 juxta
2667 1153 2888 1224 gradus
2928 1151 3093 1207 chori
3129 1166 3337 1207 versus
3393 1149 3690 1206 Odeum
3743 1148 3840 1200 sub

365 1245 557 1301 Ebato
581 1259 605 1315 ;
633 1245 713 1301 ita
739 1259 876 1301 vero
899 1245 1194 1308 desinunt,
1239 1246 1378 1302 Vale
1402 1246 1461 1300 in
1495 1247 1817 1313 inﬁnitum.
2121 1243 2320 1316 lapide
2351 1243 2445 1298 cui
2494 1243 2845 1315 inscriptum
2875 1245 2964 1297 est
3002 1239 3335 1296 solitarium
3387 1240 3554 1309 ejus
3613 1251 3840 1292 nomen

487 1334 716 1403 Angele
745 1335 979 1390 consilii
1003 1335 1208 1404 magni
1240 1340 1294 1390 te
1323 1336 1561 1390 consule
1590 1335 1834 1391 Christi.
2121 1334 2348 1390 Ebalus
2385 1335 2886 1403 archiepiscopus.
2939 1330 3179 1387 Dedisse
3218 1329 3450 1386 dicitur
3498 1327 3837 1385 canonicis

438 1421 692 1477 Sedebat
739 1422 958 1478 Ebalus
997 1439 1156 1478 anno
1192 1427 1326 1478 1022
1357 1440 1430 1478 ex
1470 1422 1758 1480 Chronico
1806 1424 2017 1479 Centu-
2125 1421 2246 1477 suis
2275 1421 2589 1478 ecclesiam
2613 1420 2686 1478 de
2720 1420 2982 1478 Bethana
3027 1423 3188 1475 curte
3217 1435 3333 1492 pro
3379 1415 3840 1476 anniversario

363 1511 546 1584 lensi;
581 1512 685 1568 sed
724 1513 1095 1569 ostendimus
1143 1513 1206 1569 in
1253 1513 1501 1570 Arnulfo
1544 1514 1856 1570 decessore
1905 1529 2015 1568 suo
2125 1527 2255 1568 suo.

868 1814 1301 1935 EBALI
1361 1813 2480 1938 ARCHIEPISCOPI
2543 1811 3272 1936 REMENSIS

1035 2081 1471 2168 CHARTA
1529 2081 1753 2169 PRO
1809 2079 2318 2168 C(ENOBIO
2375 2077 3104 2169 MOSOMENSIS.

1884 2279 2076 2346 (Anno
2110 2278 2261 2351 1021)

1061 2471 1258 2540 (Actes
1284 2474 1358 2531 de
1379 2475 1440 2530 la
1467 2475 1748 2545 province
1775 2475 2213 2548 eccle'siastique
2240 2475 2312 2532 de
2334 2475 2526 2532 Rcims
2552 2477 2695 2530 tom.
2731 2476 2796 2540 ll,
2822 2487 2963 2545 pag.
2991 2471 3070 2544 7.)

445 2775 512 2831 In
559 2774 802 2832 nomine
855 2793 1104 2833 summa;
1152 2782 1209 2835 et
1254 2779 1510 2836 inviduae
1554 2779 1865 2838 Trinitatis.
1899 2782 2022 2852 Ego
2058 2765 2102 2819 Β
2131 2796 2384 2854 eamque
2415 2779 2700 2853 praedicto
2727 2778 2881 2847 loco,
2911 2776 3216 2834 nonnullis
3262 2777 3557 2834 fidelium
3610 2791 3826 2833 coram

376 2866 618 2932 EBALUS,
661 2881 920 2938 superna
968 2867 1253 2938 largiente
1296 2869 1504 2939 gratia,
1540 2869 1674 2926 licet
1715 2870 2018 2940 indignus,
2131 2870 2674 2944 astantibus,prout
2685 2870 2810 2942 jam
2829 2865 3820 2934 exvotodestinaveram,reddidi;

373 2959 593 3010 sanctae
624 2955 925 3010 Remensis
956 2956 1224 3012 Ecclesiae
1255 2958 1656 3030 archipraasul.
2130 2960 2476 3017 auctoritate
2499 2959 2599 3015 Dei
2619 2957 3062 3031 omnipotentis,
3087 2963 3437 3031 sanctusque
3455 2956 3673 3014 Maria
3697 2957 3822 3026 ejus

441 3045 658 3099 Notum
703 3042 984 3098 volumus
1034 3060 1161 3100 esse
1197 3045 1485 3102 universis
1536 3047 1674 3102 viris
1710 3047 2018 3118 religiosis,
2133 3049 2448 3121 genitricis,
2472 3048 2864 3122 omniumque
2894 3051 3536 3116 sanctorum,necnon
3568 3043 3817 3120 pontiﬁ-

372 3129 619 3199 clericis,
651 3146 884 3187 necnon
914 3137 970 3189 et
989 3133 1263 3190 ﬁdelibus
1282 3134 1466 3205 laicis,
1491 3137 1654 3208 quod
1671 3138 2023 3194 venerabilis
2132 3138 2244 3194 cali
2273 3138 2508 3194 decreto
2533 3142 2750 3193 nostrae
2770 3135 3136 3193 auctoritatis
3156 3134 3535 3191 interdicens
3557 3150 3643 3191 ne
3669 3132 3818 3190 ullus

373 3217 564 3274 abbas
597 3220 823 3275 Sancte
846 3220 1035 3276 Mariae
1059 3223 1439 3278 Mosomensis
1461 3224 1901 3290 ecclesiie,Boso
1923 3239 2023 3280 vo-
2131 3234 2474 3285 nostrorum
2488 3243 2905 3284 successorum
2913 3227 3042 3296 jam
3059 3225 3218 3281 dicto
3229 3223 3365 3280 loco
3383 3223 3612 3298 aliquo
3636 3222 3815 3281 modo

373 3307 587 3363 citatus
611 3309 876 3375 nomine,
901 3309 1274 3368 adiitnostrm
1291 3313 1598 3385 parvitatis
1623 3313 2021 3386 praesentiam,
2131 3317 2406 3375 eamdem
2434 3317 2746 3374 subtrahat
2775 3316 3106 3383 ecclesiam,
3138 3313 3229 3370 vel
3257 3314 3710 3387 praejudicium
3739 3311 3815 3367 fa-

370 3397 584 3453 humili
613 3398 926 3454 devotione
955 3416 1175 3470 rogans
1207 3407 1270 3458 ut
1297 3403 1610 3460 ecclesiam
1636 3403 1697 3459 in
1726 3403 1864 3460 villa
1885 3419 2022 3476 quas
2132 3406 2266 3463 ciat.
2321 3408 2388 3462 Et
2436 3406 2564 3461 haec
2619 3409 2824 3462 nostra
2873 3404 3120 3461 donatio
3180 3419 3288 3476 per
3341 3402 3816 3460 succedentium

373 3485 586 3542 dicitur
616 3487 865 3542 Duziaco
897 3488 1089 3558 sitam,
1123 3490 1384 3547 ecclesiae
1411 3492 1522 3547 sibi
1555 3494 1650 3548 Dei
1683 3497 1832 3549 nutu
1857 3508 2021 3548 com-
2133 3501 2472 3568 temporum
2493 3493 2788 3551 curricula
2807 3494 2982 3550 ﬁrma
3003 3497 3057 3549 et
3079 3490 3460 3564 inconvulsa,
3488 3496 3554 3549 et
3577 3492 3817 3564 absque

372 3576 568 3631 missze
596 3577 942 3649 antiquitate
973 3579 1322 3650 subjectam.
1350 3581 1454 3636 sed
1485 3581 1844 3652 negligentia
1882 3587 1938 3638 et
1961 3583 2023 3638 in
2131 3584 2253 3640 ulla
2282 3584 2746 3640 contradictione
2767 3583 3112 3656 iniquorum
3141 3581 3412 3638 virorum
3445 3583 3677 3656 quieta
3698 3595 3822 3654 per-

373 3664 794 3722 curiasuorum
812 3671 1254 3724 anticessorum
1269 3669 2023 3742 aliquandiusubstractam
2131 3678 2394 3737 maneat,
2431 3689 2618 3729 manu
2659 3677 2862 3730 nostra
2901 3671 3297 3737 ﬁrmavimus,
3327 3676 3817 3743 nostrorumque

375 3769 578 3809 amore
621 3754 741 3821 Dei,
769 3759 826 3811 et
872 3772 1054 3813 causa
1091 3757 1399 3830 parvitatis
1447 3758 1581 3827 loci,
1616 3775 1721 3814 seu
1759 3760 2022 3816 remedio
2131 3762 2397 3818 ﬁdelium
2429 3763 2708 3818 manibus
2736 3761 3146 3818 roborandum
3172 3761 3566 3821 tradidimus.

377 3843 589 3898 animae
609 3859 778 3903 mem.
803 3850 1365 3919 antecessorumque
1389 3864 1658 3904 meorum
1680 3848 1758 3904 ad
1780 3849 2023 3922 supple-
2207 3851 2455 3921 Signum
2495 3851 2661 3908 Ebali
2690 3855 3009 3908 Remorum
3051 3849 3523 3923 archipraesulis.
3557 3850 3815 3922 Signum

379 3935 650 3986 mentum
678 3931 867 3986 victus
890 3932 1135 3988 fratrum
1163 3934 1309 3990 inibi
1332 3935 1446 3990 sub
1475 3935 1681 4005 regula
1712 3938 1902 3994 sancti
1923 3940 2024 3995 Be-
2135 3941 2527 3998 Adalberonis
2573 3940 2856 4015 episcopi.
2892 3941 3142 4012 Signum
3192 3940 3461 4010 Hugonis
3503 3941 3816 4000 archidia-

381 4018 597 4074 nedicti
623 4019 1001 4077 militantium
1031 4022 1416 4079 restituerem.
1447 4025 1626 4095 Cujus
1665 4024 1875 4083 humili
1921 4043 2025 4100 pe-
2135 4030 2290 4087 coni.
2371 4031 2618 4102 Signum
2693 4029 2976 4087 Harduini
3051 4029 3488 4087 archidiaconi.
3558 4031 3815 4104 Signum

383 4107 591 4176 titioni,
622 4108 882 4181 penuriae
913 4109 1027 4167 loci
1057 4127 1426 4185 compassus,
1459 4128 1772 4172 assensum
1801 4116 2032 4190 praebui
2069 4120 2109 4177 C
2138 4119 2292 4176 Aluﬁ
2316 4119 2738 4178 archidiaconi.

389 4256 3805 4287 Μ

831 4447 1206 4549 CLERI
1263 4454 2156 4555 NOVIOMENSIS
2214 4461 2384 4552 ET
2445 4457 3346 4558 TORNACENSIS

1871 4682 2316 4754 EPISTOLA

1054 4840 1168 4909 Ad
1191 4863 1529 4934 episcopos
1543 4843 1910 4932 provincia
1933 4844 2297 4929 Remensis,
2333 4857 2414 4914 de
2442 4849 2756 4938 episcopo
2787 4846 3110 4938 eligendo.

1883 5014 2073 5085 (Anno
2119 5015 2301 5087 1030.)

1220 5171 1417 5243 (Actes
1442 5171 1515 5229 de
1546 5173 1605 5229 ια
1634 5175 1916 5242 province
1939 5176 2379 5250 ecclesiastique
2401 5178 2475 5235 de
2497 5177 2715 5249 Reims,
2746 5180 2812 5248 Il,
2839 5178 2950 5248 48.)

456 5319 712 5377 Domino
760 5323 966 5388 EBALO,
1001 5320 1425 5391 gloriosissimo
1473 5324 1793 5381 Remorum
1844 5325 2039 5382 archi-
2069 5348 2113 5403 ι)
2144 5343 2213 5385 ac
2245 5329 2631 5386 Tornacensis
2661 5328 3094 5397 Ecclesiae,huic
3124 5332 3346 5386 sanctae
3375 5331 3514 5389 sedi
3545 5335 3813 5409 speciali-

385 5407 686 5478 episcopo,
719 5411 775 5463 et
804 5409 1024 5464 caeteris
1049 5409 1320 5467 dioecesis
1346 5410 1689 5483 metropolis
1714 5413 2030 5488 episcopis,
2141 5421 2228 5473 ter
2256 5417 2670 5490 obsequentes.

385 5495 741 5550 Anusenom
771 5496 989 5552 scilicet
1019 5499 1394 5556 Laudunensi
1439 5499 1740 5574 episcopo,
1773 5505 2031 5560 Romano
2212 5509 2526 5574 Quoniam,
2572 5506 2904 5562 secundum
2945 5505 3302 5563 canonicam
3341 5507 3806 5576 institutionem.

387 5582 820 5648 Catalaunensi,
852 5586 1111 5641 Genuum
1141 5589 1573 5657 Cameracensi,
1596 5592 1806 5646 νωιΝο
1837 5592 2033 5648 Belva-
2139 5593 2368 5650 nullam
2400 5594 2737 5657 Ecclesiam,
2772 5595 3056 5668 pastorali
3098 5596 3393 5665 regimine
3433 5599 3806 5670 destitutam,

384 5670 566 5736 censi,
598 5671 830 5726 VUlDONl
879 5672 1314 5746 Silvanectensi,
1350 5680 1581 5736 FULCONI
1623 5680 2028 5750 Ambianensi,
2139 5687 2350 5754 praeter
2373 5684 2864 5756 metropoliticam
2888 5700 2957 5740 ac
2978 5683 3474 5744 dioecesanorum
3502 5691 3809 5765 episcopo-

383 5759 635 5818 Dnocom
659 5761 1037 5832 Tarvancnsi,
1061 5763 1251 5823 clerus
1271 5770 1327 5824 et
1344 5769 1602 5843 populus
1618 5769 2030 5830 Noviomensis
2137 5785 2273 5827 rum
2301 5771 2732 5846 auctoritatem,
2764 5773 2844 5830 ad
2869 5771 3190 5832 antistitem
3219 5759 3708 5851 subrogandum
3721 5759 3808 5839 ias
