3910 6376
56 306 197 362 1113

990 308 1305 369 JOANNES
1341 312 1453 369 XIX
1488 312 1693 369 PAPA.
1733 341 1804 357 -
1848 313 2126 374 NOTlTlA
2163 315 2556 375 HISTORICA.

3349 312 3484 372 1114

47 434 139 486 est
181 429 477 503 aspirare,
510 434 720 489 vestrae
770 434 1094 492 sanctitatis
1139 437 1568 505 excellentiam,
1616 455 1722 512 pa-
1760 442 1807 496 A
1833 442 2093 511 dentem,
2122 443 2461 511 docibilem,
2492 443 2835 517 patientem,
2868 440 3139 499 moribus
3187 444 3484 515 tempera-

48 525 171 577 tres
202 522 563 595 beatissimi,
596 526 945 583 necessitate
975 528 1165 585 coacti
1197 528 1457 599 adimus,
1491 534 1547 585 et
1577 530 1728 587 sicut

47 611 129 667 ad
179 617 424 669 montes
470 612 571 669 Dei
615 614 821 671 oculos
860 616 1195 687 dirigimus,
1228 634 1336 691 per
1365 635 1519 692 quos
1548 620 1723 675 nobis

49 699 355 756 auxilium
385 701 602 769 venire,
640 705 757 758 Deo
784 705 1165 777 prepitiante,
1199 707 1581 763 conﬁdimus.
1618 711 1724 765 Su-

46 788 271 845 blimes
322 790 486 847 enim
529 797 764 848 montes
808 796 1019 852 merito
1051 798 1265 865 vocati,
1296 799 1613 855 cedrorum
1645 799 1729 855 Li-

44 878 197 935 bani
229 880 651 938 celsitudinem
681 883 913 940 verticis
962 886 1248 957 dignitate
1279 889 1632 961 pl‘tBCBlliiiS,
1663 889 1725 944 in

46 968 280 1042 quibus
330 970 617 1029 divinitus
648 974 966 1032 constituta
995 993 1127 1034 esse
1152 978 1524 1048 dignoscitur
1551 980 1724 1036 habi-

46 1058 195 1115 tatio
250 1059 354 1116 Dei
397 1060 692 1130 viventis;
745 1063 894 1119 cmlo
940 1066 989 1121 si
1035 1067 1281 1139 quidem
1330 1069 1724 1141 proximiores

46 1150 265 1219 effecti,
302 1167 341 1208 a
370 1168 515 1210 vero
548 1152 691 1221 sole,
724 1155 826 1227 qui
859 1158 1027 1213 Pater
1054 1156 1354 1215 luminum
1392 1165 1642 1216 vocatur
1669 1165 1725 1217 et

47 1244 154 1307 est,
186 1256 225 1297 a
254 1258 384 1315 quo
414 1242 592 1299 totius
636 1243 881 1301 luminis
926 1247 1092 1317 origo
1145 1249 1435 1321 procedit,
1461 1250 1520 1305 vi
1551 1251 1722 1322 cujus

46 1330 321 1387 irradiati
370 1332 679 1390 inferiores
700 1351 944 1409 quoque
965 1336 1111 1393 illati
1136 1338 1379 1394 luminis
1410 1340 1725 1413 participa-

46 1420 210 1476 tione
236 1419 569 1490 illustratis,
605 1438 674 1479 ac
703 1424 926 1481 caelesti
955 1442 1087 1482 rore
1114 1443 1150 1482 a
1183 1428 1593 1500 superioribus
1624 1430 1723 1485 de-

48 1509 273 1567 fluente
292 1510 649 1568 humiliores
681 1515 980 1572 secundos
1012 1516 1240 1574 efﬁcitis
1267 1536 1279 1585 ;
1305 1518 1419 1574 sub
1440 1519 1723 1577 umbram

44 1598 227 1670 igitur
257 1601 445 1657 vestri
475 1601 752 1659 culminis
780 1603 1124 1661 ﬁducialius
1164 1607 1591 1678 confugientes,
1625 1625 1723 1665 ve-

51 1693 171 1745 stra
202 1690 579 1762 protectione
628 1693 776 1749 tueri
815 1694 1201 1766 deposcimus
1250 1702 1569 1770 quatenus,
1598 1699 1726 1755 diu-

1833 536 1979 599 tum,
2013 534 2133 590 vita
2176 538 2429 601 castum,
2476 533 2765 595 sobrium,
2814 531 3125 601 humilem,
3159 531 3482 599 affabilem,

1832 622 2300 690 misericordem,
2332 624 2673 694 litteratum,
2705 622 2767 678 in
2804 622 2934 692 lege
2978 622 3079 678 Dei
3107 622 3482 687 instructum,

1831 712 1893 768 in
1923 713 2362 785 Scripturarum
2393 713 2670 770 sensibus
2710 717 2971 781 cautum,
3006 714 3066 768 in
3097 709 3485 783 dogmatibus

1831 803 2243 859 ecclesiasticis
2275 802 2681 868 exercitatum,
2708 807 2762 859 et
2789 804 3122 859 secundum
3155 800 3484 873 Scriptura‘

1830 908 1967 947 rum
1998 892 2295 948 tramitem
2321 891 2819 964 traditionemque
2845 891 3267 959 orthodoxam,
3299 892 3356 945 et
3384 904 3484 944 ca-

1830 996 2061 1036 nonum
2087 997 2157 1036 ac
2182 981 2557 1037 decretorum
2585 980 2743 1036 sedis
2772 976 3133 1053 apostolicaa,
3156 976 3484 1052 prtesulum

1831 1070 2302 1139 constitutiones,
2344 1087 2491 1127 sano
2540 1086 2721 1126 sensu
2768 1068 3201 1127 ecclesiasticas
3246 1065 3485 1137 regulas

1829 1160 2273 1231 intelligentem,
2322 1177 2592 1235 saneque
2633 1176 2907 1218 sermone
2947 1160 3263 1216 docentem
3306 1161 3485 1230 atque

1832 1257 2193 1320 servantem,
2224 1252 2681 1326 amplectentem
2711 1268 2851 1307 eum
2883 1251 2985 1324 qui
3019 1248 3356 1306 secundum
3382 1247 3486 1303 do-

1830 1340 2081 1397 ctrinam
2110 1345 2198 1397 est
2224 1341 2464 1398 ﬁdelem
2514 1356 2854 1396 sermonem
2897 1343 2953 1395 et
2996 1355 3135 1395 cum
3190 1334 3487 1393 modestia

1830 1431 2247 1504 corripientem
2278 1448 2380 1488 eos
2426 1431 2531 1504 qui
2561 1430 2862 1500 resistunt,
2895 1433 2952 1486 et
2978 1429 3025 1485 si
3054 1428 3159 1503 qui
3189 1443 3351 1484 sanae
3382 1425 3487 1483 do-

1830 1520 2031 1576 ctrina}
2064 1521 2463 1579 adversantur
2492 1521 2577 1577 eis
2608 1522 2882 1578 resistere
2914 1525 2972 1577 et
2998 1519 3356 1590 redarguere
3388 1532 3485 1572 sa-

1830 1628 1909 1667 na
1938 1612 2209 1668 doctrina
2239 1612 2690 1685 praevalentem;
2729 1610 3086 1684 hospitalem
3116 1608 3483 1675 modestum,

1831 1717 1955 1756 suze
1999 1700 2208 1757 domui
2257 1701 2411 1757 bene
2454 1701 2867 1774 praepositum,
2914 1717 3038 1757 non
3085 1697 3483 1772 neophytum,

50 1780 208 1836 turni
233 1780 438 1838 luctus
465 1782 659 1853 elogio
673 1788 924 1856 paterno
950 1802 1115 1843 more
1150 1789 1718 1860 compatiendo,no-
1757 1806 1799 1859 Β
1830 1792 2152 1848 habentem
2198 1792 2606 1848 testimonium
2636 1792 2867 1849 bonum
2894 1809 2909 1859 ;
2954 1791 3016 1847 in
3055 1788 3342 1861 gradibus
3372 1786 3488 1842 sin-

46 1868 139 1923 bis
188 1869 554 1942 suffragium
603 1873 1028 1931 consolationis
1074 1876 1411 1949 prazbeatis,
1444 1883 1500 1934 et
1548 1896 1719 1951 spem

45 1958 290 2032 incepti
322 1961 534 2031 gaudii
562 1963 641 2019 ad
670 1962 947 2021 effectum
977 1967 1304 2039 perducere
1326 1984 1448 2025 non
1478 1969 1717 2025 differa-

45 2048 135 2104 tis.
170 2049 465 2107 Dolemus
507 2053 754 2126 quidem
804 2059 859 2110 et
885 2056 1168 2126 ejulando
1198 2057 1483 2131 lacrymis
1514 2059 1719 2116 deﬁci-

46 2156 205 2213 mus,
233 2145 448 2215 utpote
480 2143 731 2216 piissimi
779 2146 965 2219 patris
998 2148 1185 2204 nostri
1218 2150 1522 2223 Harduini,
1554 2152 1720 2208 vide-

45 2229 178 2286 licet
226 2231 525 2305 episcopi,
573 2238 762 2291 morte
810 2235 1145 2294 admodum
1198 2238 1469 2305 desolati.
1513 2256 1718 2313 quem,

48 2319 201 2392 proh
223 2319 410 2377 dolor
429 2322 457 2378 Ἰ
485 2325 826 2381 communis
848 2325 1132 2384 humanae
1157 2328 1518 2386 conditionis
1546 2347 1721 2387 casus

50 2408 225 2465 nobis
256 2414 511 2483 repente
544 2412 843 2486 subripuit
871 2433 884 2483 ;
930 2416 1311 2476 miseratione
1341 2424 1543 2476 autem
1572 2437 1725 2476 sere-

53 2498 283 2555 nissimi
310 2500 476 2572 regis
504 2503 762 2560 Rotberti
785 2505 846 2561 in
871 2511 1075 2564 nostra
1104 2507 1483 2566 tribulatione
1513 2526 1723 2568 conso-

54 2588 162 2644 lari
191 2590 516 2663 coepimus,
550 2594 722 2664 cujus
768 2594 1067 2653 immensa
1113 2597 1328 2670 pietate
1377 2600 1455 2656 ad
1494 2600 1723 2674 petitio-

56 2693 193 2734 nem
218 2679 409 2736 totius
432 2681 703 2737 Ecclesia:
727 2689 1016 2742 rectorem
1043 2687 1364 2760 petivimus
1383 2689 1719 2758 dominum,

56 2767 325 2825 videlicet
370 2770 712 2843 Hugonem,
767 2774 1039 2832 Ecclesia:
1081 2782 1298 2834 nostra:
1336 2781 1723 2836 Tornaeensis

62 2859 479 2932 praepositum,
509 2864 952 2921 Cameracensis
978 2871 1180 2923 autem
1210 2868 1722 2941 archidiaconum,

62 2963 241 3019 quem
295 2952 613 3008 communi
658 2958 799 3010 voto
852 2960 1157 3028 pastorem
1202 2957 1497 3027 eligimus,
1543 2964 1726 3015 recto-

64 3052 187 3093 rem
227 3039 640 3114 deposcimus,
687 3044 997 3118 pontificio
1042 3048 1508 3119 proclamamus.
1558 3048 1727 3121 Eligi-

64 3144 197 3185 mus
246 3147 395 3202 ergo
444 3147 586 3189 eum
627 3134 807 3192 talem
838 3136 1081 3209 qualem
1106 3138 1278 3208 jubet
1307 3139 1640 3213 apostolica
1672 3143 1729 3196 et

66 3221 355 3278 canonica
404 3224 752 3295 auctoritas,
785 3225 905 3283 ﬁde
934 3228 1315 3298 catholicum,
1335 3235 1550 3287 natura
1583 3246 1727 3304 pru-

1830 1881 2007 1952 gulis,
2035 1882 2368 1938 secundum
2406 1882 2788 1939 traditionem
2837 1879 3321 1948 ecclesiasticam,
3373 1874 3485 1932 mi-

1828 1972 2179 2029 nistrantem
2210 1971 2288 2028 ad
2337 1987 2516 2029 omne
2555 1988 2709 2045 opus
2748 1972 3003 2041 bonum,
3035 1972 3093 2026 et
3135 1968 3214 2024 ad
3261 1965 3490 2023 satisfa-

1829 2061 2085 2117 ctionem
2115 2060 2280 2118 omni
2308 2061 2575 2134 poscenti
2623 2060 2938 2117 rationem.
2972 2058 3069 2114 His
3099 2073 3240 2128 ergo
3267 2059 3324 2112 et
3353 2054 3484 2111 aliis

1828 2150 2146 2207 virtutibus
2184 2151 2530 2223 plenissime
2573 2150 2918 2224 pollentem,
2946 2146 3311 2205 omnimodis
3340 2144 3489 2218 peti-

1830 2256 1967 2296 mus
1997 2245 2061 2296 ut
2085 2240 2444 2313 quantocius
2458 2245 2656 2296 vestra
2675 2238 3091 2295 benedictione
3116 2235 3293 2293 nobis
3320 2233 3489 2290 illum

1831 2329 2187 2386 consecretis
2244 2328 2597 2393 antistitem,
2650 2333 2969 2401 quatenus,
3024 2329 3265 2383 auctore
3340 2326 3486 2390 Deo,

1831 2418 2002 2491 plebs
2024 2434 2160 2491 quas
2190 2418 2294 2474 diu
2323 2417 2649 2491 episcopali
2674 2417 2963 2487 regimine
2992 2414 3203 2484 caruit,
3231 2412 3345 2469 sub
3369 2416 3491 2468 tan-

1833 2515 1891 2567 to
1918 2508 2218 2584 pontiﬁce,
2244 2508 2321 2565 ad
2347 2513 2649 2583 pastorem
2681 2513 2738 2564 et
2766 2507 3116 2580 episcopum
3146 2504 3488 2560 animarum

1832 2604 2173 2657 nostrarum
2205 2615 2512 2667 conversa,
2547 2614 2657 2654 suo
2689 2598 2941 2653 Domino
2988 2595 3240 2651 militare
3271 2591 3485 2660 valeat,

1833 2691 1996 2764 quia,
2031 2694 2277 2746 testante
2323 2688 2643 2762 Scriptura,
2690 2687 2994 2757 integritas
3037 2681 3487 2759 praesidentium

1834 2780 1996 2836 salus
2034 2783 2122 2835 est
2150 2776 2548 2846 subditorum,
2580 2781 2637 2833 et
2665 2776 2771 2833 ubi
2812 2773 3190 2832 incolumitas
3228 2775 3314 2827 est
3342 2770 3486 2826 obe-

1833 2869 2086 2935 dientiae,
2115 2868 2197 2924 ibi
2242 2883 2391 2924 sana
2428 2871 2516 2924 est
2542 2866 2737 2923 forma
2764 2864 3080 2932 doctrinae;
3112 2861 3255 2936 quia
3285 2863 3486 2917 autem

1835 2975 2046 3016 omnes
2072 2974 2182 3015 nec
2219 2956 2522 3014 evectione
2550 2972 2865 3029 equorum,
2897 2970 3006 3011 nec
3039 2952 3237 3009 ofﬁcio
3261 2949 3488 3024 pedum

1837 3050 2051 3108 adesse
2078 3049 2368 3117 valemus,
2399 3047 2717 3104 unanimes
2762 3045 2900 3103 huic
2947 3043 3254 3117 scriptura:
3284 3054 3489 3099 assen-

1838 3158 1974 3198 sum
2003 3139 2367 3215 praebemus.

1467 3414 3491 3443 Ψ

1452 3586 1595 3629 uno
1634 3586 1827 3628 eoum
1866 3574 2111 3629 nixum.

675 3762 1669 3953 JOANNES
1818 3765 2197 3952 XIX
2340 3760 2908 3950 PAPA

1250 4233 1671 4325 ΝΟΤΙΤΙΑ
1780 4235 2326 4328 HISTORIGA

911 4438 1254 4512 (Cucoxius,
1304 4440 1453 4498 Vita
1488 4441 1897 4501 Romanorum
1929 4442 2305 4513 pontiﬁcum,
2347 4453 2487 4515 pag.
2529 4438 2677 4505 288.)

1564 4613 1971 4623 ...ψῃ-

138 4736 399 4793 Joannes
430 4733 560 4801 XIX,
594 4732 924 4807 Romanus,
954 4752 1028 4794 ex
1071 4736 1390 4795 comitibus
1434 4737 1727 4796 Tuscula-
1767 4738 1808 4792 C
1838 4737 1955 4794 bus
1982 4754 1996 4805 ;
2041 4739 2277 4794 creatus
2324 4733 2516 4810 pridie
2562 4732 2691 4791 Kal.
2724 4730 2927 4799 Martii,
2957 4745 2994 4788 a
3020 4728 3495 4788 Tusculanorum

73 4821 185 4896 nis,
217 4825 323 4898 qui
352 4829 412 4881 et
441 4824 678 4897 Signiae,
710 4830 767 4882 et
796 4826 870 4882 de
900 4827 1221 4884 comitibus
1243 4828 1384 4884 dicti
1412 4832 1572 4898 sunt,
1596 4831 1733 4885 Gre-

78 4914 219 4983 gorii
262 4914 446 4985 ﬁlius,
478 4915 774 4972 Benedicti
800 4918 937 4985 VIII,
973 4917 1428 4990 prmdecessoris
1468 4919 1579 4986 sui,
1614 4918 1733 4975 fra-

78 5006 158 5058 ter
186 5006 545 5073 Germanus,
577 5021 713 5078 quin
735 5021 829 5063 res
857 5007 1164 5063 rarissimo
1188 5007 1464 5081 exemplo
1496 5007 1732 5078 accidit,

80 5093 259 5149 semel
286 5094 351 5150 in
376 5094 679 5167 Stephano
710 5095 753 5151 II
785 5098 842 5151 et
861 5096 1044 5152 Paulo
1070 5097 1199 5167 ejus
1231 5113 1599 5163 successore,
1628 5097 1735 5171 qui

79 5181 278 5240 fratres
310 5183 573 5255 fuerunt,
607 5184 758 5242 sicut
786 5188 844 5242 et
868 5201 1031 5243 nunc
1061 5186 1121 5241 in
1146 5189 1373 5244 Joanne
1404 5191 1459 5243 et
1487 5188 1735 5244 Benedi-

78 5275 166 5328 cto
196 5273 314 5327 VIII
341 5274 610 5330 secundo
640 5275 876 5343 accidit,
909 5280 965 5332 et
993 5292 1299 5349 nusquam
1349 5277 1499 5333 alias
1546 5277 1733 5334 conti-

78 5361 230 5429 gisse
256 5363 577 5420 invenitur.

145 5453 477 5527 Episcopus
529 5454 638 5511 fuit
678 5458 958 5524 Joannes,
990 5457 1350 5529 Portuensis,
1384 5459 1631 5515 Henrico
1678 5462 1736 5515 et

80 5542 398 5599 Chunrado
445 5545 787 5614 junioribus
824 5546 1286 5620 imperatoribus
1316 5550 1615 5620 Augustis,
1649 5565 1736 5604 se-

80 5631 162 5687 dit
204 5648 402 5689 annos
451 5651 572 5705 vni,
599 5651 839 5691 menses
887 5653 968 5705 1x,
1000 5636 1127 5692 dies
1168 5654 1266 5705 1x;
1322 5654 1393 5695 ex
1433 5638 1734 5695 monacho

84 5720 136 5776 S.
165 5720 462 5777 Benedicti
487 5722 549 5777 in
568 5724 933 5781 monasterio
962 5728 1017 5782 S.
1036 5727 1335 5782 Anastasii
1355 5730 1577 5795 Romae,
1602 5726 1735 5782 Gui-

83 5807 235 5869 done
283 5814 343 5869 et
384 5812 747 5871 Theoderico
793 5814 1038 5873 vetustis
1082 5815 1427 5874 auctoribus
1456 5813 1734 5874 tradenti-

1841 4828 2130 4885 comitum
2156 4827 2412 4885 factione
2439 4824 2740 4882 suffectus.
2763 4825 3053 4879 Joannem
3082 4820 3243 4877 hunc
3268 4819 3497 4877 Platina

1840 4934 1939 4974 xx1
1965 4916 2259 4988 nominat,
2289 4917 2435 4990 quia
2463 4916 2525 4973 in
2554 4929 2875 4971 numerum
2905 4909 3258 4984 pontiﬁcum
3282 4925 3496 4984 perpe-

1841 5022 1971 5064 ram
1996 5004 2173 5062 refert
2199 5009 2493 5063 Joannem
2532 5002 2821 5060 feminam
2846 4999 3208 5067 fabulosam,
3241 5002 3297 5054 et
3322 4999 3498 5056 Joan-

1840 5112 1980 5153 nem
2002 5099 2163 5153 XVIII
2182 5095 2286 5169 qui
2316 5095 2521 5152 sedem
2551 5091 2921 5168 pontiﬁciam
2951 5087 3264 5162 usurpavit
3291 5089 3500 5144 contra

1843 5186 2191 5257 Gregorium
2243 5186 2520 5259 quintum
2572 5184 2908 5255 legitimum
2948 5179 3314 5256 pontificem.
3366 5178 3499 5250 Ipse

1842 5280 2043 5334 tamen
2074 5276 2135 5331 in
2164 5274 2598 5349 diplomatibus
2629 5274 2772 5344 suis,
2804 5288 3065 5347 quorum
3102 5269 3280 5327 hodie
3310 5267 3502 5325 multa

1842 5364 2228 5438 exemplaria,
2260 5368 2512 5432 exstant,
2545 5379 2605 5419 se
2635 5362 2739 5421 XIX
2774 5361 3063 5435 appellat.

1914 5454 2218 5511 Heinricus
2250 5454 2421 5527 imp.,
2449 5452 2685 5518 morbo,
2718 5468 2841 5524 quo
2888 5451 3275 5514 decubuerat,
3305 5448 3502 5518 ingra-

1839 5547 2132 5611 vescente,
2191 5541 2482 5616 quoniam
2527 5540 2683 5596 filios
2742 5556 2864 5597 non
2899 5540 3184 5607 habebat,
3236 5538 3501 5596 Chunra-

1843 5635 1989 5691 dum
2020 5632 2365 5689 Franconiae
2397 5631 2614 5687 ducem
2665 5630 2778 5687 sibi
2822 5645 3236 5687 successorem
3284 5626 3501 5695 eligere

1842 5722 2144 5780 consuluit
2168 5741 2181 5791 ;
2216 5719 2676 5791 Chunigundem
2703 5736 2954 5776 uxorem
2980 5719 3273 5789 virginem
3297 5714 3496 5771 decla-

1842 5812 2013 5882 ravit,
2038 5812 2207 5887 virgo
2237 5812 2368 5888 ipse
2404 5808 2745 5881 defunctus,
2774 5808 3039 5868 maxima
3069 5809 3197 5879 ejus
3224 5801 3500 5879 puritatis
