3910 6424
383 344 519 403 1-115
1190 373 1194 378 -
1727 344 1927 401 ’JOANP

2292 344 2427 399 ΡΞ.
3694 332 3836 390 1116

382 468 547 543 apud
570 468 843 525 homines
871 466 1149 542 opinione
1176 466 1394 538 relicta,
1417 468 1477 523 in
1504 466 1642 524 ldus
1671 466 1856 523 Julias
1884 465 2030 524 anni
2062 472 2112 526 A
2142 480 2341 538 genua
2385 463 2701 540 procidens
2740 462 2980 522 veniam
3021 462 3227 521 Christi
3272 460 3472 537 gratia
3517 457 3798 534 petebat
3826 475 3839 525 _:

387 559 522 615 1024
553 558 859 631 expiravit,
904 557 1074 627 cujus
1104 555 1395 613 memoria
1439 556 1590 613 inter
1630 556 1839 613 beatos
1872 570 2033 613 reco-
2138 554 2242 629 qui
2285 571 2424 613 eum
2471 556 2722 613 illaesum
2761 554 2924 612 abire
2971 553 3341 628 permittens,
3373 550 3601 607 statim
3632 547 3839 623 proxi-

382 646 521 704 litur
546 646 734 720 pridie
766 646 904 701 ldus
929 644 1081 701 Julii.
2140 662 2310 703 mum
2356 646 2649 721 templum
2691 647 2997 717 ingressus
3036 648 3142 711 est,
3185 642 3570 701 Cruciﬁxum
3640 638 3838 694 conti-

456 735 809 792 Chunradus
853 737 895 789 ll
939 734 1263 807 imperator
1293 737 1494 790 Romae
1523 734 1584 791 in
1612 734 1858 791 basilica
1886 733 2034 790 Vati-
2138 752 2262 793 nuo
2309 737 2480 808 cujus
2523 735 2913 792 simulacrum
2954 734 3187 801 orabat,
3226 732 3449 789 referre
3508 729 3573 786 ei
3635 729 3833 801 capite

386 839 556 889 cana,
589 822 685 878 die
714 821 973 892 Paschae,
1001 838 1081 876 v11
1121 821 1250 877 Kal.
1282 821 1518 894 Aprilis,
1551 838 1589 878 a
1614 824 1842 879 Joanne
1873 821 2030 878 deci-
2140 823 2422 882 inclinato
2450 825 2529 882 ob
2558 826 2688 898 ejus
2742 825 2879 882 facti
2928 823 3171 895 gratias,
3201 826 3268 878 ut
3310 821 3443 895 ipse
3497 823 3563 875 et
3609 833 3834 874 omnes

384 928 486 970 mo
515 926 676 969 nono
705 926 889 984 papa,
922 913 1241 968 coronatus
1270 915 1377 980 est,
1405 926 1568 967 anno
1605 911 1759 983 1027,
1791 911 1895 984 qui
1919 913 2032 967 Ro-
2141 914 2245 986 qui
2274 915 2522 972 aderant
2567 914 2722 972 clare
2760 929 3141 986 conspexere.
3184 913 3315 978 Quo
3343 908 3660 985 prodigio
3694 912 3838 963 atto-

384 1017 602 1058 manos
628 1000 805 1056 minis
840 999 1038 1056 terruit
1065 1002 1358 1056 Joannem
1386 999 1731 1072 pontiﬁcem
1757 999 2035 1056 infestan-
2140 1002 2321 1069 nitus,
2353 1003 2565 1060 relictis
2605 1002 2907 1072 omnibus,
2939 999 3566 1057 monasticam‘vitam
3633 994 3835 1066 elegit,

386 1095 496 1160 tes,
527 1089 770 1146 exitium
798 1105 1041 1162 quoque
1070 1088 1502 1158 interminatus,
1534 1088 1653 1145 nisi
1692 1104 1728 1148 a
1757 1088 2034 1145 vexando
2141 1096 2198 1147 et
2225 1092 2287 1148 in
2316 1092 2449 1148 loco
2480 1092 2583 1167 qui
2598 1091 3099 1149 Vallis-Umbrosa
3114 1090 3351 1159 dicitur,
3369 1088 3559 1160 juxta
3586 1087 3839 1158 Appen-

388 1178 669 1253 pontiﬁce
697 1178 1084 1253 quiescerent.
2141 1180 2352 1238 ninum
2383 1181 2657 1251 secessit;
2707 1180 2972 1252 inibique
3020 1178 3401 1254 disciplinam
3441 1174 3598 1232 sub.
3641 1169 3702 1232 S‘.
3739 1174 3836 1228 Be-

463 1267 705 1325 Basilius
762 1267 966 1337 junior
1009 1269 1314 1337 Augustus
1368 1265 1523 1323 circa
1584 1266 1712 1323 Kal.
1768 1266 2035 1324 Octobris
2142 1270 2378 1328 nedicto
2424 1271 2694 1341 regulam
2746 1269 2969 1326 amictu
3015 1267 3230 1325 coloris
3274 1266 3487 1323 Veneti
3540 1258 3832 1320 instituit.

396 1361 668 1414 mortuus
699 1360 787 1412 est
816 1356 1346 1429 Constantinopoli.
2145 1362 2338 1426 Quam
2363 1359 2695 1416 Alexander
2720 1360 2763 1415 ll
2788 1363 2846 1414 et
2874 1357 3188 1428 Gregorius
3211 1358 3309 1412 Vll
3339 1354 3831 1411 conﬁrmarunt.

462 1449 783 1519 Imperator
815 1445 1235 1501 Constantinus
1278 1449 1317 1502 Χ
1348 1450 1496 1516 Aug.
1531 1445 1693 1502 solus
1721 1445 2039 1520 imperavit
2145 1448 2299 1506 Obiit
2336 1464 2497 1505 anno
2533 1448 2768 1504 Domini
2822 1448 2975 1515 1074,
3007 1447 3068 1502 in
3099 1444 3377 1501 coenobio
3425 1442 3832 1503 Possiniano.

391 1518 582 1593 annos
606 1552 668 1605 ιι,
694 1550 885 1590 mens.
917 1551 997 1591 x1.
1732 1518 1743 1531 κ
1808 1518 1815 1520 ⁷
2144 1538 2363 1595 ivldus
2405 1537 2558 1607 Julii,
2608 1536 2912 1593 miraculis
2960 1534 3178 1603 clarus,
3228 1532 3459 1590 ibidem
3516 1530 3831 1605 sepultus.

459 1628 631 1680 Anno
664 1627 798 1680 1028
830 1623 973 1679 Vido
1004 1624 1298 1692 Aretinus,
1329 1623 1420 1680 vir
1462 1623 1603 1681 artis
1634 1624 1877 1681 musicae
1911 1641 2038 1680 eru-
2147 1630 2333 1695 Quem
2361 1644 2500 1684 cum
2523 1627 2675 1683 inter
2690 1630 2925 1683 sanctos
2950 1641 2985 1681 a
3011 1624 3292 1694 Gregorio
3324 1623 3606 1697 septimo
3636 1621 3835 1677 decla-

391 1713 736 1781 ditissimus,
776 1730 997 1769 novam
1046 1730 1265 1769 vocum
1310 1714 1741 1770 ﬁectendorum
1784 1714 2039 1787 discipli—
2145 1721 2341 1773 ratum
2365 1732 2506 1773 vera
2533 1716 2696 1772 fama
2738 1714 2970 1781 referat,
2999 1712 3348 1770 C(elestinus
3378 1715 3454 1767 Ill
3495 1710 3684 1766 idem
3719 1726 3833 1765 cer-

390 1819 554 1871 nam,
587 1820 721 1876 quae
772 1803 834 1859 in
881 1804 1040 1860 hunc
1085 1820 1274 1875 usque
1322 1803 1482 1859 diem
1530 1803 1899 1871 observatur,
1931 1819 2037 1876 per
2074 1823 2116 1875 Β
2148 1808 2241 1860 tus
2279 1804 2650 1876 approbavit.
2682 1804 2862 1874 Cujus
2905 1817 3278 1858 successores
3321 1798 3436 1855 viri
3469 1798 3714 1872 optimi
3744 1800 3835 1854 Pa-

391 1892 612 1949 litteras
643 1892 1030 1966 syllabasque
1062 1892 1302 1948 ﬂexuris
1350 1893 1671 1964 digitorum
1712 1892 1876 1948 laevae
1915 1910 2041 1949 ma—
2149 1897 2264 1948 tres
2315 1893 2644 1948 institutum
2696 1906 3071 1965 promovere,
3113 1894 3169 1946 et
3224 1891 3340 1946 hoc
3389 1905 3469 1945 ex
3517 1887 3833 1944 chronicis

394 1998 506 2037 nus
538 1982 953 2053 adjungendas
984 1981 1239 2038 edidisse
1292 1981 1495 2049 fertur,
1528 1981 1763 2053 aliaque
1802 1998 2043 2054 compo-
2150 1981 2430 2037 Bcrnardi
2458 1981 2758 2047 monachi,
2791 1985 2849 2036 et
2876 1982 2931 2035 S.
2967 1979 3246 2035 Antonini
3277 1978 3569 2034 traditur.

395 2071 510 2127 suit
537 2087 739 2144 opera,
772 2087 1031 2143 quorum
1063 2070 1413 2126 Trithemius
1444 2070 1736 2127 meminit.
2220 2076 2390 2128 Anno
2425 2076 2551 2128 1031
2588 2072 2648 2127 in
2692 2071 3023 2144 Campania
3060 2072 3124 2125 B.
3163 2068 3541 2136 Dominicus,
3578 2066 3833 2123 mirabi-

466 2163 677 2233 Imper.
706 2159 1122 2216 Constantinus
1160 2162 1199 2215 X
1234 2161 1384 2230 Aug.
1416 2159 1562 2215 obiit
1605 2159 1761 2216 circa
1792 2158 2037 2216 Kalend.
2148 2160 2294 2217 lium
2324 2164 2590 2233 patrator
2616 2172 2887 2233 operum,
2910 2158 3361 2231 multorumque
3383 2155 3703 2212 fundator
3730 2172 3836 2211 coe-

397 2247 779 2321 Septembris,
808 2263 966 2304 anno
1001 2252 1153 2304 10’29.
2148 2249 2468 2306 nobiorum
2507 2250 2670 2322 apud
2714 2251 2923 2306 Soram
2947 2249 3077 2319 jam
3124 2247 3308 2303 ferme
3339 2246 3833 2316 octuagenarius

469 2341 618 2408 lmp.
647 2336 953 2392 Romanus
1008 2337 1075 2391 IV
1106 2340 1371 2410 Argyrus
1420 2340 1569 2407 Aug.
1603 2336 1914 2410 imperavit
1943 2352 2045 2392 an-
2151 2339 2315 2409 obiit,
2346 2344 2523 2412 atque
2566 2340 2625 2394 in
2656 2337 3017 2395 monasterio
3045 2337 3210 2410 quod
3244 2340 3460 2409 postea
3494 2335 3586 2391 ab
3621 2350 3703 2392 eo
3731 2350 3832 2391 no-

397 2442 508 2482 nos
536 2428 599 2494 V,
641 2441 879 2481 menses
906 2442 982 2479 Vl.
2151 2444 2289 2485 men
2320 2428 2546 2501 accepit
2594 2427 2861 2501 sepultus
2891 2431 2999 2483 est.
3034 2426 3205 2481 Hunc
3236 2425 3594 2481 Loricatum
3634 2427 3832 2480 Petrus

472 2514 594 2571 Sub
635 2516 859 2570 Joanne
910 2513 1144 2570 decimo
1195 2531 1378 2586 nono,
1412 2530 1572 2571 anno
1618 2513 1851 2571 Domini
1884 2518 2041 2579 1030,
2154 2516 2427 2573 Damiani
2470 2520 2663 2583 vocat,
2690 2515 2857 2590 qu’od
2908 2514 2988 2571 ad
3032 2511 3480 2569 macerandum
3526 2510 3831 2569 interioris

400 2602 783 2674 congregatio
839 2603 1005 2660 tertia
1060 2604 1257 2661 Sancti
1309 2603 1626 2671 Benedicti,
1666 2620 1798 2676 quae
1841 2602 2044 2659 Vallis-
2153 2605 2406 2662 amictus
2436 2605 2748 2678 asperitate
2778 2619 3020 2660 carnem
3060 2602 3244 2658 lorica
3273 2605 3579 2663 uteretur.

400 2691 706 2749 Umbrosae
736 2691 967 2764 dicitur,
999 2692 1291 2763 originem
1322 2692 1548 2749 habuit.
1583 2686 1665 2748 Εὸ
1695 2693 1855 2749 enim
1885 2708 2045 2749 anno
2227 2693 2485 2750 Concilia
2520 2692 2629 2748 tria
2671 2691 2786 2747 sub
2816 2691 2945 2761 ejus
2972 2688 3328 2763 pontiﬁcatu
3358 2687 3613 2758 habita,
3646 2688 3833 2744 Gerlii-

398 2780 595 2854 prima
643 2780 914 2851 ejusdem
963 2781 1205 2837 comitia
1254 2782 1568 2851 habentur,
1599 2782 1819 2855 quibus
1860 2781 2047 2855 ipsius
2155 2798 2349 2848 cense,
2381 2786 2438 2838 et
2484 2780 3069 2848 Franckofordiense,
3117 2793 3280 2835 anno
3321 2779 3489 2845 1024,
3527 2781 3594 2834 et
3640 2777 3834 2833 Aubu-

402 2873 608 2925 auctor
655 2872 712 2925 et
756 2869 1037 2926 fundator
1080 2872 1143 2925 B.
1177 2870 1477 2927 Iohannes
1521 2870 1893 2938 Gualbertus,
1927 2869 2049 2927 Flo-
2154 2870 2348 2927 riense
2376 2885 2537 2926 anno
2572 2873 2725 2925 1030.

398 2957 686 3026 rentinus,
708 2957 799 3014 vir
827 2958 1264 3029 sanctissimus,
1286 2959 1476 3016 abbas
1498 2958 1788 3029 generalis
1818 2963 2049 3015 creatus
2224 2963 2480 3016 Joannes
2510 2962 2731 3026 autem,
2756 2957 2928 3028 cujus
2956 2955 3078 3013 vita
3107 2954 3355 3011 miriﬁce
3379 2954 3716 3025 laudatus,
3739 2971 3827 3012 an-

403 3049 512 3101 est.
550 3047 602 3099 ls
633 3044 829 3101 adhuc
854 3046 1092 3116 juvenis
1138 3062 1276 3101 cum
1304 3046 1629 3102 fraternam
1658 3045 1885 3101 caedem
1923 3060 2049 3101 ma-
2156 3060 2236 3101 no
2265 3043 2644 3117 pontiﬁcatus
2697 3044 2790 3099 sui
2826 3060 2949 3114 vin,
2981 3057 3186 3098 mense
3228 3059 3308 3111 ix,
3342 3042 3447 3097 die
3476 3059 3547 3112 x,
3583 3043 3826 3099 moritur

299 3172 305 3179 .
405 3148 525 3204 gna
554 3137 921 3189 armatorum
951 3150 1138 3190 manu
1156 3134 1363 3190 ulcisci
1390 3138 1755 3208 procuraret,
1780 3150 1925 3191 casu
1948 3134 2051 3190 ho-
2088 3173 2128 3228 Ο
2155 3151 2211 3189 v1
2239 3134 2375 3190 ldus
2396 3133 2765 3202 Novembris,
2813 3148 2975 3189 anno
2996 3136 3153 3199 1032,
3206 3131 3488 3203 sepultus
3540 3131 3632 3188 ad
3660 3134 3717 3189 S.
3745 3134 3823 3186 Pe-

406 3225 555 3277 stem
586 3220 828 3276 obvium
857 3221 918 3277 in
939 3222 1162 3294 oppido
1190 3222 1433 3279 Miniatis
1462 3222 2049 3289 habuit.Quiterrore
2089 3208 2128 3228 υ
2158 3227 2335 3278 trum.
2377 3222 2616 3279 Vacavit
2662 3222 2833 3278 sedes
2879 3221 3007 3277 dies
3047 3220 3223 3278 duos.
3255 3222 3572 3276 Auctores
3620 3220 3823 3277 Glaber

407 3308 769 3382 perterritus,
798 3308 951 3366 illico
979 3310 1191 3366 Joanui
1222 3310 1473 3384 supplex
1508 3309 1721 3380 factus,
1753 3311 1831 3368 ad
1859 3311 2047 3384 ipsius
2157 3310 2525 3384 Rodulphus,
2545 3313 2728 3367 etLeo
2746 3310 3108 3367 Marsicanus
3134 3308 3191 3364 in
3212 3308 3480 3366 Historia
3493 3310 3821 3367 Casinensi.

3360 3440 3801 3456 J-v—u—u—Iu—

1570 3572 1928 3644 NOTITIA
1990 3573 2627 3645 DIPLOMATICA.

1271 3723 1475 3789 (luris,
1508 3721 1762 3791 Hegesia
1784 3721 2137 3792 pontiﬁcum
2161 3721 2583 3789 Romanorum,
2615 3736 2753 3793 pag.
2787 3721 2935 3791 3:57.)

508 3922 753 3980 Joannis
777 3926 891 3997 XIX
918 3922 1098 3997 bullae
1129 3927 1271 3979 sunt
1299 3922 1530 3997 scriptas
1558 3940 1666 3997 per
1687 3940 1961 3988 manum.

620 4015 647 4041 ‹‹
690 4015 719 4044 ‹‹
758 3994 953 4077 ξενρίί
970 3997 1199 4077 ῃοτανὶἱ
1227 3994 1633 4065 νερὶοήανίϊρε
1662 3996 1971 4053 scriniarii
1996 3997 2059 4053 S.
2088 3998 2157 4052 Β.

1065 3997 1199 4051 tarii
1227 3994 1633 4065 regioriarii‘et
1662 3996 1971 4053 scriniarii
1996 3997 2059 4053 S.
2088 3998 2157 4052 Β.
2189 3997 2260 4052 Ε.
2295 3997 2370 4067 (1,
2404 4000 2489 4066 10,
2526 3997 2609 4077 10)

622 4085 650 4111 ‹(
694 4087 722 4113 ‹‹
761 4066 1004 4135 Πορενῆ
1182 4088 1207 4113 ‹‹
1605 4089 1632 4114 ‹‹
2030 4089 2056 4115 ‹(

621 4155 650 4183 α
692 4156 720 4184 ί(
763 4136 1002 4207 Georgii
1181 4158 1209 4183 (ι
1605 4158 1633 4185 ‹‹
2027 4159 2055 4187 ‹‹

1605 4089 1632 4114 ‹‹
2030 4089 2056 4115 ‹‹
2456 4090 2481 4116 ‹‹
2521 4069 2597 4207 ἑῇ)

1605 4158 1633 4185 ‹‹
2027 4159 2055 4187 ‹‹
2450 4161 2477 4186 ‹(
2543 4141 2596 4206 4,
2629 4143 2680 4205 3,
2709 4145 2761 4205 9,
2800 4142 2884 4201 19)

620 4223 651 4261 ‹
692 4227 721 4255 ‹‹
760 4206 1012 4263 Joannis
1040 4208 1368 4263 cardinalis
1398 4213 1452 4264 et
1491 4208 1847 4266 cancellarii
1875 4210 1998 4265 vice
2023 4210 2164 4266 Petr

867 4278 930 4335 V.
967 4278 1119 4333 1110.
1153 4281 1309 4335 Datae
1340 4293 1399 4335 ι).
1433 4295 1515 4335 m.

2274 4210 2461 4267 favoni
2484 4206 2606 4281 (7);
2656 4208 2990 4283 cf.'bullam
3022 4207 3187 4280 apud
3219 4206 3462 4277 Ughclli
3516 4210 3651 4267 Ital.
3680 4212 3818 4265 Sacr.

875 4293 930 4344 γ,
967 4293 1119 4333 mu.
1153 4293 1309 4335 natae
1340 4293 1399 4350 p.
1433 4295 1515 4335 m.

626 4368 654 4395 «
697 4369 723 4394 ‹‹
766 4348 1074 4422 Benedicti
1099 4350 1444 4422 Parmensis
1475 4350 1736 4420 episcopi
1762 4354 1818 4406 et
1849 4351 2170 4408 bibliothect

1351 4293 1736 4420 Esisnepiseopi
1762 4354 1818 4406 et
1849 4351 2226 4408 bibliotheca:
2242 4353 2288 4407 ii
2313 4354 2374 4408 S.
2407 4357 2596 4421 apost.
2624 4351 2789 4407 Sedis
2819 4351 2895 4422 (8)

620 4439 647 4468 «
692 4440 718 4466 α
761 4420 1072 4476 Benedicti
1098 4421 1445 4478 Parmensis
1473 4422 1750 4493 episcopi,
1775 4423 1897 4479 vice
1922 4424 2164 4495 Peregrz

872 4490 961 4545 dis
992 4497 1179 4560 apost.
1213 4492 1292 4562 (4)
1413 4497 1419 4503 ’

2288 4420 2652 4480 Cotohiensis
2678 4420 3131 4493 archiepiscopi,
3162 4420 3641 4480 bibliothecarii
3655 4424 3716 4480 S.
3737 4424 3818 4477 Se-

692 4581 719 4608 ‹‹
761 4533 1296 4636 βοεῖῆἷίἷ
1317 4563 1380 4619 S.
1418 4563 1744 4621 Tiburtinae
1772 4564 2062 4636 Ecclesin
2080 4570 2134 4621 et
2165 4563 2601 4622 bibliothecarii
2629 4565 2687 4621 S.
2720 4570 2910 4633 apost.
2935 4564 3078 4636 Sed.
3108 4564 3183 4636 (4,
3213 4568 3267 4633 5,
3300 4565 3359 4635 7)

620 4653 647 4680 ‹‹
691 4650 722 4685 ‹
760 4633 931 4689 Petri
956 4634 1217 4704 episcopi
1241 4635 1627 4692 Prmnestime
1658 4637 1931 4693 Ecclesiae
1959 4642 2013 4693 et
2046 4635 2482 4693 bibliothecarii
2507 4638 2564 4692 S.
2598 4641 2788 4705 apost.
2824 4635 2961 4693 Sed.
2994 4636 3071 4706 (6)

646 4756 793 4764 φῂς-κ

418 4784 519 4791 .—.__.

754 4784 1011 4792 M.

1338 4901 1419 4997 J
1422 4898 1854 4996 OANN
1858 4901 1998 4999 IS
2073 4902 2365 4999 XIX
2427 4904 2880 5001 PAPJE

1092 5074 1829 5198 EPISTOUE
1942 5081 2123 5201 ET
2240 5082 2636 5204 DlPLt

1544 5074 1829 5198 )L/E
1942 5081 2123 5201 ET
2240 5080 3088 5204 DlPLOMATA

1902 5286 2316 5295 *ὼν-ὴ...-

1214 5352 1254 5405 1.
2094 5372 2135 5425 ι]
2166 5356 2318 5413 simo
2348 5356 2408 5413 in
2452 5359 2702 5415 Domino
2731 5361 2866 5414 Jesu
2911 5355 3137 5415 Christo
3170 5354 3293 5411 ﬁlio
3326 5358 3683 5423 Bexenuzro,
3711 5371 3818 5411 san-

415 5427 664 5487 Joanms
696 5432 842 5490 XIX
875 5448 1054 5507 papae
1075 5439 1461 5509 privilegium
1488 5454 1597 5510 pro
1641 5443 1886 5502 ecclesia
1912 5446 2059 5503 Por-
2164 5449 2271 5502 ctze
2314 5447 2647 5503 Portuensis
2700 5445 2970 5503 Ecclesiae
3013 5444 3301 5517 episcopo
3353 5445 3817 5503 successoribus-

1038 5582 1043 5586 .
1142 5529 1350 5585 tuensi.
2165 5550 2281 5607 que
2312 5534 2433 5590 suis
2460 5535 2519 5591 in
2549 5540 2923 5608 perpetuum.

1040 5618 1234 5681 (Anno
1264 5619 1444 5692 1025.)
2238 5624 2532 5690 Quoniam
2561 5640 2796 5698 semper
2826 5627 2967 5680 sunt
2989 5620 3387 5680 concedenda
3409 5641 3568 5698 qua:
3597 5622 3814 5681 rationa-

670 5698 898 5787 [MAmN
923 5698 1141 5770 Ραρίνί
1163 5704 1593 5779 ἀίριοφηαιίσήἰ,
1623 5715 1663 5781 1,
1696 5714 1807 5787 70.]
2166 5713 2359 5769 biliter
2399 5730 2435 5770 a
2463 5713 2739 5770 ﬁdelibus
2786 5713 2939 5770 ﬁunt
2974 5710 3298 5785 postulata,
3333 5722 3599 5787 oportet
3637 5728 3740 5770 nos
3774 5708 3815 5763 in

486 5785 728 5844 Jomnes
757 5784 1099 5864 episcopus,
1127 5806 1333 5852 servus
1359 5813 1665 5863 servorum
1697 5784 1817 5873 Dei,
1841 5802 2061 5866 charis-
2170 5802 2568 5861 concedendis
2578 5802 2899 5878 privilegiis
2922 5784 3192 5860 nostram
3210 5784 3719 5863 benevolentiam
3735 5800 3818 5855 lar-
