3968 6384
59 291 211 359 1117

1323 299 1680 361 EPISTOLE
1719 299 1805 356 ET
1843 297 2268 358 DlPLOMATA.

3378 303 3524 359 1H8

56 416 175 488 giri
210 415 785 478 etmuniﬁcentiam.
821 423 887 479 Et
911 421 1053 496 quia
1106 439 1144 482 a
1195 423 1576 499 perfectionis
1617 422 1741 480 cul-
1777 427 1825 480 Α
1856 421 2005 485 lum,
2065 426 2244 496 atque
2302 426 2626 481 cannetum
2675 423 2750 481 de
2802 423 2934 496 ipsa
2985 423 3241 495 civitate,
3303 406 3524 481 scilicet

58 505 260 578 mine,
293 507 684 566 saecularibus
715 511 1026 584 praepediti
1049 514 1322 584 negotiis,
1354 514 1528 572 valde
1556 513 1742 569 dista-

58 613 231 664 mus,
263 613 335 653 ex
368 614 439 654 eo
470 615 580 654 nos
611 601 1000 673 potissimum
1046 603 1124 659 ab
1181 604 1576 678 omnipotenti
1625 607 1743 660 Deo

59 686 315 742 veniam
347 689 675 760 promereri
706 694 763 746 et
787 691 1042 760 gratiam
1074 693 1324 768 adipisci
1355 694 1742 796 conﬁdim‘is,

61 775 114 830 si
148 777 524 834 rectitudinis
582 795 862 837 normam
917 783 1252 840 tenentibus
1301 789 1358 841 et
1398 775 1747 855 evangelica

61 870 528 926 conversatione
586 871 950 944 pollentibus
1009 874 1374 931 defensionis
1427 880 1484 932 et
1537 881 1744 932 nostro

61 959 410 1016 munimine
438 960 863 1031 subrogamus.
897 964 1082 1033 Unde,
1107 965 1251 1038 quia
1280 970 1383 1021 tua
1441 965 1677 1022 dilectio
1709 983 1744 1022 a

61 1052 280 1104 nostra
338 1049 700 1108 sublimitate
769 1052 1075 1110 humiliter
1131 1055 1390 1127 expetiit,
1441 1059 1740 1129 quatenus

63 1137 546 1196 concederemus
578 1146 635 1198 et
660 1142 1159 1200 conﬁrmaremus
1191 1144 1361 1200 vobis
1410 1144 1743 1218 vestrisque

64 1229 526 1285 successoribus
559 1230 619 1286 in
649 1237 1010 1305 perpetuum
1065 1233 1481 1306 episcopatum
1535 1251 1745 1306 supra-

63 1316 303 1373 dictum
335 1335 473 1374 cum
501 1320 870 1393 pertinentiis
918 1321 1041 1377 suis
1074 1341 1087 1390 ;
1148 1322 1414 1379 inclinati
1460 1323 1742 1398 precibus

61 1405 306 1474 vestris,
339 1423 446 1480 per
470 1409 650 1481 hujus
677 1411 960 1483 praecepti
999 1411 1211 1467 seriem
1271 1413 1656 1469 concedimus
1687 1417 1742 1469 et

64 1495 508 1552 confirmamus
561 1498 732 1554 vobis
786 1500 1119 1573 vestrisque
1175 1501 1622 1557 successoribus
1679 1501 1740 1556 in

64 1589 432 1656 perpetuum
462 1586 817 1659 prazdictum
875 1589 1270 1661 episcopium,
1336 1591 1558 1646 scilicet
1607 1593 1741 1646 Por-

64 1675 303 1728 tuensis
336 1676 626 1743 Ecclesiae,
654 1678 820 1750 quod
862 1678 1126 1751 positum
1175 1695 1306 1735 esse
1335 1680 1569 1736 videtur
1598 1681 1739 1736 foris

1855 512 2288 568 monasterium
2322 515 2377 570 S.
2404 514 2702 585 (Aguntii)
2726 513 2966 585 Agnetis
3000 531 3138 571 cum
3193 514 3425 571 salariis
3466 519 3524 571 et

1851 601 2040 657 vineis
2067 618 2199 674 quae
2224 601 2307 674 (in
2341 607 2514 670 terra,
2548 604 2611 659 in
2635 605 2798 675 Cere)
2832 603 2985 659 infra
3017 620 3079 659 se
3101 603 3324 661 habere
3357 604 3521 660 vide-

1852 693 1965 746 tur.
2027 693 2211 748 Porro
2266 695 2322 747 et
2377 692 2637 748 fundum
2688 692 2750 747 in
2811 691 3113 762 integrum
3157 692 3260 764 qui
3343 709 3522 748 voca-

1853 783 1946 836 tur
2003 780 2242 850 Palmis,
2287 798 2423 838 sum
2470 782 2644 848 casis,
2691 781 2900 848 vineis,
2962 780 3131 838 terris
3179 781 3518 854 etpascuis,

1851 869 2272 926 extendentsm
2301 887 2364 926 se
2402 886 2593 943 usque
2624 869 2703 926 ad
2755 873 3017 930 Furnum
3046 870 3384 942 antiquum,
3414 871 3519 943 qui

1851 961 1938 1013 est
1953 957 2106 1028 juris
2140 958 2465 1031 supradicti
2493 958 2818 1032 episcopii;
2852 963 2908 1014 et
2955 958 3017 1014 in
3069 959 3282 1014 eodem
3328 957 3518 1014 fundo

1834 1051 2314 1103 monumentum
2341 1047 2680 1121 antiquum,
2709 1063 2838 1104 esse
2862 1047 3114 1116 videtur,
3133 1047 3397 1120 positum
3425 1047 3522 1105 via

1849 1136 2154 1192 Portuensi
2183 1135 2420 1194 milliari
2477 1136 2555 1192 ab
2586 1136 2735 1192 urbe
2763 1139 2951 1192 Roma
2979 1135 3115 1210 plus
3170 1136 3266 1193 vel
3317 1135 3520 1193 minus

1848 1224 2105 1281 decimo.
2135 1229 2400 1298 Itemque
2451 1225 2714 1282 insulam
2746 1226 3042 1284 minorem
3072 1226 3133 1281 in
3192 1227 3514 1297 integrum,

1849 1331 1987 1371 cum
2009 1315 2199 1371 vineis
2231 1320 2289 1372 et
2315 1316 2488 1383 casis,
2525 1333 2630 1372 seu
2656 1317 2844 1384 terris,
2877 1333 3018 1372 cum
3048 1315 3180 1372 loco
3197 1318 3303 1389 qui
3333 1331 3517 1372 voca-

1847 1409 1942 1460 tur
1973 1405 2236 1476 Scarajo,
2285 1405 2391 1478 qui
2445 1405 2588 1461 olim
2642 1405 2750 1462 fuit
2785 1409 2994 1478 portus
3022 1405 3278 1476 Trajani,
3311 1404 3509 1460 colla:-

1847 1499 2010 1550 rente
2033 1495 2228 1550 eidem
2261 1494 2450 1551 fundo
2477 1495 2750 1562 Baccani,
2800 1498 2857 1550 et
2909 1511 3047 1550 cum
3105 1493 3389 1549 omnibus
3438 1493 3518 1550 ad

1848 1601 1988 1641 eum
2017 1585 2454 1657 pertinentibus
2488 1603 2500 1653 ;
2534 1568 2878 1660 pariterque
2907 1589 2964 1640 et
3001 1583 3260 1639 fundum
3306 1583 3370 1639 in
3422 1582 3516 1639 in-

1849 1681 2082 1746 tegrum
2117 1675 2220 1748 qui
2249 1679 2499 1731 vocatur
2535 1675 2901 1743 Iudaeorum,
2931 1679 2986 1730 et
3007 1673 3266 1730 fundum
3291 1673 3397 1752 qui
3418 1689 3519 1729 vo-

65 1763 426 1834 przedictam
457 1766 756 1823 civitatem
789 1770 1199 1836 Portuenscm,
1247 1769 1342 1824 cui
1371 1769 1736 1824 vocabulum
1778 1783 1817 1838 Β
1849 1772 2018 1822 catur
2050 1765 2312 1822 Gualdus
2338 1767 2610 1835 (Galdus)
2666 1782 2804 1821 cum
2834 1764 3119 1821 omnibus
3148 1780 3358 1820 eorum
3387 1779 3516 1837 per-

67 1856 161 1906 est
191 1853 384 1909 sancti
416 1855 694 1930 Hypoliti,
725 1873 865 1912 cum
897 1856 1086 1912 vineis
1115 1862 1173 1912 et
1230 1858 1416 1914 hortis
1445 1859 1550 1931 qui
1602 1865 1740 1914 sunt

66 1939 130 1994 in
164 1940 415 1998 circuitu
438 1945 711 2014 ejusdem
740 1946 1025 2009 ecclesia»,
1055 1947 1276 2020 pariter
1296 1951 1351 2002 et
1394 1947 1738 2002 clausuram

68 2031 407 2090 (clusuram
440 2035 512 2091 de
543 2037 715 2091 vinea
747 2037 912 2107 una),
943 2042 998 2093 et
1025 2037 1262 2092 vincam
1290 2053 1476 2093 unam
1507 2037 1568 2092 in
1588 2037 1738 2092 inte-

70 2137 272 2191 grum,
306 2122 478 2179 sitam
511 2124 571 2180 in
600 2125 874 2195 Cardeto,
938 2131 992 2182 ct
1039 2126 1100 2181 in
1165 2127 1390 2184 Fimilia
1431 2127 1740 2184 clausuras

68 2211 229 2268 duas
264 2231 402 2270 cum
428 2215 639 2283 vineis,
673 2222 729 2272 et
752 2217 920 2273 terris
949 2217 1106 2274 infra
1136 2235 1218 2274 se.

145 2303 362 2359 Omnia
383 2303 510 2361 haec
541 2305 736 2378 posita
765 2306 826 2362 in
857 2307 1056 2363 insula
1088 2309 1338 2379 majore,
1394 2307 1517 2364 imo
1547 2312 1603 2364 et
1651 2325 1741 2364 ec-

69 2390 320 2447 clesiam
368 2394 422 2448 S.
470 2395 659 2450 Mariae
713 2398 1128 2467 (parvamque)
1178 2397 1518 2469 pariterque
1559 2397 1739 2453 eccle-

69 2480 227 2535 siam
263 2483 317 2537 S.
357 2485 653 2540 Laurentii
684 2502 821 2540 cum
867 2486 1192 2559 episcdpio,
1261 2491 1317 2542 et
1359 2503 1498 2542 cum
1556 2486 1736 2554 cellis,

69 2574 128 2624 et
158 2570 348 2626 hortis
374 2577 553 2646 atque
573 2575 776 2641 vineis,
805 2575 1119 2631 clausuras
1159 2575 1428 2648 quinque
1455 2594 1468 2643 ;
1508 2575 1570 2632 in
1619 2592 1741 2632 una

67 2657 323 2729 quidem
354 2665 441 2716 est
467 2661 718 2718 ecclesia
750 2665 805 2719 8.
837 2663 1003 2730 Petri,
1064 2667 1119 2718 et
1170 2666 1224 2719 S.
1287 2663 1537 2734 Georgii,
1591 2669 1647 2720 et
1678 2667 1732 2721 S.

69 2747 401 2817 Theodori;
431 2750 492 2805 in
520 2751 636 2807 alia
667 2768 809 2807 vero
835 2757 922 2807 est
969 2752 1219 2808 ecclesia
1252 2754 1306 2808 S.
1343 2753 1446 2808 Viti
1503 2753 1674 2810 sicuti
1701 2770 1737 2809 a

67 2853 268 2904 muro,
305 2844 422 2895 eta
469 2841 737 2911 (ﬂumine
781 2841 1076 2912 Tiberino)
1128 2844 1317 2910 ﬂuvio
1381 2844 1621 2911 Tiberis,
1656 2848 1737 2899 at-

67 2943 189 2999 que
217 2927 503 2985 limitibus
534 2930 960 2999 circumdatur,
995 2931 1160 2986 tertia
1193 2948 1372 3004 super
1397 2932 1592 3005 ripam
1623 2933 1734 2988 ﬂu-

70 3017 274 3084 minis,
326 3024 543 3092 quarta
596 3021 768 3092 juxta
818 3024 872 3078 S.
927 3022 1327 3088 Laurentium,
1380 3028 1436 3079 et
1460 3039 1649 3096 usque
1675 3024 1736 3078 in

1849 1853 2173 1911 timentibus
2197 1853 2462 1925 positum
2490 1854 2664 1924 juxta
2695 1853 3046 1927 praedictam
3078 1852 3379 1908 civitatem
3403 1868 3513 1909 an-

1848 1943 2100 2015 tiquam,
2134 1942 2312 1998 etiam
2340 1947 2396 1997 et
2424 1941 2592 1998 ﬁlum
2621 1941 2822 1998 salinae
2854 1941 2915 1997 in
2956 1941 3279 2010 integrum,
3329 1940 3512 1997 situm

1848 2031 1908 2087 in
1940 2048 2018 2086 vu
2044 2031 2163 2087 tila.
2196 2031 2337 2086 item
2369 2035 2426 2086 et
2449 2031 2508 2086 in
2557 2031 2812 2086 Baccani
2842 2034 2898 2086 et
2927 2029 2988 2092 in
3038 2029 3335 2086 Generula
3382 2030 3516 2100 (Ge-

1847 2120 2098 2192 nestula)
2130 2119 2230 2175 fila
2256 2136 2498 2188 novem,
2531 2120 2735 2175 omnia
2761 2119 2864 2176 ﬁla
2907 2118 3237 2174 salinarum
3266 2135 3402 2191 quae
3434 2117 3514 2174 ad

1847 2215 2111 2266 vestrum
2145 2208 2519 2281 episcopium
2549 2208 2842 2281 pertinere
2874 2211 3242 2273 noscuntur;
3300 2222 3408 2260 seu
3449 2210 3506 2261 et

1847 2299 2108 2355 fundum
2134 2298 2193 2354 in
2221 2298 2542 2370 integrum,
2565 2297 2670 2370 qui
2699 2301 2951 2353 vocatur
2989 2295 3254 2352 Gualdus
3312 2295 3513 2367 Major,

1849 2406 1988 2445 cum
2047 2387 2296 2444 ecclesia
2353 2390 2408 2444 S.
2470 2392 2677 2442 Aureae
2764 2392 2820 2442 et
2896 2388 3292 2442 monumento
3375 2400 3507 2454 suo,

1848 2484 1905 2534 et
1963 2484 2118 2534 terra
2171 2476 2578 2532 sementaritia
2621 2492 2758 2548 qua:
2816 2475 3153 2548 appellatur
3232 2473 3511 2540 Planura,

1846 2569 1907 2625 in
1934 2585 2057 2642 qua
2082 2566 2352 2622 cisternae
2381 2565 2660 2621 videntur
2703 2581 2831 2620 esse
2889 2565 3300 2632 (constitutum
3350 2565 3510 2619 inter

1843 2662 2067 2728 ﬂumen
2096 2657 2342 2723 Tiberis)
2363 2654 2628 2728 positum
2658 2653 2814 2710 infra
2841 2653 3114 2719 ﬂuvium,
3148 2656 3204 2707 et
3247 2651 3506 2708 formam

1847 2764 1983 2821 quae
2013 2750 2262 2802 vocatur
2286 2744 2541 2800 Arcioni.
2572 2746 2686 2798 Nec
2715 2757 2838 2798 non
2868 2745 2925 2798 et
2953 2741 3384 2796 conﬁrmamus
3411 2757 3513 2795 vo-

1844 2837 1938 2893 bis
1974 2840 2203 2892 curtem
2223 2835 2286 2890 in
2317 2835 2638 2905 integrum,
2695 2848 2832 2905 quae
2882 2829 3097 2886 dicitur
3151 2828 3403 2898 Galeria,
3453 2831 3516 2890 in

1845 2942 1969 3000 qua
2000 2931 2088 2982 est
2113 2924 2362 2981 ecclesia
2395 2925 2450 2980 S.
2485 2921 2676 2979 Mariae
2728 2938 2867 2978 cum
2924 2919 3236 2977 caminatis
3286 2935 3395 2975 seu
3424 2935 3516 2977 or-

1846 3014 2081 3073 ticliniis
2112 3013 2438 3086 (tricliniis),
2474 3015 2656 3083 atque
2682 3008 2930 3065 diversis
2962 3006 3276 3077 cubiculis,
3305 3012 3362 3063 et
3391 3024 3516 3064 om-

68 3108 369 3178 przedium
397 3111 741 3180 Trajanum.
778 3114 1016 3166 Necnon
1043 3111 1387 3168 clausuram
1433 3113 1508 3168 de
1559 3113 1736 3169 vinea
1775 3141 1815 3196 ο
1846 3106 2025 3161 nibus
2055 3104 2182 3160 suis
2213 3101 2481 3158 thiﬁciis
2512 3116 2645 3172 quae
2667 3099 2822 3196 infra
2842 3115 2914 3196 se
2945 3101 3001 3154 et
3027 3097 3190 3196 circa.
3210 3113 3270 3196 se
3287 3096 3512 3196 habere

69 3197 133 3250 in
156 3195 288 3252 loco
310 3199 414 3270 qui
445 3204 694 3255 vocatur
724 3200 986 3271 Scarajo,
1020 3205 1075 3256 et
1103 3200 1280 3257 aliam
1332 3202 1554 3274 petiam
1599 3219 1736 3276 qum
1778 3184 1814 3196 u
1845 3193 2236 3265 dignoscitur,
2273 3207 2412 3247 cum
2439 3188 2724 3246 omnibus
2751 3187 2994 3257 finibus,
3023 3185 3312 3254 terminis,
3359 3184 3516 3241 limi-

69 3285 409 3358 appeliatur
434 3287 704 3358 Clusura,
737 3293 793 3345 et
820 3289 1010 3345 vineae
1035 3289 1262 3364 petiam
1297 3307 1482 3348 unam
1512 3292 1572 3347 in
1599 3295 1736 3348 Tur-

70 3390 134 3429 re
167 3378 463 3433 Cucuzuta
492 3379 863 3452 (Cucuzina),
897 3385 954 3436 et
975 3379 1155 3436 aliam
1200 3381 1261 3436 in
1318 3384 1577 3438 Monton.
1634 3385 1737 3437 Ve-

69 3481 207 3520 rum
238 3466 416 3523 etiam
443 3473 498 3524 et
526 3469 786 3526 fundum
819 3486 1009 3526 unum
1039 3469 1100 3525 in
1130 3470 1433 3541 integrum
1463 3472 1568 3544 qui
1597 3470 1739 3528 dici-

69 3558 167 3608 tur
199 3557 417 3612 Bacatu
445 3559 707 3628 (Bacani)
742 3575 881 3614 cum
911 3558 1246 3631 appendice
1268 3575 1398 3628 sua,
1452 3576 1588 3632 quae
1632 3577 1734 3616 vo-

71 3646 562 3717 catur’Scriptula
622 3648 985 3719 (Criptulz's),
1026 3648 1089 3702 in
1117 3663 1240 3720 qua
1272 3651 1410 3704 sunt
1461 3649 1732 3705 cisternae

69 3735 333 3806 antiquze
365 3736 572 3806 posita:
597 3737 770 3806 juxta
801 3737 1080 3792 eamdem
1129 3737 1424 3793 civitatem
1455 3740 1732 3796 Portuen-

70 3839 220 3891 sem,
255 3822 424 3879 sicuti
455 3823 660 3897 incipit
685 3841 720 3880 a
748 3825 944 3898 primo
979 3825 1159 3882 latere
1217 3827 1295 3882 ab
1351 3826 1564 3884 arbore
1593 3844 1729 3901 qua:

69 3912 285 3970 dicitur
309 3914 643 3970 Tramarice
669 3916 1045 3987 (Tumarz’ce),
1089 3915 1362 3986 dirigitur
1409 3917 1470 3972 in
1514 3918 1731 3974 Colun-

65 4003 243 4072 nella,
268 4020 402 4076 quae
423 4003 487 4060 in
515 4020 732 4078 campo
765 4009 919 4061 stare
945 4005 1180 4061 videtur
1209 4005 1487 4063 milliario
1519 4023 1732 4063 secun-

67 4093 148 4148 do
170 4092 425 4149 distante
447 4092 525 4150 ab
553 4094 767 4150 eadem
799 4093 1052 4162 civitate,
1086 4097 1141 4150 et
1189 4093 1404 4150 deinde
1447 4101 1730 4169 pergente

68 4183 230 4236 recto
257 4179 463 4237 itinere
490 4196 598 4253 per
618 4181 992 4244 Salatariam,
1025 4186 1082 4237 et
1112 4198 1303 4255 usque
1336 4182 1414 4239 ad
1445 4183 1730 4253 attegiam

67 4269 472 4342 piscatoriam,
507 4275 563 4328 et
582 4287 656 4328 ex
685 4270 825 4328 inde
845 4276 1148 4328 remeante
1170 4271 1250 4328 ad
1275 4289 1444 4329 mare
1465 4289 1572 4346 per
1591 4275 1732 4328 Buc-

70 4359 289 4431 cinam,
345 4363 402 4417 et
457 4360 862 4419 circumeunte
919 4361 1081 4418 littus
1133 4361 1320 4418 maris
1393 4379 1586 4436 usque
1652 4363 1730 4419 ad

71 4450 349 4506 Sanctam
395 4451 760 4524 Nympham,
819 4455 876 4509 et
933 4468 1129 4525 usque
1157 4451 1237 4508 ad
1295 4453 1514 4508 Focem
1539 4452 1728 4510 Micci-

69 4553 231 4605 nam,
262 4554 400 4596 cum
426 4539 571 4596 locis
595 4541 702 4614 qui
730 4541 1011 4598 dicuntur
1037 4544 1291 4598 Juncera
1322 4541 1612 4613 (Jonceta)
1635 4558 1730 4596 us-

68 4645 183 4701 que
211 4628 288 4684 ad
312 4628 641 4698 balnearia,
673 4635 729 4687 et
754 4647 945 4704 usque
976 4631 1054 4688 ad
1098 4630 1302 4686 locum
1360 4630 1466 4703 qui
1526 4634 1730 4687 Portus

67 4718 301 4789 'l‘rajani
331 4724 602 4790 vocatur,
637 4725 692 4776 et
722 4737 915 4793 usque
945 4721 1023 4777 ad
1072 4720 1366 4793 palatium
1420 4721 1526 4792 qui
1556 4737 1730 4776 voca-

67 4814 161 4865 tur
185 4811 485 4881 l’rogesta,
517 4814 574 4866 et
603 4827 796 4883 usque
810 4811 888 4866 ad
912 4810 1210 4867 civitatem
1237 4811 1436 4882 ipsam
1449 4811 1727 4866 vetustis-

70 4897 281 4954 simam
309 4916 446 4955 cum
477 4899 617 4955 lacu
645 4899 900 4971 Trajani.
963 4904 1078 4956 Nec
1126 4916 1251 4955 non
1305 4905 1362 4955 et
1414 4900 1728 4956 castellum

69 4987 229 5044 aliud
259 4989 460 5044 minus
493 4989 553 5044 in
584 4989 885 5060 integrum
935 5006 1075 5045 cum
1129 4989 1411 5045 omnibus
1453 4990 1532 5044 ad
1581 4989 1727 5046 illud

69 5077 492 5152 pertinentibus
529 5098 541 5146 ;
575 5084 632 5135 et
661 5079 720 5135 in
750 5079 983 5135 civitate
1007 5079 1496 5136 Constantiniana
1522 5080 1728 5136 omnia

67 5183 196 5241 quae
227 5166 451 5222 ibidem
482 5169 835 5241 praedictum
865 5168 1240 5241 episcopium
1264 5168 1486 5224 habere
1517 5168 1727 5238 digno-

70 5257 262 5322 scitur,
285 5272 411 5313 una
440 5274 577 5314 cum
627 5258 887 5315 Ecclesia
936 5259 1254 5314 beatorum
1314 5257 1726 5331 apostolorum

67 5346 210 5403 Petri
240 5350 296 5401 et
323 5345 488 5403 Pauli
518 5347 840 5415 destructa,
875 5364 1015 5404 cum
1047 5349 1290 5423 cryptis,
1334 5349 1437 5405 ubi
1489 5347 1725 5404 anima-

68 5437 144 5492 lia
169 5434 354 5507 ipsius
384 5435 648 5492 ecclesiae
680 5453 926 5494 manere
949 5437 1245 5509 videntur,
1281 5438 1514 5508 (deinde
1543 5442 1597 5495 et
1623 5453 1723 5495 va-

69 5527 155 5582 dit
183 5525 275 5593 ad)
307 5525 766 5583 extendentibus
815 5543 876 5582 se
907 5544 1102 5601 usque
1163 5530 1218 5586 S.
1279 5528 1541 5594 Mariam,
1587 5543 1722 5600 quae

67 5613 300 5690 ponitur
319 5614 380 5671 in
406 5631 549 5672 arcu
571 5633 710 5673 cum
745 5617 981 5690 (crypta
1012 5626 1066 5676 et
1091 5620 1286 5691 domo)
1343 5619 1618 5687 cisterna,
1669 5621 1726 5674 et

69 5703 360 5778 usquead
383 5704 636 5762 domum
667 5721 804 5780 quae
835 5712 1084 5765 vocatur
1151 5707 1435 5766 Balneum
1461 5705 1720 5775 Veneris,

1846 3285 2124 3358 tibusque
2156 3281 2297 3350 suis,
2333 3279 2501 3336 terris
2527 3277 2853 3348 casalibus,
2902 3276 3087 3346 silvis,
3144 3281 3323 3349 atque
3371 3291 3518 3348 pan-

1845 3374 2047 3432 tacicis
2079 3370 2403 3443 (Pantonis)
2435 3385 2574 3425 cum
2601 3372 2803 3440 ponte,
2837 3371 2893 3422 et
2915 3365 3117 3438 ipsum
3173 3365 3372 3420 rivum
3411 3365 3516 3437 qui

1844 3468 2094 3520 vocatur
2124 3459 2376 3525 Galeria,
2410 3473 2604 3529 usque
2639 3455 2716 3512 ad
2747 3455 2996 3520 ﬂumen,
3029 3470 3152 3509 una
3182 3470 3320 3509 cum
3353 3470 3514 3511 cam-

1843 3553 1954 3628 pis,
1985 3550 2190 3625 pratis,
2220 3546 2484 3621 pascuis,
2518 3544 2759 3610 salictis,
2821 3541 3138 3598 arboribus
3195 3540 3512 3598 fructiferis

1843 3649 1899 3700 et
1924 3638 2301 3698 infructiferis
2332 3634 2552 3692 diversi
2578 3633 2832 3705 generis,
2863 3632 3083 3705 puteis,
3117 3631 3402 3700 fontibus,
3430 3631 3506 3687 ri-

1844 3734 1948 3799 vis,
1990 3731 2164 3804 aquis
2194 3725 2565 3801 perennibus
2594 3740 2733 3779 cum
2761 3722 2908 3779 locis
2939 3722 3016 3778 ad
3072 3721 3383 3795 aquimola
3424 3721 3510 3778 fa-

1842 3821 2078 3889 cienda,
2105 3819 2196 3874 vel
2226 3833 2366 3873 cum
2394 3813 2679 3871 omnibus
2723 3811 2803 3869 ad
2853 3811 3200 3886 praedictam
3254 3815 3504 3882 curtem,

1839 3928 1974 3985 quae
2001 3911 2250 3965 vocatur
2280 3902 2527 3970 Galeria,
2555 3900 3009 3975 pertinentibus.
3041 3899 3349 3973 Simulque
3380 3917 3514 3974 pra-

1839 4008 1966 4058 tum
1996 3999 2058 4057 in
2087 3998 2390 4068 integrum
2434 3993 2660 4050 cultum
2694 3996 2751 4048 et
2804 3990 3154 4061 assolatum,
3213 3990 3394 4048 situm
3449 3991 3512 4047 in

1841 4105 2060 4164 campo
2089 4087 2195 4162 qui
2214 4089 2462 4163 vocatur
2492 4081 2692 4150 Merui,
2748 4085 2804 4138 et
2858 4079 3025 4138 vadit
3083 4096 3190 4154 per
3243 4085 3517 4138 montem

1839 4195 2023 4255 quem
2053 4177 2197 4236 olim
2226 4173 2477 4232 detinuit
2497 4175 2757 4229 Joannes
2786 4169 2860 4227 de
2917 4168 3178 4237 Miccina,
3206 4172 3263 4224 et
3315 4170 3504 4224 haere-

1840 4273 1946 4328 des
1979 4267 2290 4343 (quodam)
2316 4263 2598 4336 Stephani
2622 4257 3184 4326 Numemculatoris,
3214 4262 3270 4314 et
3296 4257 3512 4314 exinde

1841 4359 2078 4416 ducitur
2098 4355 2278 4426 (ultra
2304 4352 2490 4422 viam)
2522 4366 2630 4424 per
2660 4348 2856 4406 casale
2900 4362 3086 4421 quem
3155 4345 3299 4403 olim
3356 4345 3510 4401 deti-

1839 4449 1969 4507 nuit
1995 4451 2254 4504 Joannes
2279 4443 2353 4498 de
2387 4440 2609 4510 Sergio,
2638 4442 2695 4495 et
2725 4436 2936 4494 transit
2964 4437 3109 4510 (per)
3141 4435 3321 4493 aliam
3348 4435 3510 4492 viam

1843 4538 2197 4602 Carrariam,
2230 4539 2288 4592 et
2310 4531 2474 4588 venit
2502 4531 2564 4586 in
2591 4529 2788 4586 casale
2819 4543 3003 4600 quem
3036 4527 3304 4585 detinent
3328 4527 3513 4583 haere-

1839 4631 1946 4688 des
1977 4621 2427 4691 Transtiberini,
2459 4619 2611 4675 sicut
2631 4634 2739 4691 per
2763 4616 2974 4673 afﬁnes
2999 4632 3373 4672 marmoreos
3403 4615 3508 4671 de-

1843 4721 2162 4790 signatur;
2209 4717 2265 4769 et
2320 4709 2537 4767 exinde
2594 4707 2760 4763 vadit
2809 4707 2868 4761 in
2913 4705 3113 4762 casale
3167 4703 3515 4761 monasterii

1841 4813 2187 4865 sanctorum
2218 4805 2451 4860 Cosme:
2482 4802 2538 4854 et
2567 4794 2861 4866 Damiani,
2894 4798 2950 4850 et
2979 4792 3172 4867 pergit
3220 4809 3328 4866 per
3382 4793 3504 4849 fos-

1840 4903 2036 4955 satum
2060 4893 2402 4965 antiquum,
2421 4886 2588 4961 quod
2603 4884 2771 4941 verni
2795 4889 3062 4956 tempore
3080 4881 3243 4938 ducit
3285 4897 3510 4955 aquam

1839 4985 1899 5040 in
1927 4983 2123 5039 rivum
2147 4978 2410 5044 Galeriae,
2444 4979 2524 5048 (et
2550 4973 2744 5048 pergit
2778 4988 2886 5046 per
2907 4971 3173 5026 medium
3206 4970 3397 5026 rivum
3425 4971 3502 5026 de

1839 5073 2070 5130 Galeria
2092 5072 2306 5143 usque)
2339 5069 2687 5141 pergentem
2717 5063 2795 5119 ad
2845 5060 3072 5119 molam
3103 5060 3177 5117 de
3211 5060 3389 5128 Silva,
3448 5065 3506 5116 et

1836 5163 2242 5220 revolventem
2276 5155 2551 5229 (revolvit
2583 5147 2795 5226 se)‘per
2818 5150 2983 5207 viam
3032 5149 3362 5207 carrariam
3408 5165 3504 5204 us-

1836 5271 1954 5328 que
1981 5252 2060 5308 ad
2088 5250 2308 5307 vallem
2338 5246 2604 5303 mediam
2635 5245 2710 5300 de
2739 5245 2945 5298 monte
2971 5240 3076 5314 qui
3114 5243 3367 5296 vocatur
3397 5243 3504 5296 Zu-

1835 5344 1963 5410 nul,
1990 5347 2048 5399 et
2070 5343 2416 5414 pergentem
2449 5334 2681 5408 (pergit)
2713 5348 2908 5406 usque
2936 5330 3015 5388 ad
3064 5329 3371 5398 Stafﬁlem,
3403 5329 3509 5404 qui

1836 5439 1951 5491 stat
1977 5434 2038 5489 in
2065 5427 2410 5494 Lintiscino,
2443 5431 2500 5481 et
2531 5439 2724 5497 usque
2755 5422 2818 5478 in
2846 5425 3028 5494 caput
3051 5419 3124 5475 de
3154 5418 3303 5475 valle
3329 5419 3506 5486 (valle

1838 5523 2041 5583 Stabla
2070 5525 2128 5578 et
2156 5535 2262 5594 per
2286 5519 2584 5574 fossatum
2615 5513 2807 5587 ipsius
2838 5511 3008 5568 vallis
3043 5510 3236 5584 pergit
3283 5527 3319 5567 a
3342 5511 3495 5583 pede

1832 5613 2074 5671 ﬁlorum
2102 5608 2457 5672 salinarum)
2487 5602 2947 5660 concludentem
2996 5605 3188 5657 totum
3217 5616 3506 5673 campum

1833 5719 2029 5778 usque
2061 5702 2122 5758 in
2151 5698 2431 5774 pedicam
2472 5711 2608 5768 quae
2665 5696 2916 5750 vocatur
2966 5690 3188 5764 (Ticoli)
3239 5689 3404 5761 Ticli,
3439 5694 3509 5778 et

71 5799 125 5853 et
152 5775 340 5870 usque
371 5795 449 5855 ad
479 5795 642 5855 viam
684 5775 1004 5874 publicam
1051 5796 1208 5857 intra
1258 5798 1460 5874 ipsum
1517 5795 1738 5874 castel—~
1830 5775 2128 5870 piscinam
2177 5786 2518 5853 Galiardam
2562 5781 3025 5846 concludentem
3087 5780 3284 5852 ipsam
3340 5775 3505 5857 pedi-
