3888 6434
428 346 563 409 {HO

1776 344 2071 406 JOANNIS
2107 343 2217 404 XIX
2251 343 2467 402 ΡΑΡᾸΞ.

3740 339 3863 393 Ηῖῡ

425 488 581 543 eam,
613 470 717 531 ubi
744 476 884 531 sunt
910 434 1035 531 iﬁla
1061 491 1179 531 xxx
1206 474 1551 547 pergentem
1586 471 1758 546 juxta
1796 468 1901 529 ﬁla
1927 482 2063 544 quae
2092 467 2141 524 Α
2177 465 2569 525 casteldiones
2598 467 2672 525 de
2706 470 2823 526 tota
2849 464 3156 524 Portuensi
3172 464 3426 534 civitate,
3449 462 3583 520 sive
3624 459 3719 517 de
3738 475 3866 533 por-

426 568 565 619 sunt
584 563 922 620 monasterii
954 562 1047 634 (de
1086 562 1351 634 Mirandi)
1377 563 1437 618 di
1462 562 1723 619 Miranda
1759 576 1949 634 usque
2003 558 2065 615 in

422 654 707 721 Stagnum
739 652 943 722 Majus,
974 655 1031 706 et
1053 651 1302 721 (tertiam
1318 655 1547 723 partem
1573 649 1837 725 praedicti
1863 647 2066 719 Stagni

424 734 664 809 Majoris
698 742 753 793 et
807 754 914 810 per
966 737 1159 810 ripam
1214 738 1422 811 ipsius)
1465 755 1572 812 per
1611 738 1806 811 ripam
1863 736 2066 806 Stagni

421 835 613 897 nsque
668 825 729 881 in
774 824 1307 897 Bordunariam,et
1357 842 1393 881 a
1434 826 1603 899 (pede
1659 820 2064 897 antiquorum)

421 913 576 988 pede
603 907 841 971 ﬁlorum
870 932 1060 989 usque
1092 914 1152 971 in
1198 914 1467 988 Baccani,
1500 919 1556 971 et
1584 930 1778 988 usque
1808 914 1869 970 in
1910 917 2065 969 terra

422 1004 497 1060 de
517 1004 781 1078 praedicti
810 1004 1113 1079 episcopii,
1173 1009 1229 1061 e't
1280 1017 1472 1078 usque
1509 1004 1571 1061 in
1627 1004 1885 1060 formam
1927 1018 2062 1075 quae

422 1099 670 1152 vocatur
698 1095 955 1164 Arcion.,
984 1100 1039 1152 et
1066 1111 1172 1168 per
1221 1095 1417 1169 ipsam
1468 1094 1724 1151 formam
1762 1108 1952 1166 usque
2002 1091 2064 1148 in

423 1183 619 1241 rivum
648 1185 752 1258 qui
778 1190 1025 1242 vocatur
1051 1184 1299 1253 Galeria,
1333 1188 1390 1241 et
1412 1184 1568 1241 ultra
1618 1182 1909 1240 Galeriam
1959 1197 2065 1255 per

424 1274 681 1331 formam
709 1291 900 1349 usque
926 1274 989 1331 in
1018 1275 1370 1349 praedictum
1398 1274 1663 1348 primum
1700 1272 1943 1332 afﬁnem
1988 1270 2063 1328 de

424 1366 595 1420 Prata
624 1364 845 1422 Caraci.

494 1452 650 1510 Infra
676 1454 789 1511 hos
820 1470 960 1511 vero
984 1454 1134 1511 ﬁnes
1154 1453 1288 1511 loca
1315 1458 1373 1511 et
1400 1452 1696 1511 vocabula
1752 1454 1893 1508 sunt
1934 1451 2063 1506 haec

423 1547 736 1615 sequentes
769 1562 782 1600 :
817 1544 1126 1613 Caesarius,
1159 1543 1402 1613 Palmis,
1446 1542 1831 1612 Sorbilianus,
1856 1543 2066 1597 Panta-

421 1646 569 1688 num
597 1633 816 1704 majus,
840 1633 1014 1690 Clusa
1036 1636 1229 1690 vetere
1250 1634 1441 1705 (vetus
1485 1632 1650 1689 curia
1703 1631 1778 1688 de
1836 1629 2065 1687 Galeria

421 1719 753 1776 Panianum
783 1721 1024 1792 majus),
1070 1720 1337 1777 Meodian
1390 1722 1747 1792 (Rugnosum
1776 1719 1945 1774 Mons
1992 1718 2065 1773 de

2175 556 2250 613 tis
2281 556 2376 613 vel
2404 557 2479 614 de
2507 554 2784 623 navibus,
2811 572 2919 613 nec
2947 571 3071 613 non
3123 555 3198 612 de
3252 558 3380 612 tota
3435 549 3864 613 Burdunaria,

2172 645 2268 702 vel
2299 646 2595 722 quidquid
2624 651 2788 703 extra
2813 646 2905 703 vel
2933 646 3088 703 infra
3120 644 3470 717 ubicunque
3499 641 3638 699 illis
3691 640 3864 714 perti-

2173 735 2349 804 nuit;
2392 736 2615 807 dejam
2669 736 2828 792 dicto
2886 734 3214 792 ministerio
3269 732 3449 790 vobis
3502 730 3860 801 vestrisque

2177 825 2623 882 successoribus
2705 826 3005 899 perpetuis
3076 823 3448 898 temporibus
3520 819 3859 878 tribuimu;

2178 912 2655 986 (possessionem)
2684 912 3135 987 possidendam,
3161 912 3243 969 ita
3260 916 3324 968 ut
3343 909 3608 984 qualem
3619 924 3860 980 cunque

2173 1000 2481 1057 hominem
2508 1001 2734 1057 ibidem
2764 1001 3118 1057 constituere
3149 998 3453 1056 volueritis
3498 995 3859 1055 castaldum

2175 1095 2278 1147 aut
2322 1091 2745 1161 madatarium,
2794 1095 3002 1146 vestrte
3069 1088 3342 1163 potestati
3410 1087 3766 1154 consistat,
3821 1090 3863 1140 et

2174 1179 2469 1254 quidquid
2497 1196 2570 1236 ex
2598 1180 2730 1253 ipso
2758 1179 3083 1236 ministerio
3114 1178 3457 1251 acquisierit
3487 1175 3601 1234 vel
3636 1175 3863 1232 habere

2175 1269 2407 1342 poterit,
2437 1269 2610 1325 vobis
2637 1269 2967 1342 vestrisque
2997 1266 3452 1325 successoribUs
3512 1266 3860 1325 deferatur.

2175 1356 2468 1430 quidquid
2498 1357 2672 1414 vobis
2704 1356 2991 1431 placuerit
3032 1355 3245 1412 exinde
3295 1354 3591 1420 faciendi,
3660 1357 3859 1410 tamen

2177 1446 2225 1502 si
2250 1451 2453 1504 nostro
2484 1446 2705 1515 comiti,
2735 1446 2830 1502 vel
2854 1450 3196 1502 nostrorum
3227 1443 3719 1501 successoribus
3750 1442 3864 1515 pla-

2177 1536 2362 1592 cuerit
2389 1535 2463 1592 de
2491 1536 2612 1606 illo,
2638 1535 2803 1609 quod
2829 1534 2909 1592 ad
2937 1538 3208 1591 nostrum
3233 1533 3534 1608 palatium
3569 1532 3862 1606 pertinet,

2176 1626 2519 1682 ﬁdelitatem
2540 1625 2839 1699 jurethsi
2861 1640 3126 1696 namque
3156 1623 3541 1697 comites,qui
3577 1639 3708 1696 per
3730 1627 3865 1679 tem-

2174 1728 2323 1786 pora
2352 1714 2591 1787 (ipsam)
2620 1714 2843 1769 ibidem
2887 1713 3105 1769 fuerint
3134 1713 3193 1784 (a
3220 1712 3398 1769 nobis
3428 1711 3524 1767 vel
3562 1728 3609 1769 δ,
3642 1713 3861 1768 nostris

423 1807 773 1878 Canaparia
802 1810 958 1867 celsa
986 1810 1319 1881 Longerie),
1352 1809 1690 1881 Ruginosus
1719 1823 1895 1864 mons
1920 1809 2065 1864 Can-
2097 1824 2137 1878 Β
2176 1804 2637 1873 successoribus)
2672 1803 2837 1859 nullo
2862 1802 3046 1860 modo
3104 1802 3290 1859 alium
3345 1800 3720 1859 castaldum
3773 1806 3861 1856 aut

421 1897 728 1970 noparius,
790 1898 976 1967 Celza,
1024 1899 1215 1956 Limes
1271 1900 1469 1971 major
1533 1899 1750 1971 (major
1812 1913 2063 1970 campus

420 1986 775 2060 publicum),
844 1987 1208 2058 Stagnellum
1261 1987 1671 2056 maledictum,
1730 1986 1921 2054 Ticeli,
1981 1986 2065 2041 Pi-

422 2074 590 2132 scina
657 2075 955 2144 Galiarda,
1034 2077 1411 2145 Olibastrum,
1468 2076 1833 2147 Stagnellum
1899 2090 2064 2148 pere-

422 2163 662 2233 grinum
692 2180 830 2221 cum
859 2166 1141 2222 omnibus
1166 2182 1375 2222 eorum
1394 2165 1777 2239 pertinentiis.
1802 2168 1915 2221 Nec
1942 2179 2066 2221 non

423 2255 480 2308 et
526 2252 954 2311 conﬁrmamus
998 2254 1170 2311 vobis
1225 2255 1556 2327 vestrisque
1596 2253 2061 2311 successoribus.

423 2342 844 2415 Perpetualiter
875 2348 1133 2417 quatuor
1160 2343 1221 2400 in
1248 2344 1543 2415 integrum
1574 2343 1928 2417 principales
1958 2359 2065 2399 un-

422 2429 556 2500 tias,
585 2432 749 2503 quod
778 2436 870 2488 est
892 2432 1060 2489 tertia
1084 2450 1224 2506 pars
1269 2433 1343 2489 de
1392 2438 1514 2490 toto
1570 2437 1782 2503 stagno
1838 2433 2065 2505 majore

422 2521 747 2577 Portuensi.
791 2525 1055 2596 Itemque
1109 2522 1494 2579 concedimus
1540 2527 1597 2579 et
1637 2523 2066 2580 confirmamus

422 2608 595 2665 vobis
649 2610 978 2684 vestrisque
1026 2611 1471 2668 successoribus
1539 2619 1761 2668 turrem
1807 2612 1869 2667 in
1918 2612 2066 2670 inte-

422 2713 597 2769 grum
620 2715 755 2772 quae
780 2703 1032 2757 vocatur
1082 2700 1157 2757 de
1213 2700 1384 2773 Albo,
1438 2716 1578 2757 cum
1632 2700 1805 2771 casis,
1856 2699 2063 2771 vineis,

420 2785 626 2855 hortis,
651 2787 837 2856 terris,
866 2788 1115 2861 campis,
1142 2788 1350 2862 pratis,
1402 2788 1662 2861 pascuis,
1708 2788 1890 2858 silvis,
1921 2804 2069 2862 pan-

419 2876 576 2932 tanis
605 2880 662 2933 et
687 2877 846 2948 rivis,
869 2876 1040 2934 cultis
1071 2882 1127 2935 et
1149 2877 1407 2945 incultis,
1432 2878 1638 2934 vacuis
1680 2882 1737 2935 et
1764 2877 1976 2952 plenis,
2011 2881 2069 2934 et

422 2982 560 3022 cum
590 2965 872 3024 omnibus
900 2966 979 3023 ad
1006 2967 1355 3041 praedictam
1384 2967 1630 3039 (turrem
1660 2971 1717 3025 et
1771 2967 2066 3024 Gualdum

424 3055 735 3126 LongeIia)
776 3058 1000 3111 turrem
1029 3055 1378 3125 generaliter
1406 3061 1463 3112 et
1487 3055 1549 3112 in
1573 3056 1871 3127 integrum
1895 3055 2068 3129 perti-

423 3140 728 3213 nentibus,
751 3142 922 3199 sicuti
945 3141 1155 3199 aﬂnes
1182 3144 1312 3215 ejus
1335 3143 1670 3215 designant,
1703 3144 1963 3218 aprimo
1987 3144 2068 3201 la-
2097 3171 2137 3226 ρ

423 3232 543 3285 tere
571 3228 733 3285 rivus
762 3229 866 3302 qui
893 3234 1143 3286 vocatur
1167 3230 1415 3300 Galeria,
1446 3235 1503 3287 et
1526 3246 1563 3287 a
1592 3230 1857 3295 secundo
1885 3231 2065 3289 latere

421 3317 642 3375 ﬂuvius
690 3318 795 3393 qui
823 3324 1071 3376 vocatur
1098 3319 1338 3388 Tiberis,
1361 3325 1419 3376 et
1442 3335 1480 3377 a
1507 3321 1674 3378 tertio
1706 3321 1886 3380 latere
1942 3321 2067 3378 Pul-

419 3407 710 3479 verinula,
741 3411 799 3464 et
825 3424 862 3465 a
902 3414 1117 3482 quarto
1160 3408 1340 3466 latere
1385 3408 1582 3467 forma
1637 3426 1772 3484 quae
1822 3416 2068 3469 vocatur

420 3497 677 3554 Arction.
711 3497 1106 3555 Concedimus
1137 3498 1315 3556 etiam
1360 3498 1508 3572 ipsis
1558 3498 1906 3556 hominibus
1962 3500 2066 3575 qui

419 3600 530 3659 pro
559 3589 825 3659 tempore
845 3585 1166 3643 habitaturi
1193 3591 1331 3642 sunt
1358 3586 1419 3643 in
1443 3586 1728 3661 pra-dicta
1758 3591 1955 3652 Turre,
1984 3589 2067 3646 ita

419 3680 485 3733 ut
511 3674 733 3733 nullius
762 3675 1060 3748 potestati,
1082 3674 1304 3731 nullius
1327 3675 1537 3732 ditioni
1558 3676 1676 3733 sint
1692 3677 1933 3745 subditi,
1965 3682 2070 3735 aut

420 3763 598 3821 alicui
649 3763 880 3821 homini
929 3764 1204 3830 serviant,
1259 3768 1362 3822 aut
1404 3765 1638 3822 hostem
1690 3764 1911 3822 faciant
1952 3767 2068 3824 nisi

418 3853 725 3928 episcopo,
754 3852 859 3926 qui
880 3853 1013 3926 jam
1041 3853 1102 3910 in
1136 3852 1295 3911 dicto
1352 3854 1660 3928 episcopio
1708 3854 1901 3912 fuerit.
1953 3858 2068 3913 Nec

420 3958 543 3999 non
581 3947 639 3998 et
663 3941 1092 4000 conﬁrmamus
1134 3942 1305 3999 vobis
1334 3944 1667 4019 vestrisque
1719 3945 2069 4003 successori-

418 4032 535 4088 bus
563 4031 623 4088 in
650 4036 1005 4106 perpetuum
1034 4047 1243 4090 omnes
1271 4048 1365 4090 res
1390 4037 1449 4090 et
1493 4032 1824 4103 facultates,
1880 4035 2069 4093 mobi-

416 4121 504 4179 les
531 4126 589 4179 et
613 4119 951 4178 immobiles
980 4121 1054 4178 de
1077 4121 1191 4178 illis
1222 4122 1574 4180 hominibus
1595 4123 1701 4198 qui
1731 4124 1856 4181 sine
1882 4124 2069 4182 hiera-

418 4211 494 4269 de
523 4214 581 4268 et
602 4210 858 4268 intestati
889 4226 958 4269 ac
989 4210 1185 4268 subito
1213 4214 1613 4286 praeoccupati
1632 4213 1858 4285 judicio
1888 4214 2067 4285 (judi-

420 4302 509 4358 cio
536 4301 669 4373 Dei)
695 4299 913 4357 mortui
941 4298 1181 4371 fuerint,
1210 4304 1268 4357 et
1294 4299 1542 4358 minime
1562 4316 1672 4376 per
1698 4318 1761 4359 se
1789 4302 2066 4359 ordinare

419 4405 492 4447 ex
529 4404 739 4446 eorum
763 4387 1141 4447 facultatibus
1164 4394 1420 4464 possunt
1445 4389 1508 4446 in
1534 4389 1656 4447 lota
1685 4393 2065 4448 Portuensem

426 4479 744 4550 civitatem,
774 4495 879 4535 seu
898 4478 959 4535 in
988 4480 1248 4551 (regione
1307 4480 1750 4553 Transtiberim)
1808 4482 2067 4538 Transti-

415 4567 628 4636 berim,
668 4568 763 4624 vel
789 4568 850 4624 in
877 4567 1074 4625 insula
1101 4567 1395 4639 Licaonia,
1424 4569 1545 4625 sive
1575 4569 1919 4643 ubicunque
1939 4587 2068 4626 ves-

414 4656 487 4714 tri
516 4656 800 4731 episcopii
826 4657 965 4730 jura
1015 4673 1145 4713 esse
1198 4656 1494 4714 videntur.
1546 4658 1745 4731 Ipsam
1791 4663 2065 4716 sanctam

415 4750 670 4804 matrem
700 4745 1023 4803 Ecclesiam
1051 4746 1441 4804 Portuensem
1490 4747 1910 4805 constituimus
1958 4753 2069 4816 (at-

415 4835 568 4909 que),
600 4833 799 4909 itaque
829 4833 1261 4892 conﬁrmamus
1290 4834 1614 4906 (haeredem
1642 4835 1724 4892 ita
1753 4840 1819 4892 ut
1843 4836 2069 4910 episco-

414 4939 532 4998 pus
560 4923 667 4996 qui
686 4938 795 4997 per
816 4922 1017 4996 ipsam
1045 4922 1107 4979 in
1151 4923 1304 4995 jam)
1360 4922 1582 4980 habere
1636 4922 2064 4994 haereditatem,

416 5012 521 5088 qui
545 5028 654 5087 per
681 5016 954 5086 tempora
982 5012 1042 5069 in
1067 5013 1198 5085 jam
1243 5012 1400 5069 dicto
1455 5012 1760 5087 episcopio
1812 5014 2069 5072 ordinati

416 5101 654 5171 fuerint,
683 5101 993 5175 quomodo
1023 5102 1108 5158 eis
1136 5100 1424 5176 placuerit
1452 5101 1771 5159 ordinandi
1791 5103 2070 5179 etdispo—

417 5190 600 5248 nendi
651 5190 873 5249 habeat
922 5190 1222 5249 licentiam
1274 5194 1341 5247 ut
1393 5206 1516 5249 non
1562 5191 1626 5248 in
1654 5195 1942 5250 aeternum
1972 5209 2071 5267 pe-

418 5283 610 5346 reunt,
662 5279 768 5336 sed
814 5280 878 5337 in
916 5284 1213 5354 quantum
1266 5281 1522 5354 poterint
1575 5296 1784 5337 eorum
1835 5297 2071 5355 semper

419 5366 789 5423 orationibus
826 5368 1414 5442 (opportunitatibus)
1443 5368 1820 5441 adjuventur.

490 5453 737 5528 Insuper
791 5457 1175 5514 concedimus
1220 5458 1411 5528 vobis,
1466 5458 1796 5531 vestrisque
1837 5474 2069 5515 succes-

422 5539 657 5598 soribus
681 5541 738 5597 in
769 5548 1125 5615 perpetuum
1153 5561 1227 5601 ex
1249 5547 1381 5617 jure
1428 5547 1580 5605 sacri
1634 5547 1820 5603 nostri
1868 5547 2071 5621 palatii

422 5630 834 5686 Lateranensis
860 5632 1024 5702 quod
1052 5633 1130 5689 ad
1156 5633 1473 5705 publicum
1517 5641 1793 5693 nostrum
1821 5636 2072 5710 pertinet

422 5717 615 5772 totum
645 5717 1111 5790 (Castaldanum)
1145 5722 1605 5781 Castaldaticum
1659 5724 1722 5781 in
1772 5724 2070 5796 integrum

424 5805 829 5879 Portuensem,
863 5806 955 5867 vel
976 5806 1275 5878 quidquid
1314 5825 1506 5884 usque
1546 5812 1839 5871 hactenus
1885 5812 2071 5882 nostri

2176 1893 2622 1950 mandatarium
2671 1893 2934 1950 audeant
2975 1893 3254 1950 ordinare
3299 1891 3398 1948 vel
3453 1891 3861 1947 constituere.

2174 1988 2389 2056 praeter
2409 1982 2540 2039 illos
2569 2000 2724 2058 quos
2747 1998 2858 2039 vos
2888 1983 2985 2039 vel
3013 1982 3192 2039 vestri
3246 1997 3657 2038 successores
3715 1980 3861 2037 ordi-

2174 2071 2328 2129 natis
2357 2072 2449 2129 vel
2479 2072 2832 2128 constitutis.
2858 2072 3031 2138 Quod
3059 2072 3110 2128 si
3140 2071 3406 2139 fecerint,
3449 2068 3558 2126 vel
3622 2069 3713 2126 de
3740 2070 3861 2141 jam

2175 2161 2332 2218 dicto
2357 2161 2739 2218 castaldatico
2770 2161 2997 2234 aliquid
3026 2160 3313 2217 violenter
3337 2159 3752 2227 abstulerint,
3784 2160 3863 2214 vel

2175 2267 2310 2324 qua:
2333 2267 2369 2307 a
2393 2250 2567 2307 nobis
2591 2249 2763 2306 vobis
2783 2250 3114 2323 vestrisque
3137 2248 3608 2306 successoribus
3640 2248 3863 2305 tradita

2178 2346 2316 2398 sunt
2343 2341 2617 2413 frangere
2647 2345 2749 2397 aut
2787 2340 3080 2397 contraire
3140 2339 3455 2409 voluerint,
3505 2340 3861 2412 unusquis-

2177 2447 2294 2504 que
2325 2448 2385 2486 IV
2409 2431 2511 2487 lib.
2544 2430 2670 2487 auri
2698 2430 3029 2503 persolvat;
3061 2428 3445 2486 medietatem
3475 2444 3639 2485 vero
3710 2430 3862 2503 epis-

2179 2520 2435 2594 copatui,
2459 2524 2516 2577 et
2541 2520 2921 2577 medietatem
2952 2520 3014 2576 in
3038 2522 3244 2576 nostro
3275 2518 3535 2593 palatio,
3597 2524 3665 2576 et
3697 2521 3859 2593 quod

2180 2610 2258 2667 ab
2286 2610 2370 2666 eis
2399 2610 2461 2666 in
2494 2610 2885 2677 (castaldatu)
2914 2614 3189 2666 nostrum
3234 2608 3727 2677 castaldionem,
3783 2610 3862 2663 vel

2177 2700 2238 2756 in
2280 2698 2713 2771 (mandatariis)
2769 2695 3214 2754 mandatarium
3267 2696 3634 2754 ordinatum
3691 2698 3860 2754 fuerit

2178 2792 2518 2846 evacuetur.
2553 2787 2607 2844 Si
2637 2803 2776 2843 vero
2806 2792 3132 2843 contumax
3158 2786 3468 2857 exstiterit,
3516 2803 3738 2861 usque
3792 2787 3863 2841 ad

2177 2893 2384 2933 veram
2415 2877 2720 2948 (vestram)
2750 2875 3217 2932 satisfactionem
3273 2876 3862 2932 excommunicatus

2179 2966 2407 3047 existat.
3469 3037 3475 3043 ο

2249 3060 2513 3130 Itemque
2544 3054 2932 3110 concedimus
2964 3058 3020 3110 ct
3046 3052 3453 3109 conﬁmamus
3480 3053 3678 3110 vobis
3739 3072 3857 3110 ves-

2177 3144 2400 3218 trisque
2441 3144 2889 3200 successoribus
2939 3142 3002 3199 in
3059 3147 3423 3217 perpetuum
3476 3143 3564 3201 de
3624 3144 3855 3201 civitate

2177 3237 2494 3291 Portuense
2525 3233 2678 3289 duos
2700 3232 3026 3307 piscatores
3051 3237 3108 3289 et
3135 3231 3291 3288 duos
3321 3231 3618 3303 curiales,
3643 3233 3856 3307 quales

2174 3339 2282 3380 vos
2305 3322 2401 3379 vel
2427 3322 2597 3379 vestri
2620 3337 2997 3379 successores
3017 3320 3232 3391 eligere
3256 3320 3579 3378 volueritis
3607 3322 3694 3379 de
3718 3323 3857 3397 ipsis

2176 3410 2524 3468 hominibus
2552 3410 2658 3483 qui
2687 3410 2909 3466 ibidem
2936 3409 3174 3476 fuerint,
3208 3414 3312 3466 aut
3337 3410 3611 3467 inveniri
3643 3417 3857 3486 potue-

2176 3500 2312 3557 rint.
2344 3501 2558 3555 Vestraa
2588 3499 2789 3571 itaque
2813 3498 3175 3569 religiositati
3201 3498 3332 3555 haec
3362 3499 3588 3556 omnia
3628 3500 3703 3557 in
3734 3518 3858 3574 per-

2175 3594 2424 3664 petuum
2451 3587 2836 3644 concedimus
2866 3592 2922 3643 et
2951 3587 3408 3644 conﬁrmamus.
3442 3591 3604 3646 Item
3659 3592 3860 3647 statui-

2178 3695 2314 3736 mus
2340 3677 2505 3751 quod
2536 3677 2646 3750 ipsi
2680 3676 2801 3732 duo
2822 3676 2956 3751 (ipsi
2979 3692 3245 3750 namque
3269 3676 3395 3733 duo
3426 3677 3788 3750 piscatores
3815 3684 3861 3735 et

2179 3769 2301 3825 duo
2326 3767 2603 3835 curiales)
2634 3765 2878 3822 ulterius
2910 3765 3140 3822 nullam
3164 3765 3550 3823 dotationem
3594 3774 3714 3825 aut
3755 3786 3861 3827 ser-

2180 3856 2388 3912 vitium
2410 3855 2648 3921 faciant,
2682 3870 2792 3910 nec
2823 3854 2900 3910 ad
2929 3853 3219 3927 placitum
3266 3854 3739 3926 distringantur
3792 3858 3858 3914 ab

2179 3945 2403 4019 aliquo,
2432 3945 2536 4017 qui
2566 3958 2676 4017 pro
2702 3948 2971 4017 tempore
3000 3943 3059 3999 in
3086 3943 3220 4017 ipsa
3260 3943 3503 4000 civitate
3537 3947 3860 4003 Portuensi

2177 4034 2554 4091 dominatum
2586 4031 2854 4099 tenuerit,
2889 4031 2996 4088 sed
3037 4037 3153 4088 tuae
3185 4034 3564 4107 tuoruimquc
3625 4052 3858 4092 succes-

2180 4137 2381 4180 sorum
2412 4121 2543 4178 illos
2567 4120 2973 4176 submittimus
3001 4121 3301 4194 potestati.
3336 4125 3489 4177 ltem
3524 4125 3857 4181 conﬁrma-

2176 4227 2313 4267 mus
2341 4209 2509 4267 vobis
2537 4208 2869 4282 vestrisque
2917 4208 3364 4265 successoribus
3421 4212 3647 4269 casale
3679 4230 3857 4270 unum

2174 4299 2236 4356 in
2265 4300 2584 4369 integrum,
2617 4297 2782 4371 quod
2827 4302 3076 4354 vocatur
3128 4297 3519 4355 Genisianum
3582 4302 3683 4372 (in
3738 4303 3856 4359 loco

2175 4389 2279 4463 qui
2305 4387 2553 4445 Maliana
2573 4386 2805 4458 dicitur)
2826 4391 2881 4442 et
2911 4386 3143 4444 Malian.
3167 4387 3316 4443 Cum
3364 4388 3584 4447 insula
3612 4393 3853 4450 modica

2176 4478 2330 4534 ultra
2356 4477 2551 4533 rivum
2572 4477 2632 4532 in
2654 4476 2784 4549 ipso
2809 4476 2941 4532 loco
3000 4477 3286 4548 positum,
3348 4493 3494 4534 cum
3556 4482 3849 4537 omnibus

2177 4567 2286 4623 sibi
2317 4566 2765 4640 pertinentibus,
2799 4566 3063 4639 positum
3091 4566 3189 4621 via
3220 4568 3543 4623 Portuensi
3582 4571 3680 4641 (in
3718 4588 3851 4645 pra?-

2175 4657 2333 4713 dicto
2364 4656 2495 4712 loco
2520 4654 2623 4729 qui
2651 4660 2895 4711 vocatur
2915 4654 3210 4725 Malliana)
3222 4655 3395 4727 juxta
3416 4656 3685 4729 Malian,
3718 4661 3853 4732 juris

2175 4744 2517 4802 monasterii
2547 4747 2601 4800 S.
2626 4742 2946 4799 Pancracii.
2975 4742 3165 4799 Etiam
3186 4747 3243 4798 et
3270 4744 3745 4806 conﬁrmamus
3770 4765 3854 4803 vo-

2174 4834 2267 4891 bis
2292 4834 2619 4906 vestrisque
2648 4832 3101 4888 successoribus
3155 4832 3216 4888 iu
3250 4838 3640 4906 perpetuum
3676 4843 3851 4896 totam

2174 4922 2437 4980 insulam
2466 4938 2601 4995 quae
2622 4925 2867 4977 vocatur
2898 4920 3194 4990 Licaonia,
3222 4920 3283 4976 in
3311 4937 3439 4995 qua
3466 4929 3569 4981 est
3602 4926 3850 4984 ecclesia

2176 5012 2338 5070 Beati
2357 5010 2602 5068 Joannis
2631 5009 2903 5083 Baptista:
2937 5010 3094 5078 (cum
3116 5014 3275 5067 turre
3302 5015 3360 5066 et
3387 5016 3685 5073 oratorio
3714 5017 3851 5073 intra

2177 5101 2454 5159 eamdem
2480 5105 2706 5156 curtem
2749 5104 2912 5167 cum)
2962 5099 3211 5156 ecclesia
3269 5101 3474 5158 Sancti
3552 5104 3849 5163 Adelberti

2178 5208 2317 5249 cum
2373 5190 2525 5246 casis
2581 5194 2636 5245 et
2678 5187 2949 5245 oratoriis
3003 5187 3159 5245 infra
3220 5190 3513 5246 eamdem
3602 5201 3847 5259 curtem,

2178 5296 2317 5338 cum
2371 5278 2557 5335 hortis
2611 5283 2668 5333 et
2720 5276 3041 5351 aquimolis
3088 5278 3467 5350 pertinentiis
3510 5284 3657 5339 suis
3718 5284 3848 5340 intra

2177 5372 2335 5427 hanc
2363 5368 2576 5425 urbem
2602 5370 2855 5423 Romam
2883 5366 3056 5423 sitam
3087 5367 3257 5422 sicuti
3285 5369 3344 5437 (a
3370 5368 3691 5430 Plantone
3717 5390 3847 5447 pon‘

2178 5459 2251 5516 tis
2304 5456 2639 5513 extenditur
2689 5457 2904 5526 usque)
2962 5455 3298 5512 extenditur
3356 5456 3439 5513 ab
3503 5476 3647 5519 uno
3677 5464 3844 5536 capite

2178 5561 2371 5619 usque
2405 5544 2466 5600 in
2498 5543 2661 5599 aliud
2691 5549 2871 5616 caput
2918 5545 3105 5618 ipsius
3170 5545 3410 5611 insulae,
3468 5549 3591 5606 ubi
3638 5553 3843 5608 ﬂumen

2178 5634 2480 5692 dividitur.
2514 5635 2582 5689 Et
2614 5633 2696 5689 sic
2723 5633 2966 5690 inferius
3000 5649 3188 5706 usque
3218 5634 3295 5690 ad
3330 5638 3693 5698 terminum
3746 5658 3841 5695 ves-

2180 5724 2251 5782 tri
2273 5722 2556 5796 episcopii
2588 5726 2644 5778 et
2673 5722 2785 5778 sub
2814 5722 3127 5796 praelibato
3155 5726 3340 5796 ponte
3371 5725 3453 5781 ad
3494 5729 3847 5803 trigintape-

2181 5812 2287 5870 des
2312 5811 2555 5870 inferius
2578 5827 2685 5886 per
2709 5826 2934 5885 aquam
2961 5815 3017 5868 ct
3075 5811 3323 5870 siccum.
3360 5814 3705 5899 Simulque
3735 5834 3847 5877 eone
