3910 6392
3 311 89 364 121

1195 304 1555 365 EPISTOLE
1594 304 1679 361 ET
1717 306 2132 369 DIPLOMATA.

3244 312 3381 373 H22

1 430 223 487 edimus
252 432 309 486 et
333 429 762 488 conﬁrmamus
810 432 979 489 vobis
1029 435 1267 490 Manum
1292 433 1347 489 S.
1394 431 1608 500 Mariae,
1647 434 1696 488 A
1725 439 2000 505 possunt,
2024 436 2256 510 absque
2276 435 2390 493 illis
2409 451 2560 510 quas
2578 436 2708 509 jam
2737 436 2999 495 diximus
3025 439 3384 497 Transtiberi

3 520 273 593 auctique
303 520 578 593 Baptistae
625 523 888 589 Joannis,
951 540 1089 578 cum
1119 525 1292 579 horto
1348 522 1609 586 vineato,

1 610 128 666 icuti
158 610 217 665 in
271 610 528 667 cartulas
585 613 991 685 acquisitiouis
1045 614 1137 669 vel
1181 612 1508 669 otfcrtionis
1554 611 1613 666 in

5 716 145 755 conc
196 700 308 771 pize
342 702 644 756 memoria:
694 703 1043 775 presbytero
1094 702 1379 759 fascicula
1428 701 1615 757 conti-

2 790 80 845 cri
112 788 360 859 videtur,
394 790 613 847 scilicet
642 792 949 861 domibus,
989 794 1248 849 tricliniis
1293 798 1349 849 et
1378 791 1615 865 parieti-

2 880 68 949 is,
97 895 218 933 una
248 896 387 934 cum
414 886 586 952 porta
613 887 669 936 et
698 888 879 954 puteo
925 900 1099 955 aquae
1124 883 1293 949 vivae,
1340 898 1447 937 seu
1475 886 1616 936 atte-

2 970 84 1035 iis,
114 985 221 1025 nec
248 985 369 1024 non
397 976 451 1026 et
476 971 661 1026 hortis
692 989 829 1028 cum
861 973 1148 1029 universis
1170 972 1486 1028 arboribus
1512 987 1616 1043 po-

1 1075 190 1113 tarum
222 1063 400 1131 atque
422 1060 717 1116 olivarum
748 1062 942 1134 posita
967 1066 1165 1118 Romae
1212 1062 1453 1132 regione
1486 1076 1615 1131 sep-

2 1165 119 1215 ma,
148 1148 205 1203 in
238 1147 372 1203 loco
413 1150 517 1221 qui
570 1156 815 1206 vocatur
864 1152 1055 1207 Proba
1095 1154 1267 1223 juxta
1319 1154 1615 1205 monaste-

10 1254 105 1291 um
155 1236 210 1292 S.
243 1239 492 1306 Agathze
552 1256 732 1313 super
790 1240 1037 1305 Sobora,
1086 1241 1297 1297 afﬁnes
1346 1256 1486 1295 vero
1536 1238 1613 1294 ab

2 1331 203 1398 troque
234 1325 416 1383 latere
442 1328 551 1383 vite
584 1328 862 1401 publicae.

22 1419 307 1472 Praeterea
336 1417 767 1474 conﬁrmamus
794 1420 961 1476 vobis
991 1420 1282 1492 vetrisquc
1316 1434 1616 1474 successo-

4 1506 113 1561 bus
146 1506 206 1561 in
256 1507 471 1563 eadem
500 1508 749 1564 ecclesia
778 1510 969 1575 horta,
1013 1510 1288 1583 cmparia,
1323 1526 1427 1564 seu
1458 1508 1615 1564 olca-

3 1613 55 1665 a,
84 1612 205 1652 una
235 1612 375 1652 cum
406 1604 559 1653 terra
591 1599 955 1655 seminaritia
978 1600 1080 1672 qui
1103 1602 1343 1672 ponitur
1363 1600 1422 1654 in
1446 1614 1613 1653 mon-

2 1712 3 1733 :
44 1685 277 1757 Albino,
313 1692 369 1743 et
408 1688 587 1744 aliam
622 1694 838 1744 terram
872 1690 1337 1746 sementaritiam
1378 1689 1437 1743 in
1470 1689 1613 1743 inte-

1730 524 1871 581 sitis.

1798 618 2024 670 Interea
2054 616 2385 673 sancientes
2406 616 2714 688 jubemus,
2743 618 2914 675 sicuti
2935 635 2971 675 a
2996 620 3214 676 nostris
3235 637 3386 694 pras-

1724 702 2142 760 deeessoribus
2186 708 2431 777 jussum
2456 712 2560 775 est,
2614 713 2680 764 ut
2720 709 2781 764 in
2833 709 3077 766 ﬂumine
3106 716 3247 779 toto,
3279 712 3385 784 qui

1721 791 1894 861 juxta
1933 794 2145 850 urbem
2190 798 2575 853 Portuensem
2606 797 2883 867 decurrit,
2937 799 3139 855 nullus
3165 801 3387 857 audeat

1725 881 2074 942 molendina
2097 889 2199 941 aut
2218 891 2486 958 pontem,
2513 892 2726 960 praeter
2748 888 3085 959 jussionem
3108 894 3272 946 tuam
3290 890 3386 947 vel

1728 988 2151 1030 successorum
2181 981 2425 1032 tuorum
2456 978 2900 1051 episcoporum,
2927 978 3098 1049 juxta
3122 979 3384 1051 priscam

1724 1063 2242 1135 consuetudinem,
2288 1081 2537 1138 quoquo
2568 1067 2752 1121 modo
2787 1066 3141 1122 constituere
3191 1078 3384 1138 (cons-

1724 1152 1959 1223 truere),
1992 1158 2048 1209 et
2080 1170 2218 1209 cum
2247 1154 2399 1210 vela
2428 1155 2623 1227 vobis,
2650 1155 2743 1211 vel
2768 1156 2845 1211 ab
2886 1156 3015 1211 aliis
3044 1156 3268 1229 quibus
3295 1161 3383 1212 ta-

1723 1258 1863 1298 men
1892 1259 1999 1299 vos
2029 1243 2375 1301 faciendum
2423 1246 2799 1318 injunxeritis
2831 1247 3217 1303 constitutum
3246 1252 3387 1316 (res-

1726 1332 2005 1401 titutum),
2038 1340 2141 1390 aut
2182 1334 2407 1391 factum
2464 1335 2654 1404 fuerit,
2710 1336 2845 1408 ipsa
2892 1336 3240 1393 molendina
3290 1336 3385 1393 vel

1723 1438 1877 1494 pons
1925 1430 2123 1481 vestro
2175 1425 2508 1497 (pontoneis
2538 1427 2598 1481 in
2628 1428 2843 1499 vestro)
2874 1427 3117 1483 arbitrio
3146 1428 3384 1501 dispen-

1726 1517 2061 1569 sentur.Per
2090 1520 2336 1587 pontem
2350 1531 2494 1572 vero
2514 1516 2765 1572 civitatis
2785 1516 2971 1589 ipsius
3000 1516 3093 1588 (de
3119 1522 3381 1591 pontone

1722 1618 1864 1657 vero
1894 1619 2000 1674 per
2055 1609 2302 1676 pontem
2331 1605 2582 1661 civitatis
2632 1605 2844 1677 ipsius)
2898 1606 2947 1661 si
2992 1606 3183 1663 factus
3211 1606 3385 1663 fuerit

1722 1708 1862 1747 cum
1892 1693 2164 1766 plaustro
2194 1700 2413 1751 onusto
2456 1695 2597 1752 vino
2627 1695 2723 1752 vel
2749 1695 2906 1752 victu
2934 1711 3111 1753 nemo
3165 1697 3385 1753 audeat

2 1793 122 1831 z-um
154 1793 295 1831 cum
326 1778 652 1851 parietinis,
676 1783 733 1834 et
757 1780 1041 1834 omnibus
1073 1780 1196 1835 suis
1224 1778 1610 1851 pertinentiis,
1649 1791 1691 1844 Β
1722 1797 1831 1836 nec
1860 1782 1998 1838 hinc
2050 1783 2209 1854 illuc,
2241 1800 2351 1840 nec
2396 1784 2535 1841 inde
2564 1785 2683 1841 huc
2713 1784 2950 1857 penitus
2990 1791 3378 1842 transmeare.

2 1865 205 1920 ssitam
231 1866 376 1921 foris
406 1874 644 1940 portam
670 1868 957 1925 Salariam
982 1870 1059 1925 ad
1090 1869 1312 1925 clivum
1336 1886 1612 1925 cucume-

4 1973 46 2008 ς.
83 1956 209 2010 Pari
238 1957 425 2013 modo
465 1959 852 2014 concedimus
893 1964 949 2015 et
977 1961 1411 2016 confirmamus
1442 1960 1613 2015 vobis

2 2046 277 2118 zstrisque
312 2048 760 2104 successoribus
787 2049 847 2105 in
870 2056 1227 2122 perpetuum
1253 2067 1495 2106 omnem
1522 2066 1613 2105 or-

1 2132 323 2191 inationem
345 2136 769 2209 episcopalem,
794 2143 915 2193 tam
946 2139 1019 2193 de
1042 2139 1403 2211 presbyteris
1426 2155 1613 2212 quam

2 2224 312 2280 iaconibus
342 2226 435 2281 vel
465 2226 821 2283 diaconissis
848 2246 951 2284 seu
999 2229 1494 2299 subdiaconibus,
1518 2246 1613 2285 ec-

7 2314 160 2381 esiis,
188 2315 288 2370 vel
317 2315 604 2373 altaribus
628 2334 763 2390 quae
796 2318 855 2374 in
888 2324 1007 2375 tota
1028 2319 1383 2375 Transtiberi
1414 2336 1616 2376 neces-

1 2404 102 2459 tria
126 2404 306 2461 fuerit
337 2406 702 2479 faciendum,
726 2409 838 2464 nisi
861 2408 1005 2464 forte
1029 2409 1348 2465 cardinalis
1374 2409 1618 2481 presby-

11 2508 52 2559 ι’,
87 2494 177 2550 vel
207 2495 534 2551 cardinalis
582 2497 892 2565 diaconus,
942 2499 1035 2554 vel
1068 2499 1493 2567 subdiaconus,
1526 2502 1618 2557 vel

2 2583 220 2653 :olytus
254 2586 413 2641 sacri
452 2587 657 2659 palatii
696 2590 1107 2645 Lateranensis
1147 2589 1435 2647 efﬁciatur
1477 2594 1491 2661 (
1501 2592 1617 2665 alia

2 2688 86 2727 :ro
116 2674 290 2730 vobis
320 2677 677 2750 vestrisque)
705 2679 812 2733 sed
842 2680 1045 2735 omnia
1093 2680 1198 2735 tibi
1229 2681 1461 2753 tuisque
1492 2700 1619 2738 suc-

2 2766 314 2833 ,‘ssoribus,
348 2767 444 2823 vel
475 2768 770 2842 episcopis
800 2771 903 2842 qui
936 2788 971 2825 a
1016 2770 1185 2825 vobis
1236 2771 1459 2828 invitati
1489 2773 1615 2829 fue-

5 2860 65 2908 nt
94 2856 441 2927 ordinandi,
473 2858 885 2927 benedicendi,
916 2862 1382 2918 consecrandive
1405 2879 1616 2919 conce-

1 2943 152 2998 imus
192 2951 582 3018 potestatem,
629 2953 685 3005 et
732 2965 805 3005 ne
853 2951 1140 3023 parochia
1170 2958 1362 3008 vestra
1415 2953 1617 3025 aliquo

1 3034 317 3091 ervadatur
342 3038 651 3111 episcopo,
683 3038 833 3094 fines
876 3042 1006 3111 ejus
1039 3057 1145 3112 per
1174 3041 1287 3096 hoc
1344 3048 1617 3098 nostrum

1 3124 354 3191 postolicum
385 3128 758 3199 privilegium
782 3130 1074 3201 intimare,
1096 3136 1329 3205 tumque
1356 3132 1617 3188 ecclesia:

2 3215 315 3271 )ntirmare
349 3234 633 3274 curamus
653 3219 966 3293 incipiente
992 3222 1204 3293 (igitur)
1234 3238 1476 3295 quoque
1508 3222 1622 3294 pri-

2 3319 55 3356 ιο
90 3308 350 3363 termino
412 3324 448 3364 a
504 3308 689 3365 fracto
743 3316 946 3383 ponte,
1000 3311 1103 3367 ubi
1136 3312 1298 3368 unda
1340 3312 1623 3368 dividitur

1 3395 277 3451 \ntonina
309 3396 547 3469 dicitur,
575 3398 741 3455 unda
767 3400 1019 3471 dicitur),
1055 3417 1161 3472 per
1188 3418 1431 3457 murum
1463 3402 1621 3457 vide-

2 3488 85 3537 cet
114 3486 573 3543 Transtiberinm
601 3489 765 3545 urbis
795 3506 902 3562 per
944 3492 1353 3564 Septinianam
1384 3497 1621 3565 portam

1 3574 12 3625 t
38 3587 143 3643 per
170 3582 417 3647 portam
445 3578 500 3634 S.
534 3580 845 3645 Pancratii,
874 3596 980 3653 per
1012 3580 1235 3637 silicem
1266 3598 1407 3637 vero
1434 3582 1622 3655 ipsius

2 3668 137 3719 ortae
162 3681 359 3739 usque
378 3668 457 3725 ad
476 3674 722 3742 pontem
751 3686 1183 3742 marmoreum,
1205 3671 1308 3743 qui
1331 3676 1417 3727 est
1444 3688 1625 3744 super

4 3770 263 3825 rronem,
298 3763 359 3814 et
387 3759 640 3817 ducente
683 3777 791 3834 per
820 3761 1018 3834 ipsam
1064 3761 1287 3819 silicem
1318 3780 1512 3835 usque
1545 3764 1623 3819 ad

2 3844 313 3917 aritorum,
362 3848 621 3922 indeque
650 3850 988 3906 revolvente
1018 3868 1125 3924 per
1154 3852 1407 3924 paludes
1434 3870 1625 3926 usque

2 3950 14 3988 ι
44 3952 233 4004 mare,
270 3938 533 4012 indeque
553 3940 820 3997 veniente
842 3956 949 4013 per
977 3958 1141 3998 mare
1173 3959 1363 4015 usque
1395 3944 1469 3999 ad
1503 3943 1625 4001 duo

2 4024 232 4083 iilliaria
259 4028 421 4085 ultra
454 4034 689 4100 Farum,
718 4035 775 4087 et
804 4048 998 4104 usque
1030 4032 1089 4087 in
1129 4032 1364 4104 (focem)
1402 4034 1626 4090 fontem

2 4116 254 4186 iajorem
284 4138 297 4188 ;
334 4119 594 4193 indeque
630 4126 934 4177 remeante
965 4138 1072 4195 per
1099 4123 1371 4179 medium
1400 4124 1626 4180 ﬂumen

2 4206 153 4275 iajus
178 4210 352 4265 venit
383 4225 572 4282 usque
603 4210 680 4265 ad
709 4212 990 4279 (Romam
1024 4212 1084 4266 in
1114 4212 1336 4281 medio)
1371 4216 1627 4268 Ramum

2 4297 121 4350 'acti
147 4299 386 4369 pontis,
425 4300 529 4372 qui
556 4304 645 4355 est
673 4301 845 4371 juxta
872 4303 1312 4368 Marmoratam,
1368 4302 1627 4374 indeque

2 4383 33 4435 d
64 4387 345 4444 medium
380 4393 626 4461 pontem
660 4392 714 4445 S.
745 4389 957 4457 Mariae,
986 4394 1041 4445 ct
1070 4390 1146 4446 ad
1178 4391 1445 4446 medium
1475 4407 1628 4465 pon-

2 4492 94 4543 :m,
128 4477 237 4533 ubi
267 4479 462 4535 Judaei
486 4479 759 4536 habitare
784 4480 1060 4536 videntur
1086 4481 1420 4552 (solebant),
1454 4487 1511 4537 et
1537 4498 1628 4538 re-

4 4564 43 4618 it
69 4581 178 4637 per
219 4568 499 4625 medium
528 4574 775 4643 pontem
815 4570 1167 4643 praedictum
1225 4570 1499 4639 fractum,
1528 4572 1631 4627 ubi

2 4672 78 4709 un
112 4657 377 4727 (undam
401 4660 787 4731 Antoninam)
811 4660 885 4715 de
912 4660 1076 4717 unda
1107 4660 1390 4731 diximus,
1415 4662 1519 4734 qui
1542 4666 1633 4717 est

3 4744 190 4801 rimus
222 4747 428 4803 afﬁnis
459 4749 689 4822 absque
719 4750 1176 4805 Transtiberinis
1207 4750 1512 4807 catholicis
1542 4768 1634 4807 ec-

1 4832 151 4890 tesiis
187 4837 246 4893 S.
282 4838 480 4894 Mariae
509 4838 779 4894 videlicet
802 4839 864 4895 in
890 4839 1269 4907 Transtiberi,
1302 4841 1358 4896 S.
1386 4841 1638 4913 Chryso-

3 4926 121 4995 oni,
152 4932 211 4983 et
241 4932 470 4984 sancta:
495 4929 761 4998 Caeciliae,
792 4929 885 4984 vel
914 4930 1279 4986 monasterio
1309 4930 1363 4984 S.
1389 4933 1640 4987 Pancra-

1 5014 52 5086 ii,
86 5021 145 5072 et
192 5023 552 5075 sanctorum
602 5022 831 5077 Cosmae
889 5024 946 5077 et
998 5020 1292 5083 Damiani,
1346 5022 1636 5076 tamenin

4 5107 267 5163 raedictis
298 5108 565 5165 ecclesiis
595 5114 652 5166 et
683 5111 1060 5167 monasteriis
1088 5110 1386 5183 quidquid
1413 5110 1637 5166 ibidem

2 5195 36 5251 b
68 5197 384 5271 episcopis
411 5215 651 5255 necesse
682 5200 854 5257 fuerit
914 5200 1171 5256 faciendi
1220 5200 1639 5256 Portuensibus

2 5287 290 5362 piscopis,
326 5290 421 5345 vel
449 5290 527 5346 ab
570 5291 714 5363 ipsis
744 5290 1005 5347 invitatis
1032 5291 1346 5347 tribuimus
1377 5297 1637 5364 potesta-

2 5392 99 5433 rm.
159 5378 439 5451 Itemque
466 5380 854 5436 concedimus
887 5386 941 5436 et
966 5380 1396 5437 confirmamus
1426 5381 1486 5436 in
1510 5382 1639 5452 jam

8 5468 119 5522 icto
151 5470 471 5541 episcopio
497 5470 737 5543 plebem
852 5471 1066 5539 Mariae,
1096 5476 1149 5526 et
1180 5474 1235 5528 S.
1281 5472 1639 5545 Apollinaris

2 5571 21 5610 1
64 5557 235 5613 mola
264 5563 468 5630 rupta,
520 5564 573 5615 et
601 5560 841 5632 plebem
872 5561 926 5616 S.
961 5560 1243 5633 Stephani
1275 5561 1334 5616 in
1363 5560 1551 5627 Pauzi,
1587 5564 1643 5616 et

2 5644 207 5703 lebem
243 5650 303 5705 S.
368 5649 556 5704 Mariae
588 5649 648 5704 in
693 5650 1044 5722 Apruniana
1076 5650 1499 5721 (Aproniam),
1546 5648 1641 5704 vel

6 5750 179 5793 mnes
212 5735 505 5793 ecclesias
532 5737 779 5809 exiguas
798 5738 892 5795 vel
918 5754 1172 5809 magnas
1203 5738 1642 5810 cujuslibetno-

1 5824 169 5898 uiuis,
224 5842 378 5905 quae
404 5825 559 5885 infra
597 5827 724 5903 jam
749 5826 940 5887 dictos
968 5825 1179 5887 afﬁnes
1226 5832 1365 5888 sunt
1392 5826 1484 5889 vel
1510 5841 1639 5885 esse

1725 1874 1939 1926 lterum
1963 1872 2144 1943 (item)
2171 1860 2505 1929 sancientes
2520 1873 2806 1945 jubemus
2832 1879 2898 1931 ut
2920 1875 3119 1931 nullus
3134 1874 3380 1948 presb...

1722 1960 1813 2015 vel
1844 1962 2160 2031 cujuslibet
2214 1963 2442 2019 ordinis
2491 1963 2773 2020 clericum
2804 1964 3018 2037 aliquis
3048 1965 3268 2021 audeat
3309 1964 3384 2019 de

1723 2054 1844 2106 toto
1871 2051 2118 2123 praefato
2146 2052 2498 2125 episcopatu
2526 2054 2604 2109 ad
2630 2054 2916 2127 placitum
2955 2055 3382 2125 constringere,

1724 2145 1825 2196 aut
1856 2140 1935 2195 ad
1965 2146 2409 2198 contentionem
2443 2143 2775 2199 ﬁniendam
2805 2143 3191 2215 (faciendam)
3222 2159 3387 2200 com-

1724 2229 1961 2302 pellere,
2018 2235 2122 2287 aut
2170 2231 2419 2304 aliquod
2465 2233 2769 2289 servitium
2822 2232 2900 2289 ab
2930 2232 3013 2289 eis
3066 2233 3387 2305 requirere,

1724 2326 1939 2389 praeter
1967 2321 2283 2395 episcopos
2332 2326 2703 2391 Portuenses,
2762 2322 2824 2379 in
2878 2323 3050 2394 cujus
3103 2323 3392 2396 parochia

1726 2414 1882 2466 sunt.
1916 2410 2266 2484 Quicunque
2320 2428 2464 2468 vero
2493 2417 2897 2486 praesumptor
2944 2413 3066 2469 sive
3096 2412 3239 2481 dux,
3269 2413 3391 2469 sive

1726 2516 1949 2567 comes,
1972 2500 2069 2556 vel
2095 2504 2455 2570 vicecomes,
2493 2507 2599 2559 aut
2617 2502 3037 2570 cubicularius,
3070 2503 3160 2558 vel
3192 2520 3227 2558 δ,
3258 2519 3393 2558 nos-

1726 2593 1816 2645 tra
1845 2590 2178 2662 apostolica
2209 2590 2348 2647 sede
2398 2591 2639 2659 missus,
2696 2597 2801 2648 aut
2829 2592 3267 2664 qualiscunque
3296 2592 3387 2646 in-

1727 2679 2060 2735 terveniens
2086 2685 2371 2751 potestas,
2391 2697 2527 2753 qua:
2551 2681 2627 2737 de
2656 2682 2789 2753 ipsa
2820 2682 3053 2737 civitate
3080 2680 3390 2737 Portuensi

1726 2768 2105 2824 dominatum
2138 2770 2454 2836 tenuerint,
2494 2770 2569 2825 de
2597 2786 2963 2843 quocunque
2994 2770 3207 2826 fuerint
3235 2769 3390 2825 ordi-

1727 2873 1823 2926 ne,
1856 2857 2142 2930 praedicta
2172 2858 2376 2913 omnia
2406 2859 2739 2915 immobilia
2765 2859 2920 2929 loca,
2948 2864 3052 2915 aut
3074 2857 3391 2931 praenomi-

1727 2952 1938 3003 natum
1968 2946 2413 3016 castoldatium,
2446 2948 2541 3003 vel
2569 2948 2723 3004 duos
2765 2949 3111 3021 piscatores,
3152 2953 3209 3003 et
3236 2948 3390 3004 duos

1729 3036 2000 3103 curiales,
2028 3037 2119 3093 vel
2152 3054 2363 3093 omnes
2390 3038 2705 3110 praedictos
2726 3038 2971 3095 clericos
2996 3054 3032 3094 a
3055 3039 3189 3109 jure
3215 3041 3272 3093 et
3291 3054 3395 3111 po-

1659 3153 1698 3207 ρ
1730 3132 1935 3183 testate
1978 3132 2156 3200 atque
2202 3128 2426 3184 ditionc
2465 3128 2698 3200 praefati
2728 3128 3015 3201 episcopii
3044 3130 3274 3184 auferre
3303 3127 3394 3183 vel

1730 3218 1999 3273 minuere
2024 3218 2295 3285 voluerit,
2327 3218 2434 3273 vel
2471 3218 2822 3290 parochiam
2854 3218 3176 3288 infringere
3206 3223 3394 3274 tenta-

1729 3308 1897 3377 verit,
1929 3312 2032 3364 aut
2079 3307 2356 3364 homines
2391 3308 2450 3363 in
2506 3308 2793 3379 praedicta
2844 3313 3004 3365 turre
3033 3308 3391 3375 habitantes,

1730 3399 1825 3455 vel
1856 3399 2202 3472 ubicunque
2246 3398 2583 3472 proprietas
2613 3399 2795 3469 hujus
2837 3400 3122 3472 episcopii
3151 3400 3399 3456 mentio.

1732 3494 1873 3544 nata
1920 3489 2113 3558 fuerit,
2173 3489 2251 3544 ad
2299 3487 2612 3560 publicum
2655 3489 2961 3545 servitium
3008 3489 3395 3557 revocaverit,

1735 3578 1882 3634 sciat
1907 3594 1967 3633 se
1997 3577 2475 3650 compositurum
2506 3578 2791 3651 episcopo
2820 3578 2953 3650 ipso
3005 3580 3133 3651 (sic)
3163 3579 3267 3653 qui
3293 3594 3400 3652 per

1733 3674 2006 3741 tempora
2033 3667 2211 3722 fuerit
2253 3668 2384 3723 auri
2412 3667 2718 3739 purissimi
2764 3667 2898 3724 libr.
2930 3685 3012 3725 xx
3067 3673 3125 3726 et
3153 3670 3401 3742 insuper

1736 3758 2102 3814 anathemati
2132 3756 2459 3827 subjaceat.

1808 3852 2137 3905 Statuentes
2164 3847 2389 3919 quippe
2417 3847 2747 3920 apostolica
2769 3864 3026 3905 censura
3053 3850 3400 3907 auctoritate

1736 3938 1896 3994 beati
1924 3937 2073 3993 Petri
2103 3936 2515 4009 apostolorum
2545 3937 2831 4010 principis
2863 3939 2979 3994 sub
3027 3939 3215 3996 divini
3238 3940 3400 4012 judi-

1739 4028 1812 4084 cii
1855 4027 2274 4098 obtestatione,
2307 4030 2364 4082 et
2415 4027 2819 4083 anathematis
2864 4028 3401 4100 interdictionibus,

1738 4124 1805 4175 ut
1840 4117 2041 4173 nullus
2072 4132 2345 4189 unquam
2396 4123 2741 4174 nostrorum
2786 4134 3205 4175 successorum
3247 4136 3402 4192 pon-

1740 4208 1988 4275 titicum,
2018 4206 2111 4262 vel
2140 4205 2257 4262 alia
2285 4206 2570 4278 quaelibet
2595 4222 2820 4277 magna
2863 4223 3171 4279 parvaque
3200 4223 3403 4279 perso-

1740 4314 1820 4354 na
1844 4314 1913 4353 ea
1942 4312 2078 4369 quae
2108 4312 2145 4353 a
2188 4296 2363 4352 nobis
2394 4296 2472 4352 ad
2515 4296 2759 4353 laudem
2787 4296 2888 4352 Dei
2923 4312 3032 4369 pro
3083 4296 3401 4355 stabilitate

1740 4389 1832 4446 vel
1875 4391 2200 4458 augmento
2229 4386 2497 4460 praedicti
2541 4388 2827 4460 episcopii
2858 4392 3075 4445 statuta
3122 4392 3278 4457 sunt,
3308 4405 3401 4445 re-

1666 4515 1711 4569 D
1743 4477 1985 4550 fragari,
2030 4482 2135 4532 aut
2175 4476 2237 4532 in
2285 4492 2597 4549 quoquam
2645 4478 3001 4548 transgredi,
3032 4483 3135 4535 aut
3177 4478 3405 4553 aliquid

1744 4568 1957 4625 exinde
1986 4567 2255 4622 minuere
2282 4566 2520 4633 audeat,
2546 4566 2650 4622 sed
2682 4567 2831 4624 sicut
2864 4569 3140 4641 superius
3171 4586 3207 4626 a
3230 4570 3404 4627 nobis

1746 4662 2031 4715 statutum
2050 4656 2143 4712 vel
2166 4672 2529 4713 concessum
2553 4662 2662 4724 est,
2686 4657 2767 4713 ita
2789 4659 3156 4730 perennibus
3185 4676 3254 4716 ac
3279 4676 3408 4734 per-

1744 4750 1938 4822 petuis
1969 4747 2342 4819 temporibus
2373 4746 2498 4802 sine
2537 4746 2740 4819 aliqua
2770 4748 3140 4805 minuatione
3169 4751 3409 4823 permit-

1744 4843 1828 4894 tat
1855 4837 2147 4893 {inetenus
2186 4852 2557 4909 permanere.
2585 4835 2642 4892 Si
2670 4836 2805 4908 quis
2844 4840 3068 4908 autem,
3090 4837 3258 4909 quod
3284 4853 3408 4893 non

1745 4933 2045 5000 optamus,
2078 4926 2392 4982 temerario
2422 4942 2574 4983 ausu
2601 4931 2806 4982 contra
2837 4927 2953 4982 hoc
2982 4933 3256 4982 nostrum
3287 4927 3409 4999 pri-

1744 5016 2029 5087 vilegium
2048 5016 2271 5085 venire,
2287 5020 2389 5071 aut
2409 5016 2468 5071 in
2494 5031 2807 5089 quoquam
2832 5016 2913 5071 ire
2936 5017 3405 5089 praesumpserit,

1748 5113 1804 5163 et
1830 5107 1979 5161 sicut
2007 5106 2280 5177 superius
2316 5122 2352 5162 a
2379 5105 2555 5161 nobis
2587 5110 2875 5162 statutum
2919 5110 3025 5175 est,
3057 5106 3137 5161 ita
3162 5105 3411 5161 ﬁrmiter

1748 5185 2100 5271 permanére
2150 5212 2275 5251 non
2347 5195 2658 5264 dimiserit,
2706 5201 2763 5252 et
2804 5196 2866 5251 in
2932 5195 3214 5251 omnibus
3283 5211 3411 5252 non

1750 5286 2173 5357 observaverit,
2207 5286 2355 5341 sciat
2402 5302 2485 5354 se,
2517 5285 2633 5340 nisi
2681 5286 3013 5359 resipuerit,
3064 5287 3413 5344 auctoritate

1752 5378 1851 5433 Dei
1880 5375 2323 5446 omnipotentis,
2353 5380 2409 5431 et
2431 5375 2591 5430 beati
2618 5376 2768 5431 Petri
2796 5376 3209 5448 apostolorum
3247 5377 3412 5449 prin-

1751 5466 1916 5539 cipis,
1950 5470 2128 5536 atque
2160 5468 2386 5533 nostra,
2414 5464 2518 5535 qui
2556 5463 2685 5531 ejus
2734 5464 3044 5533 fungimur
3084 5466 3415 5525 vicariatio—

1750 5572 1845 5620 ne,
1897 5553 2292 5610 anathematis
2343 5552 2582 5608 vinculo
2649 5568 2777 5608 esse
2838 5553 3219 5626 innodatum,
3270 5561 3328 5612 et
3376 5573 3416 5613 a

1749 5662 1934 5715 regno
1992 5645 2093 5701 Dei
2149 5644 2432 5715 alienum,
2489 5647 2667 5713 atque
2726 5660 2863 5698 cum
2920 5645 3075 5703 Juda
3130 5646 3413 5702 traditore

1752 5734 1984 5791 Domini
2038 5733 2225 5789 nostri
2278 5734 2415 5789 Jesu
2471 5730 2701 5797 Christi,
2734 5735 2792 5787 et
2842 5733 3128 5790 omnibus
3169 5733 3415 5807 pompis

1750 5825 1878 5901 ejus
1926 5823 2175 5885 omnino
2216 5821 2494 5883 incendio
2536 5821 3071 5886 concremandum.
3124 5821 3233 5891 Qui
3263 5834 3414 5882 vero
