3888 6418
409 313 550 370 H23

1797 295 2085 359 JOANNIS
2105 296 2213 357 XIX
2235 288 2435 360 eam:

3732 290 3848 357 H2;

406 435 508 508 pio
536 433 752 490 intuitu
775 434 975 489 custos
1002 434 1059 487 et
1084 430 1427 486 observator
1454 427 1635 499 hujus
1657 424 1844 481 nostri
1875 438 2054 497 apos-
2087 423 2138 477 Α
2174 423 2503 482 humilitate
2530 429 2708 499 atque
2736 425 3086 496 reverentia,
3116 425 3259 500 quia
3288 426 3405 483 tale
3443 425 3574 483 hoc
3618 408 3850 481 tantum

407 521 564 578 tolici
588 519 877 594 privilegii
900 519 960 574 in
988 518 1268 574 omnibus
1300 515 1599 582 exstiterit,
1628 510 2058 570 benedictionis

407 609 681 680 gratiam,
713 607 1016 677 vitamque
1045 610 1331 661 aternam
1362 620 1398 660 a
1423 604 1584 676 justo
1629 601 1832 658 Judice
1862 597 2059 655 Domi-

407 713 486 753 no
528 700 646 752 Deo
675 699 900 763 nostro,
927 698 984 749 et
1011 693 1089 749 ab
1118 693 1400 750 omnibus
1442 691 1661 750 sanctis
1701 691 1830 761 ejus
1860 702 2063 744 conse-

404 785 509 859 qui
537 788 836 841 mereatur
863 784 924 839 in
955 782 1174 839 sacula
1200 782 1577 838 saeculorum.
1610 786 1817 837 Amen.

476 874 771 946 Scriptum
822 888 931 946 per
975 888 1225 929 manum
1273 871 1457 941 Sergii
1505 875 1725 927 sancta
1777 871 2059 924 Romana

404 962 675 1021 Ecclesia
707 960 1019 1033 scriniarii,
1046 977 1251 1018 mense
1281 960 1449 1031 Maio,
1482 958 1805 1016 indictione
1834 972 1948 1012 vni.

1204 1051 1271 1107 II.
1782 1082 1787 1085 -

404 1144 665 1199 Joannes
719 1142 865 1198 XIX
916 1141 1191 1196 Bisantio
1250 1138 1694 1208 archiepiscopo
1759 1132 2059 1190 Canusina

478 1231 556 1301 [i.
587 1247 639 1287 e.
672 1230 974 1299 Barensi]
1016 1229 1273 1298 pallium
1320 1228 1585 1284 concedit
1623 1228 1889 1296 juraque
1932 1223 2059 1290 ejus

482 1319 815 1387 conﬁrmat.

1021 1409 1214 1473 (Anno
1250 1406 1425 1475 402's.)

712 1495 997 1565 [UGllELLI,
1028 1495 1216 1551 Italia
1242 1508 1418 1550 sacra
1456 1495 1568 1560 VII,
1600 1493 1747 1564 604.]

472 1587 713 1641 Joasxes
756 1583 1095 1659 episcopus,
1129 1598 1338 1638 servus
1385 1597 1693 1638 servorum
1740 1579 1859 1648 Dei,
1890 1594 2057 1635 reve-

402 1672 757 1729 rendissimo
780 1670 1062 1731 confratri
1082 1687 1151 1727 ac
1177 1675 1381 1727 nostro
1408 1670 1696 1743 spirituali
1722 1669 1844 1725 tilio
1868 1672 2061 1724 BISAN-

403 1777 513 1831 rio,
546 1765 765 1817 sancta
795 1761 1107 1819 Canusina
1139 1759 1409 1815 Ecclesia
1442 1775 1478 1814 a
1502 1758 1679 1814 nobis
1711 1761 2058 1814 consecrato
2087 1773 2128 1829 Β

404 1849 858 1922 archiepiscopo
886 1848 1169 1905 omnibus
1197 1847 1410 1903 diebus
1434 1847 1567 1903 vita
1600 1852 1736 1903 tua.

473 1937 757 1994 COnvenit
806 1936 1133 2009 apostolico
1181 1935 1580 1991 moderamini
1628 1934 1729 2008 pia
1774 1933 2057 2003 religione

402 2024 762 2099 pollentibus
812 2024 1105 2082 benevola
1140 2024 1561 2096 compassione
1589 2039 1951 2090 succurrere,
2004 2027 2060 2078 et

402 2115 776 2187 poscentium
815 2114 1030 2171 animis
1073 2113 1256 2170 alacri
1284 2112 1599 2169 devotione
1639 2112 1940 2184 impartire
1970 2126 2061 2167 as-

406 2218 672 2258 sensum.
704 2205 787 2257 Ex
810 2202 923 2258 hoc
955 2202 1115 2259 enim
1141 2200 1290 2257 lucri
1318 2201 1696 2273 potissimum
1728 2200 1992 2273 primum
2021 2216 2059 2255 a

406 2289 720 2347 Conditore
750 2290 1022 2347 omnium
1056 2293 1172 2346 Deo
1199 2289 1260 2345 in
1287 2288 1494 2345 sideris
1527 2288 1764 2345 arcibus
1790 2288 2058 2361 prascri-

404 2379 564 2436 bitur
592 2380 1010 2447 remuneratio,
1042 2379 1288 2453 quando
1326 2380 1566 2449 egregia
1594 2395 1665 2434 ac
1693 2377 2059 2435 venerabilia

405 2466 540 2523 loca
560 2467 641 2523 ad
660 2467 966 2524 meliorem
985 2466 1203 2523 fuerint
1225 2467 1350 2523 sine
1368 2466 1553 2523 dubio
1574 2472 1792 2522 statum
1812 2466 2061 2539 perduc-

402 2560 481 2612 ta.
497 2555 697 2626 Igitur,
720 2556 864 2628 quia
883 2554 1193 2628 postulasti
1215 2570 1251 2611 a
1275 2555 1451 2611 nobis
1473 2561 1772 2627 quatenus
1792 2555 1871 2611 ob
1892 2558 2056 2610 tuam

402 2643 814 2714 reverentiam,
841 2649 1021 2715 atque
1042 2643 1364 2700 amabilem
1385 2643 1831 2714 fraternitatem,
1850 2658 2059 2699 conce-

401 2733 679 2790 deremus
705 2737 762 2789 et
785 2733 1279 2791 contirmaremus
1307 2732 1534 2788 cunctis
1554 2732 1768 2788 diebus
1787 2732 1921 2788 vita
1942 2736 2057 2787 tua

400 2822 716 2897 prafatum
746 2821 1325 2893 archiepiscopatum
1355 2825 1578 2877 sancta
1613 2820 1927 2877 Canusina
1960 2824 2059 2876 Ec-

401 2909 589 2966 clesia
613 2926 752 2966 cum
766 2908 1049 2965 omnibus
1061 2908 1175 2963 sibi
1191 2908 1539 2979 adjacentiis
1554 2909 1647 2964 vel
1667 2908 2054 2981 pertinentiis,

399 2998 670 3054 videlicet
718 2997 1039 3053 duodecim
1100 2997 1480 3069 episcopatus
1539 2997 2051 3069 quemadmodum

400 3085 623 3143 abolita
634 3091 925 3158 tempora,
940 3085 1387 3161 scilicetnostris
1401 3084 1878 3141 antecessoribus
1891 3101 2056 3141 sanc-
2085 3124 2125 3179 Ο

400 3179 471 3232 tae
490 3175 815 3243 memoria,
839 3175 1225 3230 decreverant
1246 3178 1309 3229 ut
1326 3174 1806 3247 archiepiscopus
1826 3174 2052 3230 duode-

400 3264 517 3320 cim
543 3264 656 3320 sub
702 3280 765 3319 se
797 3264 1099 3321 ordinaret
1127 3262 1461 3336 episcopos.
1503 3262 1665 3319 Unde
1703 3279 1863 3319 nunc
1898 3263 2053 3333 juste

399 3353 773 3427 precantium
820 3352 972 3408 votis
1014 3352 1287 3409 favemus
1333 3357 1397 3409 ut
1438 3356 1495 3409 et
1535 3352 1701 3408 vobis
1738 3353 2054 3424 pranomi-

398 3445 541 3497 nato
567 3440 823 3497 Bisantio
851 3440 1132 3511 Angelico
1163 3440 1612 3513 archiepiscopo
1637 3456 2053 3497 consecrarem

397 3530 460 3587 in
500 3530 759 3603 praefata
805 3528 1067 3585 ecclesiae
1117 3535 1337 3585 sancta
1380 3530 1693 3586 Canusinae
1739 3546 1877 3585 cum
1922 3530 2053 3585 uni-

395 3619 582 3676 versis
629 3619 988 3688 civitatibus,
1021 3623 1079 3674 et
1125 3618 1401 3688 castellis,
1431 3619 1546 3675 hoc
1595 3618 1813 3675 scilicet
1860 3622 2054 3676 Canu-

399 3706 561 3773 sina,
606 3706 753 3773 Bari,
804 3706 1112 3772 Medunco,
1167 3705 1512 3774 Juvenacio,
1553 3706 1818 3773 Melﬁcta,
1861 3706 2050 3774 Rubo,

398 3793 618 3864 Trane,
646 3792 1200 3865 Canni,Minerbino,
1216 3797 1559 3866 Aquatecta,
1575 3796 1764 3849 Monte
1785 3793 2050 3863 Melioris,

396 3881 850 3948 Labellotatum,
875 3881 1171 3951 Cisterna,
1204 3881 1460 3950 Bitalba,
1483 3880 1663 3953 Salpi,
1687 3886 2049 3953 Cupersano,

393 3970 703 4026 Puliniano
748 3969 924 4025 simul
964 3974 1021 4025 et
1064 3972 1291 4041 Catera,
1340 3975 1397 4026 et
1439 3970 1693 4026 aliarum
1745 3970 2052 4025 civitatum

397 4062 576 4132 atque
607 4062 942 4115 castrorum
971 4058 1085 4115 sibi
1112 4059 1538 4131 adjacentium,
1567 4059 1662 4114 vel
1703 4058 1879 4128 longe
1906 4057 2051 4115 late-

394 4163 512 4220 que
537 4146 619 4203 ibi
648 4147 875 4219 positze,
907 4146 1099 4204 donec
1128 4147 1449 4221 impleatur
1476 4147 1870 4203 duodecimus
1900 4148 2053 4218 epis-

393 4250 601 4307 copus.
632 4238 834 4307 Itaque
880 4236 1312 4292 conﬁrmamus
1363 4235 1536 4291 vobis
1575 4251 1785 4290 omnes
1831 4234 2052 4290 fundos

394 4328 451 4381 et
477 4323 703 4381 casales
735 4340 855 4380 una
880 4341 1018 4381 cum
1047 4324 1203 4381 casis
1227 4329 1284 4381 et
1310 4324 1519 4392 vineis,
1553 4340 1758 4379 servos
1786 4328 1843 4379 et
1871 4324 2052 4380 ancil-

390 4412 501 4484 las,
534 4429 658 4469 una
687 4430 826 4470 cum
847 4414 1062 4471 massis
1093 4417 1150 4469 et
1172 4413 1531 4469 massariciis
1553 4418 1731 4486 atque
1760 4413 2049 4470 molendi-

392 4501 507 4572 nis,
534 4501 730 4559 littora
756 4518 894 4559 cum
925 4506 1122 4576 portu,
1163 4501 1468 4558 montibus
1494 4506 1551 4558 et
1571 4502 1840 4571 collibus,
1870 4507 2049 4576 atque

392 4590 656 4665 planitiis
682 4596 738 4648 et
777 4591 983 4664 pratis,
1026 4590 1321 4664 simulque
1360 4591 1661 4665 plebibus,
1712 4593 1832 4649 sive
1869 4592 2050 4649 eccle-

391 4679 491 4735 siis
518 4695 657 4738 cum
682 4679 964 4736 omnibus
996 4678 1195 4748 titulis,
1227 4680 1350 4736 sive
1382 4680 1625 4753 capellis
1657 4681 1799 4736 suis.
1835 4683 2049 4737 Verum

390 4768 569 4826 etiam
624 4768 993 4825 monasteria
1044 4767 1304 4825 virorum
1354 4785 1460 4825 seu
1514 4768 1871 4841 puellarum,
1924 4774 2049 4826 tam

389 4859 590 4915 Graea
609 4872 797 4930 quam
817 4857 1041 4926 Latina,
1064 4873 1203 4914 cum
1224 4858 1516 4914 universis
1537 4858 1848 4915 ordinibus
1872 4859 2051 4916 eccle-

390 4947 664 5015 siasticis,
709 4945 998 5017 diaconis,
1046 4946 1454 5015 subdiaconis,
1497 4947 1839 5019 lectoribus,
1885 4964 2050 5021 pres_

385 5034 630 5108 byteris,
665 5038 721 5091 et
766 5034 991 5101 omnia,
1023 5038 1080 5091 et
1125 5034 1403 5091 universa
1445 5035 1694 5108 pradia,
1724 5042 1783 5093 et
1817 5053 2051 5110 posses-

386 5125 605 5189 siones,
637 5123 882 5193 cultum,
914 5123 1010 5181 vel
1035 5124 1348 5194 incultum,
1380 5130 1559 5197 atque
1584 5142 1722 5182 cum
1764 5126 2049 5184 omnibus

386 5228 523 5285 qua
554 5212 670 5269 dici
716 5218 772 5271 et
814 5212 1117 5271 nominari
1163 5229 1306 5269 rura
1354 5213 1546 5270 solent
1592 5215 1962 5287 generaliter,
1994 5222 2052 5272 et

386 5301 616 5373 integro
665 5302 1116 5375 pertinentibus,
1148 5302 1482 5360 constitutis
1512 5320 1548 5360 a
1592 5305 1844 5362 termino
1890 5310 2049 5379 Apu-

384 5383 500 5441 lia.
548 5388 835 5447 Praterea
884 5390 1271 5446 concedimus
1319 5405 1457 5446 cum
1509 5392 1859 5449 auctoritate
1902 5392 2046 5449 bea-

387 5475 584 5531 torum
614 5478 1024 5549 apostolorum
1052 5477 1339 5550 principis
1370 5479 1518 5536 Petri
1546 5484 1603 5536 et
1628 5480 1814 5551 Pauli,
1846 5486 1904 5538 et
1932 5497 2048 5537 ca-

388 5562 524 5618 teris
553 5561 755 5635 simul,
785 5564 891 5637 qui
922 5578 1130 5619 eorum
1163 5566 1470 5635 fungimur
1496 5568 1874 5639 vicariatum,
1902 5586 2048 5642 qua-

388 5651 560 5706 tenus
614 5649 914 5709 licentiam
956 5650 1185 5711 habeas
1226 5656 1456 5710 cunctis
1491 5656 1704 5712 diebus
1750 5658 1883 5714 vita
1926 5663 2041 5714 tua

386 5740 549 5797 utere
578 5737 849 5814 pallium,
881 5741 940 5797 et
969 5736 1281 5813 episcopos
1310 5756 1656 5807 consecrare
1695 5761 1835 5807 cum
1875 5744 2045 5809 omni

2168 514 2484 585 pastoralis
2515 514 2780 571 ofﬁcium
2825 515 3103 588 arripere,
3131 515 3181 571 si
3223 515 3351 571 sine
3380 513 3683 571 interiori
3728 513 3850 583 vigi-

2167 600 2351 659 lantia
2405 604 2847 677 perpendetur,
2902 603 3038 676 plus
3090 608 3179 660 est
3229 604 3428 660 oneris
3483 618 3710 676 quam
3772 601 3850 657 ho

2166 692 2367 761 noris;
2413 694 2636 767 quippe
2694 710 2832 750 cum
2886 693 3131 768 propria
3172 709 3295 749 non
3336 691 3569 748 sufﬁcit
3620 705 3850 748 curare.

2166 781 2279 837 nisi
2308 787 2364 838 et
2417 782 2731 839 salubriter
2781 783 3025 854 gesserit
3075 783 3359 839 alienum.
3416 781 3528 837 His
3581 780 3684 836 ita
3740 778 3850 833 bre-

2165 871 2312 927 viter
2335 872 2676 944 pralibatis,
2704 888 2863 928 nunc
2893 872 3150 943 benigne
3181 878 3239 928 et
3266 871 3327 928 in
3359 871 3613 929 Christo
3644 885 3852 926 aman-

2168 959 2410 1031 tissime,
2464 965 2589 1016 esto
2640 961 2834 1017 forma
2887 961 3051 1017 omni
3105 960 3394 1031 bonitate,
3453 964 3599 1016 esto
3665 958 3852 1014 forma

2166 1049 2392 1105 cunctis
2435 1049 2773 1105 videntibus
2822 1066 2927 1106 seu
2975 1050 3379 1117 audientibus,
3410 1049 3680 1106 imitare
3728 1063 3852 1102 suo-

2165 1154 2300 1194 rum
2339 1138 2590 1208 vestigia
2637 1138 2698 1194 in
2742 1139 2931 1209 terris,
2976 1143 3042 1195 ut
3083 1154 3295 1195 eorum
3343 1142 3685 1195 consortes
3737 1153 3852 1192 esse

2164 1226 2440 1282 mereatis
2471 1226 2533 1281 in
2573 1226 2755 1282 calis.
2791 1228 2979 1293 Quem
3030 1243 3172 1283 vero
3219 1226 3736 1300 superscriptum
3780 1241 3854 1280 ar-

2166 1314 2674 1388 chiepiscopatum
2698 1317 3063 1372 Canusinum
3086 1332 3225 1372 cum
3246 1315 3542 1371 omnibus
3568 1314 3717 1370 suis
3742 1330 3854 1386 per-

2166 1402 2442 1475 tinentiis,
2492 1408 2548 1460 et
2593 1403 2905 1477 episcopos
2965 1404 3132 1477 ipsos
3178 1419 3287 1476 per
3332 1419 3566 1460 manus
3618 1409 3853 1459 vestras

2165 1492 2571 1560 consecrandi,
2629 1498 2808 1566 atque
2864 1508 2980 1548 usu
3033 1492 3196 1566 pallii
3255 1509 3363 1567 per
3411 1491 3854 1549 auctoritatem

2165 1582 2555 1655 apostolicam
2571 1582 2773 1637 utendi
2791 1598 2826 1637 a
2839 1582 3116 1655 prasenti
3136 1586 3349 1638 octava
3361 1580 3725 1638 indictione
3743 1597 3854 1636 om-

2164 1672 2341 1727 nibus
2367 1672 2578 1727 diebus
2621 1672 2755 1727 vita
2786 1676 2899 1727 tua
2944 1671 3357 1738 concedimus,
3391 1675 3587 1744 atque
3641 1673 3856 1726 contir-

2163 1778 2403 1817 mamus
2457 1759 2781 1817 tenendum
2837 1764 3015 1833 atque
3066 1760 3541 1829 dominandum,
3576 1764 3644 1816 et
3695 1760 3855 1815 omni

2164 1868 2303 1907 cum
2337 1849 2435 1906 Dei
2460 1850 2669 1905 timore
2690 1849 3021 1919 regendum
3050 1854 3107 1905 et
3131 1848 3648 1919 gubernandum,
3686 1849 3777 1905 ita
3804 1856 3856 1904 ut

2164 1939 2362 1995 nullus
2419 1938 2711 2011 patritius,
2770 1953 2874 1993 seu
2932 1942 3284 2010 catapanus,
3341 1935 3715 2002 excubitus,
3778 1936 3855 1991 vel

2164 2028 2597 2102 qualiscunque
2629 2027 2872 2083 honoris
2903 2043 3007 2083 seu
3037 2026 3343 2096 dignitatis
3371 2024 3740 2097 imperialis
3773 2027 3855 2091 sit,

2164 2118 2339 2174 adeat
2365 2117 2459 2173 vel
2487 2121 2812 2190 prasumat
2840 2116 3195 2187 dijudicare,
3227 2115 3323 2171 vel
3352 2114 3730 2183 molestare,
3765 2123 3857 2171 aut

2163 2206 2503 2279 inquietare.
2532 2206 2606 2261 de
2636 2206 2757 2261 ulla
2796 2222 2879 2271 re,
2911 2205 3093 2261 etiam
3143 2204 3345 2260 nullus
3390 2204 3696 2274 clericus,
3730 2204 3857 2261 nul-

2162 2294 2376 2367 lusque
2428 2294 2633 2361 laicus,
2684 2292 2779 2348 vel
2828 2293 3110 2366 qualibet
3164 2308 3427 2367 persona
3481 2291 3858 2365 hujusmodi

2164 2384 2383 2439 audeat
2410 2383 2504 2438 vel
2551 2387 2879 2456 prasumat
2924 2382 3151 2438 ibidem
3198 2382 3403 2456 aliqua
3454 2382 3743 2439 molesta
3771 2381 3858 2437 vel

2164 2473 2461 2529 contraria
2532 2472 2744 2528 facere.
2807 2473 3138 2529 Statuentes
3188 2472 3415 2545 quippe
3504 2471 3857 2545 apostolica

2165 2578 2439 2631 censura,
2493 2562 2606 2617 sub
2650 2561 2835 2617 divini
2880 2560 3088 2632 judicii
3126 2561 3534 2617 obtestatione
3597 2568 3664 2619 et
3715 2578 3856 2618 ana-

2164 2651 2441 2708 thematis
2468 2649 3002 2718 interdictionibus,
3034 2655 3100 2706 ut
3142 2649 3344 2706 nullus
3377 2667 3685 2724 unquam
3725 2668 3857 2708 nos-

2165 2745 2391 2796 trorum
2469 2755 2887 2796 successorum
2960 2739 3337 2812 pontificum,
3404 2741 3543 2795 sive
3614 2758 3856 2812 regum,

2163 2829 2257 2885 vel
2304 2830 2755 2902 imperatorum,
2790 2834 2893 2884 aut
2934 2829 3251 2900 cujuslibet
3290 2846 3572 2900 magna,
3619 2848 3859 2904 parva-

2163 2934 2280 2991 que
2308 2918 2612 2991 potestatis
2643 2918 2863 2973 audeat
2907 2916 3277 2987 interdicere,
3310 2918 3409 2974 vel
3456 2920 3855 2989 confringere

2162 3009 2275 3063 hoc
2312 3007 2478 3080 quod
2519 3023 2555 3063 a
2583 3006 2759 3062 nobis
2808 3007 3193 3063 constitutum
3228 3012 3284 3063 et
3324 3007 3705 3065 ordinatum
3751 3015 3851 3064 est.

2162 3098 2216 3153 Si
2248 3097 2382 3169 quis
2413 3102 2633 3165 autem,
2654 3096 2820 3169 quod
2840 3112 2961 3151 non
2986 3096 3308 3165 credimus,
3328 3098 3677 3155 temerario
3700 3114 3854 3154 ausu

2162 3192 2367 3243 contra
2414 3186 2526 3241 hoc
2567 3191 2843 3241 nostrum
2889 3187 3376 3255 instrumentum,
3423 3188 3851 3260 apostolicum

2161 3275 2533 3349 privilegium
2562 3274 2860 3341 exstiterit,
2891 3275 3039 3330 sciat
3066 3291 3149 3341 se,
3182 3275 3296 3330 nisi
3324 3276 3691 3349 resipuerit,
3722 3294 3855 3332 auc-

2161 3365 2388 3421 toritate
2432 3364 2525 3420 Dei
2554 3364 3000 3436 omnipotentis,
3028 3369 3085 3419 et
3131 3365 3290 3421 Beati
3335 3364 3494 3421 Petri
3542 3367 3857 3439 apostolo-

2159 3471 2292 3510 rum
2321 3453 2621 3527 principis,
2653 3458 2709 3508 et
2738 3454 2978 3519 caeteris,
2999 3453 3405 3509 anathematis
3434 3454 3703 3511 vinculo
3727 3474 3857 3513 esse

2161 3544 2514 3600 innodatum
2564 3548 2621 3598 et
2667 3558 2703 3597 a
2742 3557 2930 3611 regno
2984 3542 3085 3598 Dei
3133 3542 3424 3612 alienum,
3459 3549 3666 3618 atque
3719 3563 3855 3601 cum

2159 3632 2310 3688 Juda
2334 3631 2613 3687 traditore
2645 3630 2878 3686 Domini
2904 3630 3089 3687 nostri
3118 3634 3255 3687 Jesu
3285 3632 3531 3703 Christi,
3563 3638 3630 3689 et
3661 3635 3858 3691 omni-

2160 3720 2274 3777 bus
2298 3720 2496 3793 impiis
2527 3720 2725 3775 socius
2756 3719 2831 3775 sit
2858 3720 2918 3775 in
2942 3720 3266 3777 infernum.
3291 3721 3405 3786 Qui
3437 3738 3599 3779 vero
3635 3740 3758 3797 pro
3780 3725 3858 3779 in-

2158 3810 2309 3865 tuitu
2334 3814 2532 3864 custos
2561 3813 2620 3864 et
2657 3808 3004 3865 observator
3045 3809 3228 3879 hujus
3270 3809 3466 3866 nostri
3521 3812 3853 3885 apostolici

2160 3897 2449 3971 privilegii
2494 3896 2792 3965 exstiterit,
2826 3896 3256 3954 benedictionis
3300 3898 3601 3969 gratiam,
3638 3903 3855 3959 vitam-

2159 4004 2277 4061 que
2326 3992 2606 4043 aternam
2655 4003 2691 4043 a
2738 3987 2989 4042 Domino
3040 3987 3348 4060 percipere
3402 3996 3743 4048 mereatur
3800 3991 3854 4048 in

2161 4075 2382 4132 sacula
2410 4074 2786 4131 saeculorum.
2813 4080 3023 4132 Amen.

2232 4165 2526 4238 Scriptum
2558 4181 2664 4238 per
2696 4180 2917 4221 manus
2963 4166 3192 4237 Rogerii
3235 4167 3452 4224 notarii
3485 4170 3852 4240 regionarii,

2160 4261 2338 4330 atque
2391 4256 2677 4313 scriniarii
2726 4261 2947 4313 sancta
2977 4260 3260 4314 Romana
3312 4259 3611 4318 Ecclesia
3646 4280 3854 4320 mense

2158 4346 2331 4403 Junio
2362 4346 2564 4403 indict.
2595 4350 2825 4403 octava.
2859 4346 3077 4403 Valete.
3328 4350 3333 4353 ’

2936 4436 3026 4492 ΙΙΙ.

2159 4527 2349 4582 Bulla
2385 4526 2636 4582 Joannis
2678 4525 2824 4605 XIX_
2841 4539 3017 4594 papa:
3064 4527 3393 4605 adLomnes
3437 4544 3653 4601 reges,
3710 4536 3855 4605 epis-

2562 4612 2754 4666 copos,
2781 4596 2977 4664 duces,
3011 4598 3269 4665 comites,
3303 4604 3416 4655 etc.

2654 4685 2843 4756 (Circa
2876 4700 3103 4741 annum
3134 4688 3316 4759 1025.)

2160 4776 2487 4849 [Mémoires
2526 4781 2581 4833 et
2608 4776 2965 4832 Documents
2996 4775 3353 4848 historiques
3396 4778 3475 4835 de
3506 4781 3580 4838 la
3625 4782 3855 4854 Suisse,

2404 4868 2550 4920 tom.
2582 4867 2670 4931 Ill,
2698 4878 2759 4936 p.
2791 4866 2915 4919 4'29.
2950 4866 3262 4921 Lausanne
3300 4869 3457 4924 1838.
3495 4871 3589 4942 8°]

2226 4956 2467 5009 JOANNES
2485 4952 2824 5025 episcopus,
2844 4967 3051 5007 servus
3072 4968 3384 5009 servorum
3398 4956 3531 5026 Dei,
3547 4962 3857 5019 omnibus

2155 5041 2418 5113 regibus,
2455 5040 2773 5114 episcopis,
2808 5039 3086 5109 ducibus,
3118 5040 3443 5098 comitibus
3485 5051 3705 5121 atque
3741 5068 3859 5107 οω.

2155 5132 2335 5188 nibus
2365 5130 2819 5204 principibus,in
2835 5146 3097 5202 quorum
3126 5135 3419 5204 potestate
3447 5136 3855 5199 Romanense

2157 5221 2500 5277 coenobium
2540 5220 2775 5276 videtur
2813 5219 3034 5275 habere
3083 5219 3317 5292 aliquas
3364 5223 3720 5300 ecclesias,
3764 5235 3856 5287 aut

2155 5309 2389 5381 aliquas
2414 5313 2619 5378 terras,
2649 5308 2901 5366 salutem
2932 5324 2969 5364 a
3000 5310 3117 5364 Deo
3142 5314 3197 5363 et
3219 5311 3654 5382 apostolicam
3682 5320 3857 5378 bene-

2152 5396 2500 5453 dictionem.

2225 5485 2435 5539 Precor
2447 5498 2691 5541 omnem
2702 5484 2763 5541 in
2777 5501 3096 5541 commune
3111 5492 3373 5545 vestram
3390 5488 3849 5557 fraternitatem

2153 5574 2219 5626 ut
2245 5571 2358 5662 pio,
2376 5572 2475 5628 Dei
2503 5578 2559 5629 et
2590 5573 2779 5629 sancti
2804 5572 2957 5662 Petri
2985 5580 3317 5648 nostroque
3350 5593 3606 5653 amore,
3632 5588 3848 5662 pradi-

2153 5664 2310 5752 c_tum
2327 5660 2705 5717 Romanense
2718 5660 3057 5718 coenobium
3068 5668 3142 5730 ,et
3156 5665 3367 5722 omnia
3378 5668 3463 5725 ad
3476 5660 3712 5745 ipsuin
3725 5693 3848 5752 per-

2152 5746 2403 5815 tinentes
2420 5749 2546 5824 (sic)
2563 5753 2871 5826 protegere
2883 5750 3325 5824 studeatis,etin
3343 5760 3671 5827 omnibus
3691 5746 3852 5832 tuen.
