3968 6388
52 288 180 354 “~25

1288 278 1646 346 EPISTOLIE
1686 280 1772 336 ET
1808 279 2230 340 DIPLOMATA.

3340 291 3479 346 H26

44 407 186 465 mini
215 411 270 463 et
298 405 651 463 defendatis.
686 404 741 460 Si
767 421 909 462 vero
942 404 1158 478 aliquis
1203 404 1264 460 in
1293 404 1502 460 vestris
1541 408 1705 477 pote-
1737 407 1785 457 Α
1816 406 2021 479 scopio
2051 423 2123 464 ea
2151 424 2286 480 qua“:
2319 423 2354 465 a
2379 408 2924 481 praedecessoribus
2948 410 3166 467 nostris
3187 411 3482 485 pontiﬁci-

43 496 291 553 statibus
325 499 428 550 aut
459 494 626 550 terris
658 493 963 561 exstiterit,
995 493 1100 566 qui
1147 510 1333 567 supra
1375 493 1536 550 dicto
1575 493 1704 550 loco

38 587 132 644 vel
163 585 326 642 terris
357 584 435 641 ad
467 601 605 640 eum
638 583 1074 657 pertinentibus
1125 584 1390 656 aliquam
1425 584 1706 655 injuriam

42 681 143 732 aut
173 675 510 731 molestiam
553 674 770 729 inferre
822 675 1154 744 tentaverit,
1184 691 1331 745 rogo
1358 679 1617 730 vestram
1650 673 1708 728 in

43 783 360 823 commune
409 765 840 821 fraternitatem
880 770 946 820 ut
993 765 1339 838 supradicto
1377 765 1512 821 loco
1537 763 1708 835 justi—

46 858 181 913 tiam
217 861 273 912 et
303 860 532 911 rectum
557 855 857 925 judicium
904 855 1097 911 facere
1149 855 1455 911 studeatis.
1485 854 1542 908 Si
1571 870 1712 909 vero

45 945 505 1019 contempserint
527 945 660 999 etin
700 961 812 998 sua
847 944 1073 1002 malitia
1106 959 1489 1016 perseverare
1515 942 1714 998 volue-

45 1037 178 1103 rint,
214 1035 403 1092 sciant
433 1051 494 1090 se
543 1052 579 1090 a
629 1034 803 1090 nobis
849 1034 1179 1106 apostolica
1226 1032 1572 1090 auctoritate
1615 1049 1712 1087 ex-

50 1123 591 1181 communicandos
638 1128 816 1196 atque
859 1123 1330 1190 maledicendos,
1363 1139 1473 1178 nec
1505 1137 1628 1177 non
1657 1126 1714 1177 et

48 1234 83 1272 a
113 1215 420 1271 liminibus
451 1219 672 1271 sancta:
719 1213 993 1270 Ecclesiae
1023 1214 1314 1270 arcendos
1347 1219 1404 1268 et
1434 1213 1710 1268 societate

45 1304 321 1361 omnium
353 1304 818 1360 Christianorum
872 1304 1303 1374 segregandos,
1333 1309 1388 1358 et
1419 1319 1558 1358 cum
1605 1305 1713 1357 Da-

47 1403 150 1453 tan
177 1401 232 1452 et
263 1395 506 1461 Abiron,
533 1411 689 1467 quos
715 1394 884 1449 vivos
914 1399 1069 1449 terra
1098 1393 1426 1462 deglutivit,
1459 1392 1519 1447 in
1539 1392 1713 1448 infer-

44 1504 124 1542 no
154 1483 613 1555 demergendos,
633 1483 745 1539 nisi
769 1482 882 1538 cito
914 1483 990 1538 ad
1019 1482 1503 1538 emendationem
1531 1498 1710 1538 vene-

44 1579 160 1634 rint
193 1579 246 1634 S.
274 1575 421 1631 Petri
453 1574 706 1630 Romani
727 1574 1096 1642 monasterii,
1121 1573 1333 1644 suique
1361 1589 1710 1628 excommu-

45 1665 223 1722 nicati
255 1669 433 1738 atque
464 1662 945 1720 anathematizati
993 1679 1064 1717 ex
1095 1666 1263 1734 parte
1294 1665 1348 1716 S.
1384 1659 1530 1715 Petri
1563 1674 1711 1730 apo-

1815 494 1951 564 bus,
1984 496 2063 553 ob
2113 498 2609 555 restaurationem
2638 502 2695 554 et
2721 499 3155 556 restitutionem
3186 501 3338 557 sacri
3365 501 3482 556 loci

1820 585 2027 658 ipsius,
2061 592 2118 642 et
2146 587 2478 644 remedium
2505 587 2846 646 animarum
2873 605 3122 646 suarum
3152 597 3209 646 et
3231 606 3481 647 suorum

1821 692 2259 749 successorum,
2281 678 2342 733 in
2369 679 2686 751 praefatum
2717 695 2895 734 usum
2923 679 3004 735 tui
3031 679 3318 752 episcopii
3338 696 3482 736 eon-

1820 773 2129 824 cesserunt
2180 773 2358 840 atque
2415 768 2944 835 conﬁrmaverunt,
2977 785 3108 839 nos,
3145 769 3323 825 simili
3369 770 3484 826 cle-

1820 855 2043 912 mentia
2073 858 2430 929 praemoniti,
2453 864 2510 914 et
2529 857 2790 915 inclinati
2813 857 3093 930 precibus
3120 859 3346 926 vestris,
3376 875 3485 931 per

1820 945 2003 1016 hujus
2052 948 2238 1002 nostri
2267 947 2579 1020 apostolici
2631 947 2923 1020 privilegii
2953 948 3166 1005 seriem
3205 949 3481 1004 concedi-

1821 1051 1957 1091 mus
1988 1040 2046 1091 et
2073 1037 2502 1093 conﬁrmamus
2541 1037 2665 1105 tibi,
2699 1038 3043 1110 supradicto
3091 1038 3214 1094 ﬁlio
3267 1037 3482 1094 dilecto

1820 1127 1987 1180 Petro
2029 1125 2334 1199 episcopo,
2375 1126 2789 1198 supradictum
2839 1144 3020 1182 suum
3069 1128 3485 1200 episcopatum

1821 1214 1882 1270 in
1929 1214 2224 1286 integrum
2258 1232 2398 1272 cum
2445 1215 2612 1272 omni
2641 1215 2976 1287 integritate
3014 1233 3145 1284 sua,
3177 1234 3318 1274 cum
3351 1217 3483 1274 uni-

1821 1305 2006 1360 \ersis
2054 1305 2354 1376 plebibus,
2409 1305 2608 1374 titulis,
2659 1305 2908 1374 clericis,
2940 1306 3207 1380 capellis,
3241 1306 3481 1374 massis,

1822 1394 2108 1464 curtibus,
2143 1395 2342 1450 fundis
2391 1400 2448 1451 et
2485 1395 2806 1461 casalibus,
2837 1396 3011 1463 villis,
3045 1396 3258 1465 vineis,
3290 1396 3480 1466 terris,

1819 1484 1914 1546 vel
1945 1484 2151 1542 omnia
2193 1502 2330 1558 qua:
2380 1486 2495 1541 sub
2518 1487 2652 1557 jure
2683 1491 2739 1542 et
2761 1486 3030 1542 dominio
3061 1487 3333 1558 ejusdem
3363 1485 3484 1558 epi-

1821 1579 2104 1647 scopatus
2154 1574 2430 1645 adjacere
2459 1575 2552 1630 vel
2590 1575 2884 1647 pertinere
2931 1575 3386 1646 dignoscantur,
3420 1575 3484 1630 in

1818 1663 2029 1737 primis
2063 1664 2334 1720 videlicet
2362 1680 2635 1720 massum
2665 1664 2728 1720 in
2766 1664 3086 1736 integrum,
3119 1681 3255 1738 quae
3283 1664 3485 1738 appel-

50 1753 200 1820 stoli,
255 1753 358 1826 qui
399 1756 754 1826 potestatem
807 1769 843 1808 8.
902 1750 1154 1807 Domino
1210 1748 1440 1822 accepit
1485 1746 1710 1818 ligandi
1743 1765 1783 1819 Β
1819 1753 1976 1808 latur
2019 1757 2307 1823 Caesarea,
2354 1770 2493 1810 cum
2549 1753 2753 1810 fundis
2807 1758 2864 1810 et
2915 1753 3142 1810 colonis
3187 1752 3335 1826 suis,
3380 1753 3486 1826 qui

49 1849 226 1914 atque
260 1841 550 1909 solvendi,
573 1842 677 1914 qui
703 1845 889 1897 terras
919 1840 1191 1912 ejusdem
1226 1841 1279 1894 S.
1312 1838 1464 1893 Petri
1495 1836 1710 1907 injuste

52 1935 250 1988 tenent
278 1936 333 1987 et
362 1930 574 1987 nolunt
623 1931 910 1987 reddere:
963 1935 1019 1984 et
1048 1929 1127 1984 illi
1169 1927 1436 1983 similiter
1476 1942 1714 1982 excom-

53 2021 356 2089 municati,
381 2021 483 2094 qui
511 2038 613 2076 eas
638 2020 832 2076 celant
852 2025 908 2076 et
935 2019 1147 2076 nolunt
1173 2018 1436 2074 indicare
1463 2016 1557 2071 vel
1582 2032 1711 2071 ma-

50 2110 327 2166 nifestare
357 2109 645 2165 ministris
673 2111 770 2165 SS.
799 2107 966 2175 Petri,
986 2113 1171 2164 terras
1191 2106 1485 2178 ejusdem.
1510 2108 1715 2160 Erunt-

49 2217 167 2272 que
198 2198 400 2254 miseri
439 2197 499 2254 in
538 2197 770 2254 inferno
801 2196 1072 2253 damnati
1105 2212 1245 2252 cum
1269 2194 1442 2262 Juda,
1476 2193 1579 2266 qui
1608 2195 1714 2249 Do-

50 2289 285 2344 minum
328 2291 601 2344 nostrum
649 2287 851 2359 impiis
899 2285 1117 2342 Judaeis
1168 2284 1429 2354 tradidit,
1474 2287 1530 2339 et
1573 2299 1713 2338 cum

51 2378 250 2444 Pilato,
275 2376 377 2450 qui
400 2377 600 2450 ipsum
629 2375 949 2431 Dominum
976 2373 1151 2445 jussit
1181 2372 1467 2441 crnciligi,
1494 2376 1548 2427 et
1574 2388 1712 2426 cum

51 2467 298 2534 llcrode,
332 2466 436 2539 qui
466 2483 526 2522 se
553 2467 754 2538 ipsum
785 2463 1090 2529 interfecit,
1121 2480 1261 2518 cum
1291 2461 1383 2518 his
1416 2467 1552 2516 sunt
1583 2478 1712 2516 om-

50 2576 156 2615 nes
207 2552 288 2614 illi
339 2557 615 2613 homines
653 2555 946 2625 damnati,
979 2555 1079 2627 qui
1110 2559 1294 2610 tcrras
1340 2555 1394 2608 S.
1432 2552 1578 2608 Petri
1610 2555 1715 2608 Ro-

50 2648 216 2705 mani
246 2646 591 2703 monasterii
640 2645 857 2717 injuste
902 2649 1103 2700 tenent
1132 2643 1225 2698 vel
1255 2642 1484 2709 celant;
1519 2642 1717 2698 tradat

51 2755 155 2793 eos
210 2731 497 2792 Dominus
546 2738 888 2791 corruentes
947 2737 1082 2788 ante
1138 2733 1339 2787 hostes
1401 2747 1563 2798 suos,
1610 2747 1717 2803 per

51 2843 241 2883 unam
272 2826 432 2883 viam
462 2823 846 2896 egrediantur
875 2827 1083 2878 contra
1130 2837 1232 2876 eos
1259 2825 1314 2876 et
1351 2836 1458 2893 per
1488 2825 1717 2892 septem

54 2916 289 2988 fugiant
317 2919 394 2972 ab
426 2915 509 2971 eis
563 2919 619 2970 et
659 2913 1084 2987 dispergantur
1127 2928 1234 2984 per
1281 2909 1485 2966 omnia
1533 2926 1718 2980 regna

55 3014 247 3074 terrae,
281 3005 473 3078 sitque
501 3003 760 3060 cadaver
805 3019 1012 3058 eorum
1039 3002 1101 3057 in
1131 3017 1331 3057 escam
1361 3001 1588 3056 cunctis
1619 3016 1718 3055 vo-

52 3095 317 3153 latilibus
348 3094 476 3150 cmli
510 3093 786 3150 etbestiis
813 3096 1003 3158 terrae,
1030 3095 1086 3147 et
1108 3107 1230 3146 non
1263 3091 1337 3145 sit
1361 3089 1460 3162 qui
1494 3088 1714 3158 abigat.
1748 3122 1790 3176 ο

57 3185 348 3242 Percutiat
377 3201 479 3239 eos
516 3183 804 3239 Dominus
838 3183 1122 3250 amentia,
1152 3185 1208 3236 et
1238 3181 1496 3236 caecitate
1527 3195 1596 3235 ac
1628 3179 1720 3234 fu-

55 3292 190 3332 rore
219 3275 433 3330 mentis
458 3292 471 3341 ;
519 3277 575 3328 et
617 3271 865 3345 palpent
908 3271 969 3326 in
999 3269 1265 3337 meridie,
1295 3269 1445 3325 sicut
1474 3269 1722 3341 palpare

59 3364 210 3420 solet
240 3380 433 3419 caecus
465 3362 524 3418 in
555 3360 834 3431 tenebris,
867 3364 922 3416 et
948 3377 1070 3416 non
1110 3359 1371 3429 dirigant
1398 3359 1526 3415 vias
1558 3375 1720 3427 suas,

54 3453 345 3527 omnique
376 3459 643 3525 tempore
669 3450 1038 3507 calumniam
1064 3450 1416 3515 sustineant,
1441 3453 1498 3503 et
1526 3448 1724 3520 oppri-

55 3549 304 3600 mantur
324 3541 605 3600 violentia
632 3557 742 3597 nec
769 3540 1034 3596 habeant
1053 3539 1155 3612 qui
1185 3539 1393 3594 liberet
1413 3554 1549 3604 eos;
1585 3554 1725 3592 uxo-

55 3652 153 3707 res
182 3633 481 3706 accipiant
523 3636 579 3688 et
627 3631 779 3686 alius
810 3629 1070 3685 dormiat
1099 3645 1237 3683 cum
1268 3627 1352 3682 eis
1383 3626 1722 3682 videntibus

55 3723 193 3782 illis.
229 3727 448 3780 Domos
479 3721 774 3777 aedificent
803 3724 859 3776 et
883 3735 1006 3774 non
1036 3717 1306 3773 habitent
1331 3717 1392 3772 in
1423 3717 1526 3771 eis.
1556 3715 1724 3770 Plan-

58 3819 183 3872 tent
213 3814 416 3869 vineas
443 3817 499 3868 et
528 3827 650 3867 non
679 3808 1050 3866 vindemient
1078 3824 1198 3863 eas.
1232 3809 1296 3861 Et
1326 3805 1563 3861 veniant
1593 3821 1722 3860 om-

56 3923 167 3963 nes
193 3903 641 3960 maledictiones
667 3901 792 3957 istae
823 3904 880 3955 et
911 3898 1111 3954 multae
1142 3897 1272 3953 aliae
1303 3912 1483 3968 super
1513 3910 1724 3951 omnes

55 3982 339 4052 homines
369 3993 474 4066 qui
504 3996 688 4048 terras
717 3994 772 4048 S.
808 3989 956 4045 Petri
988 3986 1243 4043 Romani
1274 3984 1617 4042 monasterii
1642 3983 1727 4040 in-

52 4086 215 4156 juste
246 4086 465 4149 tenent,
495 4080 588 4136 vel
613 4079 720 4153 qui
747 4095 848 4135 eas
875 4077 1085 4145 celant,
1120 4075 1233 4131 nisi
1267 4074 1382 4130 cito
1413 4073 1492 4130 ad
1521 4088 1724 4129 emen-

58 4173 372 4230 dationem
397 4171 638 4228 venerit.

850 4260 936 4313 ιν.

56 4356 327 4410 Joannes
349 4351 492 4406 XIX
508 4349 788 4404 Ecclesiaz
808 4348 989 4402 Silvae
1012 4344 1302 4401 Candida’
1312 4343 1725 4414 possessiones,

331 4445 566 4511 petente
596 4441 775 4494 Petro
805 4438 1096 4506 episcopo,
1125 4435 1461 4502 confirmat.

690 4530 884 4599 (Anno
920 4529 1101 4594 10-26.)

424 4619 710 4690 [Ueni-11.1.1,
739 4617 925 4672 Italia
959 4615 1173 4682 Sacra,
1207 4617 1248 4668 Ι.
1283 4613 1370 4683 93]

134 4713 380 4766 J’mxxes
412 4707 750 4778 cpiscopus,
785 4719 992 4758 servus
1024 4717 1334 4756 servorum
1366 4699 1483 4771 Dei,
1516 4698 1729 4771 dilecto

58 4798 187 4855 ﬁlio
219 4802 421 4860 Psrao,
455 4793 687 4849 Domini
719 4791 931 4861 gratia,
962 4790 1245 4862 episcopo
1293 4788 1463 4844 Silvae
1515 4785 1730 4844 Candi-

59 4869 169 4943 dae
191 4884 482 4952 Ecclesiae,
515 4887 570 4938 et
599 4897 705 4954 per
735 4884 788 4936 te
819 4879 1013 4935 eidem
1057 4875 1384 4933 venerabili
1425 4875 1730 4949 cpiscopio

61 4972 641 5045 successoribusque
672 4969 786 5026 tuis
816 4967 1116 5042 episcopis
1148 4965 1211 5021 in
1242 4969 1620 5038 perpetuum.

139 5063 427 5123 Convenit
479 5060 806 5134 apostolico
860 5056 1260 5115 moderamini
1308 5055 1410 5128 pia
1448 5054 1731 5125 religione

60 5152 434 5230 pollentibus
483 5151 774 5207 benevola
817 5145 1237 5220 compassione
1277 5161 1644 5214 succurrere,
1677 5149 1734 5200 et

61 5242 448 5322 poscentium
469 5241 686 5297 animis
703 5239 884 5297 alacri
901 5237 1214 5294 devotione
1231 5235 1517 5310 impertiri
1535 5251 1735 5292 assen-

64 5351 224 5391 sum.
245 5335 324 5388 Ex
346 5332 459 5388 hoc
482 5331 644 5389 enim
663 5328 810 5386 lucri
831 5326 1215 5402 potissimum
1233 5324 1550 5399 praemium
1567 5325 1732 5398 apud

65 5420 453 5478 Conditorem
485 5418 760 5473 omnium
791 5419 979 5472 Deum
1010 5413 1508 5487 promerebimus,
1537 5428 1732 5486 quan-

62 5514 147 5569 do
175 5507 543 5565 venerabilia
570 5506 703 5563 loca
733 5508 1075 5578 opportuna
1113 5503 1388 5560 ordinata
1418 5503 1496 5559 ad
1524 5501 1731 5558 melio-

61 5618 198 5661 rem
231 5594 447 5656 fuerint
461 5598 587 5653 sine
613 5595 799 5652 dubio
817 5600 1038 5651 statum
1059 5593 1366 5668 perducta.
1392 5592 1574 5664 Igitur
1588 5591 1734 5665 quia

63 5689 308 5751 dilectio
327 5693 442 5745 tum
463 5685 767 5745 ﬁliationis
784 5683 1108 5760 postulavit
1123 5688 1420 5758 quatenus
1441 5679 1732 5739 concede-

63 5798 275 5846 remus
301 5785 358 5840 et
382 5777 880 5840 eonﬁrmaremus
897 5773 1006 5864 tibi
1028 5779 1248 5854 tuoque
1268 5771 1597 5836 venerabili
1611 5771 1735 5850 epi-

1822 1842 2103 1898 dicuntur
2171 1842 2450 1912 Ferculte,
2508 1842 2859 1911 Tondiliani,
2934 1842 3282 1900 Martiniani.
3341 1847 3487 1898 Item

1822 1931 2122 1988 coloniam
2164 1932 2238 1987 de
2272 1931 2497 1999 Salaro,
2525 1937 2581 1988 et
2610 1931 2684 1988 de
2713 1932 2950 1989 Cortina
2979 1936 3037 1988 et
3065 1931 3140 1988 de
3168 1930 3441 1988 Gradulsi
3468 1949 3481 1999 ;

1822 2022 2120 2078 coloniam
2150 2023 2224 2078 de
2249 2021 2430 2090 Valle,
2463 2026 2518 2078 et
2562 2023 2637 2078 de
2669 2024 2939 2079 Fontana
2967 2028 3024 2079 et
3052 2021 3127 2078 de
3159 2024 3396 2089 Sancto,
3429 2025 3488 2076 et

1822 2112 2123 2168 coloniam
2175 2113 2249 2168 de
2304 2112 2601 2169 Coriliano
2655 2118 2711 2170 et
2771 2113 2846 2169 de
2904 2116 3129 2180 Laure,
3187 2111 3486 2184 simulque

1824 2202 2124 2260 coloniam
2174 2202 2248 2258 de
2304 2205 2456 2259 Casa
2502 2206 2687 2270 Nova,
2717 2202 2954 2259 colonia
3000 2202 3075 2258 de
3119 2201 3381 2257 Tribuno
3433 2204 3491 2257 et

1823 2292 1898 2348 de
1949 2295 2290 2365 Masopane,
2322 2297 2378 2348 et
2419 2291 2719 2349 coloniam
2769 2292 2844 2348 de
2893 2293 3186 2348 Castanea
3229 2306 3387 2363 cupa
3433 2295 3492 2346 et

1822 2379 1896 2435 de
1952 2380 2224 2448 Cobellis,
2271 2381 2572 2437 coloniam
2628 2381 2703 2437 de
2758 2381 3034 2449 Caesario,
3086 2381 3210 2436 sive
3267 2378 3490 2452 quibus

1825 2469 1954 2526 aliis
2001 2470 2313 2526 vocabulis
2362 2475 2810 2543 nuncupantur,
2854 2488 2992 2526 cum
3035 2469 3319 2526 omnibus
3365 2467 3490 2522 suis

1824 2559 2033 2626 vineis,
2068 2560 2368 2617 easalibus
2426 2566 2483 2616 et
2537 2561 2947 2633 appendiciis;
3007 2565 3064 2615 et
3111 2576 3249 2614 cum
3299 2558 3490 2613 omni-

1825 2648 1939 2703 bus
1987 2648 2211 2703 ﬁnibus
2259 2653 2316 2703 et
2363 2649 2649 2714 terminis,
2681 2648 2994 2717 limitibus,
3027 2647 3246 2702 scilicet
3293 2645 3492 2716 terris,

1826 2736 2078 2808 eampis,
2107 2736 2316 2809 pratis,
2347 2735 2608 2808 pascuis,
2654 2735 2834 2807 silvis,
2884 2735 3126 2805 salictis,
3173 2732 3490 2790 arboribus

1828 2825 2152 2899 pomiferis,
2203 2825 2515 2880 fruetiferis
2560 2830 2619 2881 et
2667 2823 3069 2892 infructiferis,
3120 2821 3339 2878 diversi
3389 2837 3489 2892 ge-

1826 2915 2005 2983 neris,
2061 2914 2277 2988 puteis,
2326 2913 2610 2980 fontibus,
2658 2914 2820 2984 rivis,
2876 2913 3049 2986 aquis
3098 2910 3488 2985 perennibus,

1832 3004 2114 3070 aediﬁciis,
2148 3003 2475 3076 parietinis,
2509 3003 2816 3069 arenariis,
2859 3002 3178 3073 adjunetis,
3209 3001 3491 3070 adjacen-

1832 3093 2111 3165 tibusque
2171 3092 2313 3159 suis,
2369 3091 2788 3153 etecclesiam
2845 3091 2901 3146 S.
2952 3091 3169 3146 Andrae
3214 3088 3491 3162 apostoli,

1830 3183 1986 3238 infra
2014 3183 2211 3254 ipsam
2243 3196 2508 3237 massam
2538 3180 2917 3251 aediﬁcatam,
2945 3196 3069 3236 una
3099 3195 3239 3236 cum
3267 3178 3494 3235 colonis

1833 3276 2012 3344 atque
2057 3270 2431 3338 massaritiis,
2466 3270 2788 3327 tributariis
2818 3275 2874 3326 et
2905 3268 3340 3340 angarialibus,
3371 3283 3498 3323 ma-

1832 3361 2012 3417 sculis
2041 3367 2099 3417 et
2125 3361 2384 3430 feminis,
2412 3359 2546 3415 ﬁliis
2574 3366 2630 3416 et
2656 3360 2897 3416 ﬁliabus
2923 3376 2993 3416 ac
3022 3359 3346 3431 nepotibus
3387 3356 3496 3413 ibi-

1832 3453 1971 3508 dem
2003 3451 2403 3508 residentibus
2435 3455 2538 3507 aut
2581 3450 2794 3506 exinde
2824 3449 3334 3522 provenientibus,
3367 3446 3496 3504 ubi-

1833 3557 2071 3614 cunque
2125 3541 2347 3596 inventi
2402 3539 2638 3606 fuerint,
2685 3544 2741 3594 et
2791 3555 2930 3594 cum
2983 3538 3149 3593 omni
3202 3552 3388 3592 censu
3439 3540 3497 3591 et

1832 3630 2178 3687 dationibus
2235 3633 2413 3701 atque
2468 3627 2899 3697 funetionibus,
2943 3643 3054 3682 nec
3110 3642 3235 3682 non
3291 3629 3347 3680 et
3395 3639 3499 3680 an-

1835 3719 2013 3790 gariis
2041 3717 2476 3790 pertinentibus
2518 3716 2724 3788 positis
2767 3717 2826 3772 in
2859 3715 3148 3772 territorio
3180 3713 3493 3787 Nepesino,

1834 3806 2177 3865 milliarium
2210 3806 2289 3863 ab
2321 3805 2466 3862 urbe
2498 3809 2698 3861 Romae
2754 3805 2982 3876 viginti,
3015 3822 3088 3862 ex
3117 3819 3366 3877 corpore
3394 3818 3500 3876 pa-

1834 3896 2096 3954 trimonii
2121 3895 2386 3952 Thusciaa
2405 3895 2556 3966 juris
2586 3898 2639 3951 S.
2663 3901 2885 3951 nostra:
2914 3896 3202 3951 Romanae
3230 3893 3350 3965 (cui
3379 3896 3498 3948 Deo

1839 3991 2080 4042 auctore
2107 3983 2524 4057 praesidemus)
2557 3983 2849 4050 Ecclesiae,
2876 3989 2935 4038 et
2981 3983 3132 4040 inter
3158 3981 3396 4052 aﬁines,
3422 3980 3500 4037 ab

1835 4092 1958 4132 uno
2004 4074 2208 4144 latere,
2241 4078 2394 4130 terra
2424 4073 2770 4130 monasterii
2798 4075 2854 4128 S.
2888 4071 3172 4145 Stephani
3200 4070 3436 4129 Minoris
3465 4086 3502 4126 a

1835 4167 1889 4220 S.
1921 4167 2107 4231 Petro,
2141 4168 2217 4232 et,
2244 4163 2512 4219 secundo
2540 4162 2742 4232 latere,
2765 4160 2914 4217 silva
2943 4166 3001 4217 et
3025 4166 3180 4216 terra
3205 4175 3340 4231 qua;
3363 4163 3504 4214 sunt

1836 4254 1910 4310 de
1950 4256 2182 4310 Joanne
2238 4252 2654 4323 grammatico,
2688 4256 2745 4306 et
2791 4268 2827 4307 a
2884 4249 3051 4306 tertio
3107 4248 3309 4317 latere,
3364 4263 3501 4319 pas-

1840 4343 2034 4399 toritia
2062 4341 2308 4409 Donica,
2340 4345 2398 4396 et
2427 4356 2464 4397 a
2491 4345 2708 4413 quarto
2757 4339 2959 4407 latere,
2992 4354 3202 4394 massa
3229 4334 3502 4394 Claudia-

1840 4448 1940 4488 na.
1988 4432 2252 4502 Itemque
2304 4429 2692 4485 concedimus
2739 4432 2798 4484 et
2844 4427 3280 4484 conﬁrmamus
3331 4423 3504 4480 vobis

1841 4521 2098 4578 fundum
2140 4520 2200 4575 in
2243 4519 2564 4590 integrum,
2593 4518 2697 4591 qui
2741 4521 2988 4574 vocatur
3038 4519 3256 4583 Buxus,
3289 4515 3350 4570 in
3379 4529 3502 4586 quo

1841 4611 2089 4668 basilica
2135 4611 2232 4666 SS.
2279 4608 2506 4664 Ruﬁnus
2551 4612 2608 4664 et
2661 4607 2949 4664 Secundae
2995 4609 3335 4662 constructa
3372 4619 3504 4659 esse

1841 4701 2096 4762 videtur,
2147 4703 2205 4754 et
2254 4696 2513 4753 fundum
2584 4695 2646 4752 in
2727 4696 3048 4766 integrum,
3103 4695 3207 4767 qui
3255 4698 3507 4749 vocatur

1841 4793 2181 4854 Artronum,
2211 4791 2268 4843 et
2297 4791 2564 4843 montem
2614 4784 2881 4854 Jordani,
2923 4802 3062 4841 cum
3105 4783 3281 4853 casis,
3313 4780 3504 4838 vineis

1841 4883 1898 4934 et
1954 4877 2144 4944 terris,
2193 4876 2378 4945 silvis,
2433 4875 2661 4931 cultum
2716 4878 2772 4930 et
2827 4873 3142 4941 incultum,
3188 4887 3311 4927 una
3365 4886 3505 4926 eum

1843 4967 2024 5023 servis
2077 4972 2133 5022 et
2174 4965 2425 5033 ancillis,
2478 4969 2658 5037 atque
2689 4963 2916 5019 colonis
2970 4963 3196 5018 ibidem
3245 4959 3506 5015 residen-

1843 5056 2000 5111 tibus
2057 5055 2364 5127 utriusque
2420 5069 2598 5108 sexus
2655 5057 2712 5108 et
2763 5051 2971 5120 (etatis,
3032 5051 3125 5106 vel
3190 5066 3330 5106 cum
3383 5065 3508 5104 om-

1842 5144 2022 5200 nibus
2069 5159 2278 5199 eorum
2323 5140 2778 5215 pertinentibus,
2812 5141 2948 5208 situ,
3000 5138 3288 5197 territorio
3339 5137 3507 5196 Silvae

1845 5230 2148 5300 Candidas,
2180 5234 2237 5285 et
2265 5229 2416 5285 inter
2443 5228 2674 5298 attines,
2709 5243 2746 5284 a
2772 5228 2969 5300 primo
2993 5226 3196 5294 latere,
3226 5230 3378 5282 terra
3407 5241 3507 5280 su-

1840 5319 2113 5393 pradicta
2165 5321 2221 5375 S.
2251 5317 2559 5390 episcopii,
2592 5333 2630 5373 a
2654 5316 2921 5372 secundo
2958 5315 3161 5384 latere,
3191 5314 3372 5384 rivus,
3401 5313 3518 5387 qui-

1842 5414 2094 5465 vocatur
2124 5407 2374 5478 Galeria,
2407 5423 2444 5464 a
2494 5407 2661 5464 tertio
2701 5406 2904 5475 latere,
2937 5406 3174 5475 Bibaro,
3207 5421 3244 5460 a
3289 5408 3505 5476 quarto

1841 5500 2044 5568 latere,
2075 5497 2348 5572 Criptulce
2374 5516 2387 5565 ;
2420 5513 2530 5554 nec
2552 5512 2675 5552 non
2701 5495 2959 5554 fundum
2981 5497 3043 5553 in
3064 5497 3384 5567 integrum,
3403 5493 3508 5568 qui

1842 5588 2058 5646 dicitur
2088 5590 2251 5645 Mons
2282 5589 2536 5654 Aureus,
2564 5603 2703 5643 cum
2733 5587 3016 5645 omnibus
3049 5585 3173 5642 suis
3203 5585 3505 5660 pertinen-

1843 5678 1955 5756 tiis,
1985 5677 2063 5734 ab
2094 5693 2217 5734 uno
2260 5677 2442 5734 latere
2485 5692 2662 5733 mons
2693 5675 2797 5751 qui
2839 5681 3090 5736 vocatur
3116 5675 3437 5743 Jordanus,
3469 5688 3508 5730 a

1843 5767 2112 5833 secundo
2161 5766 2368 5845 latere,
2410 5766 2709 5843 Criptulae,
2766 5783 2803 5828 a
2856 5770 3025 5832 tertio
3074 5767 3258 5832 latere
3306 5761 3505 5824 casale
