3910 6388
395 313 528 374 H27

1726 296 2012 355 JOANNIS
2047 291 2172 353 XIX
2208 295 2404 352 PAPE
2427 337 2441 352 .

3708 296 3852 352 H28

391 439 560 514 quod
598 439 848 494 vocatur
891 432 1164 502 Palmira,
1205 445 1244 487 a
1279 429 1494 502 quarto
1543 424 1742 491 latere,
1783 420 2032 494 fundus,
2062 426 2109 479 A
2141 420 2267 514 sive
2299 420 2483 477 alium
2510 421 2886 496 aquimolum
2929 421 2992 478 in
3019 420 3152 495 ipso
3180 421 3311 478 rivo
3338 436 3487 478 cum
3529 419 3854 477 omnibus

393 530 499 602 qui
523 528 734 584 dicitur
762 529 990 590 Lauret,
1021 527 1078 579 et
1103 537 1140 577 a
1166 518 1376 592 quinto
1403 516 1603 584 latere,
1635 518 1790 570 terra
1818 516 2032 602 etmo-

391 601 717 675 nasterium
748 618 804 673 8.
837 612 1079 679 Martini,
1112 625 1218 665 seu
1254 605 1510 664 fundum
1559 603 1663 676 qui
1705 601 2036 676 appellatur

395 709 555 762 Mons
582 701 848 760 Grundul
876 717 1015 757 cum
1059 695 1343 754 omnibus
1389 694 1468 750 ad
1511 709 1650 749 eum
1701 687 2037 764 pertinenti-

394 794 546 860 bus;
577 792 729 848 inter
755 789 984 854 afﬁnes,
1018 797 1096 844 ab
1123 801 1246 842 uno
1291 784 1490 850 latere,
1523 780 1744 837 fundus
1773 776 2033 850 Aquilin,

395 881 724 938 asecundo
748 880 950 950 latere,
972 875 1194 934 fundus
1221 873 1479 942 Palmi,a
1498 871 1666 928 tertio
1689 869 1888 934 latere,
1909 865 2040 920 fun-

395 971 511 1028 dus
540 970 746 1029 Montis
775 968 971 1039 Aurei,
1001 971 1058 1023 et
1099 982 1135 1022 a
1173 968 1386 1038 quarto
1437 961 1637 1028 latere,
1669 956 1891 1014 fundus
1916 954 2038 1009 Cri-

395 1061 596 1134 ptulie,
624 1065 680 1117 et
706 1057 1013 1116 Bibariolas
1044 1060 1222 1128 atque
1250 1052 1506 1109 fundum
1544 1049 1648 1124 qui
1677 1047 1892 1104 dicitur
1920 1043 2040 1134 ori-

397 1131 496 1224 po,
525 1166 663 1205 cum
692 1147 974 1205 omnibus
1001 1145 1074 1202 ad
1107 1158 1245 1200 eum
1269 1138 1720 1215 pertinentibus,
1747 1137 1896 1191 inter
1917 1131 2040 1189 atii-

397 1256 526 1306 nes,
558 1239 638 1296 ab
665 1253 786 1294 uno
827 1236 1025 1302 latere,
1057 1234 1220 1290 bona
1249 1229 1591 1288 monasterii
1618 1230 1673 1283 S.
1706 1224 1951 1294 Martini,
1984 1229 2042 1280 et

398 1340 434 1380 a
459 1323 722 1379 secundo
737 1321 936 1388 latere,
953 1318 1175 1374 fundus
1195 1317 1299 1390 qui
1320 1321 1563 1372 vocatur
1579 1311 1778 1368 insula
1800 1312 2036 1377 Sancta,

397 1416 452 1468 et
479 1428 515 1468 a
545 1411 711 1468 tertio
738 1410 938 1476 latere,
970 1407 1150 1464 curtis
1191 1408 1247 1463 8.
1280 1405 1447 1472 Petri,
1480 1408 1537 1459 et
1565 1401 1788 1458 fundus
1831 1399 2038 1458 Montis

398 1500 700 1568 Grunduli,
718 1505 775 1556 et
789 1515 824 1556 a
843 1503 1058 1572 quarto
1081 1497 1282 1564 latere,
1299 1494 1494 1551 insula
1508 1493 1582 1548 de
1603 1497 1765 1548 eurte
1788 1493 1842 1547 S.
1870 1487 2041 1547 Petri.

466 1594 678 1648 Verum
727 1589 903 1646 etiam
951 1587 1174 1644 fundus
1219 1585 1323 1659 qui
1363 1589 1610 1641 vocatur
1640 1579 1954 1653 Criptulus,
1987 1582 2044 1634 et

394 1681 630 1750 Palmis,
662 1697 800 1737 cum
829 1679 1111 1737 omnibus
1139 1693 1348 1734 eorum
1394 1672 1777 1750 pertinentiis,
1811 1671 1888 1727 ab
1920 1684 2041 1724 uno

2143 509 2256 565 sibi
2284 510 2730 582 pertinentibus,
2757 511 2908 583 juris
2957 511 3146 584 ipsius
3187 509 3505 583 episcopii.
3549 513 3847 583 Itemque

2142 599 2526 656 concedimus
2557 605 2613 657 et
2642 601 3075 657 confirmamus
3123 599 3294 656 vobis
3340 616 3576 656 omnes
3625 599 3847 672 plebes

2142 695 2198 746 et
2245 689 2542 761 ecclesias,
2570 691 3007 765 parochiasque
3059 707 3210 762 cum.
3253 690 3564 746 omnibus
3622 706 3844 747 eorum

2142 779 2572 851 pertinentibus
2593 779 2683 836 vel
2699 779 3070 851 adjacentiis,
3103 779 3327 836 scilicet
3346 779 3619 852 plebem
3649 781 3718 836 S.
3747 781 3846 835 Ma-

2142 869 2242 924 riae
2295 869 2355 924 in
2410 869 2566 926 Silva
2615 869 2882 926 Candida
2935 885 3074 927 cum
3129 869 3310 925 titulis
3364 869 3517 932 suis,
3594 868 3844 924 titulum

2149 959 2244 1014 SS.
2273 959 2602 1038 Joanniset
2630 959 2791 1014 Pauli
2819 959 2881 1015 in
2910 958 3137 1030 Lutino,
3167 964 3222 1015 et
3251 959 3499 1014 titulum
3541 960 3612 1016 8.
3652 965 3846 1028 Ange-

2145 1046 2184 1102 li
2209 1047 2268 1103 in
2298 1051 2564 1116 Musano,
2596 1049 2830 1105 titulum
2859 1051 2914 1104 S.
2951 1049 3162 1105 Donati
3191 1049 3254 1104 in
3283 1049 3626 1120 Majorata,
3665 1053 3843 1121 atque

2144 1135 2380 1209 plebem
2415 1139 2468 1193 8.
2503 1137 2760 1207 Gregorii
2807 1137 2868 1192 in
2912 1136 3044 1210 ipso
3097 1136 3252 1204 loco,
3287 1136 3545 1192 titulum
3587 1140 3656 1194 8.
3697 1140 3846 1193 Ana-

2147 1226 2308 1281 stasii
2349 1226 2410 1282 in
2437 1229 2682 1282 Musano
2712 1231 2767 1282 et
2793 1226 3032 1298 plebem
3065 1228 3120 1282 S.
3154 1226 3364 1296 Angeli
3407 1227 3478 1282 in
3513 1226 3841 1283 Ruscindo

2146 1332 2284 1371 cum
2312 1315 2477 1371 terris
2504 1315 2644 1382 suis,
2673 1315 2970 1389 simulque
2995 1315 3235 1388 plebem
3263 1317 3319 1372 S.
3342 1317 3626 1372 Joannis
3654 1317 3722 1372 in
3748 1332 3842 1372 no-

2145 1420 2224 1461 no
2254 1421 2393 1461 cum
2423 1405 2587 1461 terris
2616 1409 2672 1462 et
2701 1405 2881 1461 titulis
2908 1406 3050 1476 suis,
3083 1405 3319 1462 titulum
3354 1407 3412 1462 S.
3451 1407 3764 1463 Martiani
3791 1408 3843 1463 in

2145 1495 2276 1567 ipso
2299 1496 2492 1565 burgo
2519 1512 2656 1552 cum
2684 1496 2849 1552 terris
2871 1496 3012 1563 suis,
3043 1494 3278 1552 titulum
3305 1499 3362 1553 S.
3393 1496 3692 1553 Andreae
3715 1513 3842 1552 cum

2148 1584 2326 1640 titulis
2371 1585 2513 1655 suis,
2546 1601 2656 1641 nec
2689 1601 2810 1640 non
2864 1585 3098 1641 titulum
3145 1586 3200 1640 S.
3235 1585 3434 1642 Mariae
3477 1601 3652 1642 cum
3687 1587 3846 1642 terris

2151 1674 2297 1740 suis,
2323 1673 2555 1730 titulum
2581 1674 2635 1729 S.
2657 1673 2900 1741 Nieolai,
2929 1674 3033 1747 qui
3063 1678 3151 1730 est
3174 1673 3236 1730 in
3257 1674 3518 1731 castello
3555 1674 3648 1731 de
3681 1691 3848 1732 mou-

392 1769 594 1842 latere,
649 1770 872 1827 fundus
920 1769 1256 1835 Fulisanus,
1315 1771 1370 1823 et
1421 1782 1457 1822 a
1517 1761 1782 1820 secundo
1837 1759 2036 1828 latere,
2067 1783 2108 1838 B
2149 1767 2204 1819 te
2235 1764 2462 1836 Depini,
2496 1763 2728 1820 titulum
2779 1766 2834 1821 8.
2866 1763 3057 1820 Mariae
3103 1763 3206 1836 qui
3246 1764 3626 1837 appellatur
3659 1765 3848 1821 lnsiri-

396 1860 618 1917 tundus
671 1863 900 1926 Lauret,
934 1863 993 1915 et
1020 1875 1056 1915 a
1085 1857 1254 1914 tertio
1284 1856 1485 1924 latere,
1512 1858 1668 1910 terra
1709 1852 1764 1908 S.
1794 1847 2038 1910 Martini.

397 1954 453 2005 et
481 1965 518 2006 a
544 1953 760 2022 quarto
785 1947 986 2015 latere,
1015 1945 1237 2003 fundus
1269 1943 1524 2009 Seriani;
1554 1943 1612 1998 in
1643 1941 1786 2005 imo,
1817 1936 2041 1993 fundus

397 2037 601 2094 Isidori
671 2054 810 2094 cum
877 2035 1160 2092 omnibus
1238 2030 1673 2107 pertinentibus
1751 2028 1908 2093 suis,
1965 2025 2041 2080 ab

396 2141 518 2182 uno
574 2125 774 2196 latere,
827 2128 982 2180 terra
1044 2121 1386 2179 monasterii
1449 2123 1505 2177 S.
1556 2116 1803 2182 Martini,
1864 2133 1900 2172 a
1957 2130 2043 2169 se-

398 2213 597 2270 cundo
667 2213 848 2269 latere
923 2210 1328 2281 tiastagnetol,
1392 2213 1449 2265 et
1517 2225 1553 2264 a
1609 2207 1776 2263 tertio
1839 2205 2039 2271 latere,

398 2301 600 2357 lnsula
649 2303 880 2373 Sancta,
925 2301 1182 2372 denique
1225 2303 1283 2355 et
1328 2297 1526 2371 ipsum
1569 2295 1823 2351 fundum
1874 2294 2043 2349 Insu-

397 2391 518 2448 lam
580 2393 878 2460 Sanctam,
909 2406 1047 2446 cum
1089 2387 1370 2445 omnibus
1426 2386 1505 2442 ad
1555 2401 1693 2441 eum
1745 2383 2043 2457 pertinen-

397 2481 579 2551 tibus,
611 2481 689 2537 ab
719 2496 841 2536 uno
869 2479 1070 2546 latere,
1099 2477 1293 2534 casale
1322 2475 1489 2550 quod
1509 2479 1758 2531 vocatur
1786 2475 1990 2540 Bruce,
2009 2488 2046 2527 a

398 2570 662 2627 secundo
685 2569 866 2626 latere
891 2568 1171 2635 Donicus,
1203 2572 1260 2623 et
1279 2583 1315 2622 a
1340 2565 1508 2622 tertio
1536 2564 1716 2621 latere
1742 2567 2041 2629 Musanus,

398 2662 456 2714 et
485 2675 520 2715 a
549 2662 762 2731 quarto
813 2657 994 2713 latere
1041 2656 1291 2712 Sanctus
1341 2653 1686 2710 Laurentius
1715 2651 1789 2707 de
1837 2649 2040 2717 Panti;

395 2747 525 2820 pari
554 2745 738 2802 modo
768 2745 1023 2801 fundum
1047 2743 1307 2801 S.Basilii
1331 2759 1469 2798 cum
1494 2741 1776 2798 omnibus
1805 2739 1883 2795 ad
1905 2754 2043 2794 eum

395 2835 847 2909 pertinentibus,
896 2834 974 2889 ab
1039 2849 1163 2889 uno
1221 2833 1423 2900 latere,
1483 2830 1679 2887 casale
1747 2831 1802 2886 S.
1871 2826 2040 2896 Petri,

397 2924 501 2996 qui
544 2923 876 2996 appellatur
904 2921 1085 2990 Pauli,
1119 2938 1155 2978 a
1184 2921 1447 2977 secundo
1484 2920 1684 2985 latere,
1710 2916 1882 2972 vallis
1907 2931 2042 2988 quae

395 3017 642 3067 vocatur
687 3011 1094 3077 lntensonosa,
1126 3013 1183 3064 et
1233 3024 1270 3064 a
1297 3008 1465 3064 tertio
1505 3007 1706 3073 latere,
1739 3001 2044 3064 Barbarol,

399 3115 436 3155 a
473 3102 687 3172 quarto
724 3097 926 3167 latere,
958 3096 1388 3152 monasterium
1433 3098 1488 3152 S.
1525 3093 1826 3166 Stephani.
1867 3095 2045 3146 Porro

395 3187 656 3245 fundum
691 3185 922 3253 Panori,
955 3201 1092 3241 cum
1121 3185 1403 3241 omnibus
1432 3184 1554 3240 suis
1591 3179 2043 3256 pertinentibus,

398 3278 478 3335 ab
526 3293 648 3333 uno
701 3276 903 3347 latere,
946 3275 1169 3331 fundus
1226 3273 1631 3347 Aprunianus,
1687 3287 1725 3327 a
1777 3270 2042 3326 secundo

396 3367 578 3423 latere
636 3365 791 3424 Silva
841 3364 1128 3428 Candida,
1185 3368 1241 3420 et
1291 3380 1329 3420 a
1379 3363 1546 3419 tertio
1601 3361 1802 3428 latere,
1854 3363 2043 3416 Musa-

398 3455 611 3524 nellus,
643 3459 697 3511 et
725 3471 760 3510 a
787 3458 1002 3527 quarto
1029 3452 1210 3509 latere
1239 3451 1531 3520 Camiliar,
1563 3456 1621 3507 et
1659 3465 1696 3506 a
1723 3449 1931 3523 quinto
1954 3448 2042 3505 1a-

398 3551 520 3602 tere
550 3545 723 3602 turris
751 3544 1089 3613 Aureliana,
1115 3547 1171 3599 et
1197 3542 1341 3598 silex
1368 3544 1422 3599 S.
1455 3540 1757 3614 Stephani,
1785 3555 1923 3596 cum
1954 3555 2046 3594 sa-

396 3634 626 3705 linaria,
677 3639 854 3706 atque
905 3632 1163 3688 fundum
1222 3631 1471 3701 Laureti,
1526 3630 1604 3686 ab
1659 3645 1782 3685 uno
1838 3628 2039 3698 latere,

397 3727 554 3778 terra
599 3723 654 3778 S.
686 3720 861 3788 Petri,
893 3735 929 3776 a
959 3718 1225 3775 secundo
1272 3718 1472 3787 latere,
1501 3721 1659 3773 terra
1707 3717 1762 3771 8.
1795 3714 2042 3785 Martini,

399 3827 436 3868 a
490 3811 661 3868 tertio
708 3809 911 3878 latere,
964 3823 1142 3865 mons
1188 3807 1443 3875 lliodori,
1494 3822 1530 3862 a
1579 3809 1793 3878 quarto
1839 3804 2040 3872 latere,

398 3900 623 3956 fundus
651 3899 831 3971 Oripi,
863 3915 968 3954 seu
1018 3896 1212 3954 casale
1253 3896 1420 3969 quod
1465 3899 1733 3966 vocatur,
1771 3893 1958 3965 Pauli,
1989 3897 2046 3949 et

400 3989 656 4045 fundum
687 3987 996 4044 Serianum
1023 4003 1161 4042 cum
1189 3986 1471 4042 omnibus
1513 4000 1722 4040 eorum
1745 3983 2043 4056 pertinen-

400 4078 515 4151 tiis,
545 4077 624 4134 ab
665 4092 787 4132 uno
815 4077 1015 4146 latere,
1043 4081 1198 4133 terra
1236 4078 1291 4133 S.
1323 4074 1568 4142 Martini,
1601 4090 1638 4130 a
1668 4073 1935 4130 secundo
1960 4073 2044 4130 la-

398 4173 542 4240 tere,
572 4166 729 4225 Silva
759 4167 1046 4238 Candida,
1077 4181 1114 4222 a
1141 4165 1308 4221 tertio
1351 4165 1531 4221 latere
1576 4163 1774 4220 Insula
1807 4167 2043 4232 Sancta,

400 4263 458 4314 et
506 4274 543 4315 a
593 4261 807 4330 quarto
842 4256 1023 4314 latere
1069 4255 1218 4312 silva
1261 4257 1316 4312 S.
1348 4255 1518 4327 Petri,
1550 4270 1660 4311 nec
1695 4270 1818 4310 non
1849 4253 2044 4310 casale

399 4349 566 4422 quod
605 4347 818 4404 dicitur
855 4346 1300 4418 Castagnolum,
1333 4346 1410 4403 ab
1453 4362 1574 4403 uno
1622 4345 1801 4402 latere
1853 4344 2045 4401 sancti

2149 1869 2280 1922 gus,
2305 1870 2442 1909 cum
2473 1853 2638 1910 terris
2668 1853 2810 1922 suis,
2842 1851 3079 1908 titulum
3113 1855 3168 1910 S.
3206 1853 3520 1910 Pancratii
3556 1870 3722 1911 cum
3754 1860 3848 1910 ter-

2148 1942 2227 1997 ris
2279 1947 2335 1998 et
2384 1942 2560 1998 titulis
2591 1942 2735 2012 suis,
2770 1943 2824 1998 S.
2872 1941 3061 1999 Maria:
3104 1941 3166 1996 in
3213 1941 3420 1998 Insula
3471 1958 3642 1998 cum
3689 1943 3846 1998 terris

2150 2032 2291 2097 suis,
2317 2031 2555 2103 plebem
2583 2034 2638 2088 S.
2668 2031 2859 2088 Mai-ite
2888 2032 3067 2086 Latiae
3106 2047 3246 2086 cum
3278 2032 3452 2088 terris
3481 2033 3658 2102 suis,
3694 2033 3848 2088 insu-

2147 2119 2270 2175 lam
2325 2122 2379 2177 S.
2423 2120 2666 2176 Joannis
2706 2136 2844 2175 cum
2875 2119 3042 2175 titulo
3092 2124 3150 2175 et
3201 2125 3358 2176 terra
3411 2136 3566 2188 sua,
3607 2120 3848 2177 titulum

2149 2212 2203 2264 S.
2237 2210 2495 2278 Gregorii
2523 2209 2582 2265 in
2612 2210 2743 2282 ipso
2771 2208 2904 2265 loco
2932 2228 2944 2277 ;
2980 2209 3246 2265 similiter
3285 2209 3550 2283 plebem
3587 2213 3653 2267 S.
3687 2211 3848 2266 Pauli

2148 2299 2209 2353 in
2263 2298 2568 2363 Formello,
2623 2314 2762 2354 cum
2814 2298 3006 2369 terris,
3068 2297 3278 2366 vineis,
3336 2299 3574 2369 hortis,
3641 2304 3706 2356 et
3759 2300 3853 2356 oli-

2147 2388 2291 2443 vetis
2343 2392 2520 2461 atque
2579 2387 2758 2443 titulis
2816 2389 2960 2456 suis,
3008 2387 3245 2444 titulum
3300 2389 3357 2445 8.
3415 2388 3739 2460 Sylvestri
3789 2391 3848 2446 in

2149 2476 2431 2533 columna
2455 2493 2590 2533 cum
2623 2477 2790 2533 terris
2820 2482 2876 2532 et
2911 2476 3102 2533 vineis
3159 2476 3309 2546 suis,
3338 2476 3610 2534 titulum
3649 2481 3712 2536 8.
3743 2484 3850 2535 An-

2150 2566 2262 2636 geli
2291 2567 2352 2621 in
2383 2566 2657 2623 Mubiano
2704 2583 2842 2622 cum
2891 2566 3059 2622 terris
3092 2570 3149 2622 et
3175 2565 3364 2622 hortis
3397 2566 3562 2638 suis,
3602 2568 3847 2624 titulum

2151 2658 2206 2712 S.
2261 2656 2486 2713 Martini
2540 2673 2680 2712 cum
2725 2656 2894 2712 terris
2961 2655 3107 2726 s'uis,
3163 2655 3405 2712 titulum
3463 2657 3536 2713 S.
3607 2658 3847 2714 Genesii

2148 2745 2208 2800 in
2241 2744 2532 2800 Dalmatia
2576 2761 2713 2800 cum
2745 2744 2911 2800 terris
2961 2744 3108 2813 suis,
3141 2743 3381 2800 titulum
3425 2745 3486 2801 S.
3530 2747 3848 2802 Laurentii

2152 2832 2438 2889 Formello
2469 2849 2608 2888 cum
2636 2831 2803 2887 terris
2833 2837 2890 2888 et
2914 2832 3100 2888 hortis
3123 2831 3270 2902 suis,
3295 2831 3550 2889 titulum
3587 2836 3652 2890 S.
3677 2837 3851 2892 Joan-

2151 2923 2242 2978 nis
2267 2923 2328 2978 in
2356 2922 2488 2995 ipso
2508 2921 2639 2978 loco
2665 2938 2804 2977 eum
2824 2927 2980 2978 terra
3006 2938 3136 2989 sua,
3157 2921 3396 2978 titulum
3427 2924 3488 2978 S.
3514 2925 3689 2980 Petri
3712 2941 3847 2980 eum

2150 3015 2306 3067 terra
2346 3027 2475 3080 sua,
2506 3011 2741 3066 titulum
2793 3013 2847 3068 S.
2893 3010 3102 3080 Angeli
3142 3011 3205 3066 in
3258 3011 3550 3082 Laureto,
3601 3013 3844 3070 titulum

2155 3103 2210 3157 S.
2243 3099 2530 3155 Valentini
2556 3099 2616 3154 in
2664 3099 2982 3172 Criptullo;
3017 3100 3158 3156 item
3187 3098 3434 3172 plebem
3478 3103 3544 3158 S.
3583 3100 3842 3159 Cornelii

2151 3189 2212 3244 in
2244 3189 2574 3260 Craprario.

2224 3281 2289 3333 Et
2315 3294 2423 3349 per
2454 3278 2634 3348 hujus
2663 3277 2951 3350 privilegii
2973 3279 3159 3336 nostri
3178 3283 3234 3336 et
3254 3279 3484 3337 decreti
3508 3282 3843 3354 paginam,

2149 3368 2211 3424 id
2240 3372 2596 3440 perpetuum
2625 3368 3054 3424 conﬁrmamus
3078 3370 3132 3426 S.
3159 3369 3449 3441 praedicto
3471 3377 3700 3428 vestro
3723 3373 3845 3445 epi-

2151 3453 2323 3526 copio
2358 3452 2526 3510 Silvae
2558 3452 2857 3520 Candidas,
2891 3468 3030 3509 cum
3059 3452 3252 3521 terris,
3285 3454 3510 3524 vineis,
3547 3461 3613 3513 et
3659 3457 3844 3513 olive-

2151 3543 2222 3599 tis
2266 3547 2322 3599 et
2369 3542 2548 3599 titulis
2592 3542 2737 3610 suis,
2771 3543 3006 3600 titulum
3040 3544 3095 3600 S.
3129 3544 3426 3601 Pancratii
3473 3562 3636 3603 cum
3673 3547 3845 3604 terris

2150 3633 2292 3702 suis,
2325 3632 2559 3689 titulum
2592 3635 2647 3689 S.
2681 3633 2873 3689 Mariae
2903 3649 3043 3689 cum
3074 3635 3243 3690 terris
3275 3640 3332 3691 et
3374 3641 3561 3708 prato
3595 3653 3745 3702 suo,
3779 3638 3846 3692 ti-

2149 3723 2340 3779 tulum
2369 3725 2424 3779 S.
2455 3721 2745 3778 Valentini
2774 3739 2913 3778 cum
2945 3723 3112 3780 terris
3155 3729 3214 3780 et
3241 3723 3461 3781 oliveto
3497 3742 3626 3782 suo
3662 3731 3846 3800 atque

2150 3816 2340 3885 prato,
2373 3809 2608 3866 titulum
2657 3814 2712 3868 S.
2742 3811 2954 3867 Donati
2985 3829 3124 3868 cum
3169 3813 3339 3870 terris
3395 3813 3553 3884 suis,
3594 3815 3844 3873 titulum

2152 3903 2206 3957 S.
2237 3900 2424 3958 Mariae
2451 3916 2589 3956 cum
2618 3899 2788 3955 terris
2819 3900 2963 3968 suis,
2998 3901 3235 3958 titulum
3261 3901 3318 3957 S.
3348 3904 3678 3960 Laurentii
3709 3922 3846 3961 cum

2150 3988 2317 4044 terris
2349 3987 2492 4055 suis,
2523 3987 2756 4043 titulum
2789 3989 2842 4044 S.
2874 3990 3173 4045 Anastasii
3202 3990 3264 4045 in
3297 3992 3676 4064 Cannetalo,
3708 4009 3845 4050 cum

2149 4078 2316 4134 terris
2359 4081 2415 4132 et
2456 4076 2645 4132 vineis
2700 4078 2845 4144 suis,
2901 4078 3137 4134 titulum
3193 4081 3250 4134 S.
3304 4079 3415 4135 Viti
3461 4096 3619 4136 cum
3678 4082 3847 4139 terris

2151 4168 2294 4237 suis,
2324 4166 2564 4241 plebem
2597 4169 2653 4224 S.
2685 4167 2849 4223 Pauli
2881 4184 3022 4224 cum
3047 4169 3241 4239 terris,
3271 4169 3466 4226 vineis
3499 4175 3563 4226 et
3588 4172 3844 4243 juribus

2151 4257 2293 4324 suis,
2350 4255 2587 4312 titulum
2625 4257 2680 4312 S.
2712 4255 3007 4328 Sylvestri,
3037 4262 3094 4313 et
3138 4259 3194 4314 S.
3239 4257 3455 4328 Angeli
3509 4275 3672 4316 cum
3736 4268 3848 4318 ter-

2149 4348 2231 4404 ris
2278 4351 2336 4403 et
2390 4345 2599 4416 vineis,
2630 4350 2688 4402 et
2737 4345 2962 4403 olivetis
3007 4351 3065 4404 et
3109 4347 3351 4419 juribus
3400 4349 3556 4419 suis,
3596 4351 3848 4408 titulum

399 4443 658 4512 quatuor
701 4440 949 4507 Fratres,
983 4453 1019 4493 a
1065 4437 1330 4492 secundo
1376 4435 1600 4492 fundus
1649 4433 1972 4504 Orbanula,
2008 4450 2044 4490 a
2072 4499 2111 4512 ἢ
2157 4440 2211 4494 S.
2266 4435 2456 4493 Mariae
2505 4452 2644 4491 cum
2701 4435 2866 4492 terris
2924 4441 2981 4492 et
3026 4436 3238 4507 vineis,
3281 4437 3524 4494 titulum
3581 4442 3647 4497 S.
3692 4442 3850 4499 Chri-

398 4527 566 4584 tertio
593 4529 850 4595 Mussan,
869 4542 906 4583 a
924 4530 1138 4598 quarto
1165 4525 1518 4594 Massanell.,
1542 4529 1719 4597 atque
1742 4523 1890 4579 silva
1908 4539 2044 4595 qua;

396 4622 641 4675 vocatur
682 4617 890 4686 Magia,
921 4632 1060 4672 cum
1106 4615 1388 4673 omnibus
1434 4614 1865 4689 pertinentibus
1900 4612 2042 4681 suis,

399 4707 478 4764 ab
508 4722 629 4763 uno
675 4707 856 4763 latere
902 4707 1067 4762 rivus
1098 4705 1173 4762 de
1203 4706 1454 4778 Galesia,
1480 4722 1518 4762 a
1547 4703 1813 4761 secundo
1843 4703 2044 4775 latere,

397 4797 828 4854 monasterium
840 4795 1095 4864 Veneris,
1109 4796 1274 4868 quod
1293 4799 1540 4852 vocatur
1561 4793 1800 4866 Huppla
1821 4792 2048 4848 Ancilla

398 4888 520 4943 Dei.
553 4889 770 4943 Omnes
799 4902 941 4941 vero
970 4884 1100 4941 illos
1129 4885 1369 4954 tundor,
1389 4890 1444 4941 et
1465 4881 1828 4939 casaliacum
1857 4880 2044 4949 terris,

399 4977 652 5050 eampis,
703 4975 909 5049 pratis,
950 4975 1208 5048 pascuis,
1255 4974 1437 5044 silvis,
1470 4971 1640 5028 cultis
1688 4976 1745 5026 et
1785 4971 2042 5039 incultis,

398 5067 604 5139 positis
660 5065 722 5122 in
779 5065 1066 5122 territorio
1117 5065 1286 5122 Silva;
1354 5062 1656 5130 Candidas,
1704 5059 2045 5116 milliarium

401 5155 480 5212 ab
541 5155 688 5212 urbe
774 5158 976 5211 Romae
1063 5153 1198 5227 plus
1279 5155 1480 5210 minus
1544 5148 1883 5205 duodecim.
1939 5151 2047 5205 Ve-

398 5261 536 5302 rum
561 5245 740 5301 etiam
769 5243 1138 5315 aquimolum
1169 5242 1492 5299 molentem
1539 5238 1601 5294 in
1647 5237 1943 5307 integrum
1985 5238 2047 5294 in

397 5335 533 5390 vico
561 5333 665 5406 qui
693 5336 939 5388 vocatur
967 5332 1213 5402 Galeria,
1243 5348 1380 5388 cum
1419 5326 1701 5385 omnibus
1732 5327 1842 5382 sibi
1872 5326 2047 5399 perti-

400 5423 703 5494 nentibus,
727 5427 781 5479 et
806 5427 958 5480 terra
981 5422 1335 5495 Similitaria,
1358 5436 1491 5494 quae
1515 5421 1760 5473 vocatur
1789 5420 2043 5485 Pastina,

402 5511 581 5581 longe
611 5510 689 5567 ab
718 5527 839 5568 uno
880 5511 1079 5580 latere,
1113 5511 1376 5568 Gualdus
1407 5507 1687 5574 Donicus,
1719 5520 1754 5561 a
1783 5506 2046 5562 secundo

404 5604 560 5657 terra
608 5602 662 5657 S.
694 5602 836 5659 Petri
867 5617 1003 5675 quae
1052 5601 1386 5674 appellatur
1430 5611 1681 5668 campus
1717 5597 2044 5665 Massanus,

407 5704 444 5745 a
471 5690 638 5747 tertio
666 5690 866 5764 latere,
889 5706 1065 5748 mons
1092 5689 1359 5758 Ationus,
1389 5703 1425 5744 a
1451 5689 1686 5759 quarto,
1711 5700 1884 5741 mons
1902 5688 2049 5741 Pau-

404 5777 584 5840 ninus
609 5783 960 5845 constitutus
983 5780 1156 5856 juxta
1195 5775 1610 5860 supradictum
1654 5773 2046 5854 episcopium,

2155 4526 2358 4582 stianae
2408 4541 2546 4580 cum
2598 4523 2792 4594 terris,
2825 4523 3014 4580 vineis
3062 4529 3119 4581 et
3175 4525 3338 4581 silvis
3384 4526 3536 4596 suis,
3595 4529 3849 4587 titulum

2155 4618 2210 4672 S.
2245 4614 2495 4684 Georgii,
2529 4612 2763 4669 titulum
2809 4615 2864 4669 S.
2896 4613 3122 4670 Martini
3163 4631 3306 4670 cum
3343 4616 3520 4671 terris
3554 4623 3623 4674 et
3653 4621 3850 4676 vineis

2154 4702 2297 4771 suis,
2329 4702 2563 4758 titulum
2599 4703 2654 4760 S.
2689 4701 2925 4758 Casiani
2955 4719 3095 4758 cum
3126 4703 3295 4759 terris
3322 4709 3380 4759 et
3407 4703 3641 4775 vineis,
3681 4714 3748 4765 et
3775 4710 3853 4764 fa-

2151 4792 2309 4848 milis
2363 4791 2572 4860 tribus,
2604 4790 2841 4847 titulum
2897 4793 2952 4847 S.
2985 4792 3308 4862 Anastasii,
3355 4809 3502 4848 cum
3556 4798 3759 4854 terris
3804 4803 3853 4852 et

2151 4881 2358 4950 vineis,
2391 4881 2630 4936 titulum
2676 4882 2731 4937 S.
2763 4879 3000 4937 Justinae
3044 4897 3184 4936 eum
3221 4881 3392 4937 terris
3425 4887 3486 4938 et
3512 4884 3763 4957 vineis,
3796 4887 3852 4942 ti-

2153 4970 2343 5026 tulum
2399 4971 2453 5026 8.
2489 4968 2697 5039 Angeli
2746 4985 2885 5025 cum
2929 4971 3097 5025 terris
3143 4969 3286 5037 suis,
3320 4971 3575 5029 titulum
3615 4977 3684 5032 S.
3724 4980 3852 5033 Gre.

2152 5060 2300 5131 gorii
2330 5075 2470 5115 cum
2517 5059 2684 5115 terris
2728 5058 2850 5114 suis
2898 5063 2955 5114 et
2983 5059 3209 5127 vineis;
3257 5059 3536 5117 similiter
3593 5064 3850 5136 plebem

2155 5151 2210 5206 S.
2239 5148 2486 5206 Marcelli
2511 5149 2572 5204 in
2600 5151 2822 5214 Quarto
2867 5148 3102 5205 decimo
3155 5165 3296 5205 cum
3329 5150 3503 5206 terris
3533 5157 3602 5208 et
3627 5156 3848 5220 vineis,

2154 5243 2210 5295 et
2234 5238 2449 5294 oliveto
2479 5239 2706 5310 majore
2735 5244 2913 5311 atque
2959 5238 3138 5294 titulis
3172 5239 3316 5306 suis,
3350 5240 3610 5298 titulum
3649 5247 3716 5303 8.
3748 5249 3852 5303 Ma-

2153 5329 2254 5383 riae
2306 5328 2366 5382 in
2431 5328 2719 5384 Scrofano
2771 5345 2910 5384 cum
2968 5328 3138 5383 terris
3199 5333 3255 5384 et
3308 5329 3532 5401 vineis,
3603 5334 3849 5391 titulum

2157 5419 2212 5473 8.
2247 5416 2526 5490 Stephani
2555 5417 2616 5473 in
2646 5420 2881 5486 Matera,
2912 5416 3146 5472 titulum
3176 5419 3231 5472 S.
3261 5419 3460 5474 Mariae
3492 5420 3566 5477 in
3599 5425 3849 5490 Matera,

2154 5506 2390 5562 titulum
2440 5507 2494 5562 S.
2543 5506 2718 5564 Blasii
2769 5507 2830 5561 in
2885 5506 3190 5573 Scrofano,
3245 5506 3493 5564 titulum
3565 5514 3629 5569 8.
3680 5517 3846 5570 Joan-

2154 5595 2246 5650 nis
2294 5594 2356 5650 in
2403 5597 2534 5668 ipso
2567 5594 2872 5661 Scrofano,
2906 5600 2963 5650 et
2994 5595 3048 5650 S.
3085 5594 3362 5664 Eugeniae
3392 5612 3550 5655 cum
3585 5603 3768 5658 terris
3795 5605 3843 5655 et

2153 5684 2366 5756 vineis,
2395 5683 2690 5757 simulque
2718 5683 2958 5756 plebem
2983 5686 3038 5741 S.
3068 5683 3259 5740 Mariae
3283 5683 3345 5739 in
3378 5685 3693 5749 Molmula
3715 5704 3839 5747 cum

2157 5773 2323 5835 terris
2351 5777 2408 5835 et
2436 5773 2625 5834 vineis
2644 5777 2701 5833 et
2727 5773 2896 5834 titulo
2922 5789 3054 5846 suo,
3085 5777 3142 5832 et
3169 5774 3225 5832 S.
3255 5775 3482 5852 Angeli
3501 5794 3665 5842 eum
3683 5777 3844 5845 torris
