3980 6414
57 371 149 422 213

1053 368 1208 423 νιΤΑ
1249 371 1303 423 S.
1342 370 1802 435 CUNEGUNDIS,
1847 372 1965 427 UBI
2004 373 2094 427 DE
2137 372 2196 425 S.
2239 372 2574 429 HENRICO.

3476 375 3583 428 214

55 492 135 544 hic
161 490 300 556 vita,
334 490 453 545 illic
465 491 589 561 jam
620 490 909 545 consertio
944 490 1182 557 fruitur;
1216 494 1505 561 apostolos
1531 499 1587 548 et
1615 511 1753 549 con-
1784 499 1825 549 Α
1866 497 1995 564 sito,
2056 513 2159 551 suo
2212 497 2400 551 loculo
2456 498 2514 551 in
2560 498 2762 552 dextro
2845 499 3046 566 latere,
3104 500 3252 554 sicut
3304 501 3582 557 hactenus

52 581 304 645 fessores,
390 596 642 651 quorum
692 580 869 634 ﬁdem
945 585 1000 633 et
1060 581 1475 636 confessionem
1531 599 1761 655 semper

52 670 248 732 tenuit,
282 668 689 740 interpellabat
722 686 733 723 :
764 669 1051 739 virginum
1080 670 1289 723 Christi
1347 670 1409 723 in
1457 688 1559 724 suo
1604 674 1756 726 exitu

47 758 326 812 invitabat
384 760 649 824 chorum,
692 776 938 830 quarum
1005 760 1395 825 aemulatione,
1445 761 1503 815 in
1563 778 1755 829 carne,

50 846 184 899 dum
241 852 456 915 praeter
503 863 735 901 carnem
774 847 1011 913 viveret,
1047 847 1483 902 immaculatum
1532 850 1757 904 Christo

26 942 483 1003 ,conservaverat
538 938 793 1003 thorum,
851 937 1114 991 omnium
1179 938 1295 991 Deo
1358 937 1758 992 famulantium

49 1024 151 1077 sibi
181 1024 406 1089 adesse,
466 1025 576 1079 sibi
625 1041 923 1079 occurrere
980 1026 1179 1079 orabat
1248 1027 1556 1081 auxilium.
1618 1029 1759 1081 Vere

50 1114 197 1183 quod
221 1120 309 1167 est
333 1114 614 1185 scriptum
685 1131 711 1167 εν
736 1115 1070 1168 Timentibus
1131 1118 1294 1169 Deum
1327 1119 1510 1169 omnia
1565 1131 1756 1184 coope-

50 1209 241 1255 rantur
271 1205 341 1257 in
393 1204 588 1256 bonum
627 1203 800 1271 (Rom.
854 1220 970 1268 vui,
1003 1203 1116 1272 28),
1150 1203 1208 1256 in
1240 1203 1398 1257 obitu
1428 1208 1602 1257 tanta:
1643 1205 1756 1257 vir-

48 1290 192 1359 ginis
241 1290 500 1344 vidimus
549 1291 1004 1361 comprobatum.
1050 1291 1303 1345 Necdum
1362 1292 1629 1363 spiritum
1662 1309 1758 1346 ex-

48 1378 360 1444 halaverat,
394 1379 641 1433 necdum
674 1378 896 1433 Christo
943 1379 1195 1433 debitam
1237 1380 1568 1434 reddiderat
1631 1380 1755 1433 ani-

48 1482 220 1529 mam,
255 1472 315 1521 et
355 1468 479 1537 jam
529 1468 680 1521 fama
724 1468 921 1521 volans
954 1468 1097 1521 tanti
1154 1469 1482 1538 praenuntia
1549 1469 1757 1537 luctus,

24 1560 159 1606 'non
206 1558 437 1607 tantum
498 1560 743 1607 sacratas
801 1554 1053 1623 virgines
1102 1560 1202 1609 aut
1264 1556 1484 1609 diversi
1535 1557 1755 1610 ordinis

52 1645 216 1708 viros,
269 1659 475 1697 verum
555 1644 724 1697 etiam
783 1644 962 1698 totius
1016 1646 1261 1715 populos
1321 1645 1390 1698 ad
1459 1645 1759 1715 exsequias

52 1732 214 1784 unius
257 1732 667 1802 congregabat.
733 1733 1028 1786 Sonabant
1062 1734 1288 1802 psalmi,
1326 1736 1382 1786 et
1424 1737 1603 1787 totam
1646 1735 1753 1786 do-

52 1836 223 1885 mum,
292 1820 394 1873 ubi
451 1826 710 1873 sanctum
758 1822 1163 1890 corpusculum
1213 1822 1269 1874 in
1325 1821 1516 1874 medio
1580 1837 1753 1891 super

50 1908 139 1959 illo
171 1924 278 1960 suo
313 1908 496 1962 nobili
524 1908 708 1961 cilicio
736 1908 1382 1979 compositumjacebat,
1417 1909 1475 1961 in
1507 1909 1751 1962 sublime

48 2012 315 2049 resonans
350 1997 559 2050 letania
616 2013 722 2066 pro
761 2007 1005 2050 exeunte
1055 1998 1247 2050 anima
1278 1997 1591 2067 quatiebat.
1660 1999 1751 2051 In-

46 2085 205 2138 terim
237 2101 303 2138 ex
339 2101 502 2138 more
545 2086 762 2155 regales
790 2092 1066 2157 tanquam
1099 2086 1474 2156 imperatrici,
1520 2103 1635 2140 non
1691 2090 1755 2139 ut

24 2174 413 2243 pauperculae
465 2173 747 2227 debentur
829 2175 1031 2236 sorori,
1104 2181 1386 2244 parantur
1442 2175 1751 2245 exsequiae,

50 2278 212 2315 aurea
286 2262 501 2316 feretro
558 2262 925 2317 obtendenda
1002 2264 1378 2333 proferuntur
1442 2263 1748 2318 velamina.

52 2350 180 2402 Tum
213 2350 313 2403 illa
368 2351 649 2420 pallentes
688 2351 895 2417 vultus,
957 2367 1102 2421 quos
1143 2356 1293 2415 ante,
1328 2351 1395 2404 ad
1436 2367 1494 2404 se
1544 2367 1755 2422 sponso

54 2439 294 2492 venienti
328 2438 493 2493 la>tus
525 2439 879 2505 exhibuerat,
929 2439 1151 2493 videres
1180 2439 1249 2493 ad
1293 2456 1355 2492 os
1398 2445 1751 2510 retorquere,

55 2543 218 2581 manu
268 2528 525 2581 abnuere
562 2545 573 2581 :
610 2548 638 2578 ε(
686 2527 944 2582 Amictus
974 2527 1101 2594 iste,
1143 2528 1241 2593 ait,
1276 2544 1391 2581 non
1438 2533 1522 2581 est
1552 2544 1752 2594 meus;

56 2617 262 2671 auferte
308 2617 464 2681 hinc,
523 2622 759 2669 ornatus
817 2616 911 2670 hic
939 2616 1159 2669 alienus
1209 2621 1312 2670 est.
1373 2617 1469 2670 His
1527 2622 1757 2670 terreno

58 2722 279 2775 sponso,
322 2706 446 2758 istis
475 2704 690 2759 cmlesti
747 2706 1015 2775 copulata
1043 2722 1199 2767 sum;
1255 2706 1408 2760 nuda
1474 2706 1543 2759 de
1595 2711 1757 2759 utero

20 2795 246 2847 ’matris
277 2810 424 2847 mea:
456 2809 704 2863 egressa,
758 2793 914 2847 nuda
967 2794 1259 2863 regrediar
1310 2794 1484 2848 illuc:
1532 2794 1622 2847 his
1680 2795 1759 2847 vi-

60 2884 160 2934 lem
195 2882 423 2936 miserae
455 2883 641 2935 carnis
673 2882 972 2936 materiam
1004 2882 1295 2949 involvite,
1345 2888 1403 2935 et
1442 2899 1757 2953 corpuscu-

61 2972 166 3025 lum
222 2988 419 3024 meum
473 2972 634 3040 juxta
686 2971 975 3025 tumulum
1016 2971 1208 3024 fratris
1267 2970 1377 3024 mei
1425 2988 1490 3023 ac
1537 2970 1753 3025 domini

1867 590 2193 651 veneratur,
2227 586 2547 655 repositum
2602 592 2686 640 est
2731 586 2864 657 (76).
2908 588 2950 641 Ο
2982 587 3113 641 felix
3149 588 3581 660 Babenbergen-

1869 674 1944 726 sis
1996 674 2261 728 ecclesia'
2330 674 2592 745 recepisti
2657 675 2996 729 thesaurum
3052 693 3227 746 quem
3284 678 3574 731 amiseras.

1872 763 2082 815 Procax
2128 766 2185 815 et
2241 762 2497 815 maleﬁca
2550 763 2751 832 lingua
2808 764 3215 827 detractorum,
3279 767 3579 820 oculorum

1870 850 2203 903 testimonio
2224 850 2513 903 confutata
2560 858 2664 913 est,
2700 852 2838 905 dum
2892 852 3189 920 virginitas
3246 855 3369 925 ejus
3407 856 3613 909 rebus-

1869 940 2206 1008 approbata,
2278 939 2548 992 sanctitas
2608 940 3051 993 clarescentibus
3125 942 3305 1011 signis
3352 943 3578 998 videtur

1871 1028 2190 1081 testiﬁcata.

1942 1119 2028 1169 13.
2056 1118 2323 1169 Miracula
2345 1122 2466 1185 post
2521 1117 2745 1170 obitum.
2802 1146 2870 1156 —
2926 1117 3265 1172 Christiana:
3304 1119 3575 1190 religioni

1868 1204 2177 1273 proficiens
2207 1205 2451 1258 Ecclesia
2484 1204 2666 1258 ﬁdelis
2715 1204 2873 1276 (quae
2933 1204 2993 1257 in
3056 1207 3386 1276 Evangelia,
3437 1225 3573 1263 voce

1871 1292 2100 1346 Domini
2129 1297 2372 1346 testante
2398 1295 2611 1361 (Matth.
2656 1299 2788 1364 xu),
2836 1294 2933 1348 Dei
3007 1298 3190 1348 mater
3223 1300 3280 1349 et
3324 1296 3443 1349 ﬁlia
3473 1313 3576 1366 per

1868 1383 2110 1453 gratiam
2140 1382 2507 1436 nominatur:
2545 1387 2727 1435 mater
2770 1384 2905 1453 quia
2956 1389 3165 1436 sancta:
3223 1382 3574 1452 operationis

1869 1472 2131 1541 exemplo
2166 1472 2313 1524 ﬁlios
2352 1471 2594 1524 Domino
2662 1478 2927 1539 generat;
2961 1472 3103 1539 ﬁlio,
3157 1470 3295 1541 quia
3328 1470 3573 1539 Virginis

1870 1560 2009 1613 Filio
2040 1577 2142 1630 pro
2171 1561 2352 1613 salute
2376 1560 2575 1613 mundi
2610 1559 2924 1625 incarnato,
2968 1560 3297 1614 eruditione
3348 1564 3571 1611 sancto-

1867 1665 1997 1701 rum
2026 1650 2257 1701 Patrum
2289 1648 2549 1718 quotidie
2606 1649 2940 1718 generatur)
2977 1650 3219 1702 salutem
3272 1646 3505 1700 missam
3537 1664 3571 1700 a

1872 1738 2135 1802 Domino,
2164 1738 2406 1790 cmlestis
2435 1737 2705 1791 archiatri
2756 1736 3050 1791 effectibus
3107 1736 3409 1790 medicinm
3443 1739 3567 1805 ple-

1864 1842 2019 1889 nam,
2048 1831 2164 1879 tam
2198 1826 2404 1879 mentis
2431 1842 2605 1895 quam
2632 1826 2886 1896 corporis
2931 1825 3168 1879 auribus
3208 1824 3567 1878 animadver-

1863 1918 1959 1966 tat.
1994 1913 2291 1966 Mundauaa
2317 1912 2595 1964 machinae
2625 1913 2888 1965 conditor
2926 1912 3181 1966 humano
3231 1910 3429 1981 generi
3466 1926 3570 1979 per

1866 2000 2316 2054 inobedientiam
2394 2001 2550 2070 lapso
2623 2001 2959 2062 condolens,
3032 2005 3095 2052 ut
3147 2004 3382 2052 internae
3441 1999 3569 2051 vita:

1862 2090 2081 2143 fructus
2133 2088 2435 2141 facientem
2475 2104 2676 2141 novam
2728 2088 3165 2158 plantationcm,
3206 2088 3419 2140 scilicet
3451 2086 3568 2155 pri-

1864 2177 2123 2231 mitivam
2160 2177 2464 2229 Ecclesiam
2494 2177 2790 2241 insereret,
2836 2176 3188 2247 patriarchas
3236 2179 3293 2228 et
3323 2175 3568 2245 prophe-

1864 2271 1949 2321 tas
1979 2265 2039 2319 in
2072 2265 2355 2318 mundum
2398 2265 2623 2319 mittere
2655 2265 2923 2335 dignatus
2955 2270 3037 2317 est
3068 2281 3081 2318 :
3136 2262 3238 2334 qui
3291 2262 3570 2316 creditum

1864 2354 1973 2407 sibi
2019 2353 2274 2409 ofﬁcium
2323 2353 2581 2423 quinque
2633 2354 2887 2424 corporis
2944 2352 3225 2415 sensibus,
3275 2356 3568 2422 sextoque,

1866 2443 1962 2513 qui
1998 2453 2082 2496 est
2113 2442 2350 2511 spiritus
2377 2443 2718 2513 prophetiae,
2771 2442 3108 2512 mysterium
3161 2439 3572 2495 incarnationis

1866 2531 2097 2593 Christi,
2128 2536 2185 2583 et
2215 2531 2413 2583 omnia
2481 2548 2609 2602 qua:
2666 2531 2737 2584 de
2782 2531 2906 2599 ipso
2954 2529 3351 2584 aununtianda
3410 2532 3576 2581 erant

1867 2620 2261 2690 praedicantes,
2294 2618 2392 2672 alii
2415 2619 2723 2690 asperitate
2756 2619 2907 2683 vitae,
2940 2619 3067 2672 aliis
3100 2617 3339 2672 diversis
3371 2632 3572 2686 poena.

1868 2723 1997 2760 rum
2028 2706 2328 2772 mortibus,
2362 2706 2472 2775 ipsi
2508 2723 2682 2777 quem
2742 2706 3188 2777 prophetabant,
3232 2704 3572 2757 famulatum

1866 2811 2036 2848 suum
2083 2795 2329 2848 ﬁdeliter
2360 2796 2762 2865 impleverunt.
2822 2796 3034 2849 Horum
3101 2794 3264 2847 limes
3317 2792 3574 2846 Christus

1867 2882 2069 2935 aeterni
2111 2883 2289 2935 Patris
2319 2882 2581 2949 consilio,
2623 2898 2728 2951 pro
2762 2882 3079 2957 liberandis
3109 2880 3443 2934 hominibus
3503 2880 3573 2932 de

1865 2972 2222 3025 intemeratas
2280 2971 2532 3041 Virginis
2604 2980 2765 3025 utero
2835 2972 3127 3042 processit,
3189 2976 3249 3022 ut
3305 2971 3427 3040 jam
3485 2968 3571 3021 in-

64 3059 271 3111 llenrici
294 3056 681 3129 imperatoris,
740 3074 913 3129 quem
945 3074 1035 3111 me
1069 3058 1189 3127 jam
1222 3063 1521 3112 vocantem
1563 3058 1751 3121 video,
1787 3054 1827 3107 C
1865 3060 2079 3113 choatae
2109 3060 2476 3130 plantationi,
2503 3060 2690 3113 missis
2722 3076 2827 3129 per
2852 3060 3048 3113 orbem
3079 3058 3374 3129 apostolis,
3402 3060 3573 3127 atque

65 3147 111 3200 in
165 3148 405 3218 proprio
462 3148 663 3201 locello
718 3147 1000 3217 reponite.
1063 3169 1085 3195 1
1125 3150 1218 3200 His
1265 3148 1427 3201 dictis
1459 3148 1519 3201 in
1552 3163 1755 3201 manus

67 3236 279 3290 Domini
311 3236 581 3307 spiritum
632 3252 797 3288 suum
830 3236 1263 3299 commendans,
1314 3236 1384 3290 ad
1431 3252 1598 3290 suum
1626 3235 1754 3288 ani-

18 3390 29 3405 ;
67 3340 148 3377 ma
194 3325 474 3378 revolavit
526 3330 842 3386 auctorem,
897 3330 953 3378 et
998 3323 1055 3378 in
1084 3324 1383 3394 antiquam
1437 3324 1754 3395 possessio-

66 3429 184 3467 nem
206 3414 303 3467 diu
317 3414 692 3484 peregrinata
712 3412 1077 3467 conscendit:
1109 3414 1275 3466 terris
1308 3418 1549 3466 matrem
1598 3429 1754 3466 com-

68 3516 287 3557 munem
336 3519 398 3556 se
428 3502 687 3556 amisisse
729 3502 1023 3567 flentibus,
1056 3501 1212 3555 caelis
1246 3508 1438 3555 autem
1466 3502 1759 3555 concivem

72 3589 121 3641 in
141 3607 299 3645 suum
324 3591 679 3645 consortium
715 3607 772 3642 se
798 3590 1111 3660 suscepisse
1142 3590 1541 3660 gaudentibus.

136 3681 212 3732 t2.
268 3681 589 3744 Bambergz
651 3679 927 3747 Sepelitur.
958 3708 1027 3718 —
1060 3679 1141 3731 Ita
1198 3677 1431 3732 demum
1467 3694 1627 3732 sacro
1660 3678 1759 3732 illo

72 3782 291 3837 corpore
322 3768 538 3821 feretro
585 3767 975 3837 superposito,
1010 3767 1185 3835 longo
1234 3767 1520 3821 nobilium
1560 3766 1759 3821 ordine

70 3862 367 3925 praeeunte,
428 3856 624 3909 multis
656 3856 788 3910 hinc
831 3856 963 3909 inde
1022 3856 1470 3921 confluentibus,
1501 3872 1629 3909 cum
1662 3856 1761 3909 illo

70 3944 165 3997 sibi
219 3962 451 4015 semper
498 3944 948 3998 familiarissime
988 3960 1310 4015 pauperum
1357 3944 1759 4007 contubernio,

72 4033 133 4086 ad
160 4034 344 4087 locum
399 4033 737 4103 Babenberg
765 4034 1077 4103 sepulturae
1134 4048 1251 4085 sua:
1290 4032 1764 4101 praedestinatum

71 4122 245 4175 felices
268 4123 559 4193 exsequiae
593 4138 777 4192 usque
809 4122 1011 4175 delatas
1065 4126 1219 4174 sunt.
1275 4122 1420 4175 Tum
1470 4137 1605 4175 vero
1672 4136 1763 4173 re-

72 4208 217 4263 lictas
247 4212 441 4273 urbes,
473 4226 652 4264 vacua
677 4226 834 4277 rura,
872 4209 1156 4263 desolatas
1187 4208 1464 4273 civitates,
1509 4209 1764 4280 undique

74 4312 395 4353 concurrere
437 4299 680 4369 populos
740 4297 993 4362 videres;
1047 4300 1258 4350 matres
1306 4296 1579 4367 parvulos
1635 4313 1766 4350 suos

75 4385 124 4437 in
154 4387 399 4442 brachiis
432 4392 743 4458 gestantes,
776 4386 1038 4439 inﬁrmos
1089 4385 1148 4439 iu
1206 4385 1460 4456 grabatis
1506 4386 1765 4454 jacentes

76 4476 316 4530 sanitatis
343 4476 595 4547 gratiam
636 4491 887 4546 sperare,
921 4472 1143 4527 felicem
1194 4490 1253 4525 se
1288 4474 1542 4537 credere,
1584 4474 1629 4526 si
1673 4473 1765 4527 cui

76 4569 163 4615 aut
186 4564 396 4619 feretro
421 4563 619 4634 jungi,
667 4564 753 4617 vel
778 4564 847 4617 ab
876 4562 1001 4633 ipso
1028 4562 1361 4633 contigisset
1407 4561 1759 4616 obumbrari.

78 4652 310 4707 Tandem
339 4654 401 4707 in
430 4651 729 4706 ecclesiam
760 4651 912 4706 beati
942 4650 1095 4706 Petri
1132 4650 1380 4721 apostoli
1409 4666 1619 4721 corpus
1649 4666 1766 4703 non

80 4740 188 4794 sine
238 4741 433 4796 labore
488 4742 878 4811 deportatum,
930 4741 1226 4793 triduanas
1284 4738 1365 4792 ibi
1397 4739 1616 4792 meritis
1651 4739 1768 4792 suis

81 4844 137 4881 ac
161 4830 451 4885 beneﬁciis
473 4829 789 4900 condignas
841 4828 1043 4883 habuit
1071 4828 1400 4899 exsequias;
1448 4827 1581 4880 ﬁliis
1623 4844 1768 4898 quos

80 4914 188 4983 ipsa
215 4918 326 4973 illic
351 4919 410 4972 in
440 4916 664 4973 Christo
696 4917 1068 4979 adunaverat,
1102 4915 1172 4970 de
1223 4915 1419 4969 matris
1464 4930 1603 4985 pace
1644 4915 1768 4985 jam

82 5006 265 5073 securi,
293 5023 399 5077 pro
450 5023 511 5059 se
548 5010 741 5060 autem
774 5004 1003 5059 solliciti
1050 5004 1401 5058 incessanter
1430 5002 1769 5073 psallebant,

82 5090 205 5147 dum
255 5110 381 5149 eam
439 5093 552 5147 sibi
607 5093 679 5147 ad
728 5094 929 5147 horam
976 5093 1325 5146 subtractam
1380 5091 1503 5145 sine
1563 5090 1769 5145 timore

84 5181 407 5250 amissionis,
470 5183 533 5237 in
592 5199 693 5253 spe
738 5186 1034 5253 perpetuae
1094 5179 1427 5234 incessionis
1490 5181 1768 5249 recepisse

81 5269 413 5337 plaudebant
473 5289 486 5327 :
550 5276 735 5325 mater
783 5271 853 5325 de
901 5271 1043 5324 caelo
1088 5270 1341 5324 ﬁliorum
1394 5274 1771 5339 prospectans

84 5357 326 5415 affectum
386 5359 703 5431 gaudebat.
767 5360 852 5413 Ita
920 5359 1170 5413 velatum
1250 5373 1472 5411 sacrum
1541 5372 1768 5427 corpus,

87 5447 240 5501 sacris
283 5451 555 5513 vestibus,
622 5447 948 5502 diademate
989 5446 1199 5502 Christi
1259 5445 1432 5516 capiti
1487 5461 1771 5517 superpo-

150 5554 255 5621 l76)
305 5556 479 5611 Iulta
529 5555 625 5609 hic
674 5554 1097 5608 interseruntur
1147 5553 1207 5607 in
1251 5552 1603 5607 Bruxellensi
1651 5552 1771 5605 edi-

93 5621 247 5689 tione,
327 5627 397 5681 de
454 5642 595 5681 voce
648 5625 863 5679 scilicet
914 5625 1112 5679 audita
1145 5624 1369 5679 caelitus
1446 5624 1506 5677 in
1560 5622 1771 5676 tumuli

1866 3147 1935 3201 de
1989 3164 2093 3201 suo
2156 3164 2396 3216 corpore
2454 3148 2579 3201 fuso
2630 3164 2833 3201 cruore
2884 3148 3236 3212 fabricatam,
3289 3145 3573 3198 novellam

1868 3237 2357 3306 superaediﬁcaret
2433 3237 2759 3303 Ecclesiam,
2842 3254 2971 3307 quae
3028 3240 3235 3289 sanctm
3282 3233 3577 3289 Trinitatis

1868 3324 1981 3377 ﬁde
2011 3324 2256 3388 imbuta,
2306 3330 2363 3378 et
2412 3326 2689 3379 mundata
2734 3324 3230 3395 baptismigratia,
3268 3326 3567 3391 martyres,

1867 3414 2241 3479 confessores,
2285 3418 2341 3467 et
2371 3414 2584 3467 inﬁrmi
2638 3431 2801 3467 sexus
2850 3414 3100 3481 virgines
3130 3413 3325 3466 animo
3383 3416 3575 3465 tamen

1867 3507 2213 3567 constantes,
2246 3501 2533 3572 primitias
2562 3504 2791 3557 obtulit.
2828 3503 2982 3556 Inter
3020 3519 3163 3573 quas
3195 3502 3361 3554 beata
3387 3501 3578 3554 Cune-

1869 3591 2101 3661 gundis,
2152 3592 2259 3644 llos
2318 3592 2808 3661 Babeubergensis
2856 3592 3141 3656 Ecclesim,
3208 3607 3335 3644 cum
3385 3592 3579 3641 sancto

1873 3679 2135 3743 Henrico,
2165 3679 2264 3748 qui
2297 3679 2689 3732 Romanorum
2722 3680 3033 3749 imperium
3061 3678 3266 3743 tenuit,
3296 3677 3401 3730 sub
3446 3692 3579 3730 con-

1865 3767 2013 3836 jugii
2086 3766 2293 3836 specie,
2343 3766 2655 3820 immortali
2718 3783 2928 3837 sponso
2998 3771 3167 3820 casta;
3233 3763 3579 3834 virginitatis

1871 3856 2088 3908 honore
2148 3855 2417 3908 deservit.
2483 3856 2639 3910 Unde
2669 3855 2790 3924 jam
2831 3856 2956 3925 ejus
2996 3853 3311 3907 sanctitatis
3377 3851 3579 3905 merita

1873 3958 1976 4011 per
2026 3942 2226 3995 orbem
2288 3942 2587 3995 manifesta
2635 3942 3017 3995 declaratione
3075 3944 3395 4011 apparent:
3443 3938 3579 4009 quia

1873 4032 1932 4085 in
1965 4030 2089 4084 loco
2133 4030 2233 4084 ubi
2292 4035 2551 4084 sanctum
2603 4032 2726 4101 ejus
2774 4048 2983 4101 corpus
3039 4030 3301 4100 quiescit,
3362 4026 3582 4081 inﬁrmi

1874 4135 2218 4191 quacunque
2265 4119 2596 4173 laborantes
2646 4119 2986 4189 aegritudine
3047 4118 3356 4172 sanitatem
3437 4115 3581 4169 reci-

1874 4209 2067 4279 piunt.
2100 4209 2170 4262 Ut
2200 4212 2395 4262 autem
2455 4208 2524 4262 ad
2555 4208 2751 4262 omnia
2802 4212 2975 4262 testes
3022 4205 3340 4261 cautissimi
3379 4205 3581 4271 simus,

1878 4296 2134 4350 veritatis
2168 4296 2519 4350 amatoribus
2569 4296 2723 4350 aetati
2778 4300 2985 4349 nostra:
3021 4293 3478 4353 succedentibus,
3513 4291 3582 4345 de

1875 4385 1965 4440 his
1988 4402 2119 4456 qum
2145 4386 2447 4439 scribimus
2480 4385 2706 4439 curiose
2736 4384 3167 4454 indagantibus,
3218 4382 3438 4435 scilicet
3468 4396 3583 4451 quo

1875 4479 2138 4545 tempore
2210 4490 2386 4544 opera
2444 4474 2810 4527 curationum
2890 4472 3143 4543 praefata:
3203 4468 3583 4539 imperatricis

1875 4562 2108 4617 initium
2140 4562 2466 4629 habuerint,
2491 4561 2767 4631 largiente
2797 4560 3035 4613 Domino
3070 4560 3238 4628 prout
3254 4569 3582 4625 possumus,

1876 4653 2144 4706 volumus
2174 4650 2484 4722 explicare.

1954 4740 2036 4794 14.
2066 4741 2472 4807 Energumenus
2503 4738 2787 4792 liberatur.
2824 4739 2892 4791 Et
2918 4734 3020 4789 alii
3048 4735 3117 4789 ab
3172 4734 3300 4788 aliis
3356 4732 3579 4787 morbis.

1878 4832 2043 4883 Anno
2109 4827 2418 4881 Dominicaa
2482 4826 2891 4880 incarnationis
2944 4828 3098 4889 1189,
3156 4821 3469 4877 indictione
3532 4833 3585 4888 ιι,

1879 4917 2151 4971 Tiemone
2230 4914 2399 4967 tertio
2488 4914 2710 4969 decimo
2780 4911 3269 4982 Babenbergensis
3327 4909 3587 4964 Ecclesia;

1882 5005 2177 5076 episcopo,
2221 5008 2429 5073 quarto
2468 5003 2839 5074 pontilicatus
2870 5002 2958 5056 sui
3004 5018 3179 5066 anno,
3222 5000 3291 5054 ad
3352 4998 3589 5052 Vincula

1880 5092 2060 5147 sancti
2093 5092 2263 5155 Petri,
2306 5107 2378 5145 ne
2409 5091 2479 5145 de
2516 5091 2816 5145 sanctitate
2864 5093 3318 5161 prmmemoratze
3347 5085 3588 5156 virginis

1880 5180 2330 5249 ambigeremus,
2386 5180 2685 5250 signorum
2763 5178 3116 5248 experientia
3176 5175 3468 5231 certiﬁcati
3490 5189 3584 5225 su-

1883 5286 2029 5323 mus.
2058 5270 2198 5324 Nam
2237 5270 2375 5322 dum
2407 5270 2573 5323 solito
2600 5284 2758 5322 more
2817 5268 3063 5338 populus
3110 5266 3182 5319 ad
3246 5262 3588 5334 prmdictum

1881 5360 2068 5414 locum
2099 5357 2425 5412 orationum
2482 5363 2538 5412 et
2591 5357 2919 5428 vigiliarum
2976 5370 3145 5409 causa
3209 5349 3586 5413 convenisset,

1882 5446 2065 5501 adfuit
2133 5446 2369 5516 quidam
2448 5446 2835 5500 dmmoniacus
2880 5445 2951 5497 de
3011 5442 3143 5495 villa
3203 5454 3334 5510 qum
3383 5436 3591 5490 dicitur

1883 5551 2199 5623 apertione,
2232 5568 2345 5621 qua
2384 5552 2627 5607 Henrico
2677 5548 3117 5620 praecipiebatur
3170 5548 3234 5597 ut
3273 5544 3460 5596 locum
3491 5558 3587 5594 ce-

1886 5625 2051 5677 deret
2079 5623 2441 5690 Cunegundi.
