3968 6380
62 307 236 372 1129'

1315 295 1662 373 EPISTOLE
1702 313 1788 368 ET
1827 313 2244 374 DIPLOMA'I‘A.

3361 304 3500 390 1100
3531 309 3540 350 “

58 446 121 497 01
151 441 363 496 vineis.
395 440 836 498 Conﬁrmamus
867 442 1047 497 etiam
1073 441 1246 497 vobis
1276 443 1497 499 casalia
1524 446 1580 497 et
1633 456 1726 496 co-
1756 440 1807 493 A
1844 441 2050 497 Gloria
2083 445 2143 498 in
2175 446 2420 502 excelsis
2452 448 2572 505 Deo
2599 447 2913 518 diceretur,
2966 456 3019 509 et
3075 453 3136 510 in
3169 456 3500 514 Parasceve

57 532 283 601 Ionias,
311 536 488 603 atque
512 532 822 587 castellum
854 532 912 586 in
931 532 1250 601 integrum,
1274 535 1376 606 qui
1394 532 1730 606 appellatur

61 621 464 688 Dalmaehia;
502 621 738 688 Balneo,
801 622 1024 692 Stabla,
1069 624 1501 688 Massaviliaua,
1563 621 1654 676 vel
1683 621 1728 675 si

59 710 171 782 qui
198 710 327 765 aliis
358 710 668 766 vocabulis
697 716 1099 783 nuncupatur,
1137 728 1255 767 una
1287 728 1422 767 cum
1466 710 1726 774 familiis,

61 800 357 856 masculis
389 805 444 855 et
477 800 729 867 feminis,
758 817 862 856 seu
894 800 1120 856 colonis
1147 818 1254 874 per
1304 801 1542 871 singula
1599 801 1730 856 loca

63 890 528 962 pertinentibus,
565 907 702 945 cum
743 891 914 958 casis,
946 891 1136 946 vineis
1170 910 1182 958 ;
1244 892 1429 957 terris,
1459 890 1620 945 silvis
1677 895 1733 945 et

64 980 277 1051 pratis,
311 979 483 1052 aquis
534 980 922 1052 perennibus,
973 980 1067 1034 vel
1120 998 1257 1036 cum
1314 981 1598 1036 omnibus
1654 981 1734 1036 ad

65 1069 418 1141 supradicta
471 1069 710 1141 casalia,
765 1075 821 1125 et
864 1070 1130 1126 colonias
1188 1077 1365 1143 atque
1424 1071 1731 1126 castellum

64 1159 526 1231 pertinentibus,
558 1161 823 1231 positum
860 1160 919 1215 in
952 1160 1240 1215 territorio
1270 1161 1560 1233 Nepesino
1603 1161 1734 1216 mil-

63 1249 309 1304 liarium
369 1249 446 1304 ab
485 1249 634 1304 urbe
685 1250 877 1305 Roma
925 1250 1060 1322 plus
1088 1250 1284 1304 minus
1311 1250 1547 1320 viginti;
1585 1251 1734 1306 inter

65 1339 282 1393 affines
313 1337 389 1394 ab
412 1354 534 1393 uno
560 1338 740 1394 latere
771 1339 889 1404 via,
922 1340 1025 1411 qui
1057 1344 1147 1394 est
1175 1338 1327 1394 inter
1357 1339 1630 1394 militiam
1659 1341 1732 1394 de

66 1433 230 1483 turre
288 1428 361 1482 de
413 1428 770 1500 Crapacorio
824 1433 880 1483 et
934 1433 1151 1483 terram
1198 1429 1270 1483 de
1328 1428 1631 1484 Pastoritia
1675 1431 1729 1483 8.

65 1517 241 1588 Ρο11·1,
276 1517 353 1572 ab
385 1517 501 1572 alio
527 1517 710 1572 latere
745 1523 895 1572 terra
927 1517 1000 1573 de
1033 1523 1233 1572 monte
1269 1517 1498 1583 Arsitio,
1529 1522 1583 1573 et
1637 1521 1736 1573 Fo-

65 1622 319 1678 capran,
351 1606 455 1679 qui
482 1610 726 1661 vocatur
760 1606 1104 1669 Columella,
1155 1611 1207 1662 ct
1243 1612 1394 1662 terra
1449 1606 1523 1661 de
1577 1611 1734 1663 turre

67 1696 143 1752 de
177 1696 557 1768 Crapacorio,
589 1713 724 1768 quae
756 1696 1095 1769 appellatur
1124 1699 1356 1760 Matera,
1379 1700 1435 1752 et
1459 1713 1494 1752 a
1520 1701 1735 1768 quarto

1839 547 1960 587 non
1990 537 2110 589 tam
2141 543 2480 594 reverenter
2509 539 2592 594 uti
2615 539 2867 597 decebat
2898 541 3164 600 ofﬁcium
3194 546 3276 601 ibi
3298 547 3499 605 fiebat.

1841 623 2290 697 Condoluimus,
2320 634 2375 683 et
2399 628 2710 685 meliorare
2740 631 2852 687 hoc
2875 633 3182 706 cupientes
3239 654 3347 709 per
3393 655 3503 696 vos

1839 718 2190 786 vestrosque
2230 733 2628 790 successores,
2663 721 2980 776 statuimus
3004 729 3068 778 ut
3099 727 3262 782 omni
3298 745 3505 786 annua

1841 801 1934 856 die
1963 805 2267 862 Dominica
2295 808 2634 864 Palmarum
2668 826 2807 866 cum
2835 815 3219 884 processione
3269 818 3347 874 ab
3407 836 3503 876 ec-

1843 891 2023 949 clesia
2055 895 2108 949 8.
2144 896 2332 952 Mariae
2366 898 2424 953 in
2453 899 2620 954 Turri
2665 902 2906 970 exeatis,
2963 907 3018 958 et
3068 905 3370 963 venientes
3426 911 3505 966 ad

1842 998 2135 1053 magnum
2169 985 2351 1043 altare
2381 990 2435 1044 8.
2470 989 2619 1044 Petri
2649 990 2898 1046 missam
2936 992 3262 1053 celebretis.
3299 999 3507 1056 Simili-

1831 1074 1944 1136 ter,
1979 1077 2034 1127 et
2059 1075 2223 1129 omni
2249 1092 2410 1132 anno
2436 1078 2496 1132 in
2540 1079 2633 1134 die
2676 1084 2869 1136 Cumae
2926 1084 3161 1140 Domini
3215 1103 3322 1143 vos
3379 1106 3508 1146 ves-

1841 1164 2082 1233 trosque
2114 1181 2490 1222 successores
2534 1168 2786 1226 missam
2846 1189 3027 1245 super
3077 1175 3291 1232 eodem
3322 1179 3507 1238 altare

1845 1251 1900 1305 S.
1935 1253 2082 1306 Petri
2114 1254 2432 1323 celebrare,
2474 1259 2678 1315 Gloria
2717 1262 2778 1315 in
2812 1264 3060 1318 excelsis
3112 1266 3233 1321 Deo
3288 1269 3507 1343 dicere,

1846 1342 1899 1395 S.
1935 1340 2195 1399 chrisma
2222 1345 2535 1414 conﬁcere,
2571 1354 2626 1403 et
2656 1351 2823 1421 quod
2854 1351 2930 1406 ad
2963 1355 3320 1429 episcopum
3372 1340 3507 1432 per;

1843 1430 2005 1494 tinet,
2030 1447 2204 1500 agere
2238 1435 2540 1502 volumus,
2568 1442 2622 1492 et
2651 1439 2816 1494 omni
2843 1456 3004 1496 anno
3055 1444 3128 1498 de
3184 1430 3510 1507 Parasceve

1847 1536 2029 1593 supra
2058 1522 2259 1594 ipsum
2291 1525 2475 1581 altare
2507 1529 2707 1599 majus
2741 1531 2796 1586 S.
2843 1531 2992 1586 Petri
3022 1536 3213 1590 totum
3245 1537 3511 1598 ofﬁcium

1843 1618 2200 1680 reverenter,
2234 1619 2300 1670 ut
2337 1615 2506 1671 decet
2561 1634 2669 1672 vos
2727 1623 3080 1694 vestrosque
3136 1641 3511 1686 successores

1849 1700 2038 1755 facere
2068 1702 2372 1769 volumus,
2405 1705 2464 1759 in
2495 1705 2716 1778 quibus
2760 1707 2950 1764 tribus
3009 1711 3230 1781 missis,
3293 1717 3514 1775 scilicet

67 1787 252 1842 latere
286 1791 439 1841 terra
491 1787 546 1842 S.
580 1785 1051 1857 Laurentii.qu
1085 1785 1420 1858 appellatur
1453 1786 1732 1852 Salicara,
1767 1801 1808 1854 Β
1845 1787 1907 1843 111
1938 1789 2125 1846 11118811
2156 1791 2518 1863 Palmarum,
2551 1811 2657 1850 seu
2683 1795 2743 1850 in
2775 1796 2958 1853 missa
3003 1801 3196 1857 Coenae
3255 1807 3511 1875 Domini,

12 1891 13 1910 ι
71 1881 125 1930 et
155 1876 319 1930 rivus
349 1875 452 1948 qui
480 1875 669 1947 pergit
699 1891 804 1948 per
832 1879 1148 1931 Cussetum
1183 1880 1237 1930 et
1266 1875 1512 1932 Malean.
1571 1878 1736 1931 item-

12 1981 13 1990 ‘
70 1983 190 2037 que
219 1965 626 2031 concedimus,
673 1969 728 2020 et
758 1965 1189 2020 conﬁrmamus
1237 1966 1409 2020 vobis
1444 1967 1495 2020 in
1531 1983 1737 2038 perpe-

72 2063 246 2110 tuum
278 2055 588 2110 ecclesiam
620 2057 716 2110 SS.
749 2055 973 2110 Ruﬁnre
997 2060 1052 2110 et
1081 2056 1385 2122 Secundae,
1422 2057 1595 2111 sitam
1627 2057 1737 2111 Ro—

72 2146 387 2215 maejuxta
432 2143 723 2217 palatium
781 2150 1074 2211 nostrum,
1127 2161 1264 2200 cum
1321 2145 1602 2200 omnibus
1660 2146 1739 2201 ad

74 2251 213 2290 eam
243 2233 695 2306 pertinentibus.
735 2233 920 2288 Etiam
975 2234 1360 2289 concedimus
1419 2239 1476 2290 et
1526 2234 1738 2290 conﬁr-

73 2341 316 2380 mamus
346 2324 516 2379 vobis
548 2324 608 2379 in
638 2329 996 2396 perpetuum
1045 2324 1356 2379 ecclesiam
1407 2326 1460 2379 8.
1524 2324 1734 2391 Marias,

74 2431 215 2469 cum
242 2413 524 2469 omnibus
552 2413 673 2467 suis
715 2413 1146 2485 pertinentibus
1176 2415 1328 2469 intra
1355 2416 1510 2470 hanc
1542 2415 1740 2470 civita-

73 2510 192 2558 tem
226 2506 581 2573 Romanam,
614 2519 737 2558 non
768 2503 944 2573 longe
977 2519 1012 2558 a
1035 2509 1235 2560 monte
1277 2505 1380 2576 qui
1435 2507 1739 2574 Augustus

72 2594 309 2648 dicitur.
348 2593 565 2649 Pariter
596 2595 984 2649 concedimus
1015 2599 1070 2650 et
1100 2594 1536 2650 confirmamus
1567 2595 1738 2650 vobis

71 2684 406 2756 vestrisque
437 2683 884 2739 successoribus
927 2684 987 2739 in
1043 2690 1422 2756 perpetuum,
1473 2685 1646 2740 sicuti
1704 2701 1740 2740 a

74 2779 410 2829 memorato
445 2773 823 2828 sanctissimo
853 2789 1033 2845 papa,
1068 2773 1188 2828 sive
1244 2792 1278 2830 a
1308 2775 1480 2829 certis
1513 2775 1737 2848 praede.

72 2862 414 2917 cessoribus
441 2862 660 2917 nostris
690 2861 1073 2934 pontificibus
1114 2878 1402 2918 concessa
1435 2869 1490 2918 et
1519 2862 1737 2918 conﬁr-

71 2957 236 3008 mata
295 2952 553 3019 fuerunt,
603 2951 894 3018 videlicet,
953 2952 1316 3007 monasteria
1356 2952 1624 3026 quinque
1678 2956 1732 3009 8.

75 3040 359 3112 Stephani
391 3040 642 3110 Majoris,
678 3044 732 3094 et
762 3039 1017 3104 Minoris,
1049 3043 1526 3113 Sanctorumque
1555 3045 1734 3098 Joan-

1847 1879 1985 1934 etin
2013 1879 2209 1936 ofﬁcio
2242 1885 2584 1952 Parasceve,
2616 1885 2915 1958 quidquid
2940 1890 3069 1945 auri
3109 1892 3202 1947 vel
3257 1898 3510 1968 argenti,

1847 1969 2033 2040 pallii,
2068 1987 2173 2026 seu
2205 1988 2373 2038 cerae,
2404 1973 2492 2027 vel
2519 1974 2773 2030 aliarum
2799 1993 3002 2034 rerum
3034 1997 3218 2054 supra
3244 1983 3372 2054 jam
3395 1985 3516 2040 dic-

1849 2063 1908 2113 to
1936 2076 2106 2116 sacro
2129 2061 2299 2117 altari
2334 2064 2388 2118 S.
2422 2063 2588 2130 Petri,
2651 2065 2773 2121 sive
2813 2067 2873 2122 in
2927 2070 3300 2130 confessione
3355 2075 3515 2148 posi-

1850 2153 1998 2216 tum,
2032 2151 2449 2222 autjactatum
2481 2153 2654 2210 fuerit
2706 2156 2800 2211 vel
2855 2157 3025 2213 vobis
3080 2161 3372 2232 oblatum,
3436 2166 3513 2223 ab

1847 2237 1999 2294 hora
2029 2255 2151 2310 qua
2177 2240 2310 2312 ipsa
2339 2241 2544 2312 missa,
2573 2248 2628 2298 et
2649 2243 2914 2303 officium
2945 2247 3226 2307 inchoata
3273 2252 3511 2326 fuerint,

1849 2332 1905 2382 et
1930 2328 2165 2399 expleta
2195 2346 2302 2403 per
2331 2336 2567 2387 nostros
2600 2335 2878 2391 custodes
2898 2336 2958 2391 in
2981 2344 3264 2409 vestram,
3294 2351 3517 2402 vestro-

1848 2432 2105 2489 rumque
2134 2435 2551 2476 successorum
2584 2422 2871 2495 similiter,
2903 2433 3132 2484 remota
3159 2433 3324 2488 omni
3377 2452 3515 2493 con-

1849 2505 2220 2577 tradictione,
2252 2508 2528 2565 deveniat
2554 2515 2931 2582 potestatem,
2966 2514 3025 2570 in
3073 2518 3296 2588 quibus
3341 2522 3515 2594 quin-

1849 2611 1965 2667 que
1996 2595 2208 2651 diebus
2237 2597 2284 2651 si
2315 2598 2486 2653 vobis
2527 2600 2859 2673 vestrisque
2891 2607 3340 2664 successoribus
3373 2611 3512 2667 utile

1847 2685 2048 2740 visum
2075 2685 2250 2741 fuerit
2275 2686 2537 2760 aliquem
2564 2688 2960 2747 diaconorum
3002 2699 3346 2754 nostrorum
3406 2700 3513 2756 mi-

1848 2773 2098 2830 nistrare
2125 2775 2204 2830 ob
2236 2776 2528 2832 honorem
2559 2779 2613 2833 8.
2645 2777 2799 2834 Petri
2830 2787 3092 2838 vestram
3115 2789 3510 2846 reverentiam

1847 2862 2128 2918 volumus
2153 2869 2354 2936 petere
2381 2882 2392 2932 ;
2421 2870 2776 2937 potestatem
2807 2876 3006 2926 autem
3036 2875 3308 2942 ejusdem
3332 2879 3514 2935 eccle-

1847 2952 1947 3006 siae
1977 2954 2031 3009 S.
2069 2953 2221 3008 Petri
2247 2958 2303 3008 et
2333 2955 2813 3026 supradictorum
2845 2975 3090 3018 suorum
3114 2970 3510 3025 monasterio-

1844 3058 2002 3110 rum,
2036 3046 2092 3098 et
2121 3048 2335 3098 cuncta
2365 3043 2765 3102 ecclesiastica
2791 3047 3020 3117 judicia
3048 3051 3338 3124 ipsorum,
3402 3076 3509 3117 seu

69 3130 163 3186 nis
195 3135 250 3185 et
279 3128 461 3196 Pauli,
493 3133 550 3184 et
580 3132 636 3184 Β.
673 3130 920 3198 Martini,
949 3135 1127 3203 atque
1150 3131 1395 3198 Theclre,
1455 3134 1734 3190 constitu-
1775 3159 1813 3215 ρ
1845 3131 2022 3188 totius
2054 3133 2304 3188 civitatis
2336 3135 2606 3189 [0011111το
2642 3136 2809 3192 vobis
2838 3141 3167 3214 vestrisque
3199 3161 3509 3206 successo-

69 3226 128 3275 ta
152 3220 325 3290 juxto
347 3234 636 3288 magnam
663 3219 974 3275 ecclesiam
1003 3222 1056 3276 S.
1088 3220 1254 3288 Petri,
1291 3238 1428 3276 cum
1451 3223 1734 3278 omnibus

70 3326 279 3365 eorum
315 3307 704 3381 pertinentiis,
739 3325 1070 3381 omnesque
1095 3311 1577 3367 consecrationes
1597 3329 1732 3385 quae

70 3399 295 3455 ibidem
327 3403 482 3467 sunt,
516 3403 619 3453 aut
647 3398 708 3453 in
739 3399 1022 3470 praedicta
1053 3399 1214 3455 alma
1247 3400 1496 3456 ecclesia
1540 3405 1594 3458 S.
1631 3405 1732 3458 Pc-

73 3489 163 3555 tri,
196 3493 299 3544 aut
323 3487 383 3542 in
411 3487 634 3543 caeteris
661 3486 946 3554 ecclesiis,
979 3505 1115 3560 quas
1144 3494 1282 3544 sunt
1307 3491 1636 3545 constitutae
1672 3491 1733 3545 in

71 3583 192 3635 tota
213 3577 446 3634 civitate
471 3577 748 3644 Leonina,
779 3581 833 3631 et
865 3577 915 3631 si
942 3577 1349 3632 necessarium
1404 3578 1576 3634 fuerit
1631 3595 1732 3634 0118

70 3683 442 3737 consecrare,
476 3666 676 3721 nullus
702 3665 853 3721 alius
884 3665 1207 3738 episcopus
1233 3666 1309 3722 ad
1336 3666 1450 3722 tale
1473 3667 1734 3723 ministe-

68 3759 246 3827 rium,
276 3756 369 3812 vel
400 3757 912 3812 consecrationem
939 3756 1221 3811 accedere
1244 3761 1586 3828 przesumat,
1615 3757 1732 3812 nisi

68 3865 176 3904 vos
203 3847 499 3919 vestrique
534 3863 908 3902 successores
940 3845 1202 3918 episcopi
1237 3847 1291 3902 S.
1329 3845 1497 3902 Silvae
1529 3846 1730 3903 candi-

69 3939 160 3993 dae
188 3936 451 3993 0001081111
483 3936 541 3992 111
567 3940 944 4010 perpetuum.

142 4026 540 4083 Concedimus
571 4031 772 4081 autem
803 4029 859 4080 et
888 4024 1320 4081 confirmamus
1365 4025 1539 4081 vobis
1595 4042 1730 4081 ves-

71 4117 291 4180 trisque
321 4115 768 4171 successoribus
793 4116 851 4170 111
879 4119 1239 4187 perpetuum
1278 4117 1332 4171 S.
1367 4114 1528 4170 diem
1583 4115 1729 4172 Sab-

68 4206 193 4263 bati
224 4206 303 4262 ad
354 4205 639 4278 baptismi
685 4209 1130 4261 sacramentum
1191 4203 1642 4272 celebrandum,
1673 4210 1731 4262 et

71 4301 260 4353 totum
314 4295 578 4352 officium
632 4295 995 4366 faciendum,
1044 4295 1104 4350 in
1160 4295 1410 4351 ecclesia
1463 4298 1526 4350 B.
1580 4297 1730 4352 Petri

69 4386 347 4459 apostoli,
371 4391 425 4441 et
455 4385 638 4458 supra
668 4402 959 4456 magnum
986 4385 1188 4453 altare,
1222 4386 1280 4440 in
1303 4402 1424 4458 quo
1451 4390 1569 4441 toto
1591 4402 1724 4442 ven.

68 4478 259 4548 altari,
293 4495 398 4532 seu
428 4477 485 4532 in
518 4477 912 4545 confessione,
945 4475 1242 4549 q'lidquid
1289 4475 1437 4542 auri,
1494 4476 1589 4531 vel
1640 4493 1729 4532 ar-
1762 4517 1806 4571 Β

67 4567 246 4638 genti,
280 4566 465 4640 pallii,
497 4567 592 4622 vel
621 4583 790 4631 cerae,
826 4567 948 4622 sive
1007 4565 1263 4621 aliarum
1319 4583 1519 4621 rerum
1571 4567 1730 4638 posi-

68 4664 216 4726 tum,
246 4656 339 4713 vel
361 4657 650 4724 oblatum,
684 4656 778 4711 vel
817 4657 1110 4727 jactatum
1163 4655 1353 4727 fuerit,
1409 4655 1501 4710 vel
1553 4655 1728 4712 vobis

67 4747 356 4811 oblatum,
383 4746 460 4801 ab
486 4746 637 4801 hora
664 4743 936 4800 videlicet
957 4744 1073 4799 diei
1107 4744 1294 4809 tertia,
1330 4760 1451 4816 qua
1497 4743 1728 4813 ingredi

69 4835 380 4891 ecclesiam
413 4834 490 4890 ad
512 4833 918 4889 ordinandum
943 4837 999 4888 et
1019 4833 1434 4905 peragendum
1454 4833 1726 4889 divinum

69 4924 332 4981 ofﬁcium
363 4941 472 4980 vos
503 4923 805 4988 volumus,
834 4926 890 4977 et
939 4937 1258 4993 usquequo
1315 4921 1614 4995 expletam
1669 4925 1723 4979 S.

71 5014 390 5072 Dominica:
410 5013 527 5069 diei
546 5013 792 5068 missam
819 5011 1151 5067 habueritis
1172 5027 1280 5083 per
1305 5016 1536 5067 vestros
1561 5028 1728 5068 cura-

68 5111 223 5162 tores
255 5104 315 5159 in
346 5107 606 5159 vestram
636 5106 1096 5173 vestrorumque
1147 5117 1584 5170 successorum,
1640 5118 1728 5158 re-

69 5198 232 5253 mota
269 5193 435 5250 omni
466 5192 956 5256 contradictione,
1016 5190 1294 5246 deveniat
1346 5195 1721 5264 potestatem.

71 5290 137 5343 Et
186 5273 328 5357 quia
382 5299 577 5355 usque
636 5281 738 5338 ad
770 5286 1045 5336 nostrum
1073 5285 1314 5352 tempus
1374 5281 1435 5335 in
1479 5279 1726 5351 praefata

70 5374 312 5434 ecclesia
385 5375 438 5429 8.
493 5372 664 5441 Ρο111,
724 5387 758 5427 a
812 5387 934 5444 qua
984 5385 1135 5443 pene
1193 5386 1404 5425 omnes
1463 5370 1724 5427 ecclesiae

69 5465 402 5524 doctrinam
456 5467 834 5534 acceperunt,
893 5461 1043 5517 sicut
1091 5476 1126 5516 a
1182 5461 1469 5531 magistra
1516 5467 1570 5517 et
1611 5465 1724 5517 Do-

70 5557 250 5622 mina,
308 5555 435 5610 dies
484 5552 792 5608 Dominica
846 5551 1209 5622 Palmarum,
1261 5557 1318 5606 et
1361 5552 1486 5606 dies
1533 5555 1724 5607 (3101110

73 5643 302 5702 Domini
343 5647 397 5698 01
447 5644 768 5697 Parasceve
823 5644 948 5696 tam
997 5641 1385 5696 irreverenter
1443 5640 1726 5697 coleban-

71 5740 183 5802 tur,
229 5739 291 5789 ut
345 5749 456 5790 nec
509 5731 812 5805 processio
861 5747 997 5785 cum
1051 5730 1267 5803 palmis
1320 5731 1381 5785 in
1439 5730 1570 5803 ipsa
1629 5730 1724 5786 die

72 5823 693 5891 Dominicaibitieret,
749 5836 944 5895 neque
997 5819 1058 5876 in
1103 5820 1198 5876 die
1253 5835 1438 5876 0101110
1493 5820 1725 5880 Domini

387 5915 630 5973 PATROL.
667 5911 856 5973 CXLI.

1842 3221 2007 3277 ribus
2037 3223 2426 3279 concedimus
2454 3229 2511 3280 et
2531 3225 2984 3300 confirmamus,
3009 3231 3304 3308 similique
3325 3241 3508 3298 modo

1846 3311 1923 3367 ad
1979 3311 2398 3382 inungendum
2450 3319 2506 3370 et
2552 3317 3031 3375 consecrandum
3083 3321 3508 3395 imperatorem

1840 3401 2107 3472 primum
2136 3406 2402 3457 vestram
2429 3406 2486 3458 et
2529 3409 2865 3461 vestrorum
2924 3424 3341 3471 successorum
3393 3419 3510 3491 epi-

1843 3506 2168 3562 scoporum
2198 3489 2622 3547 fraternitatem
2677 3508 3104 3565 convocamus,
3162 3505 3226 3556 ut
3282 3489 3504 3576 quibus

1840 3579 2107 3648 regimen
2135 3579 2311 3635 totius
2343 3579 2613 3636 Ecclesiae
2649 3583 2704 3637 S.
2737 3583 2885 3638 Petri
2915 3588 2972 3640 et
3009 3587 3256 3645 civitatis
3301 3595 3504 3652 Leoni-

1840 3685 1933 3725 nae
1958 3669 2352 3724 commissum
2379 3674 2466 3724 est
2496 3669 2573 3725 ab
2596 3670 2688 3726 his
2715 3671 2981 3743 primum
3007 3675 3498 3742 sitbenedictum.

1839 3763 1952 3815 Nec
1985 3775 2108 3815 non
2137 3763 2352 3814 cuncta
2384 3774 2557 3815 sacra
2586 3759 2802 3833 ofﬁcia,
2847 3779 2952 3820 seu
3004 3769 3311 3842 mysteria,
3365 3791 3501 3848 quae

1839 3865 1950 3905 nos
1980 3852 2035 3904 et
2064 3864 2440 3903 successores
2466 3849 2652 3904 nostri
2690 3850 2882 3907 facere
2914 3853 3227 3924 debemus,
3261 3861 3309 3917 si
3335 3866 3502 3936 aegri-

1839 3937 2066 4006 tudine,
2098 3937 2193 3993 vel
2222 3936 2424 4010 aliqua
2454 3954 2597 3994 cura
2623 3938 2893 4013 impediti
2919 3943 3112 4002 facere
3134 3963 3255 4004 non
3283 3967 3503 4024 possu-

1839 4044 1998 4093 mus,
2027 4027 2230 4083 tamin
2258 4027 2603 4099 supradicta
2623 4029 2877 4087 ecclesia
2902 4034 2956 4089 S.
2987 4035 3154 4104 Petri,
3181 4043 3237 4094 et
3259 4056 3504 4101 monas-

1839 4117 2000 4173 teriis
2029 4116 2154 4172 suis
2185 4133 2374 4189 quam
2401 4134 2510 4190 per
2563 4122 2751 4176 totam
2801 4121 3101 4181 civitatem
3155 4129 3499 4204 Leoninam,

1838 4223 1945 4280 per
1995 4223 2107 4262 vos
2146 4210 2499 4280 vestrosque
2556 4225 2934 4268 successores
2985 4213 3114 4270 fieri
3172 4221 3504 4291 apostolica

1839 4295 2185 4352 auctoritate
2208 4295 2606 4352 decernimus.

1911 4384 2428 4442 Consecrationem
2479 4403 2622 4442 vero
2678 4387 2956 4446 altarium
3008 4391 3270 4450 ecclesiae
3299 4398 3353 4453 S.
3401 4401 3502 4455 Pe-

1836 4474 1908 4531 tri
1967 4479 2024 4530 et
2066 4473 2320 4528 aliorum
2370 4476 2892 4547 monasteriorum,
2941 4495 3051 4537 nec
3119 4499 3244 4540 non
3290 4502 3502 4544 conse-

1839 4564 2164 4620 crationem
2249 4563 2657 4636 ecclesiarum,
2717 4565 3015 4639 altarium,
3095 4574 3499 4645 sacerdotum,

1837 4651 2254 4718 diaconorum,
2314 4668 2420 4708 seu
2471 4653 2940 4714 diaconistarum
3017 4660 3193 4717 totius
3251 4664 3503 4722 civitatis

1838 4743 2112 4798 Leonince
2169 4743 2361 4810 vobis,
2394 4745 2722 4818 vestrisque
2778 4750 3224 4808 successoribus
3278 4753 3338 4810 in
3375 4772 3505 4829 per-

1835 4836 2107 4905 petuum,
2167 4831 2317 4888 sicut
2372 4833 2753 4905 praelibatum
2836 4841 2942 4909 est,
2995 4841 3387 4899 concedimus
3447 4851 3503 4902 et

1837 4921 2289 4978 conﬁrmamus.
2350 4924 2656 4996 Superque
2697 4925 2878 4983 etiam
2938 4929 3204 4986 ecclesiae
3265 4933 3358 4989 SS.
3394 4937 3504 4991 Ru-

1835 5012 1973 5067 111110
2026 5015 2081 5067 01
2139 5013 2449 5079 8000111110,
2524 5013 2620 5070 0111
2678 5017 2797 5071 Deo
2855 5023 3096 5075 auctore
3145 5023 3503 5097 praesidetis,

1837 5101 2011 5157 vobis
2082 5101 2410 5174 vestrisque
2483 5106 2933 5163 successoribus
3002 5108 3064 5164 in
3142 5116 3504 5185 perpetuum

1836 5189 2223 5246 concedimus
2271 5195 2327 5246 et
2379 5193 2812 5250 conﬁrmamus
2869 5196 3049 5254 etiam
3081 5198 3396 5258 ecclesiam
3443 5205 3500 5261 S.

1836 5278 2137 5334 Adalberti
2167 5284 2224 5334 et
2288 5280 2516 5337 Paulini
2563 5299 2703 5338 cum
2756 5285 3005 5342 ecclesia
3062 5289 3118 5344 8.
3179 5291 3501 5361 Benedicti,

1836 5372 1892 5424 et
1915 5368 2082 5424 omni
2113 5385 2223 5424 sua
2252 5369 2584 5440 integritate
2615 5379 2672 5429 et
2698 5375 3086 5447 pertinentiis,
3119 5381 3177 5434 et
3226 5379 3379 5438 sicut
3426 5384 3507 5440 ad

1834 5475 2054 5514 manus
2085 5463 2314 5516 vestras
2343 5461 2521 5518 hodie
2554 5465 2762 5520 tenetis
2782 5466 2978 5539 posita
3006 5467 3161 5524 infra
3213 5470 3374 5530 hanc
3431 5475 3511 5531 01-

1832 5549 2078 5605 vitatem
2109 5551 2450 5608 Romanam
2474 5553 2533 5608 in
2565 5553 2762 5611 insula
2793 5559 3116 5629 Lycaonia,
3150 5565 3216 5617 ut
3236 5563 3312 5620 sit
3332 5564 3504 5621 vobis

1831 5639 2163 5712 vestrisque
2191 5642 2636 5698 successoribus
2659 5661 2797 5701 cum
2826 5647 3130 5706 volueritis
3163 5653 3506 5727 episcopale

1835 5729 2227 5797 domicilium,
2257 5737 2313 5788 et
2341 5749 2675 5803 congruum
2702 5741 3154 5812 receptaculUm
3214 5749 3507 5818 0111101111-

1836 5835 2107 5896 numque
2166 5822 2599 5896 habitaculum,
2659 5830 3183 5904 quemadmodum
3222 5833 3518 5892 interesse

3093 5922 3159 5987 36
