  <div class='ocr_page' id='page_1' title='image "/cluster/home/n/w/nwhite01/storage/ocr_20150623/140-141/uc1.31175018559917/1141.png"; bbox 0 0 3888 6400; ppageno 0'>
   <div class='ocr_carea' id='block_1_1' title="bbox 392 267 534 343">
    <p class='ocr_par' dir='ltr' id='par_1_1' title="bbox 392 267 534 343">
     <span class='ocr_line' id='line_1_1' title="bbox 392 267 534 343; baseline -0.014 0"><span class='ocrx_word' id='word_1_1' title='bbox 392 267 534 343; x_wconf 62' lang='lat' dir='ltr'>r131</span> 
     </span>
    </p>
   </div>
   <div class='ocr_carea' id='block_1_2' title="bbox 1753 260 2435 335">
    <p class='ocr_par' dir='ltr' id='par_1_2' title="bbox 1753 260 2435 335">
     <span class='ocr_line' id='line_1_2' title="bbox 1753 260 2435 335; baseline 0.001 -1"><span class='ocrx_word' id='word_1_2' title='bbox 1753 264 2041 334; x_wconf 69' lang='lat' dir='ltr'>JoANNIs</span> <span class='ocrx_word' id='word_1_3' title='bbox 2075 274 2184 333; x_wconf 84' lang='lat' dir='ltr'>XIX</span> <span class='ocrx_word' id='word_1_4' title='bbox 2219 260 2435 335; x_wconf 51' lang='lat' dir='ltr'>raris.</span> 
     </span>
    </p>
   </div>
   <div class='ocr_carea' id='block_1_3' title="bbox 3708 266 3850 339">
    <p class='ocr_par' dir='ltr' id='par_1_3' title="bbox 3708 266 3850 339">
     <span class='ocr_line' id='line_1_3' title="bbox 3708 266 3850 339; baseline 0.007 -1"><span class='ocrx_word' id='word_1_5' title='bbox 3708 266 3850 339; x_wconf 63' lang='lat' dir='ltr'>i432</span> 
     </span>
    </p>
   </div>
   <div class='ocr_carea' id='block_1_4' title="bbox 397 401 2936 472">
    <p class='ocr_par' dir='ltr' id='par_1_4' title="bbox 397 401 2936 472">
     <span class='ocr_line' id='line_1_4' title="bbox 397 401 2936 472; baseline -0.002 -6"><span class='ocrx_word' id='word_1_6' title='bbox 397 408 636 465; x_wconf 87' lang='lat' dir='ltr'>videtur</span> <span class='ocrx_word' id='word_1_7' title='bbox 654 409 1039 465; x_wconf 89' lang='lat' dir='ltr'>Portuensem</span> <span class='ocrx_word' id='word_1_8' title='bbox 1078 404 1409 472; x_wconf 85' lang='lat' dir='ltr'>ecclesiam,</span> <span class='ocrx_word' id='word_1_9' title='bbox 1469 404 1526 460; x_wconf 93' lang='grc'>8.</span> <span class='ocrx_word' id='word_1_10' title='bbox 1573 405 1865 459; x_wconf 84' lang='lat' dir='ltr'>Joannem</span> <span class='ocrx_word' id='word_1_11' title='bbox 1893 401 2044 457; x_wconf 90' lang='lat' dir='ltr'>inter</span> <span class='ocrx_word' id='word_1_12' title='bbox 2086 403 2135 456; x_wconf 82' lang='grc' dir='ltr'><strong>Α</strong></span> <span class='ocrx_word' id='word_1_13' title='bbox 2231 402 2597 459; x_wconf 91' lang='lat' dir='ltr'>Crescentius</span> <span class='ocrx_word' id='word_1_14' title='bbox 2621 403 2936 462; x_wconf 85' lang='lat' dir='ltr'>diaconus.</span> 
     </span>
    </p>
   </div>
   <div class='ocr_carea' id='block_1_5' title="bbox 397 489 2043 570">
    <p class='ocr_par' dir='ltr' id='par_1_5' title="bbox 397 489 2043 570">
     <span class='ocr_line' id='line_1_5' title="bbox 397 489 2043 570; baseline -0.005 -17"><span class='ocrx_word' id='word_1_15' title='bbox 397 496 554 553; x_wconf 90' lang='lat' dir='ltr'>duos</span> <span class='ocrx_word' id='word_1_16' title='bbox 583 498 815 570; x_wconf 91' lang='lat' dir='ltr'>pontes,</span> <span class='ocrx_word' id='word_1_17' title='bbox 842 494 1223 568; x_wconf 78' lang='lat' dir='ltr'>presbyteros</span> <span class='ocrx_word' id='word_1_18' title='bbox 1253 506 1394 548; x_wconf 90' lang='lat' dir='ltr'>vero</span> <span class='ocrx_word' id='word_1_19' title='bbox 1424 494 1481 546; x_wconf 90' lang='lat' dir='ltr'>et</span> <span class='ocrx_word' id='word_1_20' title='bbox 1510 489 1774 559; x_wconf 87' lang='lat' dir='ltr'>clericos,</span> <span class='ocrx_word' id='word_1_21' title='bbox 1805 489 1908 562; x_wconf 88' lang='lat' dir='ltr'>qui</span> <span class='ocrx_word' id='word_1_22' title='bbox 1933 504 2043 563; x_wconf 89' lang='lat' dir='ltr'>pro</span> 
     </span>
    </p>
   </div>
   <div class='ocr_carea' id='block_1_6' title="bbox 397 577 2041 658">
    <p class='ocr_par' dir='ltr' id='par_1_6' title="bbox 397 577 2041 658">
     <span class='ocr_line' id='line_1_6' title="bbox 397 577 2041 658; baseline -0.005 -16"><span class='ocrx_word' id='word_1_23' title='bbox 397 590 667 658; x_wconf 87' lang='lat' dir='ltr'>tempore</span> <span class='ocrx_word' id='word_1_24' title='bbox 694 584 756 639; x_wconf 91' lang='lat' dir='ltr'>in</span> <span class='ocrx_word' id='word_1_25' title='bbox 785 582 1000 639; x_wconf 90' lang='lat' dir='ltr'>eadem</span> <span class='ocrx_word' id='word_1_26' title='bbox 1036 580 1286 637; x_wconf 84' lang='lat' dir='ltr'>ecclesia</span> <span class='ocrx_word' id='word_1_27' title='bbox 1322 582 1376 635; x_wconf 89' lang='lat' dir='ltr'>S.</span> <span class='ocrx_word' id='word_1_28' title='bbox 1411 578 1734 648; x_wconf 83' lang='lat' dir='ltr'>Adalberti,</span> <span class='ocrx_word' id='word_1_29' title='bbox 1792 577 2041 647; x_wconf 89' lang='lat' dir='ltr'>Paulini,</span> 
     </span>
    </p>
   </div>
   <div class='ocr_carea' id='block_1_7' title="bbox 398 667 2043 741">
    <p class='ocr_par' dir='ltr' id='par_1_7' title="bbox 398 667 2043 741">
     <span class='ocr_line' id='line_1_7' title="bbox 398 667 2043 741; baseline -0.005 -9"><span class='ocrx_word' id='word_1_30' title='bbox 398 679 456 732; x_wconf 92' lang='lat' dir='ltr'>et</span> <span class='ocrx_word' id='word_1_31' title='bbox 480 672 777 729; x_wconf 76' lang='lat' dir='ltr'>Benedicti</span> <span class='ocrx_word' id='word_1_32' title='bbox 807 671 1042 741; x_wconf 85' lang='lat' dir='ltr'>fuerint,</span> <span class='ocrx_word' id='word_1_33' title='bbox 1068 670 1151 728; x_wconf 89' lang='lat' dir='ltr'>ita</span> <span class='ocrx_word' id='word_1_34' title='bbox 1194 669 1494 741; x_wconf 78' lang='lat' dir='ltr'>subjectos</span> <span class='ocrx_word' id='word_1_35' title='bbox 1522 669 1688 726; x_wconf 81' lang='lat' dir='ltr'>vobis</span> <span class='ocrx_word' id='word_1_36' title='bbox 1729 683 1859 725; x_wconf 85' lang='lat' dir='ltr'>esse</span> <span class='ocrx_word' id='word_1_37' title='bbox 1883 667 2043 724; x_wconf 91' lang='lat' dir='ltr'>volu-</span> 
     </span>
    </p>
   </div>
   <div class='ocr_carea' id='block_1_8' title="bbox 395 756 2043 836">
    <p class='ocr_par' dir='ltr' id='par_1_8' title="bbox 395 756 2043 836">
     <span class='ocr_line' id='line_1_8' title="bbox 395 756 2043 836; baseline -0.005 -16"><span class='ocrx_word' id='word_1_38' title='bbox 395 779 532 821; x_wconf 87' lang='lat' dir='ltr'>mus</span> <span class='ocrx_word' id='word_1_39' title='bbox 552 766 618 818; x_wconf 90' lang='lat' dir='ltr'>ut</span> <span class='ocrx_word' id='word_1_40' title='bbox 640 760 913 836; x_wconf 92' lang='lat' dir='ltr'>proprios</span> <span class='ocrx_word' id='word_1_41' title='bbox 942 760 1096 817; x_wconf 92' lang='lat' dir='ltr'>ﬁlios</span> <span class='ocrx_word' id='word_1_42' title='bbox 1125 758 1386 816; x_wconf 72' lang='lat' dir='ltr'>ecclesias</span> <span class='ocrx_word' id='word_1_43' title='bbox 1414 762 1640 827; x_wconf 79' lang='lat' dir='ltr'>vestrae,</span> <span class='ocrx_word' id='word_1_44' title='bbox 1669 763 1726 815; x_wconf 92' lang='lat' dir='ltr'>et</span> <span class='ocrx_word' id='word_1_45' title='bbox 1768 758 1846 815; x_wconf 91' lang='lat' dir='ltr'>ab</span> <span class='ocrx_word' id='word_1_46' title='bbox 1878 756 2043 813; x_wconf 91' lang='lat' dir='ltr'>omni</span> 
     </span>
    </p>
   </div>
   <div class='ocr_carea' id='block_1_9' title="bbox 390 847 2038 925">
    <p class='ocr_par' dir='ltr' id='par_1_9' title="bbox 390 847 2038 925">
     <span class='ocr_line' id='line_1_9' title="bbox 390 847 2038 925; baseline -0.004 -17"><span class='ocrx_word' id='word_1_47' title='bbox 390 854 524 925; x_wconf 85' lang='lat' dir='ltr'>jure</span> <span class='ocrx_word' id='word_1_48' title='bbox 552 850 683 908; x_wconf 90' lang='lat' dir='ltr'>illos</span> <span class='ocrx_word' id='word_1_49' title='bbox 708 850 1136 918; x_wconf 89' lang='lat' dir='ltr'>subtrahimus,</span> <span class='ocrx_word' id='word_1_50' title='bbox 1164 853 1280 905; x_wconf 80' lang='lat' dir='ltr'>tuae</span> <span class='ocrx_word' id='word_1_51' title='bbox 1308 847 1650 922; x_wconf 90' lang='lat' dir='ltr'>paternitati</span> <span class='ocrx_word' id='word_1_52' title='bbox 1679 851 1881 904; x_wconf 90' lang='lat' dir='ltr'>tamen</span> <span class='ocrx_word' id='word_1_53' title='bbox 1934 862 2038 902; x_wconf 88' lang='lat' dir='ltr'>eos</span> 
     </span>
    </p>
   </div>
   <div class='ocr_carea' id='block_1_10' title="bbox 394 935 2040 1012">
    <p class='ocr_par' dir='ltr' id='par_1_10' title="bbox 394 935 2040 1012">
     <span class='ocr_line' id='line_1_10' title="bbox 394 935 2040 1012; baseline -0.004 -15"><span class='ocrx_word' id='word_1_54' title='bbox 394 939 849 1012; x_wconf 80' lang='lat' dir='ltr'>committentes,</span> <span class='ocrx_word' id='word_1_55' title='bbox 897 942 962 995; x_wconf 90' lang='lat' dir='ltr'>ut</span> <span class='ocrx_word' id='word_1_56' title='bbox 1013 936 1392 994; x_wconf 87' lang='lat' dir='ltr'>solummodo</span> <span class='ocrx_word' id='word_1_57' title='bbox 1438 942 1703 994; x_wconf 89' lang='lat' dir='ltr'>vestrum</span> <span class='ocrx_word' id='word_1_58' title='bbox 1746 935 2040 1008; x_wconf 90' lang='lat' dir='ltr'>judicium</span> 
     </span>
    </p>
   </div>
   <div class='ocr_carea' id='block_1_11' title="bbox 391 1024 2037 1103">
    <p class='ocr_par' dir='ltr' id='par_1_11' title="bbox 391 1024 2037 1103">
     <span class='ocr_line' id='line_1_11' title="bbox 391 1024 2037 1103; baseline -0.004 -17"><span class='ocrx_word' id='word_1_59' title='bbox 391 1031 752 1103; x_wconf 74' lang='lat' dir='ltr'>exspectent,</span> <span class='ocrx_word' id='word_1_60' title='bbox 779 1030 974 1084; x_wconf 88' lang='lat' dir='ltr'>vestro</span> <span class='ocrx_word' id='word_1_61' title='bbox 1003 1024 1268 1083; x_wconf 87' lang='lat' dir='ltr'>dominio</span> <span class='ocrx_word' id='word_1_62' title='bbox 1284 1024 1666 1095; x_wconf 85' lang='lat' dir='ltr'>famulentur,</span> <span class='ocrx_word' id='word_1_63' title='bbox 1698 1029 1755 1081; x_wconf 89' lang='lat' dir='ltr'>et</span> <span class='ocrx_word' id='word_1_64' title='bbox 1777 1039 1884 1097; x_wconf 91' lang='lat' dir='ltr'>per</span> <span class='ocrx_word' id='word_1_65' title='bbox 1907 1039 2037 1081; x_wconf 90' lang='lat' dir='ltr'>om-</span> 
     </span>
    </p>
   </div>
   <div class='ocr_carea' id='block_1_12' title="bbox 389 1112 2032 1183">
    <p class='ocr_par' dir='ltr' id='par_1_12' title="bbox 389 1112 2032 1183">
     <span class='ocr_line' id='line_1_12' title="bbox 389 1112 2032 1183; baseline -0.005 -8"><span class='ocrx_word' id='word_1_66' title='bbox 389 1119 495 1176; x_wconf 89' lang='lat' dir='ltr'>nia</span> <span class='ocrx_word' id='word_1_67' title='bbox 515 1116 726 1174; x_wconf 77' lang='lat' dir='ltr'>vestris</span> <span class='ocrx_word' id='word_1_68' title='bbox 751 1115 1142 1173; x_wconf 86' lang='lat' dir='ltr'>rationalibus</span> <span class='ocrx_word' id='word_1_69' title='bbox 1168 1112 1583 1171; x_wconf 90' lang='lat' dir='ltr'>obsecundent</span> <span class='ocrx_word' id='word_1_70' title='bbox 1602 1112 1923 1183; x_wconf 86' lang='lat' dir='ltr'>mandatis,</span> <span class='ocrx_word' id='word_1_71' title='bbox 1950 1116 2032 1180; x_wconf 87' lang='lat' dir='ltr'>ut,</span> 
     </span>
    </p>
   </div>
   <div class='ocr_carea' id='block_1_13' title="bbox 391 1201 2037 1283">
    <p class='ocr_par' dir='ltr' id='par_1_13' title="bbox 391 1201 2037 1283">
     <span class='ocr_line' id='line_1_13' title="bbox 391 1201 2037 1283; baseline -0.005 -18"><span class='ocrx_word' id='word_1_72' title='bbox 391 1207 701 1283; x_wconf 92' lang='lat' dir='ltr'>quomodo</span> <span class='ocrx_word' id='word_1_73' title='bbox 732 1205 902 1263; x_wconf 84' lang='lat' dir='ltr'>vobis</span> <span class='ocrx_word' id='word_1_74' title='bbox 946 1204 1158 1279; x_wconf 90' lang='lat' dir='ltr'>placet,</span> <span class='ocrx_word' id='word_1_75' title='bbox 1204 1220 1306 1260; x_wconf 91' lang='lat' dir='ltr'>eos</span> <span class='ocrx_word' id='word_1_76' title='bbox 1354 1202 1652 1272; x_wconf 90' lang='lat' dir='ltr'>ordinare,</span> <span class='ocrx_word' id='word_1_77' title='bbox 1703 1201 2037 1259; x_wconf 84' lang='lat' dir='ltr'>secundum</span> 
     </span>
    </p>
   </div>
   <div class='ocr_carea' id='block_1_14' title="bbox 391 1292 2036 1367">
    <p class='ocr_par' dir='ltr' id='par_1_14' title="bbox 391 1292 2036 1367">
     <span class='ocr_line' id='line_1_14' title="bbox 391 1292 2036 1367; baseline -0.005 -13"><span class='ocrx_word' id='word_1_78' title='bbox 391 1298 578 1366; x_wconf 81' lang='lat' dir='ltr'>decet,</span> <span class='ocrx_word' id='word_1_79' title='bbox 604 1311 829 1367; x_wconf 90' lang='lat' dir='ltr'>regere,</span> <span class='ocrx_word' id='word_1_80' title='bbox 855 1292 1176 1351; x_wconf 88' lang='lat' dir='ltr'>informare</span> <span class='ocrx_word' id='word_1_81' title='bbox 1205 1297 1263 1350; x_wconf 92' lang='lat' dir='ltr'>et</span> <span class='ocrx_word' id='word_1_82' title='bbox 1287 1292 1607 1350; x_wconf 90' lang='lat' dir='ltr'>emendare</span> <span class='ocrx_word' id='word_1_83' title='bbox 1635 1296 1840 1350; x_wconf 89' lang='lat' dir='ltr'>nostra</span> <span class='ocrx_word' id='word_1_84' title='bbox 1864 1306 2036 1365; x_wconf 89' lang='lat' dir='ltr'>apos-</span> 
     </span>
    </p>
   </div>
   <div class='ocr_carea' id='block_1_15' title="bbox 389 1380 2034 1456">
    <p class='ocr_par' dir='ltr' id='par_1_15' title="bbox 389 1380 2034 1456">
     <span class='ocr_line' id='line_1_15' title="bbox 389 1380 2034 1456; baseline -0.005 -12"><span class='ocrx_word' id='word_1_85' title='bbox 389 1385 566 1444; x_wconf 90' lang='lat' dir='ltr'>tolica</span> <span class='ocrx_word' id='word_1_86' title='bbox 595 1384 941 1442; x_wconf 89' lang='lat' dir='ltr'>auctoritate</span> <span class='ocrx_word' id='word_1_87' title='bbox 972 1382 1032 1439; x_wconf 92' lang='lat' dir='ltr'>in</span> <span class='ocrx_word' id='word_1_88' title='bbox 1080 1387 1437 1456; x_wconf 91' lang='lat' dir='ltr'>perpetuum</span> <span class='ocrx_word' id='word_1_89' title='bbox 1488 1381 1681 1449; x_wconf 89' lang='lat' dir='ltr'>liceat,</span> <span class='ocrx_word' id='word_1_90' title='bbox 1737 1380 2034 1455; x_wconf 78' lang='lat' dir='ltr'>praedictis</span> 
     </span>
    </p>
   </div>
   <div class='ocr_carea' id='block_1_16' title="bbox 384 1471 2033 1541">
    <p class='ocr_par' dir='ltr' id='par_1_16' title="bbox 384 1471 2033 1541">
     <span class='ocr_line' id='line_1_16' title="bbox 384 1471 2033 1541; baseline -0.005 -7"><span class='ocrx_word' id='word_1_91' title='bbox 384 1492 526 1534; x_wconf 91' lang='lat' dir='ltr'>vero</span> <span class='ocrx_word' id='word_1_92' title='bbox 549 1474 832 1531; x_wconf 76' lang='lat' dir='ltr'>omnibus</span> <span class='ocrx_word' id='word_1_93' title='bbox 852 1472 1015 1541; x_wconf 92' lang='lat' dir='ltr'>locis,</span> <span class='ocrx_word' id='word_1_94' title='bbox 1042 1477 1098 1529; x_wconf 92' lang='lat' dir='ltr'>et</span> <span class='ocrx_word' id='word_1_95' title='bbox 1111 1472 1349 1529; x_wconf 89' lang='lat' dir='ltr'>familiis</span> <span class='ocrx_word' id='word_1_96' title='bbox 1369 1488 1507 1529; x_wconf 92' lang='lat' dir='ltr'>cum</span> <span class='ocrx_word' id='word_1_97' title='bbox 1523 1471 1802 1528; x_wconf 92' lang='lat' dir='ltr'>omnibus</span> <span class='ocrx_word' id='word_1_98' title='bbox 1824 1485 2033 1526; x_wconf 91' lang='lat' dir='ltr'>eorum</span> 
     </span>
    </p>
   </div>
   <div class='ocr_carea' id='block_1_17' title="bbox 385 1560 2031 1640">
    <p class='ocr_par' dir='ltr' id='par_1_17' title="bbox 385 1560 2031 1640">
     <span class='ocr_line' id='line_1_17' title="bbox 385 1560 2031 1640; baseline -0.005 -17"><span class='ocrx_word' id='word_1_99' title='bbox 385 1562 837 1640; x_wconf 88' lang='lat' dir='ltr'>pertinentibus,</span> <span class='ocrx_word' id='word_1_100' title='bbox 870 1560 1022 1618; x_wconf 85' lang='lat' dir='ltr'>sicut</span> <span class='ocrx_word' id='word_1_101' title='bbox 1049 1561 1321 1635; x_wconf 89' lang='lat' dir='ltr'>superius</span> <span class='ocrx_word' id='word_1_102' title='bbox 1347 1561 1533 1617; x_wconf 90' lang='lat' dir='ltr'>missa</span> <span class='ocrx_word' id='word_1_103' title='bbox 1585 1565 1742 1628; x_wconf 86' lang='lat' dir='ltr'>sunt,</span> <span class='ocrx_word' id='word_1_104' title='bbox 1797 1576 1834 1616; x_wconf 89' lang='lat' dir='ltr'>a</span> <span class='ocrx_word' id='word_1_105' title='bbox 1884 1575 2031 1632; x_wconf 81' lang='lat' dir='ltr'>prae-</span> 
     </span>
    </p>
   </div>
   <div class='ocr_carea' id='block_1_18' title="bbox 386 1648 2029 1722">
    <p class='ocr_par' dir='ltr' id='par_1_18' title="bbox 386 1648 2029 1722">
     <span class='ocr_line' id='line_1_18' title="bbox 386 1648 2029 1722; baseline -0.005 -11"><span class='ocrx_word' id='word_1_106' title='bbox 386 1655 535 1712; x_wconf 88' lang='lat' dir='ltr'>senti</span> <span class='ocrx_word' id='word_1_107' title='bbox 547 1653 781 1709; x_wconf 89' lang='lat' dir='ltr'>decima</span> <span class='ocrx_word' id='word_1_108' title='bbox 807 1649 1149 1720; x_wconf 88' lang='lat' dir='ltr'>indictione,</span> <span class='ocrx_word' id='word_1_109' title='bbox 1180 1649 1307 1720; x_wconf 88' lang='lat' dir='ltr'>tibi,</span> <span class='ocrx_word' id='word_1_110' title='bbox 1330 1650 1564 1722; x_wconf 86' lang='lat' dir='ltr'>tuisque</span> <span class='ocrx_word' id='word_1_111' title='bbox 1587 1648 2029 1705; x_wconf 86' lang='lat' dir='ltr'>successoribus</span> 
     </span>
    </p>
   </div>
   <div class='ocr_carea' id='block_1_19' title="bbox 2227 492 2953 552">
    <p class='ocr_par' dir='ltr' id='par_1_19' title="bbox 2227 492 2953 552">
     <span class='ocr_line' id='line_1_19' title="bbox 2227 492 2953 552; baseline 0.006 -6"><span class='ocrx_word' id='word_1_112' title='bbox 2227 492 2487 550; x_wconf 86' lang='lat' dir='ltr'>Joannes</span> <span class='ocrx_word' id='word_1_113' title='bbox 2526 492 2953 552; x_wconf 87' lang='lat' dir='ltr'>subdiaconus.</span> 
     </span>
    </p>
   </div>
   <div class='ocr_carea' id='block_1_20' title="bbox 2225 580 3098 641">
    <p class='ocr_par' dir='ltr' id='par_1_20' title="bbox 2225 580 3098 641">
     <span class='ocr_line' id='line_1_20' title="bbox 2225 580 3098 641; baseline 0.003 -6"><span class='ocrx_word' id='word_1_114' title='bbox 2225 580 2481 637; x_wconf 89' lang='lat' dir='ltr'>Joannes</span> <span class='ocrx_word' id='word_1_115' title='bbox 2506 581 2670 639; x_wconf 89' lang='lat' dir='ltr'>card.</span> <span class='ocrx_word' id='word_1_116' title='bbox 2704 584 2789 639; x_wconf 91' lang='lat' dir='ltr'>tit.</span> <span class='ocrx_word' id='word_1_117' title='bbox 2816 585 2872 641; x_wconf 98' lang='grc'>8.</span> <span class='ocrx_word' id='word_1_118' title='bbox 2905 582 3098 641; x_wconf 85' lang='lat' dir='ltr'>Marci.</span> 
     </span>
    </p>
   </div>
   <div class='ocr_carea' id='block_1_21' title="bbox 2222 671 3305 744">
    <p class='ocr_par' dir='ltr' id='par_1_21' title="bbox 2222 671 3305 744">
     <span class='ocr_line' id='line_1_21' title="bbox 2222 671 3305 744; baseline 0.005 -20"><span class='ocrx_word' id='word_1_119' title='bbox 2222 671 2480 727; x_wconf 82' lang='lat' dir='ltr'>Joannes</span> <span class='ocrx_word' id='word_1_120' title='bbox 2510 673 2743 729; x_wconf 88' lang='lat' dir='ltr'>Domini</span> <span class='ocrx_word' id='word_1_121' title='bbox 2768 673 2958 744; x_wconf 86' lang='lat' dir='ltr'>gratia</span> <span class='ocrx_word' id='word_1_122' title='bbox 2987 672 3305 731; x_wconf 88' lang='lat' dir='ltr'>diaconus.</span> 
     </span>
    </p>
   </div>
   <div class='ocr_carea' id='block_1_22' title="bbox 2220 758 3209 818">
    <p class='ocr_par' dir='ltr' id='par_1_22' title="bbox 2220 758 3209 818">
     <span class='ocr_line' id='line_1_22' title="bbox 2220 758 3209 818; baseline 0.006 -6"><span class='ocrx_word' id='word_1_123' title='bbox 2220 758 2484 814; x_wconf 88' lang='lat' dir='ltr'>Joannes</span> <span class='ocrx_word' id='word_1_124' title='bbox 2509 759 2919 817; x_wconf 75' lang='lat' dir='ltr'>subdiaconus</span> <span class='ocrx_word' id='word_1_125' title='bbox 2947 761 3022 817; x_wconf 91' lang='lat' dir='ltr'>de</span> <span class='ocrx_word' id='word_1_126' title='bbox 3051 761 3209 818; x_wconf 81' lang='lat' dir='ltr'>Mira.</span> 
     </span>
    </p>
   </div>
   <div class='ocr_carea' id='block_1_23' title="bbox 2218 849 3837 923">
    <p class='ocr_par' dir='ltr' id='par_1_23' title="bbox 2218 849 3837 923">
     <span class='ocr_line' id='line_1_23' title="bbox 2218 849 3837 923; baseline 0.004 -21"><span class='ocrx_word' id='word_1_127' title='bbox 2218 849 2477 904; x_wconf 83' lang='lat' dir='ltr'>Joannes</span> <span class='ocrx_word' id='word_1_128' title='bbox 2502 850 2816 923; x_wconf 76' lang='lat' dir='ltr'>presbyter</span> <span class='ocrx_word' id='word_1_129' title='bbox 2844 849 2927 907; x_wconf 88' lang='lat' dir='ltr'>tit.</span> <span class='ocrx_word' id='word_1_130' title='bbox 2962 852 3017 907; x_wconf 93' lang='lat' dir='ltr'>S.</span> <span class='ocrx_word' id='word_1_131' title='bbox 3081 849 3310 907; x_wconf 86' lang='lat' dir='ltr'>Callixti</span> <span class='ocrx_word' id='word_1_132' title='bbox 3356 852 3423 908; x_wconf 92' lang='lat' dir='ltr'>in</span> <span class='ocrx_word' id='word_1_133' title='bbox 3475 851 3837 909; x_wconf 86' lang='lat' dir='ltr'>Tradstibe-</span> 
     </span>
    </p>
   </div>
   <div class='ocr_carea' id='block_1_24' title="bbox 2148 952 3813 993">
    <p class='ocr_par' dir='ltr' id='par_1_24' title="bbox 2148 952 3813 993">
     <span class='ocr_line' id='line_1_24' title="bbox 2148 952 3813 993; baseline -0.001 -2"><span class='ocrx_word' id='word_1_134' title='bbox 2148 952 2282 993; x_wconf 79' lang='lat' dir='ltr'>mm.</span> <span class='ocrx_word' id='word_1_135' title='bbox 3808 954 3813 957; x_wconf 63' lang='grc'><strong>“</strong></span> 
     </span>
    </p>
   </div>
   <div class='ocr_carea' id='block_1_25' title="bbox 2220 1025 2921 1085">
    <p class='ocr_par' dir='ltr' id='par_1_25' title="bbox 2220 1025 2921 1085">
     <span class='ocr_line' id='line_1_25' title="bbox 2220 1025 2921 1085; baseline 0.006 -6"><span class='ocrx_word' id='word_1_136' title='bbox 2220 1025 2587 1083; x_wconf 89' lang='lat' dir='ltr'>Crescentius</span> <span class='ocrx_word' id='word_1_137' title='bbox 2611 1026 2921 1085; x_wconf 87' lang='lat' dir='ltr'>diaconus.</span> 
     </span>
    </p>
   </div>
   <div class='ocr_carea' id='block_1_26' title="bbox 2213 1113 3828 1191">
    <p class='ocr_par' dir='ltr' id='par_1_26' title="bbox 2213 1113 3828 1191">
     <span class='ocr_line' id='line_1_26' title="bbox 2213 1113 3828 1191; baseline 0.005 -21"><span class='ocrx_word' id='word_1_138' title='bbox 2213 1113 2565 1189; x_wconf 83' lang='lat' dir='ltr'>Rodulphus</span> <span class='ocrx_word' id='word_1_139' title='bbox 2592 1115 2877 1187; x_wconf 87' lang='lat' dir='ltr'>indignus</span> <span class='ocrx_word' id='word_1_140' title='bbox 2906 1116 3238 1191; x_wconf 80' lang='lat' dir='ltr'>presbyter,</span> <span class='ocrx_word' id='word_1_141' title='bbox 3261 1122 3319 1175; x_wconf 91' lang='lat' dir='ltr'>et</span> <span class='ocrx_word' id='word_1_142' title='bbox 3348 1117 3555 1177; x_wconf 85' lang='lat' dir='ltr'>abbas</span> <span class='ocrx_word' id='word_1_143' title='bbox 3589 1135 3675 1177; x_wconf 85' lang='lat' dir='ltr'>ex</span> <span class='ocrx_word' id='word_1_144' title='bbox 3702 1135 3828 1179; x_wconf 80' lang='lat' dir='ltr'>mo-</span> 
     </span>
    </p>
   </div>
   <div class='ocr_carea' id='block_1_27' title="bbox 2143 1203 3718 1281">
    <p class='ocr_par' dir='ltr' id='par_1_27' title="bbox 2143 1203 3718 1281">
     <span class='ocr_line' id='line_1_27' title="bbox 2143 1203 3718 1281; baseline 0.006 -22"><span class='ocrx_word' id='word_1_145' title='bbox 2143 1203 2422 1276; x_wconf 87' lang='lat' dir='ltr'>nasterio,</span> <span class='ocrx_word' id='word_1_146' title='bbox 2452 1207 2508 1263; x_wconf 93' lang='lat' dir='ltr'>S.</span> <span class='ocrx_word' id='word_1_147' title='bbox 2540 1206 2856 1278; x_wconf 89' lang='lat' dir='ltr'>Laurentii,</span> <span class='ocrx_word' id='word_1_148' title='bbox 2887 1207 2993 1281; x_wconf 88' lang='lat' dir='ltr'>qui</span> <span class='ocrx_word' id='word_1_149' title='bbox 3011 1208 3255 1281; x_wconf 89' lang='lat' dir='ltr'>ponitur</span> <span class='ocrx_word' id='word_1_150' title='bbox 3282 1208 3344 1266; x_wconf 89' lang='lat' dir='ltr'>in</span> <span class='ocrx_word' id='word_1_151' title='bbox 3375 1209 3718 1268; x_wconf 85' lang='lat' dir='ltr'>Clausura.</span> 
     </span>
    </p>
   </div>
   <div class='ocr_carea' id='block_1_28' title="bbox 2211 1293 3602 1369">
    <p class='ocr_par' dir='ltr' id='par_1_28' title="bbox 2211 1293 3602 1369">
     <span class='ocr_line' id='line_1_28' title="bbox 2211 1293 3602 1369; baseline 0.005 -22"><span class='ocrx_word' id='word_1_152' title='bbox 2211 1293 2470 1349; x_wconf 88' lang='lat' dir='ltr'>Joannes</span> <span class='ocrx_word' id='word_1_153' title='bbox 2494 1293 2805 1366; x_wconf 80' lang='lat' dir='ltr'>presbyter</span> <span class='ocrx_word' id='word_1_154' title='bbox 2833 1295 2995 1352; x_wconf 89' lang='lat' dir='ltr'>card.</span> <span class='ocrx_word' id='word_1_155' title='bbox 3024 1296 3109 1352; x_wconf 90' lang='lat' dir='ltr'>tit.</span> <span class='ocrx_word' id='word_1_156' title='bbox 3146 1297 3203 1353; x_wconf 93' lang='lat' dir='ltr'>S.</span> <span class='ocrx_word' id='word_1_157' title='bbox 3250 1296 3602 1369; x_wconf 89' lang='lat' dir='ltr'>Grisogoni.</span> 
     </span>
    </p>
   </div>
   <div class='ocr_carea' id='block_1_29' title="bbox 2212 1380 2785 1454">
    <p class='ocr_par' dir='ltr' id='par_1_29' title="bbox 2212 1380 2785 1454">
     <span class='ocr_line' id='line_1_29' title="bbox 2212 1380 2785 1454; baseline 0.007 -20"><span class='ocrx_word' id='word_1_158' title='bbox 2212 1380 2443 1437; x_wconf 88' lang='lat' dir='ltr'>Franco</span> <span class='ocrx_word' id='word_1_159' title='bbox 2473 1380 2785 1454; x_wconf 88' lang='lat' dir='ltr'>diaconus,</span> 
     </span>
    </p>
   </div>
   <div class='ocr_carea' id='block_1_30' title="bbox 2212 1470 2886 1543">
    <p class='ocr_par' dir='ltr' id='par_1_30' title="bbox 2212 1470 2886 1543">
     <span class='ocr_line' id='line_1_30' title="bbox 2212 1470 2886 1543; baseline 0.004 -18"><span class='ocrx_word' id='word_1_160' title='bbox 2212 1470 2544 1543; x_wconf 91' lang='lat' dir='ltr'>Raynerius</span> <span class='ocrx_word' id='word_1_161' title='bbox 2574 1470 2886 1529; x_wconf 90' lang='lat' dir='ltr'>diaconus.</span> 
     </span>
    </p>
   </div>
   <div class='ocr_carea' id='block_1_31' title="bbox 2210 1559 3829 1636">
    <p class='ocr_par' dir='ltr' id='par_1_31' title="bbox 2210 1559 3829 1636">
     <span class='ocr_line' id='line_1_31' title="bbox 2210 1559 3829 1636; baseline 0.005 -23"><span class='ocrx_word' id='word_1_162' title='bbox 2210 1559 2428 1615; x_wconf 91' lang='lat' dir='ltr'>Datum</span> <span class='ocrx_word' id='word_1_163' title='bbox 2456 1576 2555 1616; x_wconf 86' lang='lat' dir='ltr'>xv1</span> <span class='ocrx_word' id='word_1_164' title='bbox 2584 1559 2719 1617; x_wconf 88' lang='lat' dir='ltr'>Kal.</span> <span class='ocrx_word' id='word_1_165' title='bbox 2753 1561 3035 1631; x_wconf 88' lang='lat' dir='ltr'>Januarii,</span> <span class='ocrx_word' id='word_1_166' title='bbox 3064 1577 3173 1636; x_wconf 91' lang='lat' dir='ltr'>per</span> <span class='ocrx_word' id='word_1_167' title='bbox 3216 1579 3439 1620; x_wconf 90' lang='lat' dir='ltr'>manus</span> <span class='ocrx_word' id='word_1_168' title='bbox 3502 1565 3829 1623; x_wconf 88' lang='lat' dir='ltr'>Benedicti</span> 
     </span>
    </p>
   </div>
   <div class='ocr_carea' id='block_1_32' title="bbox 2140 1646 3824 1724">
    <p class='ocr_par' dir='ltr' id='par_1_32' title="bbox 2140 1646 3824 1724">
     <span class='ocr_line' id='line_1_32' title="bbox 2140 1646 3824 1724; baseline 0.006 -22"><span class='ocrx_word' id='word_1_169' title='bbox 2140 1646 2404 1721; x_wconf 90' lang='lat' dir='ltr'>episcopi</span> <span class='ocrx_word' id='word_1_170' title='bbox 2427 1650 2784 1713; x_wconf 88' lang='lat' dir='ltr'>Portuensis.</span> <span class='ocrx_word' id='word_1_171' title='bbox 2816 1655 2873 1707; x_wconf 90' lang='lat' dir='ltr'>et</span> <span class='ocrx_word' id='word_1_172' title='bbox 2921 1651 3049 1708; x_wconf 86' lang='lat' dir='ltr'>vice</span> <span class='ocrx_word' id='word_1_173' title='bbox 3100 1653 3400 1723; x_wconf 84' lang='lat' dir='ltr'>Peregrini</span> <span class='ocrx_word' id='word_1_174' title='bbox 3463 1654 3824 1724; x_wconf 90' lang='lat' dir='ltr'>Coloniens,</span> 
     </span>
    </p>
   </div>
   <div class='ocr_carea' id='block_1_33' title="bbox 384 1735 3827 1814">
    <p class='ocr_par' dir='ltr' id='par_1_33' title="bbox 384 1735 3827 1814">
     <span class='ocr_line' id='line_1_33' title="bbox 384 1735 3827 1814; baseline 0 -14"><span class='ocrx_word' id='word_1_175' title='bbox 384 1744 447 1800; x_wconf 90' lang='lat' dir='ltr'>in</span> <span class='ocrx_word' id='word_1_176' title='bbox 481 1742 693 1800; x_wconf 91' lang='lat' dir='ltr'>eodem</span> <span class='ocrx_word' id='word_1_177' title='bbox 717 1739 1038 1797; x_wconf 81' lang='lat' dir='ltr'>venerabili</span> <span class='ocrx_word' id='word_1_178' title='bbox 1066 1738 1368 1812; x_wconf 89' lang='lat' dir='ltr'>episcopio</span> <span class='ocrx_word' id='word_1_179' title='bbox 1406 1738 1467 1795; x_wconf 92' lang='lat' dir='ltr'>in</span> <span class='ocrx_word' id='word_1_180' title='bbox 1520 1742 1877 1812; x_wconf 89' lang='lat' dir='ltr'>perpetuum</span> <span class='ocrx_word' id='word_1_181' title='bbox 1928 1736 2031 1792; x_wconf 90' lang='lat' dir='ltr'>do-</span> <span class='ocrx_word' id='word_1_182' title='bbox 2073 1755 2115 1809; x_wconf 79' lang='grc' dir='ltr'><strong>Β</strong></span> <span class='ocrx_word' id='word_1_183' title='bbox 2140 1735 2574 1809; x_wconf 87' lang='lat' dir='ltr'>archiepiscopi</span> <span class='ocrx_word' id='word_1_184' title='bbox 2591 1737 3442 1813; x_wconf 67' lang='lat' dir='ltr'>bibliothecariiS.apostolicze</span> <span class='ocrx_word' id='word_1_185' title='bbox 3457 1743 3827 1814; x_wconf 87' lang='lat' dir='ltr'>sedis,anno</span> 
     </span>
    </p>
   </div>
   <div class='ocr_carea' id='block_1_34' title="bbox 382 1827 2028 1900">
    <p class='ocr_par' dir='ltr' id='par_1_34' title="bbox 382 1827 2028 1900">
     <span class='ocr_line' id='line_1_34' title="bbox 382 1827 2028 1900; baseline -0.005 -11"><span class='ocrx_word' id='word_1_186' title='bbox 382 1834 622 1900; x_wconf 82' lang='lat' dir='ltr'>namus,</span> <span class='ocrx_word' id='word_1_187' title='bbox 668 1828 978 1899; x_wconf 86' lang='lat' dir='ltr'>largimur,</span> <span class='ocrx_word' id='word_1_188' title='bbox 1040 1827 1429 1884; x_wconf 91' lang='lat' dir='ltr'>concedimus</span> <span class='ocrx_word' id='word_1_189' title='bbox 1478 1831 1535 1883; x_wconf 92' lang='lat' dir='ltr'>et</span> <span class='ocrx_word' id='word_1_190' title='bbox 1575 1827 2028 1896; x_wconf 89' lang='lat' dir='ltr'>conﬁrmamus,</span> 
     </span>
    </p>
   </div>
   <div class='ocr_carea' id='block_1_35' title="bbox 382 1914 2030 1994">
    <p class='ocr_par' dir='ltr' id='par_1_35' title="bbox 382 1914 2030 1994">
     <span class='ocr_line' id='line_1_35' title="bbox 382 1914 2030 1994; baseline -0.006 -16"><span class='ocrx_word' id='word_1_191' title='bbox 382 1925 561 1994; x_wconf 89' lang='lat' dir='ltr'>atque</span> <span class='ocrx_word' id='word_1_192' title='bbox 591 1916 927 1976; x_wconf 89' lang='lat' dir='ltr'>stabilimus</span> <span class='ocrx_word' id='word_1_193' title='bbox 948 1916 1285 1990; x_wconf 90' lang='lat' dir='ltr'>perenniter</span> <span class='ocrx_word' id='word_1_194' title='bbox 1310 1915 1369 1971; x_wconf 90' lang='lat' dir='ltr'>in</span> <span class='ocrx_word' id='word_1_195' title='bbox 1400 1931 1578 1971; x_wconf 89' lang='lat' dir='ltr'>usum</span> <span class='ocrx_word' id='word_1_196' title='bbox 1626 1920 1683 1970; x_wconf 94' lang='lat' dir='ltr'>et</span> <span class='ocrx_word' id='word_1_197' title='bbox 1720 1914 2030 1970; x_wconf 85' lang='lat' dir='ltr'>utilitatem</span> 
     </span>
    </p>
   </div>
   <div class='ocr_carea' id='block_1_36' title="bbox 378 2003 2032 2084">
    <p class='ocr_par' dir='ltr' id='par_1_36' title="bbox 378 2003 2032 2084">
     <span class='ocr_line' id='line_1_36' title="bbox 378 2003 2032 2084; baseline -0.006 -16"><span class='ocrx_word' id='word_1_198' title='bbox 378 2008 570 2084; x_wconf 87' lang='lat' dir='ltr'>ipsius</span> <span class='ocrx_word' id='word_1_199' title='bbox 597 2006 953 2065; x_wconf 77' lang='lat' dir='ltr'>venerabilis</span> <span class='ocrx_word' id='word_1_200' title='bbox 972 2005 1276 2079; x_wconf 91' lang='lat' dir='ltr'>episcopii,</span> <span class='ocrx_word' id='word_1_201' title='bbox 1291 2008 1347 2061; x_wconf 91' lang='lat' dir='ltr'>et</span> <span class='ocrx_word' id='word_1_202' title='bbox 1373 2004 1792 2078; x_wconf 90' lang='lat' dir='ltr'>episcoporum</span> <span class='ocrx_word' id='word_1_203' title='bbox 1804 2003 1906 2077; x_wconf 89' lang='lat' dir='ltr'>qui</span> <span class='ocrx_word' id='word_1_204' title='bbox 1926 2019 2032 2077; x_wconf 90' lang='lat' dir='ltr'>per</span> 
     </span>
    </p>
   </div>
   <div class='ocr_carea' id='block_1_37' title="bbox 377 2093 2026 2172">
    <p class='ocr_par' dir='ltr' id='par_1_37' title="bbox 377 2093 2026 2172">
     <span class='ocr_line' id='line_1_37' title="bbox 377 2093 2026 2172; baseline -0.005 -16"><span class='ocrx_word' id='word_1_205' title='bbox 377 2104 653 2172; x_wconf 90' lang='lat' dir='ltr'>tempora</span> <span class='ocrx_word' id='word_1_206' title='bbox 701 2097 996 2152; x_wconf 87' lang='lat' dir='ltr'>tenuerint</span> <span class='ocrx_word' id='word_1_207' title='bbox 1047 2095 1242 2167; x_wconf 84' lang='lat' dir='ltr'>ipsam</span> <span class='ocrx_word' id='word_1_208' title='bbox 1285 2093 1617 2150; x_wconf 89' lang='lat' dir='ltr'>ecclesiam.</span> <span class='ocrx_word' id='word_1_209' title='bbox 1697 2094 2026 2150; x_wconf 89' lang='lat' dir='ltr'>Statuentes</span> 
     </span>
    </p>
   </div>
   <div class='ocr_carea' id='block_1_38' title="bbox 379 2180 2029 2261">
    <p class='ocr_par' dir='ltr' id='par_1_38' title="bbox 379 2180 2029 2261">
     <span class='ocr_line' id='line_1_38' title="bbox 379 2180 2029 2261; baseline -0.004 -18"><span class='ocrx_word' id='word_1_210' title='bbox 379 2185 603 2261; x_wconf 81' lang='lat' dir='ltr'>quippe</span> <span class='ocrx_word' id='word_1_211' title='bbox 634 2183 960 2258; x_wconf 90' lang='lat' dir='ltr'>apostolica</span> <span class='ocrx_word' id='word_1_212' title='bbox 990 2198 1263 2254; x_wconf 88' lang='lat' dir='ltr'>censura,</span> <span class='ocrx_word' id='word_1_213' title='bbox 1295 2182 1410 2239; x_wconf 87' lang='lat' dir='ltr'>sub</span> <span class='ocrx_word' id='word_1_214' title='bbox 1431 2182 1616 2239; x_wconf 89' lang='lat' dir='ltr'>divini</span> <span class='ocrx_word' id='word_1_215' title='bbox 1666 2180 1875 2253; x_wconf 92' lang='lat' dir='ltr'>judicii</span> <span class='ocrx_word' id='word_1_216' title='bbox 1927 2180 2029 2237; x_wconf 89' lang='lat' dir='ltr'>ob-</span> 
     </span>
    </p>
   </div>
   <div class='ocr_carea' id='block_1_39' title="bbox 378 2269 2023 2342">
    <p class='ocr_par' dir='ltr' id='par_1_39' title="bbox 378 2269 2023 2342">
     <span class='ocr_line' id='line_1_39' title="bbox 378 2269 2023 2342; baseline -0.004 -10"><span class='ocrx_word' id='word_1_217' title='bbox 378 2272 688 2333; x_wconf 88' lang='lat' dir='ltr'>testatione</span> <span class='ocrx_word' id='word_1_218' title='bbox 714 2277 771 2329; x_wconf 92' lang='lat' dir='ltr'>et</span> <span class='ocrx_word' id='word_1_219' title='bbox 791 2272 1188 2329; x_wconf 90' lang='lat' dir='ltr'>anathematis</span> <span class='ocrx_word' id='word_1_220' title='bbox 1229 2270 1561 2342; x_wconf 90' lang='lat' dir='ltr'>interdicto,</span> <span class='ocrx_word' id='word_1_221' title='bbox 1602 2275 1667 2326; x_wconf 91' lang='lat' dir='ltr'>ut</span> <span class='ocrx_word' id='word_1_222' title='bbox 1716 2269 1861 2326; x_wconf 90' lang='lat' dir='ltr'>nulli</span> <span class='ocrx_word' id='word_1_223' title='bbox 1912 2286 2023 2326; x_wconf 90' lang='lat' dir='ltr'>un-</span> 
     </span>
    </p>
   </div>
   <div class='ocr_carea' id='block_1_40' title="bbox 379 2357 2025 2439">
    <p class='ocr_par' dir='ltr' id='par_1_40' title="bbox 379 2357 2025 2439">
     <span class='ocr_line' id='line_1_40' title="bbox 379 2357 2025 2439; baseline -0.004 -19"><span class='ocrx_word' id='word_1_224' title='bbox 379 2379 566 2439; x_wconf 89' lang='lat' dir='ltr'>quam</span> <span class='ocrx_word' id='word_1_225' title='bbox 594 2366 935 2419; x_wconf 90' lang='lat' dir='ltr'>nostrorum</span> <span class='ocrx_word' id='word_1_226' title='bbox 966 2376 1382 2418; x_wconf 89' lang='lat' dir='ltr'>successorum</span> <span class='ocrx_word' id='word_1_227' title='bbox 1404 2359 1774 2433; x_wconf 89' lang='lat' dir='ltr'>pontiﬁcum,</span> <span class='ocrx_word' id='word_1_228' title='bbox 1806 2357 1901 2415; x_wconf 85' lang='lat' dir='ltr'>vel</span> <span class='ocrx_word' id='word_1_229' title='bbox 1921 2358 2025 2430; x_wconf 91' lang='lat' dir='ltr'>qui</span> 
     </span>
    </p>
   </div>
   <div class='ocr_carea' id='block_1_41' title="bbox 375 2447 2025 2529">
    <p class='ocr_par' dir='ltr' id='par_1_41' title="bbox 375 2447 2025 2529">
     <span class='ocr_line' id='line_1_41' title="bbox 375 2447 2025 2529; baseline -0.003 -21"><span class='ocrx_word' id='word_1_230' title='bbox 375 2450 649 2526; x_wconf 90' lang='lat' dir='ltr'>publicas</span> <span class='ocrx_word' id='word_1_231' title='bbox 677 2450 862 2507; x_wconf 87' lang='lat' dir='ltr'>functi</span> <span class='ocrx_word' id='word_1_232' title='bbox 881 2449 1097 2529; x_wconf 86' lang='lat' dir='ltr'>fuerint</span> <span class='ocrx_word' id='word_1_233' title='bbox 1121 2449 1403 2517; x_wconf 88' lang='lat' dir='ltr'>actiones,</span> <span class='ocrx_word' id='word_1_234' title='bbox 1439 2448 1534 2504; x_wconf 91' lang='lat' dir='ltr'>vel</span> <span class='ocrx_word' id='word_1_235' title='bbox 1575 2447 1692 2505; x_wconf 89' lang='lat' dir='ltr'>alia</span> <span class='ocrx_word' id='word_1_236' title='bbox 1746 2447 2025 2520; x_wconf 83' lang='lat' dir='ltr'>quaelibet</span> 
     </span>
    </p>
   </div>
   <div class='ocr_carea' id='block_1_42' title="bbox 376 2536 2024 2614">
    <p class='ocr_par' dir='ltr' id='par_1_42' title="bbox 376 2536 2024 2614">
     <span class='ocr_line' id='line_1_42' title="bbox 376 2536 2024 2614; baseline -0.005 -15"><span class='ocrx_word' id='word_1_237' title='bbox 376 2557 623 2612; x_wconf 88' lang='lat' dir='ltr'>magna,</span> <span class='ocrx_word' id='word_1_238' title='bbox 652 2555 959 2614; x_wconf 88' lang='lat' dir='ltr'>parvaque</span> <span class='ocrx_word' id='word_1_239' title='bbox 983 2554 1243 2612; x_wconf 90' lang='lat' dir='ltr'>persona</span> <span class='ocrx_word' id='word_1_240' title='bbox 1287 2538 1507 2595; x_wconf 90' lang='lat' dir='ltr'>audeat</span> <span class='ocrx_word' id='word_1_241' title='bbox 1555 2536 1650 2593; x_wconf 89' lang='lat' dir='ltr'>vel</span> <span class='ocrx_word' id='word_1_242' title='bbox 1696 2540 2024 2610; x_wconf 64' lang='lat' dir='ltr'>praesumat</span> 
     </span>
    </p>
   </div>
   <div class='ocr_carea' id='block_1_43' title="bbox 375 2625 2021 2704">
    <p class='ocr_par' dir='ltr' id='par_1_43' title="bbox 375 2625 2021 2704">
     <span class='ocr_line' id='line_1_43' title="bbox 375 2625 2021 2704; baseline -0.003 -17"><span class='ocrx_word' id='word_1_243' title='bbox 375 2627 602 2704; x_wconf 88' lang='lat' dir='ltr'>aliquid</span> <span class='ocrx_word' id='word_1_244' title='bbox 631 2629 706 2685; x_wconf 90' lang='lat' dir='ltr'>de</span> <span class='ocrx_word' id='word_1_245' title='bbox 727 2629 1008 2685; x_wconf 89' lang='lat' dir='ltr'>omnibus</span> <span class='ocrx_word' id='word_1_246' title='bbox 1035 2643 1167 2701; x_wconf 79' lang='lat' dir='ltr'>quae</span> <span class='ocrx_word' id='word_1_247' title='bbox 1197 2643 1379 2700; x_wconf 91' lang='lat' dir='ltr'>supra</span> <span class='ocrx_word' id='word_1_248' title='bbox 1399 2625 1794 2694; x_wconf 86' lang='lat' dir='ltr'>continentur,</span> <span class='ocrx_word' id='word_1_249' title='bbox 1814 2629 2021 2682; x_wconf 87' lang='lat' dir='ltr'>contra</span> 
     </span>
    </p>
   </div>
   <div class='ocr_carea' id='block_1_44' title="bbox 371 2713 2020 2791">
    <p class='ocr_par' dir='ltr' id='par_1_44' title="bbox 371 2713 2020 2791">
     <span class='ocr_line' id='line_1_44' title="bbox 371 2713 2020 2791; baseline -0.005 -15"><span class='ocrx_word' id='word_1_250' title='bbox 371 2719 487 2776; x_wconf 87' lang='lat' dir='ltr'>hoc</span> <span class='ocrx_word' id='word_1_251' title='bbox 533 2722 807 2775; x_wconf 90' lang='lat' dir='ltr'>nostrum</span> <span class='ocrx_word' id='word_1_252' title='bbox 852 2715 1192 2791; x_wconf 88' lang='lat' dir='ltr'>pontiﬁcale</span> <span class='ocrx_word' id='word_1_253' title='bbox 1237 2715 1609 2788; x_wconf 83' lang='lat' dir='ltr'>privilegium</span> <span class='ocrx_word' id='word_1_254' title='bbox 1656 2729 1853 2785; x_wconf 85' lang='lat' dir='ltr'>agere,</span> <span class='ocrx_word' id='word_1_255' title='bbox 1928 2713 2020 2769; x_wconf 90' lang='lat' dir='ltr'>vel</span> 
     </span>
    </p>
   </div>
   <div class='ocr_carea' id='block_1_45' title="bbox 374 2804 2019 2879">
    <p class='ocr_par' dir='ltr' id='par_1_45' title="bbox 374 2804 2019 2879">
     <span class='ocr_line' id='line_1_45' title="bbox 374 2804 2019 2879; baseline -0.005 -13"><span class='ocrx_word' id='word_1_256' title='bbox 374 2806 631 2866; x_wconf 89' lang='lat' dir='ltr'>alienare</span> <span class='ocrx_word' id='word_1_257' title='bbox 651 2813 755 2866; x_wconf 88' lang='lat' dir='ltr'>aut</span> <span class='ocrx_word' id='word_1_258' title='bbox 774 2807 1024 2878; x_wconf 84' lang='lat' dir='ltr'>auferre,</span> <span class='ocrx_word' id='word_1_259' title='bbox 1047 2806 1266 2863; x_wconf 90' lang='lat' dir='ltr'>scilicet</span> <span class='ocrx_word' id='word_1_260' title='bbox 1283 2805 1482 2879; x_wconf 89' lang='lat' dir='ltr'>potius</span> <span class='ocrx_word' id='word_1_261' title='bbox 1506 2804 1681 2860; x_wconf 88' lang='lat' dir='ltr'>ﬁrma</span> <span class='ocrx_word' id='word_1_262' title='bbox 1702 2807 1879 2875; x_wconf 88' lang='lat' dir='ltr'>atque</span> <span class='ocrx_word' id='word_1_263' title='bbox 1904 2804 2019 2857; x_wconf 88' lang='lat' dir='ltr'>sta-</span> 
     </span>
    </p>
   </div>
   <div class='ocr_carea' id='block_1_46' title="bbox 368 2892 2019 2972">
    <p class='ocr_par' dir='ltr' id='par_1_46' title="bbox 368 2892 2019 2972">
     <span class='ocr_line' id='line_1_46' title="bbox 368 2892 2019 2972; baseline -0.006 -16"><span class='ocrx_word' id='word_1_264' title='bbox 368 2897 513 2955; x_wconf 87' lang='lat' dir='ltr'>bilia</span> <span class='ocrx_word' id='word_1_265' title='bbox 539 2897 839 2972; x_wconf 80' lang='lat' dir='ltr'>perpetuis</span> <span class='ocrx_word' id='word_1_266' title='bbox 868 2895 1260 2969; x_wconf 88' lang='lat' dir='ltr'>temporibus,</span> <span class='ocrx_word' id='word_1_267' title='bbox 1290 2893 1457 2951; x_wconf 84' lang='lat' dir='ltr'>sicuti</span> <span class='ocrx_word' id='word_1_268' title='bbox 1488 2909 1524 2950; x_wconf 84' lang='lat' dir='ltr'>a</span> <span class='ocrx_word' id='word_1_269' title='bbox 1572 2892 1747 2949; x_wconf 89' lang='lat' dir='ltr'>nobis</span> <span class='ocrx_word' id='word_1_270' title='bbox 1800 2894 2019 2947; x_wconf 89' lang='lat' dir='ltr'>statuta</span> 
     </span>
    </p>
   </div>
   <div class='ocr_carea' id='block_1_47' title="bbox 371 2981 2017 3057">
    <p class='ocr_par' dir='ltr' id='par_1_47' title="bbox 371 2981 2017 3057">
     <span class='ocr_line' id='line_1_47' title="bbox 371 2981 2017 3057; baseline -0.005 -12"><span class='ocrx_word' id='word_1_271' title='bbox 371 2992 429 3045; x_wconf 87' lang='lat' dir='ltr'>et</span> <span class='ocrx_word' id='word_1_272' title='bbox 456 2986 810 3044; x_wconf 88' lang='lat' dir='ltr'>conﬁrmata</span> <span class='ocrx_word' id='word_1_273' title='bbox 838 2989 998 3053; x_wconf 92' lang='lat' dir='ltr'>sunt,</span> <span class='ocrx_word' id='word_1_274' title='bbox 1042 2983 1421 3041; x_wconf 89' lang='lat' dir='ltr'>decernimus</span> <span class='ocrx_word' id='word_1_275' title='bbox 1467 2981 1898 3057; x_wconf 88' lang='lat' dir='ltr'>permanenda.</span> <span class='ocrx_word' id='word_1_276' title='bbox 1960 2981 2017 3038; x_wconf 92' lang='lat' dir='ltr'>Si</span> 
     </span>
    </p>
   </div>
   <div class='ocr_carea' id='block_1_48' title="bbox 370 3070 2094 3157">
    <p class='ocr_par' dir='ltr' id='par_1_48' title="bbox 370 3070 2094 3157">
     <span class='ocr_line' id='line_1_48' title="bbox 370 3070 2094 3157; baseline -0.005 -24"><span class='ocrx_word' id='word_1_277' title='bbox 370 3075 505 3151; x_wconf 88' lang='lat' dir='ltr'>quis</span> <span class='ocrx_word' id='word_1_278' title='bbox 536 3080 759 3144; x_wconf 89' lang='lat' dir='ltr'>autem,</span> <span class='ocrx_word' id='word_1_279' title='bbox 786 3074 952 3148; x_wconf 88' lang='lat' dir='ltr'>quod</span> <span class='ocrx_word' id='word_1_280' title='bbox 975 3089 1100 3131; x_wconf 89' lang='lat' dir='ltr'>non</span> <span class='ocrx_word' id='word_1_281' title='bbox 1149 3078 1449 3147; x_wconf 88' lang='lat' dir='ltr'>optamus,</span> <span class='ocrx_word' id='word_1_282' title='bbox 1500 3070 1813 3129; x_wconf 90' lang='lat' dir='ltr'>temerario</span> <span class='ocrx_word' id='word_1_283' title='bbox 1864 3086 2015 3127; x_wconf 88' lang='lat' dir='ltr'>ausu</span> <span class='ocrx_word' id='word_1_284' title='bbox 2053 3101 2094 3157; x_wconf 64' lang='grc' dir='ltr'>α</span> 
     </span>
    </p>
   </div>
   <div class='ocr_carea' id='block_1_49' title="bbox 371 3158 2013 3235">
    <p class='ocr_par' dir='ltr' id='par_1_49' title="bbox 371 3158 2013 3235">
     <span class='ocr_line' id='line_1_49' title="bbox 371 3158 2013 3235; baseline -0.005 -13"><span class='ocrx_word' id='word_1_285' title='bbox 371 3169 578 3222; x_wconf 89' lang='lat' dir='ltr'>contra</span> <span class='ocrx_word' id='word_1_286' title='bbox 604 3164 721 3221; x_wconf 87' lang='lat' dir='ltr'>hoc</span> <span class='ocrx_word' id='word_1_287' title='bbox 770 3168 1047 3219; x_wconf 89' lang='lat' dir='ltr'>nostrum</span> <span class='ocrx_word' id='word_1_288' title='bbox 1098 3160 1495 3235; x_wconf 88' lang='lat' dir='ltr'>apostolicum</span> <span class='ocrx_word' id='word_1_289' title='bbox 1531 3158 1906 3233; x_wconf 81' lang='lat' dir='ltr'>privilegium</span> <span class='ocrx_word' id='word_1_290' title='bbox 1952 3158 2013 3214; x_wconf 90' lang='lat' dir='ltr'>in</span> 
     </span>
    </p>
   </div>
   <div class='ocr_carea' id='block_1_50' title="bbox 368 3247 2014 3327">
    <p class='ocr_par' dir='ltr' id='par_1_50' title="bbox 368 3247 2014 3327">
     <span class='ocr_line' id='line_1_50' title="bbox 368 3247 2014 3327; baseline -0.005 -16"><span class='ocrx_word' id='word_1_291' title='bbox 368 3269 681 3327; x_wconf 89' lang='lat' dir='ltr'>quoquam</span> <span class='ocrx_word' id='word_1_292' title='bbox 737 3257 1141 3322; x_wconf 87' lang='lat' dir='ltr'>transgressor</span> <span class='ocrx_word' id='word_1_293' title='bbox 1195 3266 1327 3306; x_wconf 91' lang='lat' dir='ltr'>esse</span> <span class='ocrx_word' id='word_1_294' title='bbox 1401 3248 1852 3322; x_wconf 71' lang='lat' dir='ltr'>praesumpserit</span> <span class='ocrx_word' id='word_1_295' title='bbox 1922 3247 2014 3303; x_wconf 89' lang='lat' dir='ltr'>vel</span> 
     </span>
    </p>
   </div>
   <div class='ocr_carea' id='block_1_51' title="bbox 368 3337 2014 3413">
    <p class='ocr_par' dir='ltr' id='par_1_51' title="bbox 368 3337 2014 3413">
     <span class='ocr_line' id='line_1_51' title="bbox 368 3337 2014 3413; baseline -0.004 -14"><span class='ocrx_word' id='word_1_296' title='bbox 368 3342 639 3413; x_wconf 84' lang='lat' dir='ltr'>frangere</span> <span class='ocrx_word' id='word_1_297' title='bbox 669 3356 851 3398; x_wconf 90' lang='lat' dir='ltr'>ausus</span> <span class='ocrx_word' id='word_1_298' title='bbox 876 3339 1068 3406; x_wconf 86' lang='lat' dir='ltr'>fuerit,</span> <span class='ocrx_word' id='word_1_299' title='bbox 1102 3342 1159 3395; x_wconf 91' lang='lat' dir='ltr'>et</span> <span class='ocrx_word' id='word_1_300' title='bbox 1186 3339 1247 3395; x_wconf 93' lang='lat' dir='ltr'>in</span> <span class='ocrx_word' id='word_1_301' title='bbox 1279 3338 1560 3395; x_wconf 90' lang='lat' dir='ltr'>omnibus</span> <span class='ocrx_word' id='word_1_302' title='bbox 1609 3337 1895 3393; x_wconf 89' lang='lat' dir='ltr'>obediens</span> <span class='ocrx_word' id='word_1_303' title='bbox 1957 3341 2014 3393; x_wconf 93' lang='lat' dir='ltr'>et</span> 
     </span>
    </p>
   </div>
   <div class='ocr_carea' id='block_1_52' title="bbox 367 3424 2012 3495">
    <p class='ocr_par' dir='ltr' id='par_1_52' title="bbox 367 3424 2012 3495">
     <span class='ocr_line' id='line_1_52' title="bbox 367 3424 2012 3495; baseline -0.004 -8"><span class='ocrx_word' id='word_1_304' title='bbox 367 3429 710 3487; x_wconf 88' lang='lat' dir='ltr'>observator</span> <span class='ocrx_word' id='word_1_305' title='bbox 738 3443 869 3485; x_wconf 89' lang='lat' dir='ltr'>esse</span> <span class='ocrx_word' id='word_1_306' title='bbox 910 3426 1184 3495; x_wconf 87' lang='lat' dir='ltr'>noluerit,</span> <span class='ocrx_word' id='word_1_307' title='bbox 1220 3426 1369 3483; x_wconf 90' lang='lat' dir='ltr'>sciat</span> <span class='ocrx_word' id='word_1_308' title='bbox 1408 3442 1468 3483; x_wconf 89' lang='lat' dir='ltr'>se</span> <span class='ocrx_word' id='word_1_309' title='bbox 1521 3425 1867 3482; x_wconf 91' lang='lat' dir='ltr'>auctoritate</span> <span class='ocrx_word' id='word_1_310' title='bbox 1911 3424 2012 3480; x_wconf 90' lang='lat' dir='ltr'>Dei</span> 
     </span>
    </p>
   </div>
   <div class='ocr_carea' id='block_1_53' title="bbox 365 3513 2008 3593">
    <p class='ocr_par' dir='ltr' id='par_1_53' title="bbox 365 3513 2008 3593">
     <span class='ocr_line' id='line_1_53' title="bbox 365 3513 2008 3593; baseline -0.004 -17"><span class='ocrx_word' id='word_1_311' title='bbox 365 3517 788 3593; x_wconf 88' lang='lat' dir='ltr'>omnipotentis</span> <span class='ocrx_word' id='word_1_312' title='bbox 817 3521 873 3574; x_wconf 89' lang='lat' dir='ltr'>et</span> <span class='ocrx_word' id='word_1_313' title='bbox 900 3515 1129 3574; x_wconf 92' lang='lat' dir='ltr'>domini</span> <span class='ocrx_word' id='word_1_314' title='bbox 1149 3515 1336 3572; x_wconf 89' lang='lat' dir='ltr'>nostri</span> <span class='ocrx_word' id='word_1_315' title='bbox 1360 3514 1767 3589; x_wconf 88' lang='lat' dir='ltr'>apostolorum</span> <span class='ocrx_word' id='word_1_316' title='bbox 1792 3513 2008 3587; x_wconf 90' lang='lat' dir='ltr'>princi-</span> 
     </span>
    </p>
   </div>
   <div class='ocr_carea' id='block_1_54' title="bbox 362 3601 2011 3682">
    <p class='ocr_par' dir='ltr' id='par_1_54' title="bbox 362 3601 2011 3682">
     <span class='ocr_line' id='line_1_54' title="bbox 362 3601 2011 3682; baseline -0.003 -17"><span class='ocrx_word' id='word_1_317' title='bbox 362 3608 457 3682; x_wconf 91' lang='lat' dir='ltr'>pis</span> <span class='ocrx_word' id='word_1_318' title='bbox 487 3607 655 3676; x_wconf 90' lang='lat' dir='ltr'>Petri,</span> <span class='ocrx_word' id='word_1_319' title='bbox 683 3607 874 3678; x_wconf 87' lang='lat' dir='ltr'>cujus,</span> <span class='ocrx_word' id='word_1_320' title='bbox 904 3605 1039 3661; x_wconf 89' lang='lat' dir='ltr'>licet</span> <span class='ocrx_word' id='word_1_321' title='bbox 1087 3604 1385 3669; x_wconf 87' lang='lat' dir='ltr'>immeriti,</span> <span class='ocrx_word' id='word_1_322' title='bbox 1420 3604 1520 3660; x_wconf 91' lang='lat' dir='ltr'>Dei</span> <span class='ocrx_word' id='word_1_323' title='bbox 1550 3608 1750 3660; x_wconf 88' lang='lat' dir='ltr'>tamen</span> <span class='ocrx_word' id='word_1_324' title='bbox 1805 3601 2011 3673; x_wconf 90' lang='lat' dir='ltr'>digna-</span> 
     </span>
    </p>
   </div>
   <div class='ocr_carea' id='block_1_55' title="bbox 360 3692 2010 3770">
    <p class='ocr_par' dir='ltr' id='par_1_55' title="bbox 360 3692 2010 3770">
     <span class='ocr_line' id='line_1_55' title="bbox 360 3692 2010 3770; baseline -0.004 -14"><span class='ocrx_word' id='word_1_325' title='bbox 360 3698 519 3756; x_wconf 83' lang='lat' dir='ltr'>tione</span> <span class='ocrx_word' id='word_1_326' title='bbox 545 3696 805 3770; x_wconf 79' lang='lat' dir='ltr'>gerimus</span> <span class='ocrx_word' id='word_1_327' title='bbox 832 3695 1017 3765; x_wconf 87' lang='lat' dir='ltr'>vices,</span> <span class='ocrx_word' id='word_1_328' title='bbox 1048 3692 1445 3752; x_wconf 89' lang='lat' dir='ltr'>anathematis</span> <span class='ocrx_word' id='word_1_329' title='bbox 1469 3693 1705 3751; x_wconf 91' lang='lat' dir='ltr'>vinculo</span> <span class='ocrx_word' id='word_1_330' title='bbox 1760 3692 2010 3750; x_wconf 86' lang='lat' dir='ltr'>innoda-</span> 
     </span>
    </p>
   </div>
   <div class='ocr_carea' id='block_1_56' title="bbox 361 3782 2010 3858">
    <p class='ocr_par' dir='ltr' id='par_1_56' title="bbox 361 3782 2010 3858">
     <span class='ocr_line' id='line_1_56' title="bbox 361 3782 2010 3858; baseline -0.003 -13"><span class='ocrx_word' id='word_1_331' title='bbox 361 3792 511 3858; x_wconf 88' lang='lat' dir='ltr'>tum,</span> <span class='ocrx_word' id='word_1_332' title='bbox 540 3793 662 3845; x_wconf 90' lang='lat' dir='ltr'>eta</span> <span class='ocrx_word' id='word_1_333' title='bbox 703 3801 887 3857; x_wconf 89' lang='lat' dir='ltr'>regno</span> <span class='ocrx_word' id='word_1_334' title='bbox 939 3784 1042 3841; x_wconf 89' lang='lat' dir='ltr'>Dei</span> <span class='ocrx_word' id='word_1_335' title='bbox 1093 3782 1377 3852; x_wconf 85' lang='lat' dir='ltr'>alienum,</span> <span class='ocrx_word' id='word_1_336' title='bbox 1436 3788 1615 3857; x_wconf 89' lang='lat' dir='ltr'>atque</span> <span class='ocrx_word' id='word_1_337' title='bbox 1664 3799 1804 3840; x_wconf 91' lang='lat' dir='ltr'>cum</span> <span class='ocrx_word' id='word_1_338' title='bbox 1855 3783 2010 3840; x_wconf 89' lang='lat' dir='ltr'>Juda</span> 
     </span>
    </p>
   </div>
   <div class='ocr_carea' id='block_1_57' title="bbox 360 3870 2007 3933">
    <p class='ocr_par' dir='ltr' id='par_1_57' title="bbox 360 3870 2007 3933">
     <span class='ocr_line' id='line_1_57' title="bbox 360 3870 2007 3933; baseline -0.004 0"><span class='ocrx_word' id='word_1_339' title='bbox 360 3875 642 3933; x_wconf 88' lang='lat' dir='ltr'>traditore</span> <span class='ocrx_word' id='word_1_340' title='bbox 664 3873 897 3931; x_wconf 91' lang='lat' dir='ltr'>Domini</span> <span class='ocrx_word' id='word_1_341' title='bbox 937 3872 1123 3929; x_wconf 87' lang='lat' dir='ltr'>nostri</span> <span class='ocrx_word' id='word_1_342' title='bbox 1176 3875 1313 3929; x_wconf 88' lang='lat' dir='ltr'>Jesu</span> <span class='ocrx_word' id='word_1_343' title='bbox 1369 3870 1578 3931; x_wconf 89' lang='lat' dir='ltr'>Christi</span> <span class='ocrx_word' id='word_1_344' title='bbox 1625 3875 1683 3927; x_wconf 93' lang='lat' dir='ltr'>et</span> <span class='ocrx_word' id='word_1_345' title='bbox 1726 3871 2007 3928; x_wconf 87' lang='lat' dir='ltr'>omnibus</span> 
     </span>
    </p>
   </div>
   <div class='ocr_carea' id='block_1_58' title="bbox 359 3959 2007 4038">
    <p class='ocr_par' dir='ltr' id='par_1_58' title="bbox 359 3959 2007 4038">
     <span class='ocr_line' id='line_1_58' title="bbox 359 3959 2007 4038; baseline -0.004 -17"><span class='ocrx_word' id='word_1_346' title='bbox 359 3961 558 4038; x_wconf 91' lang='lat' dir='ltr'>impiis</span> <span class='ocrx_word' id='word_1_347' title='bbox 587 3963 782 4020; x_wconf 91' lang='lat' dir='ltr'>socius</span> <span class='ocrx_word' id='word_1_348' title='bbox 806 3960 877 4018; x_wconf 89' lang='lat' dir='ltr'>sit</span> <span class='ocrx_word' id='word_1_349' title='bbox 900 3961 960 4017; x_wconf 90' lang='lat' dir='ltr'>in</span> <span class='ocrx_word' id='word_1_350' title='bbox 982 3960 1233 4018; x_wconf 86' lang='lat' dir='ltr'>inferno.</span> <span class='ocrx_word' id='word_1_351' title='bbox 1265 3960 1377 4027; x_wconf 88' lang='lat' dir='ltr'>Qui</span> <span class='ocrx_word' id='word_1_352' title='bbox 1429 3976 1568 4017; x_wconf 88' lang='lat' dir='ltr'>vero</span> <span class='ocrx_word' id='word_1_353' title='bbox 1624 3975 1736 4033; x_wconf 91' lang='lat' dir='ltr'>pro</span> <span class='ocrx_word' id='word_1_354' title='bbox 1791 3959 2007 4016; x_wconf 91' lang='lat' dir='ltr'>intuitu</span> 
     </span>
    </p>
   </div>
   <div class='ocr_carea' id='block_1_59' title="bbox 360 4047 2006 4122">
    <p class='ocr_par' dir='ltr' id='par_1_59' title="bbox 360 4047 2006 4122">
     <span class='ocr_line' id='line_1_59' title="bbox 360 4047 2006 4122; baseline -0.004 -13"><span class='ocrx_word' id='word_1_355' title='bbox 360 4056 560 4109; x_wconf 91' lang='lat' dir='ltr'>custos</span> <span class='ocrx_word' id='word_1_356' title='bbox 588 4055 644 4108; x_wconf 92' lang='lat' dir='ltr'>et</span> <span class='ocrx_word' id='word_1_357' title='bbox 668 4050 1015 4108; x_wconf 85' lang='lat' dir='ltr'>observator</span> <span class='ocrx_word' id='word_1_358' title='bbox 1040 4049 1221 4121; x_wconf 89' lang='lat' dir='ltr'>hujus</span> <span class='ocrx_word' id='word_1_359' title='bbox 1250 4048 1435 4106; x_wconf 88' lang='lat' dir='ltr'>nostri</span> <span class='ocrx_word' id='word_1_360' title='bbox 1466 4047 1779 4122; x_wconf 89' lang='lat' dir='ltr'>apostolici</span> <span class='ocrx_word' id='word_1_361' title='bbox 1827 4047 2006 4122; x_wconf 88' lang='lat' dir='ltr'>privi-</span> 
     </span>
    </p>
   </div>
   <div class='ocr_carea' id='block_1_60' title="bbox 357 4136 2004 4213">
    <p class='ocr_par' dir='ltr' id='par_1_60' title="bbox 357 4136 2004 4213">
     <span class='ocr_line' id='line_1_60' title="bbox 357 4136 2004 4213; baseline -0.002 -15"><span class='ocrx_word' id='word_1_362' title='bbox 357 4138 495 4213; x_wconf 79' lang='lat' dir='ltr'>leg&#39;ii</span> <span class='ocrx_word' id='word_1_363' title='bbox 520 4138 818 4207; x_wconf 86' lang='lat' dir='ltr'>exstiterit,</span> <span class='ocrx_word' id='word_1_364' title='bbox 836 4138 1059 4196; x_wconf 90' lang='lat' dir='ltr'>meritis</span> <span class='ocrx_word' id='word_1_365' title='bbox 1081 4143 1259 4212; x_wconf 88' lang='lat' dir='ltr'>atque</span> <span class='ocrx_word' id='word_1_366' title='bbox 1279 4137 1558 4212; x_wconf 88' lang='lat' dir='ltr'>precibus</span> <span class='ocrx_word' id='word_1_367' title='bbox 1613 4139 1672 4193; x_wconf 91' lang='lat' dir='ltr'>B.</span> <span class='ocrx_word' id='word_1_368' title='bbox 1695 4136 1844 4193; x_wconf 87' lang='lat' dir='ltr'>Petri</span> <span class='ocrx_word' id='word_1_369' title='bbox 1864 4153 2004 4210; x_wconf 88' lang='lat' dir='ltr'>apo-</span> 
     </span>
    </p>
   </div>
   <div class='ocr_carea' id='block_1_61' title="bbox 359 4226 2005 4303">
    <p class='ocr_par' dir='ltr' id='par_1_61' title="bbox 359 4226 2005 4303">
     <span class='ocr_line' id='line_1_61' title="bbox 359 4226 2005 4303; baseline -0.002 -16"><span class='ocrx_word' id='word_1_370' title='bbox 359 4228 646 4289; x_wconf 88' lang='lat' dir='ltr'>stolorum</span> <span class='ocrx_word' id='word_1_371' title='bbox 674 4226 977 4303; x_wconf 90' lang='lat' dir='ltr'>principis,</span> <span class='ocrx_word' id='word_1_372' title='bbox 1007 4233 1064 4286; x_wconf 91' lang='lat' dir='ltr'>et</span> <span class='ocrx_word' id='word_1_373' title='bbox 1116 4231 1212 4287; x_wconf 90' lang='lat' dir='ltr'>SS.</span> <span class='ocrx_word' id='word_1_374' title='bbox 1268 4232 1605 4299; x_wconf 86' lang='lat' dir='ltr'>martyrum</span> <span class='ocrx_word' id='word_1_375' title='bbox 1658 4226 1890 4282; x_wconf 76' lang='lat' dir='ltr'>Ruﬁnae</span> <span class='ocrx_word' id='word_1_376' title='bbox 1947 4231 2005 4284; x_wconf 91' lang='lat' dir='ltr'>et</span> 
     </span>
    </p>
   </div>
   <div class='ocr_carea' id='block_1_62' title="bbox 356 4316 1999 4391">
    <p class='ocr_par' dir='ltr' id='par_1_62' title="bbox 356 4316 1999 4391">
     <span class='ocr_line' id='line_1_62' title="bbox 356 4316 1999 4391; baseline -0.004 -12"><span class='ocrx_word' id='word_1_377' title='bbox 356 4321 643 4379; x_wconf 77' lang='lat' dir='ltr'>Secundae</span> <span class='ocrx_word' id='word_1_378' title='bbox 667 4321 730 4377; x_wconf 92' lang='lat' dir='ltr'>in</span> <span class='ocrx_word' id='word_1_379' title='bbox 751 4320 1018 4377; x_wconf 73' lang='lat' dir='ltr'>asthereis</span> <span class='ocrx_word' id='word_1_380' title='bbox 1047 4319 1285 4376; x_wconf 89' lang='lat' dir='ltr'>arcibus</span> <span class='ocrx_word' id='word_1_381' title='bbox 1320 4317 1588 4391; x_wconf 63' lang='lat' dir='ltr'>praemia,</span> <span class='ocrx_word' id='word_1_382' title='bbox 1648 4321 1705 4374; x_wconf 88' lang='lat' dir='ltr'>et</span> <span class='ocrx_word' id='word_1_383' title='bbox 1752 4316 1999 4374; x_wconf 88' lang='lat' dir='ltr'>benedi—</span> 
     </span>
    </p>
   </div>
   <div class='ocr_carea' id='block_1_63' title="bbox 355 4404 1997 4482">
    <p class='ocr_par' dir='ltr' id='par_1_63' title="bbox 355 4404 1997 4482">
     <span class='ocr_line' id='line_1_63' title="bbox 355 4404 1997 4482; baseline -0.003 -14"><span class='ocrx_word' id='word_1_384' title='bbox 355 4408 565 4468; x_wconf 89' lang='lat' dir='ltr'>ctionis</span> <span class='ocrx_word' id='word_1_385' title='bbox 622 4409 878 4481; x_wconf 85' lang='lat' dir='ltr'>gratiam</span> <span class='ocrx_word' id='word_1_386' title='bbox 929 4413 1108 4482; x_wconf 90' lang='lat' dir='ltr'>atque</span> <span class='ocrx_word' id='word_1_387' title='bbox 1192 4404 1682 4474; x_wconf 90' lang='lat' dir='ltr'>misericordiam,</span> <span class='ocrx_word' id='word_1_388' title='bbox 1749 4421 1786 4462; x_wconf 90' lang='lat' dir='ltr'>a</span> <span class='ocrx_word' id='word_1_389' title='bbox 1835 4407 1997 4478; x_wconf 87' lang='lat' dir='ltr'>justo</span> 
     </span>
    </p>
   </div>
   <div class='ocr_carea' id='block_1_64' title="bbox 350 4495 1998 4572">
    <p class='ocr_par' dir='ltr' id='par_1_64' title="bbox 350 4495 1998 4572">
     <span class='ocr_line' id='line_1_64' title="bbox 350 4495 1998 4572; baseline -0.004 -14"><span class='ocrx_word' id='word_1_390' title='bbox 350 4497 551 4572; x_wconf 89' lang='lat' dir='ltr'>judice</span> <span class='ocrx_word' id='word_1_391' title='bbox 593 4496 846 4557; x_wconf 91' lang='lat' dir='ltr'>Domino</span> <span class='ocrx_word' id='word_1_392' title='bbox 895 4500 1015 4554; x_wconf 91' lang='lat' dir='ltr'>Deo</span> <span class='ocrx_word' id='word_1_393' title='bbox 1068 4500 1293 4565; x_wconf 90' lang='lat' dir='ltr'>nostro,</span> <span class='ocrx_word' id='word_1_394' title='bbox 1340 4495 1525 4553; x_wconf 90' lang='lat' dir='ltr'>vitam</span> <span class='ocrx_word' id='word_1_395' title='bbox 1556 4499 1840 4552; x_wconf 71' lang='lat' dir='ltr'>aeternam</span> <span class='ocrx_word' id='word_1_396' title='bbox 1868 4512 1998 4570; x_wconf 91' lang='lat' dir='ltr'>per-</span> 
     </span>
    </p>
   </div>
   <div class='ocr_carea' id='block_1_65' title="bbox 353 4583 1993 4662">
    <p class='ocr_par' dir='ltr' id='par_1_65' title="bbox 353 4583 1993 4662">
     <span class='ocr_line' id='line_1_65' title="bbox 353 4583 1993 4662; baseline -0.004 -15"><span class='ocrx_word' id='word_1_397' title='bbox 353 4590 547 4662; x_wconf 91' lang='lat' dir='ltr'>cipcrc</span> <span class='ocrx_word' id='word_1_398' title='bbox 575 4592 630 4646; x_wconf 93' lang='lat' dir='ltr'>et</span> <span class='ocrx_word' id='word_1_399' title='bbox 653 4587 916 4645; x_wconf 89' lang='lat' dir='ltr'>invenire</span> <span class='ocrx_word' id='word_1_400' title='bbox 940 4589 1238 4644; x_wconf 90' lang='lat' dir='ltr'>mereatur</span> <span class='ocrx_word' id='word_1_401' title='bbox 1264 4584 1326 4642; x_wconf 92' lang='lat' dir='ltr'>in</span> <span class='ocrx_word' id='word_1_402' title='bbox 1371 4584 1588 4647; x_wconf 81' lang='lat' dir='ltr'>saecula</span> <span class='ocrx_word' id='word_1_403' title='bbox 1617 4583 1993 4642; x_wconf 63' lang='lat' dir='ltr'>saeculorum.</span> 
     </span>
    </p>
   </div>
   <div class='ocr_carea' id='block_1_66' title="bbox 352 4683 560 4737">
    <p class='ocr_par' dir='ltr' id='par_1_66' title="bbox 352 4683 560 4737">
     <span class='ocr_line' id='line_1_66' title="bbox 352 4683 560 4737; baseline -0.005 -1"><span class='ocrx_word' id='word_1_404' title='bbox 352 4683 560 4737; x_wconf 83' lang='lat' dir='ltr'>Amen.</span> 
     </span>
    </p>
   </div>
   <div class='ocr_carea' id='block_1_67' title="bbox 421 4764 1996 4843">
    <p class='ocr_par' dir='ltr' id='par_1_67' title="bbox 421 4764 1996 4843">
     <span class='ocr_line' id='line_1_67' title="bbox 421 4764 1996 4843; baseline -0.003 -17"><span class='ocrx_word' id='word_1_405' title='bbox 421 4767 719 4843; x_wconf 88' lang='lat' dir='ltr'>Scriptum</span> <span class='ocrx_word' id='word_1_406' title='bbox 746 4782 854 4840; x_wconf 90' lang='lat' dir='ltr'>per</span> <span class='ocrx_word' id='word_1_407' title='bbox 872 4782 1124 4823; x_wconf 90' lang='lat' dir='ltr'>manum</span> <span class='ocrx_word' id='word_1_408' title='bbox 1151 4765 1381 4837; x_wconf 88' lang='lat' dir='ltr'>Georgii</span> <span class='ocrx_word' id='word_1_409' title='bbox 1409 4764 1626 4821; x_wconf 86' lang='lat' dir='ltr'>notarii</span> <span class='ocrx_word' id='word_1_410' title='bbox 1678 4764 1996 4835; x_wconf 89' lang='lat' dir='ltr'>regionarii</span> 
     </span>
    </p>
   </div>
   <div class='ocr_carea' id='block_1_68' title="bbox 350 4852 1995 4932">
    <p class='ocr_par' dir='ltr' id='par_1_68' title="bbox 350 4852 1995 4932">
     <span class='ocr_line' id='line_1_68' title="bbox 350 4852 1995 4932; baseline -0.003 -16"><span class='ocrx_word' id='word_1_411' title='bbox 350 4860 529 4932; x_wconf 85' lang='lat' dir='ltr'>atque</span> <span class='ocrx_word' id='word_1_412' title='bbox 554 4854 857 4929; x_wconf 90' lang='lat' dir='ltr'>scriptoris</span> <span class='ocrx_word' id='word_1_413' title='bbox 887 4856 942 4911; x_wconf 92' lang='lat' dir='ltr'>S.</span> <span class='ocrx_word' id='word_1_414' title='bbox 971 4852 1035 4911; x_wconf 79' lang='grc' dir='ltr'>Β.</span> <span class='ocrx_word' id='word_1_415' title='bbox 1067 4852 1337 4911; x_wconf 70' lang='lat' dir='ltr'>Ecclesia:</span> <span class='ocrx_word' id='word_1_416' title='bbox 1382 4853 1444 4909; x_wconf 88' lang='lat' dir='ltr'>in</span> <span class='ocrx_word' id='word_1_417' title='bbox 1499 4868 1705 4909; x_wconf 87' lang='lat' dir='ltr'>mense</span> <span class='ocrx_word' id='word_1_418' title='bbox 1758 4856 1995 4911; x_wconf 91' lang='lat' dir='ltr'>Decem-</span> 
     </span>
    </p>
   </div>
   <div class='ocr_carea' id='block_1_69' title="bbox 346 4942 1471 5019">
    <p class='ocr_par' dir='ltr' id='par_1_69' title="bbox 346 4942 1471 5019">
     <span class='ocr_line' id='line_1_69' title="bbox 346 4942 1471 5019; baseline -0.007 -15"><span class='ocrx_word' id='word_1_419' title='bbox 346 4945 493 5019; x_wconf 87' lang='lat' dir='ltr'>bris,</span> <span class='ocrx_word' id='word_1_420' title='bbox 523 4950 579 5004; x_wconf 91' lang='lat' dir='ltr'>et</span> <span class='ocrx_word' id='word_1_421' title='bbox 608 4943 927 5001; x_wconf 88' lang='lat' dir='ltr'>indictione</span> <span class='ocrx_word' id='word_1_422' title='bbox 958 4958 1142 5016; x_wconf 91' lang='lat' dir='ltr'>supra</span> <span class='ocrx_word' id='word_1_423' title='bbox 1166 4942 1387 5015; x_wconf 91' lang='lat' dir='ltr'>scripta</span> <span class='ocrx_word' id='word_1_424' title='bbox 1414 4958 1471 4996; x_wconf 84' lang='lat' dir='ltr'>x.</span> 
     </span>
    </p>
   </div>
   <div class='ocr_carea' id='block_1_70' title="bbox 417 5028 1777 5102">
    <p class='ocr_par' dir='ltr' id='par_1_70' title="bbox 417 5028 1777 5102">
     <span class='ocr_line' id='line_1_70' title="bbox 417 5028 1777 5102; baseline -0.006 -10"><span class='ocrx_word' id='word_1_425' title='bbox 417 5032 756 5092; x_wconf 87' lang='lat' dir='ltr'>Thebaldus</span> <span class='ocrx_word' id='word_1_426' title='bbox 779 5031 921 5089; x_wconf 93' lang='lat' dir='ltr'>Bell.</span> <span class='ocrx_word' id='word_1_427' title='bbox 952 5035 1101 5098; x_wconf 89' lang='lat' dir='ltr'>tren,</span> <span class='ocrx_word' id='word_1_428' title='bbox 1136 5028 1407 5086; x_wconf 64' lang='lat' dir='ltr'>Ecclesize</span> <span class='ocrx_word' id='word_1_429' title='bbox 1439 5028 1777 5102; x_wconf 91' lang='lat' dir='ltr'>episcopus.</span> 
     </span>
    </p>
   </div>
   <div class='ocr_carea' id='block_1_71' title="bbox 416 5114 1988 5195">
    <p class='ocr_par' dir='ltr' id='par_1_71' title="bbox 416 5114 1988 5195">
     <span class='ocr_line' id='line_1_71' title="bbox 416 5114 1988 5195; baseline -0.003 -13"><span class='ocrx_word' id='word_1_430' title='bbox 416 5121 793 5185; x_wconf 86' lang='lat' dir='ltr'>Theobaldus</span> <span class='ocrx_word' id='word_1_431' title='bbox 818 5120 1138 5195; x_wconf 91' lang='lat' dir='ltr'>episcopus</span> <span class='ocrx_word' id='word_1_432' title='bbox 1160 5122 1378 5176; x_wconf 68' lang='lat' dir='ltr'>sancta:</span> <span class='ocrx_word' id='word_1_433' title='bbox 1435 5114 1650 5175; x_wconf 85' lang='lat' dir='ltr'>Alban.</span> <span class='ocrx_word' id='word_1_434' title='bbox 1698 5118 1988 5177; x_wconf 76' lang='lat' dir='ltr'>Ecclesiae.</span> 
     </span>
    </p>
   </div>
   <div class='ocr_carea' id='block_1_72' title="bbox 416 5206 1541 5279">
    <p class='ocr_par' dir='ltr' id='par_1_72' title="bbox 416 5206 1541 5279">
     <span class='ocr_line' id='line_1_72' title="bbox 416 5206 1541 5279; baseline -0.004 -11"><span class='ocrx_word' id='word_1_435' title='bbox 416 5208 760 5269; x_wconf 89' lang='lat' dir='ltr'>Dominicus</span> <span class='ocrx_word' id='word_1_436' title='bbox 794 5213 849 5269; x_wconf 94' lang='lat' dir='ltr'>S.</span> <span class='ocrx_word' id='word_1_437' title='bbox 881 5208 1156 5268; x_wconf 89' lang='lat' dir='ltr'>Lavican.</span> <span class='ocrx_word' id='word_1_438' title='bbox 1182 5206 1333 5264; x_wconf 89' lang='lat' dir='ltr'>Eccl.</span> <span class='ocrx_word' id='word_1_439' title='bbox 1362 5206 1541 5279; x_wconf 89' lang='lat' dir='ltr'>episc.</span> 
     </span>
    </p>
   </div>
   <div class='ocr_carea' id='block_1_73' title="bbox 413 5295 1315 5371">
    <p class='ocr_par' dir='ltr' id='par_1_73' title="bbox 413 5295 1315 5371">
     <span class='ocr_line' id='line_1_73' title="bbox 413 5295 1315 5371; baseline -0.004 -15"><span class='ocrx_word' id='word_1_440' title='bbox 413 5295 618 5358; x_wconf 86' lang='lat' dir='ltr'>Petrus</span> <span class='ocrx_word' id='word_1_441' title='bbox 642 5304 916 5358; x_wconf 64' lang='lat' dir='ltr'>Prienest.</span> <span class='ocrx_word' id='word_1_442' title='bbox 949 5298 1101 5356; x_wconf 85' lang='lat' dir='ltr'>Eccl.</span> <span class='ocrx_word' id='word_1_443' title='bbox 1134 5298 1315 5371; x_wconf 91' lang='lat' dir='ltr'>episc.</span> 
     </span>
    </p>
   </div>
   <div class='ocr_carea' id='block_1_74' title="bbox 414 5384 1530 5462">
    <p class='ocr_par' dir='ltr' id='par_1_74' title="bbox 414 5384 1530 5462">
     <span class='ocr_line' id='line_1_74' title="bbox 414 5384 1530 5462; baseline -0.004 -18"><span class='ocrx_word' id='word_1_444' title='bbox 414 5388 619 5446; x_wconf 89' lang='lat' dir='ltr'>Petrus</span> <span class='ocrx_word' id='word_1_445' title='bbox 650 5388 834 5462; x_wconf 91' lang='lat' dir='ltr'>episc.</span> <span class='ocrx_word' id='word_1_446' title='bbox 869 5389 926 5444; x_wconf 93' lang='lat' dir='ltr'>S.</span> <span class='ocrx_word' id='word_1_447' title='bbox 956 5386 1209 5445; x_wconf 90' lang='lat' dir='ltr'>Ostiens.</span> <span class='ocrx_word' id='word_1_448' title='bbox 1239 5384 1530 5442; x_wconf 83' lang='lat' dir='ltr'>Ecclesiae.</span> 
     </span>
    </p>
   </div>
   <div class='ocr_carea' id='block_1_75' title="bbox 417 5469 1805 5551">
    <p class='ocr_par' dir='ltr' id='par_1_75' title="bbox 417 5469 1805 5551">
     <span class='ocr_line' id='line_1_75' title="bbox 417 5469 1805 5551; baseline -0.006 -16"><span class='ocrx_word' id='word_1_449' title='bbox 417 5479 752 5551; x_wconf 85' lang='lat' dir='ltr'>Stephanus</span> <span class='ocrx_word' id='word_1_450' title='bbox 780 5475 1091 5548; x_wconf 84' lang='lat' dir='ltr'>presbyter</span> <span class='ocrx_word' id='word_1_451' title='bbox 1110 5474 1262 5530; x_wconf 87' lang='lat' dir='ltr'>tituli</span> <span class='ocrx_word' id='word_1_452' title='bbox 1292 5478 1512 5531; x_wconf 65' lang='lat' dir='ltr'>sancta:</span> <span class='ocrx_word' id='word_1_453' title='bbox 1542 5469 1805 5529; x_wconf 64' lang='lat' dir='ltr'>Caecilim.</span> 
     </span>
    </p>
   </div>
   <div class='ocr_carea' id='block_1_76' title="bbox 414 5562 1265 5621">
    <p class='ocr_par' dir='ltr' id='par_1_76' title="bbox 414 5562 1265 5621">
     <span class='ocr_line' id='line_1_76' title="bbox 414 5562 1265 5621; baseline -0.005 -1"><span class='ocrx_word' id='word_1_454' title='bbox 414 5562 761 5621; x_wconf 87' lang='lat' dir='ltr'>Benedictus</span> <span class='ocrx_word' id='word_1_455' title='bbox 792 5562 1265 5619; x_wconf 87' lang='lat' dir='ltr'>archidiaconus.</span> 
     </span>
    </p>
   </div>
   <div class='ocr_carea' id='block_1_77' title="bbox 416 5652 875 5721">
    <p class='ocr_par' dir='ltr' id='par_1_77' title="bbox 416 5652 875 5721">
     <span class='ocr_line' id='line_1_77' title="bbox 416 5652 875 5721; baseline 0 -14"><span class='ocrx_word' id='word_1_456' title='bbox 416 5652 541 5721; x_wconf 85' lang='lat' dir='ltr'>Ugo</span> <span class='ocrx_word' id='word_1_457' title='bbox 567 5652 875 5709; x_wconf 91' lang='lat' dir='ltr'>diaconus.</span> 
     </span>
    </p>
   </div>
   <div class='ocr_carea' id='block_1_78' title="bbox 412 5730 1310 5804">
    <p class='ocr_par' dir='ltr' id='par_1_78' title="bbox 412 5730 1310 5804">
     <span class='ocr_line' id='line_1_78' title="bbox 412 5730 1310 5804; baseline -0.008 -3"><span class='ocrx_word' id='word_1_458' title='bbox 412 5740 617 5801; x_wconf 85' lang='lat' dir='ltr'>Petrus</span> <span class='ocrx_word' id='word_1_459' title='bbox 647 5740 807 5804; x_wconf 87' lang='lat' dir='ltr'>card.</span> <span class='ocrx_word' id='word_1_460' title='bbox 835 5739 918 5802; x_wconf 85' lang='lat' dir='ltr'>tit.</span> <span class='ocrx_word' id='word_1_461' title='bbox 957 5740 1016 5800; x_wconf 90' lang='lat' dir='ltr'>S.</span> <span class='ocrx_word' id='word_1_462' title='bbox 1049 5730 1310 5799; x_wconf 84' lang='lat' dir='ltr'>Damasi.</span> 
     </span>
    </p>
   </div>
   <div class='ocr_carea' id='block_1_79' title="bbox 2137 1823 3824 1904">
    <p class='ocr_par' dir='ltr' id='par_1_79' title="bbox 2137 1823 3824 1904">
     <span class='ocr_line' id='line_1_79' title="bbox 2137 1823 3824 1904; baseline 0.007 -26"><span class='ocrx_word' id='word_1_463' title='bbox 2137 1823 2516 1897; x_wconf 87' lang='lat' dir='ltr'>pontiﬁcatus</span> <span class='ocrx_word' id='word_1_464' title='bbox 2529 1825 2755 1883; x_wconf 88' lang='lat' dir='ltr'>domini</span> <span class='ocrx_word' id='word_1_465' title='bbox 2767 1827 2953 1884; x_wconf 89' lang='lat' dir='ltr'>nostri</span> <span class='ocrx_word' id='word_1_466' title='bbox 2965 1828 3212 1885; x_wconf 89' lang='lat' dir='ltr'>Joannis</span> <span class='ocrx_word' id='word_1_467' title='bbox 3227 1830 3455 1886; x_wconf 89' lang='lat' dir='ltr'>summi</span> <span class='ocrx_word' id='word_1_468' title='bbox 3481 1832 3824 1904; x_wconf 86' lang='lat' dir='ltr'>pontiﬁcis,</span> 
     </span>
    </p>
   </div>
   <div class='ocr_carea' id='block_1_80' title="bbox 2138 1914 3826 1989">
    <p class='ocr_par' dir='ltr' id='par_1_80' title="bbox 2138 1914 3826 1989">
     <span class='ocr_line' id='line_1_80' title="bbox 2138 1914 3826 1989; baseline 0.006 -20"><span class='ocrx_word' id='word_1_469' title='bbox 2138 1918 2195 1970; x_wconf 89' lang='lat' dir='ltr'>et</span> <span class='ocrx_word' id='word_1_470' title='bbox 2215 1914 2563 1970; x_wconf 86' lang='lat' dir='ltr'>universalis</span> <span class='ocrx_word' id='word_1_471' title='bbox 2596 1917 2705 1971; x_wconf 88' lang='lat' dir='ltr'>XIX</span> <span class='ocrx_word' id='word_1_472' title='bbox 2728 1931 2898 1989; x_wconf 79' lang='lat' dir='ltr'>papae</span> <span class='ocrx_word' id='word_1_473' title='bbox 2917 1916 2978 1972; x_wconf 91' lang='lat' dir='ltr'>in</span> <span class='ocrx_word' id='word_1_474' title='bbox 2992 1918 3403 1975; x_wconf 88' lang='lat' dir='ltr'>sacratissima</span> <span class='ocrx_word' id='word_1_475' title='bbox 3442 1920 3601 1977; x_wconf 89' lang='lat' dir='ltr'>sede</span> <span class='ocrx_word' id='word_1_476' title='bbox 3625 1924 3692 1978; x_wconf 84' lang='grc' dir='ltr'>Β.</span> <span class='ocrx_word' id='word_1_477' title='bbox 3727 1925 3826 1978; x_wconf 86' lang='lat' dir='ltr'>Pe-</span> 
     </span>
    </p>
   </div>
   <div class='ocr_carea' id='block_1_81' title="bbox 2136 2002 3725 2075">
    <p class='ocr_par' dir='ltr' id='par_1_81' title="bbox 2136 2002 3725 2075">
     <span class='ocr_line' id='line_1_81' title="bbox 2136 2002 3725 2075; baseline 0.006 -17"><span class='ocrx_word' id='word_1_478' title='bbox 2136 2002 2209 2059; x_wconf 92' lang='lat' dir='ltr'>tri</span> <span class='ocrx_word' id='word_1_479' title='bbox 2231 2002 2504 2074; x_wconf 90' lang='lat' dir='ltr'>apostoli,</span> <span class='ocrx_word' id='word_1_480' title='bbox 2536 2004 2700 2060; x_wconf 90' lang='lat' dir='ltr'>tertio</span> <span class='ocrx_word' id='word_1_481' title='bbox 2726 2021 2934 2062; x_wconf 91' lang='lat' dir='ltr'>mense</span> <span class='ocrx_word' id='word_1_482' title='bbox 2967 2007 3269 2075; x_wconf 89' lang='lat' dir='ltr'>Decemb.,</span> <span class='ocrx_word' id='word_1_483' title='bbox 3287 2008 3633 2067; x_wconf 89' lang='lat' dir='ltr'>indictione</span> <span class='ocrx_word' id='word_1_484' title='bbox 3660 2028 3725 2068; x_wconf 69' lang='grc' dir='ltr'>Χ.</span> 
     </span>
    </p>
   </div>
   <div class='ocr_carea' id='block_1_82' title="bbox 2208 2092 3825 2165">
    <p class='ocr_par' dir='ltr' id='par_1_82' title="bbox 2208 2092 3825 2165">
     <span class='ocr_line' id='line_1_82' title="bbox 2208 2092 3825 2165; baseline 0.007 -18"><span class='ocrx_word' id='word_1_485' title='bbox 2208 2092 2587 2149; x_wconf 90' lang='lat' dir='ltr'>Decernimus</span> <span class='ocrx_word' id='word_1_486' title='bbox 2617 2111 2758 2165; x_wconf 89' lang='lat' dir='ltr'>ergo</span> <span class='ocrx_word' id='word_1_487' title='bbox 2788 2100 2852 2151; x_wconf 91' lang='lat' dir='ltr'>ut</span> <span class='ocrx_word' id='word_1_488' title='bbox 2871 2095 3017 2152; x_wconf 90' lang='lat' dir='ltr'>nulli</span> <span class='ocrx_word' id='word_1_489' title='bbox 3047 2097 3296 2154; x_wconf 89' lang='lat' dir='ltr'>omnino</span> <span class='ocrx_word' id='word_1_490' title='bbox 3348 2098 3695 2158; x_wconf 87' lang='lat' dir='ltr'>hominum</span> <span class='ocrx_word' id='word_1_491' title='bbox 3756 2101 3825 2157; x_wconf 91' lang='lat' dir='ltr'>li-</span> 
     </span>
    </p>
   </div>
   <div class='ocr_carea' id='block_1_83' title="bbox 2135 2182 3822 2260">
    <p class='ocr_par' dir='ltr' id='par_1_83' title="bbox 2135 2182 3822 2260">
     <span class='ocr_line' id='line_1_83' title="bbox 2135 2182 3822 2260; baseline 0.007 -24"><span class='ocrx_word' id='word_1_492' title='bbox 2135 2184 2265 2238; x_wconf 89' lang='lat' dir='ltr'>ceat</span> <span class='ocrx_word' id='word_1_493' title='bbox 2289 2198 2362 2255; x_wconf 88' lang='lat' dir='ltr'>pr</span> <span class='ocrx_word' id='word_1_494' title='bbox 2375 2182 2640 2240; x_wconf 73' lang='lat' dir='ltr'>rdictam</span> <span class='ocrx_word' id='word_1_495' title='bbox 2670 2184 2991 2241; x_wconf 86' lang='lat' dir='ltr'>Ecclesiam</span> <span class='ocrx_word' id='word_1_496' title='bbox 3011 2189 3235 2243; x_wconf 87' lang='lat' dir='ltr'>temere</span> <span class='ocrx_word' id='word_1_497' title='bbox 3261 2188 3659 2260; x_wconf 89' lang='lat' dir='ltr'>perturbare,</span> <span class='ocrx_word' id='word_1_498' title='bbox 3714 2195 3822 2247; x_wconf 89' lang='lat' dir='ltr'>aut</span> 
     </span>
    </p>
   </div>
   <div class='ocr_carea' id='block_1_84' title="bbox 2133 2271 3815 2347">
    <p class='ocr_par' dir='ltr' id='par_1_84' title="bbox 2133 2271 3815 2347">
     <span class='ocr_line' id='line_1_84' title="bbox 2133 2271 3815 2347; baseline 0.007 -22"><span class='ocrx_word' id='word_1_499' title='bbox 2133 2271 2263 2342; x_wconf 90' lang='lat' dir='ltr'>ejus</span> <span class='ocrx_word' id='word_1_500' title='bbox 2325 2272 2735 2344; x_wconf 88' lang='lat' dir='ltr'>possessiones</span> <span class='ocrx_word' id='word_1_501' title='bbox 2784 2274 3037 2344; x_wconf 86' lang='lat' dir='ltr'>auferre,</span> <span class='ocrx_word' id='word_1_502' title='bbox 3086 2276 3182 2332; x_wconf 91' lang='lat' dir='ltr'>vel</span> <span class='ocrx_word' id='word_1_503' title='bbox 3232 2276 3470 2334; x_wconf 88' lang='lat' dir='ltr'>ablatas</span> <span class='ocrx_word' id='word_1_504' title='bbox 3523 2279 3815 2347; x_wconf 82' lang='lat' dir='ltr'>retinere,</span> 
     </span>
    </p>
   </div>
   <div class='ocr_carea' id='block_1_85' title="bbox 2131 2359 3815 2437">
    <p class='ocr_par' dir='ltr' id='par_1_85' title="bbox 2131 2359 3815 2437">
     <span class='ocr_line' id='line_1_85' title="bbox 2131 2359 3815 2437; baseline 0.007 -24"><span class='ocrx_word' id='word_1_505' title='bbox 2131 2359 2422 2428; x_wconf 90' lang='lat' dir='ltr'>minuere,</span> <span class='ocrx_word' id='word_1_506' title='bbox 2449 2360 2544 2416; x_wconf 89' lang='lat' dir='ltr'>vel</span> <span class='ocrx_word' id='word_1_507' title='bbox 2570 2360 2650 2433; x_wconf 89' lang='lat' dir='ltr'>inj</span> <span class='ocrx_word' id='word_1_508' title='bbox 2662 2361 2804 2418; x_wconf 90' lang='lat' dir='ltr'>ustis</span> <span class='ocrx_word' id='word_1_509' title='bbox 2824 2363 3239 2421; x_wconf 88' lang='lat' dir='ltr'>vexatiombus</span> <span class='ocrx_word' id='word_1_510' title='bbox 3259 2364 3542 2437; x_wconf 87' lang='lat' dir='ltr'>fatigare,</span> <span class='ocrx_word' id='word_1_511' title='bbox 3580 2368 3815 2425; x_wconf 90' lang='lat' dir='ltr'>scilicet</span> 
     </span>
    </p>
   </div>
   <div class='ocr_carea' id='block_1_86' title="bbox 2131 2443 3821 2525">
    <p class='ocr_par' dir='ltr' id='par_1_86' title="bbox 2131 2443 3821 2525">
     <span class='ocr_line' id='line_1_86' title="bbox 2131 2443 3821 2525; baseline 0.007 -27"><span class='ocrx_word' id='word_1_512' title='bbox 2131 2443 2336 2500; x_wconf 87' lang='lat' dir='ltr'>omnia</span> <span class='ocrx_word' id='word_1_513' title='bbox 2366 2443 2598 2515; x_wconf 82' lang='lat' dir='ltr'>integra</span> <span class='ocrx_word' id='word_1_514' title='bbox 2627 2451 3056 2504; x_wconf 89' lang='lat' dir='ltr'>conserventur</span> <span class='ocrx_word' id='word_1_515' title='bbox 3107 2465 3318 2506; x_wconf 91' lang='lat' dir='ltr'>eorum</span> <span class='ocrx_word' id='word_1_516' title='bbox 3366 2467 3484 2525; x_wconf 90' lang='lat' dir='ltr'>pro</span> <span class='ocrx_word' id='word_1_517' title='bbox 3536 2468 3821 2525; x_wconf 87' lang='lat' dir='ltr'>quorum</span> 
     </span>
    </p>
   </div>
   <div class='ocr_carea' id='block_1_87' title="bbox 2129 2530 3820 2605">
    <p class='ocr_par' dir='ltr' id='par_1_87' title="bbox 2129 2530 3820 2605">
     <span class='ocr_line' id='line_1_87' title="bbox 2129 2530 3820 2605; baseline 0.007 -19"><span class='ocrx_word' id='word_1_518' title='bbox 2129 2530 2559 2601; x_wconf 55' lang='lat' dir='ltr'>guberaatione</span> <span class='ocrx_word' id='word_1_519' title='bbox 2582 2549 2652 2590; x_wconf 86' lang='lat' dir='ltr'>ac</span> <span class='ocrx_word' id='word_1_520' title='bbox 2680 2535 3108 2593; x_wconf 88' lang='lat' dir='ltr'>sustentatione</span> <span class='ocrx_word' id='word_1_521' title='bbox 3138 2553 3431 2595; x_wconf 86' lang='lat' dir='ltr'>concessa</span> <span class='ocrx_word' id='word_1_522' title='bbox 3462 2544 3638 2605; x_wconf 89' lang='lat' dir='ltr'>sunt,</span> <span class='ocrx_word' id='word_1_523' title='bbox 3701 2541 3820 2597; x_wconf 88' lang='lat' dir='ltr'>usi-</span> 
     </span>
    </p>
   </div>
   <div class='ocr_carea' id='block_1_88' title="bbox 2125 2620 3816 2703">
    <p class='ocr_par' dir='ltr' id='par_1_88' title="bbox 2125 2620 3816 2703">
     <span class='ocr_line' id='line_1_88' title="bbox 2125 2620 3816 2703; baseline 0.006 -26"><span class='ocrx_word' id='word_1_524' title='bbox 2125 2620 2244 2677; x_wconf 90' lang='lat' dir='ltr'>bus</span> <span class='ocrx_word' id='word_1_525' title='bbox 2270 2622 2635 2679; x_wconf 89' lang='lat' dir='ltr'>omnimodis</span> <span class='ocrx_word' id='word_1_526' title='bbox 2660 2625 2992 2697; x_wconf 88' lang='lat' dir='ltr'>profutura,</span> <span class='ocrx_word' id='word_1_527' title='bbox 3022 2626 3190 2683; x_wconf 89' lang='lat' dir='ltr'>salva</span> <span class='ocrx_word' id='word_1_528' title='bbox 3219 2628 3381 2684; x_wconf 90' lang='lat' dir='ltr'>sedis</span> <span class='ocrx_word' id='word_1_529' title='bbox 3441 2630 3816 2703; x_wconf 79' lang='lat' dir='ltr'>apostolicae</span> 
     </span>
    </p>
   </div>
   <div class='ocr_carea' id='block_1_89' title="bbox 2127 2712 3811 2788">
    <p class='ocr_par' dir='ltr' id='par_1_89' title="bbox 2127 2712 3811 2788">
     <span class='ocr_line' id='line_1_89' title="bbox 2127 2712 3811 2788; baseline 0.005 -20"><span class='ocrx_word' id='word_1_530' title='bbox 2127 2712 2491 2769; x_wconf 88' lang='lat' dir='ltr'>auctoritate.</span> <span class='ocrx_word' id='word_1_531' title='bbox 2528 2713 2585 2769; x_wconf 91' lang='lat' dir='ltr'>Si</span> <span class='ocrx_word' id='word_1_532' title='bbox 2609 2729 2745 2786; x_wconf 81' lang='lat' dir='ltr'>quae</span> <span class='ocrx_word' id='word_1_533' title='bbox 2773 2715 2953 2785; x_wconf 89' lang='lat' dir='ltr'>igitur</span> <span class='ocrx_word' id='word_1_534' title='bbox 2974 2715 3036 2772; x_wconf 91' lang='lat' dir='ltr'>in</span> <span class='ocrx_word' id='word_1_535' title='bbox 3062 2715 3330 2773; x_wconf 90' lang='lat' dir='ltr'>futurum</span> <span class='ocrx_word' id='word_1_536' title='bbox 3362 2718 3811 2788; x_wconf 71' lang='lat' dir='ltr'>ecclesiashca,</span> 
     </span>
    </p>
   </div>
   <div class='ocr_carea' id='block_1_90' title="bbox 2127 2800 3812 2876">
    <p class='ocr_par' dir='ltr' id='par_1_90' title="bbox 2127 2800 3812 2876">
     <span class='ocr_line' id='line_1_90' title="bbox 2127 2800 3812 2876; baseline 0.005 -21"><span class='ocrx_word' id='word_1_537' title='bbox 2127 2800 2447 2870; x_wconf 74' lang='lat' dir='ltr'>saecularis,</span> <span class='ocrx_word' id='word_1_538' title='bbox 2486 2801 2581 2858; x_wconf 91' lang='lat' dir='ltr'>vel</span> <span class='ocrx_word' id='word_1_539' title='bbox 2611 2801 2726 2859; x_wconf 89' lang='lat' dir='ltr'>alia</span> <span class='ocrx_word' id='word_1_540' title='bbox 2755 2819 3033 2876; x_wconf 81' lang='lat' dir='ltr'>persona,</span> <span class='ocrx_word' id='word_1_541' title='bbox 3064 2806 3225 2862; x_wconf 91' lang='lat' dir='ltr'>hanc</span> <span class='ocrx_word' id='word_1_542' title='bbox 3254 2810 3481 2864; x_wconf 73' lang='lat' dir='ltr'>nostras</span> <span class='ocrx_word' id='word_1_543' title='bbox 3514 2809 3812 2866; x_wconf 86' lang='lat' dir='ltr'>constitu-</span> 
     </span>
    </p>
   </div>
   <div class='ocr_carea' id='block_1_91' title="bbox 2126 2889 3805 2964">
    <p class='ocr_par' dir='ltr' id='par_1_91' title="bbox 2126 2889 3805 2964">
     <span class='ocr_line' id='line_1_91' title="bbox 2126 2889 3805 2964; baseline 0.007 -20"><span class='ocrx_word' id='word_1_544' title='bbox 2126 2889 2299 2945; x_wconf 92' lang='lat' dir='ltr'>tionis</span> <span class='ocrx_word' id='word_1_545' title='bbox 2328 2890 2638 2964; x_wconf 89' lang='lat' dir='ltr'>paginam,</span> <span class='ocrx_word' id='word_1_546' title='bbox 2672 2892 2865 2949; x_wconf 90' lang='lat' dir='ltr'>sciens</span> <span class='ocrx_word' id='word_1_547' title='bbox 2895 2898 3103 2951; x_wconf 89' lang='lat' dir='ltr'>contra</span> <span class='ocrx_word' id='word_1_548' title='bbox 3133 2910 3268 2952; x_wconf 88' lang='lat' dir='ltr'>eam</span> <span class='ocrx_word' id='word_1_549' title='bbox 3306 2902 3538 2954; x_wconf 90' lang='lat' dir='ltr'>temere</span> <span class='ocrx_word' id='word_1_550' title='bbox 3595 2899 3805 2955; x_wconf 82' lang='lat' dir='ltr'>venire</span> 
     </span>
    </p>
   </div>
   <div class='ocr_carea' id='block_1_92' title="bbox 2124 2978 3811 3056">
    <p class='ocr_par' dir='ltr' id='par_1_92' title="bbox 2124 2978 3811 3056">
     <span class='ocr_line' id='line_1_92' title="bbox 2124 2978 3811 3056; baseline 0.007 -23"><span class='ocrx_word' id='word_1_551' title='bbox 2124 2978 2448 3051; x_wconf 89' lang='lat' dir='ltr'>tentaverit,</span> <span class='ocrx_word' id='word_1_552' title='bbox 2482 2980 2746 3037; x_wconf 90' lang='lat' dir='ltr'>secundo</span> <span class='ocrx_word' id='word_1_553' title='bbox 2772 2981 3013 3040; x_wconf 88' lang='lat' dir='ltr'>tertiove</span> <span class='ocrx_word' id='word_1_554' title='bbox 3059 2986 3453 3056; x_wconf 88' lang='lat' dir='ltr'>commonita,</span> <span class='ocrx_word' id='word_1_555' title='bbox 3512 2986 3637 3043; x_wconf 88' lang='lat' dir='ltr'>nisi</span> <span class='ocrx_word' id='word_1_556' title='bbox 3683 3003 3811 3044; x_wconf 88' lang='lat' dir='ltr'>rea-</span> 
     </span>
    </p>
   </div>
   <div class='ocr_carea' id='block_1_93' title="bbox 2124 3072 3813 3150">
    <p class='ocr_par' dir='ltr' id='par_1_93' title="bbox 2124 3072 3813 3150">
     <span class='ocr_line' id='line_1_93' title="bbox 2124 3072 3813 3150; baseline 0.007 -27"><span class='ocrx_word' id='word_1_557' title='bbox 2124 3072 2252 3124; x_wconf 90' lang='lat' dir='ltr'>tum</span> <span class='ocrx_word' id='word_1_558' title='bbox 2282 3085 2461 3125; x_wconf 89' lang='lat' dir='ltr'>suum</span> <span class='ocrx_word' id='word_1_559' title='bbox 2491 3084 2757 3140; x_wconf 89' lang='lat' dir='ltr'>congrua</span> <span class='ocrx_word' id='word_1_560' title='bbox 2787 3072 3188 3130; x_wconf 73' lang='lat' dir='ltr'>satisfactione</span> <span class='ocrx_word' id='word_1_561' title='bbox 3227 3076 3582 3145; x_wconf 80' lang='lat' dir='ltr'>correxerit,</span> <span class='ocrx_word' id='word_1_562' title='bbox 3642 3082 3813 3150; x_wconf 81' lang='lat' dir='ltr'>pote-</span> 
     </span>
    </p>
   </div>
   <div class='ocr_carea' id='block_1_94' title="bbox 2122 3157 3811 3239">
    <p class='ocr_par' dir='ltr' id='par_1_94' title="bbox 2122 3157 3811 3239">
     <span class='ocr_line' id='line_1_94' title="bbox 2122 3157 3811 3239; baseline 0.005 -25"><span class='ocrx_word' id='word_1_563' title='bbox 2122 3158 2284 3214; x_wconf 88' lang='lat' dir='ltr'>statis</span> <span class='ocrx_word' id='word_1_564' title='bbox 2312 3157 2677 3232; x_wconf 88' lang='lat' dir='ltr'>honorisque</span> <span class='ocrx_word' id='word_1_565' title='bbox 2709 3160 2800 3216; x_wconf 91' lang='lat' dir='ltr'>sui</span> <span class='ocrx_word' id='word_1_566' title='bbox 2830 3166 3029 3218; x_wconf 90' lang='lat' dir='ltr'>careat</span> <span class='ocrx_word' id='word_1_567' title='bbox 3047 3162 3357 3235; x_wconf 88' lang='lat' dir='ltr'>dignitate,</span> <span class='ocrx_word' id='word_1_568' title='bbox 3386 3180 3700 3239; x_wconf 88' lang='lat' dir='ltr'>reamque</span> <span class='ocrx_word' id='word_1_569' title='bbox 3745 3183 3811 3222; x_wconf 89' lang='lat' dir='ltr'>se</span> 
     </span>
    </p>
   </div>
   <div class='ocr_carea' id='block_1_95' title="bbox 2121 3241 3811 3328">
    <p class='ocr_par' dir='ltr' id='par_1_95' title="bbox 2121 3241 3811 3328">
     <span class='ocr_line' id='line_1_95' title="bbox 2121 3241 3811 3328; baseline 0.007 -27"><span class='ocrx_word' id='word_1_570' title='bbox 2121 3241 2324 3303; x_wconf 84' lang='lat' dir='ltr'>divino</span> <span class='ocrx_word' id='word_1_571' title='bbox 2349 3247 2550 3318; x_wconf 89' lang='lat' dir='ltr'>judice</span> <span class='ocrx_word' id='word_1_572' title='bbox 2580 3249 2824 3305; x_wconf 82' lang='lat' dir='ltr'>existere</span> <span class='ocrx_word' id='word_1_573' title='bbox 2854 3249 2928 3306; x_wconf 93' lang='lat' dir='ltr'>de</span> <span class='ocrx_word' id='word_1_574' title='bbox 2958 3257 3300 3325; x_wconf 88' lang='lat' dir='ltr'>perpetrata</span> <span class='ocrx_word' id='word_1_575' title='bbox 3329 3254 3661 3328; x_wconf 85' lang='lat' dir='ltr'>iniquitate</span> <span class='ocrx_word' id='word_1_576' title='bbox 3701 3274 3811 3313; x_wconf 82' lang='lat' dir='ltr'>co-</span> 
     </span>
    </p>
   </div>
   <div class='ocr_carea' id='block_1_96' title="bbox 2120 3338 3810 3417">
    <p class='ocr_par' dir='ltr' id='par_1_96' title="bbox 2120 3338 3810 3417">
     <span class='ocr_line' id='line_1_96' title="bbox 2120 3338 3810 3417; baseline 0.008 -27"><span class='ocrx_word' id='word_1_577' title='bbox 2120 3340 2391 3406; x_wconf 87' lang='lat' dir='ltr'>gnoscat,</span> <span class='ocrx_word' id='word_1_578' title='bbox 2419 3339 2475 3393; x_wconf 91' lang='lat' dir='ltr'>et</span> <span class='ocrx_word' id='word_1_579' title='bbox 2503 3353 2540 3393; x_wconf 90' lang='lat' dir='ltr'>a</span> <span class='ocrx_word' id='word_1_580' title='bbox 2597 3338 2998 3396; x_wconf 91' lang='lat' dir='ltr'>sacratissimo</span> <span class='ocrx_word' id='word_1_581' title='bbox 3056 3358 3309 3415; x_wconf 90' lang='lat' dir='ltr'>corpore</span> <span class='ocrx_word' id='word_1_582' title='bbox 3360 3359 3434 3399; x_wconf 89' lang='lat' dir='ltr'>ac</span> <span class='ocrx_word' id='word_1_583' title='bbox 3489 3346 3810 3417; x_wconf 86' lang='lat' dir='ltr'>sanguine</span> 
     </span>
    </p>
   </div>
   <div class='ocr_carea' id='block_1_97' title="bbox 2119 3426 3814 3502">
    <p class='ocr_par' dir='ltr' id='par_1_97' title="bbox 2119 3426 3814 3502">
     <span class='ocr_line' id='line_1_97' title="bbox 2119 3426 3814 3502; baseline 0.008 -22"><span class='ocrx_word' id='word_1_584' title='bbox 2119 3426 2219 3481; x_wconf 92' lang='lat' dir='ltr'>Dei</span> <span class='ocrx_word' id='word_1_585' title='bbox 2248 3429 2305 3481; x_wconf 93' lang='lat' dir='ltr'>et</span> <span class='ocrx_word' id='word_1_586' title='bbox 2333 3426 2567 3483; x_wconf 90' lang='lat' dir='ltr'>Domini</span> <span class='ocrx_word' id='word_1_587' title='bbox 2594 3427 3004 3502; x_wconf 84' lang='lat' dir='ltr'>Redemptoris</span> <span class='ocrx_word' id='word_1_588' title='bbox 3024 3432 3211 3487; x_wconf 90' lang='lat' dir='ltr'>nostri</span> <span class='ocrx_word' id='word_1_589' title='bbox 3232 3434 3373 3489; x_wconf 87' lang='lat' dir='ltr'>Jesu</span> <span class='ocrx_word' id='word_1_590' title='bbox 3399 3434 3629 3491; x_wconf 88' lang='lat' dir='ltr'>Christi</span> <span class='ocrx_word' id='word_1_591' title='bbox 3663 3435 3814 3493; x_wconf 87' lang='lat' dir='ltr'>alie-</span> 
     </span>
    </p>
   </div>
   <div class='ocr_carea' id='block_1_98' title="bbox 2115 3512 3809 3596">
    <p class='ocr_par' dir='ltr' id='par_1_98' title="bbox 2115 3512 3809 3596">
     <span class='ocr_line' id='line_1_98' title="bbox 2115 3512 3809 3596; baseline 0.008 -28"><span class='ocrx_word' id='word_1_592' title='bbox 2115 3529 2197 3569; x_wconf 91' lang='lat' dir='ltr'>na</span> <span class='ocrx_word' id='word_1_593' title='bbox 2224 3512 2348 3585; x_wconf 87' lang='lat' dir='ltr'>ﬁat,</span> <span class='ocrx_word' id='word_1_594' title='bbox 2379 3518 2558 3588; x_wconf 90' lang='lat' dir='ltr'>atque</span> <span class='ocrx_word' id='word_1_595' title='bbox 2583 3515 2645 3570; x_wconf 90' lang='lat' dir='ltr'>in</span> <span class='ocrx_word' id='word_1_596' title='bbox 2666 3521 2932 3573; x_wconf 85' lang='lat' dir='ltr'>extremo</span> <span class='ocrx_word' id='word_1_597' title='bbox 2957 3519 3232 3576; x_wconf 83' lang='lat' dir='ltr'>examine</span> <span class='ocrx_word' id='word_1_598' title='bbox 3264 3520 3534 3579; x_wconf 77' lang='lat' dir='ltr'>districts</span> <span class='ocrx_word' id='word_1_599' title='bbox 3590 3524 3809 3596; x_wconf 85' lang='lat' dir='ltr'>subja-</span> 
     </span>
    </p>
   </div>
   <div class='ocr_carea' id='block_1_99' title="bbox 2115 3602 3809 3685">
    <p class='ocr_par' dir='ltr' id='par_1_99' title="bbox 2115 3602 3809 3685">
     <span class='ocr_line' id='line_1_99' title="bbox 2115 3602 3809 3685; baseline 0.008 -27"><span class='ocrx_word' id='word_1_600' title='bbox 2115 3606 2245 3659; x_wconf 91' lang='lat' dir='ltr'>ceat</span> <span class='ocrx_word' id='word_1_601' title='bbox 2274 3602 2501 3659; x_wconf 89' lang='lat' dir='ltr'>ultioni.</span> <span class='ocrx_word' id='word_1_602' title='bbox 2535 3605 2770 3661; x_wconf 90' lang='lat' dir='ltr'>Cunctis</span> <span class='ocrx_word' id='word_1_603' title='bbox 2801 3611 3002 3662; x_wconf 91' lang='lat' dir='ltr'>autem</span> <span class='ocrx_word' id='word_1_604' title='bbox 3059 3608 3254 3665; x_wconf 89' lang='lat' dir='ltr'>eidem</span> <span class='ocrx_word' id='word_1_605' title='bbox 3298 3609 3436 3668; x_wconf 92' lang='lat' dir='ltr'>loco</span> <span class='ocrx_word' id='word_1_606' title='bbox 3494 3628 3617 3669; x_wconf 87' lang='lat' dir='ltr'>sua</span> <span class='ocrx_word' id='word_1_607' title='bbox 3658 3614 3809 3685; x_wconf 87' lang='lat' dir='ltr'>jura</span> 
     </span>
    </p>
   </div>
   <div class='ocr_carea' id='block_1_100' title="bbox 2116 3692 3804 3773">
    <p class='ocr_par' dir='ltr' id='par_1_100' title="bbox 2116 3692 3804 3773">
     <span class='ocr_line' id='line_1_100' title="bbox 2116 3692 3804 3773; baseline 0.009 -27"><span class='ocrx_word' id='word_1_608' title='bbox 2116 3692 2510 3764; x_wconf 86' lang='lat' dir='ltr'>servantibus,</span> <span class='ocrx_word' id='word_1_609' title='bbox 2562 3693 2798 3766; x_wconf 69' lang='lat' dir='ltr'>sitjpax</span> <span class='ocrx_word' id='word_1_610' title='bbox 2849 3695 3085 3753; x_wconf 91' lang='lat' dir='ltr'>Domini</span> <span class='ocrx_word' id='word_1_611' title='bbox 3136 3699 3329 3755; x_wconf 89' lang='lat' dir='ltr'>nostri</span> <span class='ocrx_word' id='word_1_612' title='bbox 3371 3703 3518 3758; x_wconf 87' lang='lat' dir='ltr'>Jesu</span> <span class='ocrx_word' id='word_1_613' title='bbox 3550 3703 3804 3773; x_wconf 83' lang='lat' dir='ltr'>Christi,</span> 
     </span>
    </p>
   </div>
   <div class='ocr_carea' id='block_1_101' title="bbox 2113 3781 3801 3865">
    <p class='ocr_par' dir='ltr' id='par_1_101' title="bbox 2113 3781 3801 3865">
     <span class='ocr_line' id='line_1_101' title="bbox 2113 3781 3801 3865; baseline 0.009 -30"><span class='ocrx_word' id='word_1_614' title='bbox 2113 3785 2431 3853; x_wconf 90' lang='lat' dir='ltr'>quatenus,</span> <span class='ocrx_word' id='word_1_615' title='bbox 2464 3786 2520 3838; x_wconf 91' lang='lat' dir='ltr'>et</span> <span class='ocrx_word' id='word_1_616' title='bbox 2535 3781 2631 3837; x_wconf 91' lang='lat' dir='ltr'>hic</span> <span class='ocrx_word' id='word_1_617' title='bbox 2658 3782 2919 3841; x_wconf 88' lang='lat' dir='ltr'>fructum</span> <span class='ocrx_word' id='word_1_618' title='bbox 2943 3784 3120 3843; x_wconf 65' lang='lat' dir='ltr'>bonae</span> <span class='ocrx_word' id='word_1_619' title='bbox 3137 3787 3393 3845; x_wconf 89' lang='lat' dir='ltr'>actionis</span> <span class='ocrx_word' id='word_1_620' title='bbox 3420 3791 3801 3865; x_wconf 88' lang='lat' dir='ltr'>percipiant,</span> 
     </span>
    </p>
   </div>
   <div class='ocr_carea' id='block_1_102' title="bbox 2112 3869 3804 3955">
    <p class='ocr_par' dir='ltr' id='par_1_102' title="bbox 2112 3869 3804 3955">
     <span class='ocr_line' id='line_1_102' title="bbox 2112 3869 3804 3955; baseline 0.008 -31"><span class='ocrx_word' id='word_1_621' title='bbox 2112 3873 2169 3925; x_wconf 93' lang='lat' dir='ltr'>et</span> <span class='ocrx_word' id='word_1_622' title='bbox 2197 3870 2361 3943; x_wconf 89' lang='lat' dir='ltr'>apud</span> <span class='ocrx_word' id='word_1_623' title='bbox 2392 3869 2722 3927; x_wconf 91' lang='lat' dir='ltr'>districtum</span> <span class='ocrx_word' id='word_1_624' title='bbox 2748 3872 3020 3931; x_wconf 91' lang='lat' dir='ltr'>Judicem</span> <span class='ocrx_word' id='word_1_625' title='bbox 3049 3876 3303 3948; x_wconf 82' lang='lat' dir='ltr'>praemia</span> <span class='ocrx_word' id='word_1_626' title='bbox 3329 3885 3580 3937; x_wconf 66' lang='lat' dir='ltr'>aeternae</span> <span class='ocrx_word' id='word_1_627' title='bbox 3622 3883 3804 3955; x_wconf 83' lang='lat' dir='ltr'>pacis</span> 
     </span>
    </p>
   </div>
   <div class='ocr_carea' id='block_1_103' title="bbox 2113 3957 2683 4017">
    <p class='ocr_par' dir='ltr' id='par_1_103' title="bbox 2113 3957 2683 4017">
     <span class='ocr_line' id='line_1_103' title="bbox 2113 3957 2683 4017; baseline 0.005 -3"><span class='ocrx_word' id='word_1_628' title='bbox 2113 3957 2439 4017; x_wconf 89' lang='lat' dir='ltr'>inveniant.</span> <span class='ocrx_word' id='word_1_629' title='bbox 2473 3961 2683 4017; x_wconf 89' lang='lat' dir='ltr'>Amen.</span> 
     </span>
    </p>
   </div>
   <div class='ocr_carea' id='block_1_104' title="bbox 2893 4052 2977 4107">
    <p class='ocr_par' dir='ltr' id='par_1_104' title="bbox 2893 4052 2977 4107">
     <span class='ocr_line' id='line_1_104' title="bbox 2893 4052 2977 4107; baseline 0.048 -4"><span class='ocrx_word' id='word_1_630' title='bbox 2893 4052 2944 4103; x_wconf 82' lang='lat' dir='ltr'>V</span> <span class='ocrx_word' id='word_1_631' title='bbox 2965 4095 2977 4107; x_wconf 95' lang='lat'>.</span> 
     </span>
    </p>
   </div>
   <div class='ocr_carea' id='block_1_105' title="bbox 2107 4174 3795 4253">
    <p class='ocr_par' dir='ltr' id='par_1_105' title="bbox 2107 4174 3795 4253">
     <span class='ocr_line' id='line_1_105' title="bbox 2107 4174 3795 4253; baseline 0.011 -25"><span class='ocrx_word' id='word_1_632' title='bbox 2107 4174 2381 4253; x_wconf 57' lang='lat' dir='ltr'>Joannes</span> <span class='ocrx_word' id='word_1_633' title='bbox 2407 4174 2560 4253; x_wconf 88' lang='lat' dir='ltr'>_XlX</span> <span class='ocrx_word' id='word_1_634' title='bbox 2575 4174 2637 4229; x_wconf 76' lang='lat' dir='ltr'>in</span> <span class='ocrx_word' id='word_1_635' title='bbox 2660 4177 2911 4253; x_wconf 62' lang='lat' dir='ltr'>concilio</span> <span class='ocrx_word' id='word_1_636' title='bbox 2930 4178 3202 4253; x_wconf 60' lang='lat' dir='ltr'>Petrum,</span> <span class='ocrx_word' id='word_1_637' title='bbox 3221 4181 3573 4253; x_wconf 78' lang='lat' dir='ltr'>episcopum</span> <span class='ocrx_word' id='word_1_638' title='bbox 3601 4188 3795 4246; x_wconf 67' lang='lat' dir='ltr'>Silvae</span> 
     </span>
    </p>
   </div>
   <div class='ocr_carea' id='block_1_106' title="bbox 2183 4245 3793 4325">
    <p class='ocr_par' dir='ltr' id='par_1_106' title="bbox 2183 4245 3793 4325">
     <span class='ocr_line' id='line_1_106' title="bbox 2183 4245 3793 4325; baseline 0.011 -26"><span class='ocrx_word' id='word_1_639' title='bbox 2183 4245 2498 4325; x_wconf 66' lang='lat' dir='ltr'>Candidas,</span> <span class='ocrx_word' id='word_1_640' title='bbox 2516 4253 2760 4325; x_wconf 72' lang='lat' dir='ltr'>accepta</span> <span class='ocrx_word' id='word_1_641' title='bbox 2788 4248 2994 4325; x_wconf 53' lang='lat' dir='ltr'>uirga,</span> <span class='ocrx_word' id='word_1_642' title='bbox 3012 4249 3086 4305; x_wconf 88' lang='lat' dir='ltr'>de</span> <span class='ocrx_word' id='word_1_643' title='bbox 3114 4245 3611 4315; x_wconf 46' lang='lat' dir='ltr'>uniuersa-terra</span> <span class='ocrx_word' id='word_1_644' title='bbox 3664 4245 3793 4317; x_wconf 64' lang='lat' dir='ltr'>oin-</span> 
     </span>
    </p>
   </div>
   <div class='ocr_carea' id='block_1_107' title="bbox 2179 4317 3367 4383">
    <p class='ocr_par' dir='ltr' id='par_1_107' title="bbox 2179 4317 3367 4383">
     <span class='ocr_line' id='line_1_107' title="bbox 2179 4317 3367 4383; baseline 0.009 -14"><span class='ocrx_word' id='word_1_645' title='bbox 2179 4317 2343 4370; x_wconf 83' lang='lat' dir='ltr'>m&#39;um</span> <span class='ocrx_word' id='word_1_646' title='bbox 2377 4317 2759 4373; x_wconf 76' lang='lat' dir='ltr'>ecclesiarum</span> <span class='ocrx_word' id='word_1_647' title='bbox 2786 4317 3046 4377; x_wconf 58' lang='lat' dir='ltr'>Galeria:</span> <span class='ocrx_word' id='word_1_648' title='bbox 3069 4325 3328 4379; x_wconf 73' lang='lat' dir='ltr'>investit.</span> <span class='ocrx_word' id='word_1_649' title='bbox 3352 4376 3367 4383; x_wconf 36' lang='grc' dir='ltr'><strong><em>κ</em></strong></span> 
     </span>
    </p>
   </div>
   <div class='ocr_carea' id='block_1_108' title="bbox 2100 4406 3140 4481">
    <p class='ocr_par' dir='ltr' id='par_1_108' title="bbox 2100 4406 3140 4481">
     <span class='ocr_line' id='line_1_108' title="bbox 2100 4406 3140 4481; baseline 0.002 -19"><span class='ocrx_word' id='word_1_650' title='bbox 2100 4413 2104 4417; x_wconf 86' lang='grc'><em>’</em></span> <span class='ocrx_word' id='word_1_651' title='bbox 2738 4406 2931 4477; x_wconf 88' lang='lat' dir='ltr'>(Anno</span> <span class='ocrx_word' id='word_1_652' title='bbox 2963 4411 3140 4481; x_wconf 76' lang='lat' dir='ltr'>l026.)</span> 
     </span>
    </p>
   </div>
   <div class='ocr_carea' id='block_1_109' title="bbox 2533 4493 3335 4572">
    <p class='ocr_par' dir='ltr' id='par_1_109' title="bbox 2533 4493 3335 4572">
     <span class='ocr_line' id='line_1_109' title="bbox 2533 4493 3335 4572; baseline 0.01 -24"><span class='ocrx_word' id='word_1_653' title='bbox 2533 4493 2817 4565; x_wconf 64' lang='lat' dir='ltr'>manu”,</span> <span class='ocrx_word' id='word_1_654' title='bbox 2850 4496 3017 4566; x_wconf 79' lang='lat' dir='ltr'>ibid.,</span> <span class='ocrx_word' id='word_1_655' title='bbox 3048 4512 3190 4569; x_wconf 89' lang='lat' dir='ltr'>pag.</span> <span class='ocrx_word' id='word_1_656' title='bbox 3220 4501 3335 4572; x_wconf 89' lang='lat'>98.]</span> 
     </span>
    </p>
   </div>
   <div class='ocr_carea' id='block_1_110' title="bbox 2176 4580 3798 4663">
    <p class='ocr_par' dir='ltr' id='par_1_110' title="bbox 2176 4580 3798 4663">
     <span class='ocr_line' id='line_1_110' title="bbox 2176 4580 3798 4663; baseline 0.012 -28"><span class='ocrx_word' id='word_1_657' title='bbox 2176 4580 2241 4636; x_wconf 91' lang='lat' dir='ltr'>In</span> <span class='ocrx_word' id='word_1_658' title='bbox 2265 4581 2508 4638; x_wconf 89' lang='lat' dir='ltr'>nomine</span> <span class='ocrx_word' id='word_1_659' title='bbox 2540 4588 2758 4639; x_wconf 78' lang='lat' dir='ltr'>sanctae</span> <span class='ocrx_word' id='word_1_660' title='bbox 2788 4587 2845 4640; x_wconf 91' lang='lat' dir='ltr'>et</span> <span class='ocrx_word' id='word_1_661' title='bbox 2871 4584 3198 4644; x_wconf 68' lang='lat' dir='ltr'>individuee</span> <span class='ocrx_word' id='word_1_662' title='bbox 3224 4589 3551 4663; x_wconf 81' lang='lat' dir='ltr'>Trinitatis,</span> <span class='ocrx_word' id='word_1_663' title='bbox 3590 4599 3798 4657; x_wconf 80' lang='lat' dir='ltr'>Patris</span> 
     </span>
    </p>
   </div>
   <div class='ocr_carea' id='block_1_111' title="bbox 2103 4669 3185 4743">
    <p class='ocr_par' dir='ltr' id='par_1_111' title="bbox 2103 4669 3185 4743">
     <span class='ocr_line' id='line_1_111' title="bbox 2103 4669 3185 4743; baseline 0.007 -18"><span class='ocrx_word' id='word_1_664' title='bbox 2103 4673 2161 4726; x_wconf 88' lang='lat' dir='ltr'>et</span> <span class='ocrx_word' id='word_1_665' title='bbox 2186 4669 2331 4736; x_wconf 91' lang='lat' dir='ltr'>Filii,</span> <span class='ocrx_word' id='word_1_666' title='bbox 2355 4674 2413 4726; x_wconf 92' lang='lat' dir='ltr'>et</span> <span class='ocrx_word' id='word_1_667' title='bbox 2461 4670 2707 4743; x_wconf 89' lang='lat' dir='ltr'>Spiritus</span> <span class='ocrx_word' id='word_1_668' title='bbox 2740 4673 2947 4730; x_wconf 87' lang='lat' dir='ltr'>sancti.</span> <span class='ocrx_word' id='word_1_669' title='bbox 2973 4679 3185 4735; x_wconf 87' lang='lat' dir='ltr'>Amen.</span> 
     </span>
    </p>
   </div>
   <div class='ocr_carea' id='block_1_112' title="bbox 2174 4759 3803 4847">
    <p class='ocr_par' dir='ltr' id='par_1_112' title="bbox 2174 4759 3803 4847">
     <span class='ocr_line' id='line_1_112' title="bbox 2174 4759 3803 4847; baseline 0.003 -32"><span class='ocrx_word' id='word_1_670' title='bbox 2174 4761 2295 4829; x_wconf 86' lang='lat' dir='ltr'>Ego</span> <span class='ocrx_word' id='word_1_671' title='bbox 2338 4762 2578 4816; x_wconf 66' lang='lat' dir='ltr'>Joaaass</span> <span class='ocrx_word' id='word_1_672' title='bbox 2634 4759 2837 4818; x_wconf 88' lang='lat' dir='ltr'>divina</span> <span class='ocrx_word' id='word_1_673' title='bbox 2856 4763 3231 4835; x_wconf 89' lang='lat' dir='ltr'>providentia</span> <span class='ocrx_word' id='word_1_674' title='bbox 3282 4770 3394 4825; x_wconf 79' lang='lat' dir='ltr'>XIX</span> <span class='ocrx_word' id='word_1_675' title='bbox 3452 4787 3632 4847; x_wconf 87' lang='lat' dir='ltr'>papa</span> <span class='ocrx_word' id='word_1_676' title='bbox 3678 4778 3803 4833; x_wconf 79' lang='lat' dir='ltr'>Ro-</span> 
     </span>
    </p>
   </div>
   <div class='ocr_carea' id='block_1_113' title="bbox 2101 4848 3797 4922">
    <p class='ocr_par' dir='ltr' id='par_1_113' title="bbox 2101 4848 3797 4922">
     <span class='ocr_line' id='line_1_113' title="bbox 2101 4848 3797 4922; baseline 0.01 -17"><span class='ocrx_word' id='word_1_677' title='bbox 2101 4863 2341 4919; x_wconf 89' lang='lat' dir='ltr'>manus,</span> <span class='ocrx_word' id='word_1_678' title='bbox 2393 4848 2584 4905; x_wconf 90' lang='lat' dir='ltr'>sciens</span> <span class='ocrx_word' id='word_1_679' title='bbox 2640 4865 2793 4921; x_wconf 92' lang='lat' dir='ltr'>pene</span> <span class='ocrx_word' id='word_1_680' title='bbox 2863 4856 3079 4909; x_wconf 87' lang='lat' dir='ltr'>cuncta</span> <span class='ocrx_word' id='word_1_681' title='bbox 3135 4855 3428 4914; x_wconf 86' lang='lat' dir='ltr'>oblivioni</span> <span class='ocrx_word' id='word_1_682' title='bbox 3499 4861 3645 4919; x_wconf 86' lang='lat' dir='ltr'>dari</span> <span class='ocrx_word' id='word_1_683' title='bbox 3706 4866 3797 4922; x_wconf 91' lang='lat' dir='ltr'>ob</span> 
     </span>
    </p>
   </div>
   <div class='ocr_carea' id='block_1_114' title="bbox 2099 4936 3796 5018">
    <p class='ocr_par' dir='ltr' id='par_1_114' title="bbox 2099 4936 3796 5018">
     <span class='ocr_line' id='line_1_114' title="bbox 2099 4936 3796 5018; baseline 0.011 -25"><span class='ocrx_word' id='word_1_684' title='bbox 2099 4936 2352 4994; x_wconf 87' lang='lat' dir='ltr'>nimiam</span> <span class='ocrx_word' id='word_1_685' title='bbox 2403 4937 2778 5008; x_wconf 88' lang='lat' dir='ltr'>fragilitatem</span> <span class='ocrx_word' id='word_1_686' title='bbox 2824 4940 3183 5017; x_wconf 88' lang='lat' dir='ltr'>humanam,</span> <span class='ocrx_word' id='word_1_687' title='bbox 3246 4962 3385 5018; x_wconf 66' lang='lat' dir='ltr'>quae</span> <span class='ocrx_word' id='word_1_688' title='bbox 3441 4949 3525 5006; x_wconf 91' lang='lat' dir='ltr'>ad</span> <span class='ocrx_word' id='word_1_689' title='bbox 3583 4952 3796 5011; x_wconf 85' lang='lat' dir='ltr'>hono-</span> 
     </span>
    </p>
   </div>
   <div class='ocr_carea' id='block_1_115' title="bbox 2097 5027 3797 5099">
    <p class='ocr_par' dir='ltr' id='par_1_115' title="bbox 2097 5027 3797 5099">
     <span class='ocr_line' id='line_1_115' title="bbox 2097 5027 3797 5099; baseline 0.009 -16"><span class='ocrx_word' id='word_1_690' title='bbox 2097 5043 2226 5083; x_wconf 91' lang='lat' dir='ltr'>rem</span> <span class='ocrx_word' id='word_1_691' title='bbox 2278 5031 2335 5083; x_wconf 92' lang='lat' dir='ltr'>et</span> <span class='ocrx_word' id='word_1_692' title='bbox 2379 5027 2688 5084; x_wconf 86' lang='lat' dir='ltr'>utilitatem</span> <span class='ocrx_word' id='word_1_693' title='bbox 2747 5029 2841 5086; x_wconf 92' lang='lat' dir='ltr'>SS.</span> <span class='ocrx_word' id='word_1_694' title='bbox 2900 5029 3131 5088; x_wconf 59' lang='lat' dir='ltr'>Ruﬁna;</span> <span class='ocrx_word' id='word_1_695' title='bbox 3180 5038 3238 5090; x_wconf 90' lang='lat' dir='ltr'>et</span> <span class='ocrx_word' id='word_1_696' title='bbox 3282 5036 3587 5096; x_wconf 78' lang='lat' dir='ltr'>Secundae</span> <span class='ocrx_word' id='word_1_697' title='bbox 3617 5058 3797 5099; x_wconf 84' lang='lat' dir='ltr'>mar-</span> 
     </span>
    </p>
   </div>
   <div class='ocr_carea' id='block_1_116' title="bbox 2096 5116 3798 5200">
    <p class='ocr_par' dir='ltr' id='par_1_116' title="bbox 2096 5116 3798 5200">
     <span class='ocr_line' id='line_1_116' title="bbox 2096 5116 3798 5200; baseline 0.009 -27"><span class='ocrx_word' id='word_1_698' title='bbox 2096 5120 2297 5189; x_wconf 88' lang='lat' dir='ltr'>tyrum</span> <span class='ocrx_word' id='word_1_699' title='bbox 2353 5116 2723 5189; x_wconf 87' lang='lat' dir='ltr'>temporibus</span> <span class='ocrx_word' id='word_1_700' title='bbox 2778 5122 2942 5189; x_wconf 88' lang='lat' dir='ltr'>gesta</span> <span class='ocrx_word' id='word_1_701' title='bbox 2993 5125 3151 5191; x_wconf 89' lang='lat' dir='ltr'>sunt,</span> <span class='ocrx_word' id='word_1_702' title='bbox 3231 5121 3441 5181; x_wconf 88' lang='lat' dir='ltr'>litteris</span> <span class='ocrx_word' id='word_1_703' title='bbox 3492 5131 3798 5200; x_wconf 84' lang='lat' dir='ltr'>panden-</span> 
     </span>
    </p>
   </div>
   <div class='ocr_carea' id='block_1_117' title="bbox 2096 5205 3799 5293">
    <p class='ocr_par' dir='ltr' id='par_1_117' title="bbox 2096 5205 3799 5293">
     <span class='ocr_line' id='line_1_117' title="bbox 2096 5205 3799 5293; baseline 0.009 -31"><span class='ocrx_word' id='word_1_704' title='bbox 2096 5205 2178 5263; x_wconf 90' lang='lat' dir='ltr'>da</span> <span class='ocrx_word' id='word_1_705' title='bbox 2254 5205 2701 5276; x_wconf 79' lang='lat' dir='ltr'>mandavimus,</span> <span class='ocrx_word' id='word_1_706' title='bbox 2750 5210 2816 5263; x_wconf 90' lang='lat' dir='ltr'>ut</span> <span class='ocrx_word' id='word_1_707' title='bbox 2878 5210 3101 5280; x_wconf 91' lang='lat' dir='ltr'>posteri</span> <span class='ocrx_word' id='word_1_708' title='bbox 3149 5210 3548 5273; x_wconf 89' lang='lat' dir='ltr'>devotionem</span> <span class='ocrx_word' id='word_1_709' title='bbox 3632 5236 3799 5293; x_wconf 85' lang='lat' dir='ltr'>erga</span> 
     </span>
    </p>
   </div>
   <div class='ocr_carea' id='block_1_118' title="bbox 2095 5293 3799 5373">
    <p class='ocr_par' dir='ltr' id='par_1_118' title="bbox 2095 5293 3799 5373">
     <span class='ocr_line' id='line_1_118' title="bbox 2095 5293 3799 5373; baseline 0.01 -22"><span class='ocrx_word' id='word_1_710' title='bbox 2095 5298 2300 5351; x_wconf 91' lang='lat' dir='ltr'>nostra</span> <span class='ocrx_word' id='word_1_711' title='bbox 2352 5293 2485 5352; x_wconf 91' lang='lat' dir='ltr'>loca</span> <span class='ocrx_word' id='word_1_712' title='bbox 2535 5301 2922 5367; x_wconf 90' lang='lat' dir='ltr'>cognoscant,</span> <span class='ocrx_word' id='word_1_713' title='bbox 2972 5302 3030 5354; x_wconf 90' lang='lat' dir='ltr'>et</span> <span class='ocrx_word' id='word_1_714' title='bbox 3072 5299 3119 5354; x_wconf 93' lang='lat' dir='ltr'>si</span> <span class='ocrx_word' id='word_1_715' title='bbox 3147 5300 3254 5373; x_wconf 90' lang='lat' dir='ltr'>qui</span> <span class='ocrx_word' id='word_1_716' title='bbox 3323 5302 3593 5363; x_wconf 88' lang='lat' dir='ltr'>rebelles</span> <span class='ocrx_word' id='word_1_717' title='bbox 3659 5310 3799 5369; x_wconf 87' lang='lat' dir='ltr'>fue-</span> 
     </span>
    </p>
   </div>
   <div class='ocr_carea' id='block_1_119' title="bbox 2093 5382 3796 5471">
    <p class='ocr_par' dir='ltr' id='par_1_119' title="bbox 2093 5382 3796 5471">
     <span class='ocr_line' id='line_1_119' title="bbox 2093 5382 3796 5471; baseline 0.012 -34"><span class='ocrx_word' id='word_1_718' title='bbox 2093 5382 2229 5454; x_wconf 88' lang='lat' dir='ltr'>rint,</span> <span class='ocrx_word' id='word_1_719' title='bbox 2283 5383 2710 5440; x_wconf 88' lang='lat' dir='ltr'>contabescant</span> <span class='ocrx_word' id='word_1_720' title='bbox 2759 5388 2817 5441; x_wconf 93' lang='lat' dir='ltr'>et</span> <span class='ocrx_word' id='word_1_721' title='bbox 2852 5386 3231 5444; x_wconf 87' lang='lat' dir='ltr'>erubescant.</span> <span class='ocrx_word' id='word_1_722' title='bbox 3295 5390 3605 5453; x_wconf 88' lang='lat' dir='ltr'>Defuncto</span> <span class='ocrx_word' id='word_1_723' title='bbox 3672 5399 3796 5471; x_wconf 84' lang='lat' dir='ltr'>igi—</span> 
     </span>
    </p>
   </div>
   <div class='ocr_carea' id='block_1_120' title="bbox 2100 5472 3797 5558">
    <p class='ocr_par' dir='ltr' id='par_1_120' title="bbox 2100 5472 3797 5558">
     <span class='ocr_line' id='line_1_120' title="bbox 2100 5472 3797 5558; baseline 0.011 -31"><span class='ocrx_word' id='word_1_724' title='bbox 2100 5475 2191 5527; x_wconf 90' lang='lat' dir='ltr'>tur</span> <span class='ocrx_word' id='word_1_725' title='bbox 2241 5472 2518 5543; x_wconf 89' lang='lat' dir='ltr'>Gregorio</span> <span class='ocrx_word' id='word_1_726' title='bbox 2566 5472 2848 5544; x_wconf 91' lang='lat' dir='ltr'>episcopo</span> <span class='ocrx_word' id='word_1_727' title='bbox 2906 5476 3391 5546; x_wconf 88' lang='lat' dir='ltr'>supradictarum</span> <span class='ocrx_word' id='word_1_728' title='bbox 3419 5488 3797 5558; x_wconf 79' lang='lat' dir='ltr'>martyrum</span> 
     </span>
    </p>
   </div>
   <div class='ocr_carea' id='block_1_121' title="bbox 2093 5559 3794 5635">
    <p class='ocr_par' dir='ltr' id='par_1_121' title="bbox 2093 5559 3794 5635">
     <span class='ocr_line' id='line_1_121' title="bbox 2093 5559 3794 5635; baseline 0.012 -23"><span class='ocrx_word' id='word_1_729' title='bbox 2093 5559 2321 5615; x_wconf 84' lang='lat' dir='ltr'>Ruﬁnse</span> <span class='ocrx_word' id='word_1_730' title='bbox 2401 5566 2457 5616; x_wconf 92' lang='lat' dir='ltr'>ct</span> <span class='ocrx_word' id='word_1_731' title='bbox 2527 5560 2813 5616; x_wconf 68' lang='lat' dir='ltr'>Secundae</span> <span class='ocrx_word' id='word_1_732' title='bbox 2846 5605 2862 5630; x_wconf 93' lang='lat'>,</span> <span class='ocrx_word' id='word_1_733' title='bbox 2937 5565 3175 5621; x_wconf 89' lang='lat' dir='ltr'>Petrum</span> <span class='ocrx_word' id='word_1_734' title='bbox 3262 5576 3794 5635; x_wconf 85' lang='lat' dir='ltr'>consecravimus</span> 
     </span>
    </p>
   </div>
   <div class='ocr_carea' id='block_1_122' title="bbox 2091 5648 3797 5733">
    <p class='ocr_par' dir='ltr' id='par_1_122' title="bbox 2091 5648 3797 5733">
     <span class='ocr_line' id='line_1_122' title="bbox 2091 5648 3797 5733; baseline 0.006 -30"><span class='ocrx_word' id='word_1_735' title='bbox 2091 5648 2464 5723; x_wconf 85' lang='lat' dir='ltr'>episcopum,</span> <span class='ocrx_word' id='word_1_736' title='bbox 2538 5652 2675 5721; x_wconf 90' lang='lat' dir='ltr'>post</span> <span class='ocrx_word' id='word_1_737' title='bbox 2743 5650 2915 5721; x_wconf 91' lang='lat' dir='ltr'>cujus</span> <span class='ocrx_word' id='word_1_738' title='bbox 2982 5656 3533 5733; x_wconf 87' lang='lat' dir='ltr'>consecrationem,</span> <span class='ocrx_word' id='word_1_739' title='bbox 3626 5682 3797 5726; x_wconf 76' lang='lat' dir='ltr'>non-</span> 
     </span>
    </p>
   </div>
   <div class='ocr_carea' id='block_1_123' title="bbox 2012 5736 3783 5826">
    <p class='ocr_par' dir='ltr' id='par_1_123' title="bbox 2012 5736 3783 5826">
     <span class='ocr_line' id='line_1_123' title="bbox 2012 5736 3783 5826; baseline 0.012 -28"><span class='ocrx_word' id='word_1_740' title='bbox 2012 5738 2021 5743; x_wconf 84' lang='grc'><strong>’</strong></span> <span class='ocrx_word' id='word_1_741' title='bbox 2091 5737 2239 5799; x_wconf 87' lang='lat' dir='ltr'>dum</span> <span class='ocrx_word' id='word_1_742' title='bbox 2316 5736 2627 5799; x_wconf 86' lang='lat' dir='ltr'>transactis</span> <span class='ocrx_word' id='word_1_743' title='bbox 2707 5737 2896 5801; x_wconf 89' lang='lat' dir='ltr'>tribus</span> <span class='ocrx_word' id='word_1_744' title='bbox 2969 5742 3143 5804; x_wconf 81' lang='lat' dir='ltr'>annis</span> <span class='ocrx_word' id='word_1_745' title='bbox 3222 5746 3575 5826; x_wconf 85' lang='lat' dir='ltr'>presbyteri</span> <span class='ocrx_word' id='word_1_746' title='bbox 3700 5760 3741 5817; x_wconf 91' lang='lat' dir='ltr'>S</span> <span class='ocrx_word' id='word_1_747' title='bbox 3767 5804 3783 5820; x_wconf 95' lang='lat'>.</span> 
     </span>
    </p>
   </div>
   <div class='ocr_carea' id='block_1_124' title="bbox 2604 5976 3888 6374">
    <p class='ocr_par' dir='ltr' id='par_1_124' title="bbox 2604 5976 3888 6374">
     <span class='ocr_line' id='line_1_124' title="bbox 2604 5976 3888 6374; baseline -0.002 3"><span class='ocrx_word' id='word_1_748' title='bbox 2604 6332 2746 6338; x_wconf 42' lang='grc' dir='ltr'>ε-</span> <span class='ocrx_word' id='word_1_749' title='bbox 3052 6008 3888 6374; x_wconf 76' lang='lat' dir='ltr'>___l</span> 
     </span>
    </p>
   </div>
  </div>
