3888 6392
116 292 241 351 1133

1343 289 1691 346 EPlSTOLE
1729 282 1816 343 ET
1844 278 2264 346 DIPLOMATA.

3382 303 3519 359 1134

106 416 317 474 Nicolai
345 415 417 471 de
449 414 681 472 Galeria
709 419 1019 489 coeperunt
1048 430 1247 485 gerere
1279 415 1563 471 eumdem
1594 412 1746 485 epis-
1783 416 1829 468 Α
1860 432 1889 461 cc
1919 412 2183 481 Domine,
2218 414 2471 472 nullum.
2507 439 2535 467 »
2557 420 2718 474 Tunc
2744 434 2855 475 nos
2884 419 3408 493 interrogavimus,
3438 442 3527 484 re-

106 522 319 579 copum
348 504 419 560 de
447 505 810 577 presbyteris
843 508 897 561 S.
930 505 1200 571 Andrem,
1248 504 1580 577 presbyteri
1608 518 1751 559 vero

106 600 157 653 S.
191 594 433 650 Andreae
456 599 818 663 rogaverunt
847 594 1198 668 episcopum
1232 600 1295 651 ut
1322 594 1461 650 illuc
1518 594 1646 660 iret,
1699 598 1754 649 et

106 686 162 741 in
192 683 471 757 przedicta
510 683 759 739 ecclesia
787 686 841 740 S.
875 684 1124 740 Andreas
1152 685 1361 741 altaria
1410 684 1749 739 redilicaret.

108 774 325 841 Quibus
375 773 694 846 episcopus
738 775 1047 846 respondit
1091 791 1213 831 non
1253 775 1469 831 debere
1498 774 1578 830 ibi
1609 775 1755 830 alta-

105 865 190 920 ria
219 878 582 928 consecrare,
615 863 759 935 quia
797 864 871 918 (10
900 864 1032 935 ipsa
1063 864 1310 921 ecclesia
1336 864 1598 934 litigatur
1626 880 1756 936 pre-

106 955 301 1026 sbyter
325 956 378 1008 S.
405 953 649 1019 Nicolai,
678 954 843 1025 prius
874 954 1050 1023 igitur
1067 956 1308 1011 veniant
1336 960 1598 1028 utraeque
1624 972 1755 1028 par-

106 1050 187 1101 tes
216 1048 348 1099 ante
372 1059 504 1113 nos,
538 1049 593 1099 et
637 1043 873 1115 legibus
904 1044 1162 1111 finiatur,
1215 1052 1270 1100 et
1303 1050 1439 1101 tunc
1485 1047 1532 1102 si
1580 1062 1757 1102 cano-

106 1134 229 1190 nice
255 1138 479 1206 potero,
506 1134 581 1189 ad
609 1134 911 1189 servitium
939 1136 993 1191 S.
1031 1135 1298 1191 Ecclesia:
1328 1135 1667 1191 faciendum
1695 1135 1757 1191 ti-

106 1224 305 1278 benter
342 1222 461 1277 ibo.
498 1224 596 1277 His
626 1223 843 1278 auditis
870 1224 1089 1279 reversi
1141 1230 1299 1290 sunt,
1352 1230 1407 1280 et
1454 1225 1755 1298 archipre-

109 1313 337 1385 sbytero
371 1317 428 1368 et
475 1313 699 1369 czeteris
746 1314 1106 1386 presbyteris
1163 1315 1601 1385 nuntiaverunt,
1653 1318 1755 1389 qui

106 1402 311 1457 iterum
338 1407 517 1474 atque
543 1402 756 1458 iterum
779 1403 1063 1458 canonice
1088 1404 1298 1471 vocati,
1320 1402 1563 1460 tandem
1586 1411 1754 1461 utrae-

105 1507 216 1564 que
244 1496 439 1563 partes
468 1497 759 1547 venerunt
789 1498 925 1549 ante
974 1510 1152 1548 suum
1186 1494 1559 1567 episcopum,
1611 1513 1757 1569 quo-

107 1598 233 1637 rum
264 1598 511 1638 causam
552 1582 758 1638 volens
801 1582 1148 1656 praelibatus
1182 1587 1382 1639 Petrus
1431 1586 1754 1659 episcopus

106 1670 183 1725 ita
210 1671 375 1726 tinire
408 1677 471 1727 ut
515 1688 828 1745 nunquam
853 1673 1045 1742 magis
1072 1674 1295 1730 lisinde
1326 1675 1597 1746 oriretur,
1620 1682 1756 1732 ante

1864 501 2120 557 sidentes
2151 504 2487 577 episcopos,
2522 507 2880 579 sacerdotes,
2914 509 3227 583 diaconos,
3266 514 3523 586 judices,

1863 590 2004 662 quid
2048 591 2292 648 deberet
2319 593 2394 649 de
2426 594 2538 649 1100
2566 595 2711 663 fieri,
2742 601 2797 651 et
2827 598 3172 669 praelibatus
3203 602 3525 676 episcopus

1864 679 2195 750 procedens
2236 682 2312 737 ad
2357 684 2540 754 pedes
2594 690 2850 753 nostros,
2903 687 3042 743 talia
3092 690 3315 762 ccepit:
3368 696 3531 749 «Do-

1864 769 2044 835 mine,
2075 770 2121 825 si
2152 772 2325 827 vestri
2355 774 2543 842 gratia
2582 779 2687 842 est,
2722 776 2799 830 ad
2848 792 2984 832 eam
3024 795 3273 836 causam
3319 783 3527 854 redite,

1866 876 1975 931 pro
2000 876 2123 932 qua
2152 861 2268 916 huc
2296 862 2592 931 venimus,
2642 864 2819 920 istam
2868 873 3209 940 opportuno
3258 874 3529 944 tempore

1865 954 2182 1006 reservate.
2222 975 2247 1000 ››
2276 954 2434 1008 Tunc
2463 970 2572 1009 nos
2603 956 2890 1011 commoti
2923 962 2979 1013 et
3006 958 3184 1014 valde
3215 960 3347 1016 irati
3390 978 3530 1018 con-

1867 1041 1956 1093 tra
1986 1054 2145 1106 eum,
2178 1040 2319 1113 quia
2366 1042 2609 1099 nolebat
2659 1061 2771 1099 nos
2802 1062 3137 1119 proponere
3188 1050 3354 1122 quod
3402 1052 3529 1124 ipse

1865 1143 2129 1199 quaerere
2158 1129 2418 1187 debebat
2459 1132 2721 1188 diximus
2759 1151 2771 1188 :
2820 1154 2850 1188 ‹
2876 1136 3075 1203 Miror,
3106 1153 3244 1193 cum
3278 1139 3357 1194 sis
3388 1157 3530 1213 pru-

1866 1216 2015 1271 dens
2045 1234 2113 1273 ac
2152 1224 2383 1290 potens,
2414 1238 2600 1293 quare
2632 1222 2947 1279 ecclesiam
2980 1230 3145 1282 tuam
3170 1243 3293 1283 non
3334 1228 3533 1286 suble-

1866 1323 1993 1374 vas,
2027 1308 2130 1363 sed
2161 1310 2353 1380 magis
2387 1313 2721 1384 Opprimis‘?
2766 1330 2952 1386 quare
2996 1331 3120 1371 non
3167 1317 3364 1374 dixisti
3418 1320 3531 1376 hoc

1867 1412 1973 1469 per
2000 1402 2081 1453 tot
2110 1398 2256 1462 dies,
2289 1405 2346 1455 et
2373 1417 2559 1473 quare
2597 1401 2761 1458 illam
2793 1406 3311 1476 consuetudinem,
3343 1425 3532 1481 quam

1867 1503 2077 1542 omnes
2110 1488 2377 1544 Ecclesiae
2417 1491 2659 1559 habent,
2692 1508 2814 1547 non
2846 1494 3031 1565 exigis
3060 1496 3138 1551 ab
3162 1496 3311 1569 ipsis
3332 1498 3359 1552 ‘2
3398 1498 3533 1555 Mihi

1868 1576 2020 1631 adeo
2073 1594 2195 1633 non
2238 1579 2633 1652 imputabitur
2674 1582 2838 1653 quod
2878 1584 2939 1639 in
2984 1600 3054 1640 ea
3099 1592 3186 1641 est
3216 1586 3527 1644 Ecclesia:

1868 1682 1979 1735 ego
2010 1682 2144 1723 eam
2184 1669 2355 1723 vobis
2386 1669 2544 1738 dedi,
2577 1671 2624 1725 si
2674 1676 2735 1727 tu
2768 1688 2889 1728 non
2919 1673 3007 1729 vis
3050 1676 3284 1731 tertiam
3328 1676 3405 1732 ab
3448 1676 3531 1733 eis

105 1765 363 1816 nostram
395 1762 778 1833 praesentiam
810 1763 939 1818 illos
987 1763 1292 1833 conduxit,
1343 1781 1453 1819 nos
1484 1782 1621 1821 vero
1670 1783 1755 1821 re-
1796 1769 1839 1821 Β
1869 1757 2123 1827 ΒΧῘΞΘΙὍ,
2153 1774 2265 1827 980
2296 1759 2460 1815 illam
2510 1760 2769 1830 “it-Iam,
2812 1768 2874 1818 ut
2923 1764 3179 1821 ECOleSia
3224 1766 3327 1822 tibi
3370 1783 3531 1822 com'

108 1850 355 1905 sidentes
382 1851 442 1905 in
474 1851 720 1908 ecclesia
751 1854 805 1907 S.
852 1852 1152 1924 Sylvestri,
1179 1870 1314 1926 quae
1348 1860 1436 1909 est
1477 1856 1631 1911 infra
1658 1873 1761 1929 pa-

105 1939 304 1995 latium
334 1943 751 2008 Latcranense,
787 1958 907 1998 una
936 1960 1075 1998 cum
1118 1944 1460 2000 'l‘heobaldo
1511 1946 1759 2002 Belliter-

105 2047 291 2096 nens.,
360 2034 535 2087 Petro
588 2034 963 2101 Praenestino,
1038 2035 1349 2090 Benedicto
1422 2036 1752 2104 Portuensi,

108 2120 440 2177 'l‘lieobaldo
496 2121 839 2192 Albanensi,
900 2127 1066 2179 Petro
1117 2126 1392 2194 Ostiensi,
1452 2126 1759 2183 Dominico

109 2210 371 2267 Lavican.
397 2211 715 2267 Benedicto
736 2214 1181 2281 arehidiacono,
1203 2217 1556 2281 Crescentio,
1581 2222 1759 2290 atque

109 2301 414 2371 Raynerio,
476 2302 755 2371 Gregorio
809 2302 1184 2369 diaconibus,
1244 2308 1409 2360 Petro
1475 2306 1637 2361 card.
1702 2311 1756 2363 S.

109 2389 358 2456 Damasi,
395 2392 697 2445 Francone
724 2390 885 2446 card.
924 2395 978 2447 S.
1007 2392 1169 2461 Sixti,
1201 2394 1471 2448 Tuidisco
1504 2394 1665 2450 card.
1702 2398 1756 2451 S.

107 2477 367 2547 Marcelli,
410 2478 660 2551 aliisque
709 2481 1172 2553 quamplurimis
1228 2483 1658 2553 sacerdotibus,
1706 2489 1761 2539 et

108 2565 323 2621 clericis
374 2568 752 2624 adstantibus
798 2575 999 2625 autem
1043 2572 1353 2628 Benedicto
1402 2573 1757 2643 Primicerio,

108 2662 161 2711 et
190 2656 304 2712 alio
334 2658 652 2714 Benedicto
680 2658 1113 2727 Secundicerio,
1150 2663 1484 2719 Crescentio
1511 2680 1761 2719 nomen-

108 2746 338 2817 elatore,
386 2751 559 2804 Petro
598 2750 791 2822 primo
833 2749 1164 2812 defensore.
1222 2755 1521 2826 Stephano
1569 2758 1760 2810 Proto-

109 2838 428 2909 scriniario,
484 2842 711 2895 Joanne
764 2841 1070 2896 [)eubaldo
1126 2844 1331 2899 Dativo
1374 2844 1595 2915 judice,
1654 2862 1758 2901 seu

106 2924 274 2982 fratre
327 2934 535 2984 nostro
608 2929 860 2984 Domino
916 2930 1185 2987 Alberico
1258 2934 1471 2987 comite
1533 2932 1756 3005 palatii,

107 3018 160 3070 et
220 3018 447 3072 Joanne
508 3020 695 3073 Tocco
758 3019 972 3074 comite
1032 3020 1303 3091 Galerize,
1382 3022 1570 3077 dictos
1633 3040 1762 3094 pre-

1869 1846 2054 1902 missa
2098 1864 2232 1903 meo
2282 1854 2336 1903 et
2377 1854 2477 1905 tuo
2518 1854 2785 1922 tempore
2836 1867 2958 1907 non
3012 1853 3335 1911 decrescat.
3368 1879 3396 1905 »
3430 1855 3531 1911 His

1868 1936 2065 1991 verbis
2093 1940 2291 1993 Petrus
2322 1938 2640 2012 episcopus
2662 1947 2970 2015 correptus
2997 1944 3305 2017 respondit
3328 1963 3340 2000 :
3374 1969 3401 1996 ιι
3425 1949 3534 2001 Do-

1870 2026 2051 2095 mine,
2086 2028 2230 2098 quid
2263 2044 2369 2083 vos
2400 2034 2456 2083 et
2482 2035 2757 2085 sanctum
2788 2032 2901 2086 hoc
2933 2032 3251 2089 concilium
3277 2034 3529 2105 judicat,

1868 2118 2129 2187 recipere
2159 2122 2404 2189 paratus
2435 2119 2567 2174 sim.
2612 2143 2638 2169 ››
2670 2122 2830 2175 Τ11110
2862 2121 2940 2177 ab
2970 2123 3137 2178 omni
3166 2123 3416 2179 concilio
3434 2124 3534 2181 de-

1868 2206 2104 2263 ﬁnitum
2136 2212 2193 2262 et
2233 2207 2571 2278 judicatum
2620 2214 2704 2264 est
2750 2214 2833 2279 ut,
2885 2212 3113 2267 cunctis
3166 2214 3531 2287 postpositis,

1870 2296 2035 2369 prius
2060 2298 2313 2353 ecclesia
2352 2300 2405 2354 S.
2442 2299 2691 2369 Ruiinm,
2724 2304 2780 2355 et
2809 2301 3128 2374 episcopus
3159 2320 3305 2358 suus
3348 2304 3536 2360 hono-

1869 2392 2049 2454 retur,
2080 2394 2135 2443 et
2180 2405 2285 2460 per
2316 2405 2411 2445 me
2437 2389 2511 2444 de
2560 2390 2730 2445 tertia
2774 2396 3003 2447 cuncta:
3032 2392 3271 2449 Galeria:
3302 2395 3534 2467 amco-

1870 2493 1983 2549 pus
2029 2477 2413 2547 ministretur,
2473 2478 2871 2535 refutantibus
2918 2497 2989 2537 ea
3040 2482 3427 2554 presbyteris,
3478 2489 3535 2541 et

1869 2566 2012 2621 dare
2038 2566 2331 2635 integram
2365 2568 2845 2639 promittentibus
2877 2569 3007 2633 sibi,
3035 2571 3279 2644 suisque
3302 2589 3534 2628 succes-

1871 2656 2105 2712 soribus
2134 2657 2193 2712 in
2244 2663 2620 2729 perpetuum,
2668 2664 2726 2713 et
2764 2659 2845 2713 sic
2876 2659 2951 2714 ad
2998 2660 3341 2717 inchoatam
3391 2679 3530 2719 cau-

1870 2764 1998 2802 sam
2032 2747 2451 2819 presbyterum
2483 2747 2694 2815 redire,
2722 2749 2884 2820 quod
2910 2756 2966 2804 et
2994 2749 3217 2806 factum
3248 2757 3353 2807 est.
3382 2755 3529 2808 Nam

1836 2843 2113 2908 ,accepta
2143 2853 2254 2907 ego
2283 2836 2464 2907 virga,
2494 2837 2762 2892 investivi
2802 2838 3155 2911 episcopum
3191 2844 3444 2908 Petrum,
3474 2846 3532 2896 et

1868 2944 1975 3000 per
2005 2944 2065 2982 se
2107 2944 2367 2999 suosque
2396 2944 2773 2983 successores
2796 2928 2869 2983 de
2916 2930 3190 2985 universa
3210 2930 3377 2986 tertia
3402 2947 3531 2986 om-

1867 3017 2033 3071 nium
2048 3016 2432 3071 ecclesiarum
2451 3016 2712 3080 Galerize,
2735 3022 3091 3090 assuetaque
3112 3018 3372 3085 datione,
3394 3036 3533 3075 0011-

108 3104 369 3177 sbyteros
422 3112 814 3181 utrarumque
876 3109 1263 3165 ecclesiarum
1325 3112 1563 3168 introire
1621 3113 1758 3169 ἱροί-
1800 3128 1840 3184 C
1872 3106 2264 3161 sentientibus
2292 3106 2656 3178 presbyteris
2688 3106 2994 3179 utriusque
3027 3108 3319 3178 Ecclesiae,
3355 3116 3414 3165 et
3438 3125 3530 3165 ree

106 3208 235 3250 mus
269 3213 406 3252 cum
443 3197 651 3269 paucis
680 3197 841 3253 laieis
872 3199 1191 3265 Galcranis,
1224 3201 1493 3257 videlicet
1534 3205 1758 3259 Joanne

106 3283 220 3340 ﬁlio
272 3286 592 3359 Rodulphi,
652 3287 868 3353 Baldo;
927 3293 1066 3344 tunc
1121 3290 1442 3364 episcopus
1511 3293 1757 3349 veniens

109 3373 181 3428 ad
229 3376 413 3447 pedes
472 3381 707 3432 nostros
738 3376 915 3450 coepit
967 3395 1263 3451 exponere
1322 3383 1650 3453 quomodo,
1705 3389 1760 3439 et

106 3463 367 3534 qualiter,
401 3469 461 3521 et
490 3482 611 3538 qua
642 3481 750 3538 pro
781 3483 963 3523 causa
992 3474 1264 3525 vocasset
1308 3486 1430 3542 eos,
1478 3477 1533 3527 et
1576 3473 1757 3545 empi-

107 3568 234 3608 mus
263 3570 516 3612 causam
565 3572 847 3628 quaerere,
894 3574 1025 3629 quae
1075 3558 1204 3613 illos
1249 3560 1550 3627 movebat,
1603 3567 1758 3618 tran-

105 3641 281 3712 quilla
310 3648 512 3699 mente
542 3644 817 3700 dirimere
844 3650 901 3701 et
931 3650 1199 3701 tractare.
1250 3649 1390 3713 Qua:
1436 3665 1575 3704 cum
1624 3666 1759 3721 pro-

105 3730 393 3802 telaretur,
477 3738 542 3789 ut
596 3750 748 3802 reor,
808 3736 1187 3807 suggestione
1243 3738 1489 3811 Spiritus
1547 3740 1755 3809 sancti,

104 3824 257 3878 venit
287 3824 433 3880 mihi
463 3824 525 3880 in
557 3830 817 3881 mentem
847 3826 1013 3898 quod
1042 3827 1299 3883 multum
1350 3828 1497 3884 lucri
1526 3830 1757 3902 episco-

102 3925 211 3981 pus
240 3914 293 3967 S.
324 3914 554 3969 Ruﬁnus
581 3914 828 3971 haberet
852 3916 925 3971 de
954 3920 1035 3972 tot
1081 3918 1491 3974 sacerdotibus
1543 3926 1598 3976 et
1637 3926 1757 3976 tam

101 4015 321 4071 magno
344 4004 576 4078 populo
617 4005 924 4073 Galerano,
976 4008 1089 4063 hoc
1139 4009 1407 4077 cogitans
1458 4010 1609 4067 infra
1662 4029 1757 4068 me

101 4090 319 4162 ipsum,
353 4098 410 4150 et
453 4094 663 4149 volens
696 4095 1007 4151 addiscere
1051 4098 1443 4169 quantitatem
1492 4099 1759 4155 redditus

98 4182 392 4251 praedictae
445 4184 708 4255 Galerius,
760 4185 950 4241 taliter
979 4186 1329 4259 episcopum
1380 4188 1754 4259 interrogavi.

99 4269 279 4325 Credo
328 4272 579 4343 quidem
632 4272 888 4328 multum
940 4274 1206 4329 redditus
1261 4277 1480 4333 habere
1529 4279 1758 4351 cpisco-

98 4374 240 4429 pum
274 4362 327 4417 S.
362 4361 586 4417 Ruﬁna:
614 4362 687 4417 de
722 4368 801 4418 tot
835 4364 1265 4432 sacerdotibus,
1314 4371 1371 4421 et
1401 4372 1521 4422 tam
1555 4368 1758 4441 amplo

1869 3195 2221 3266 tutantibus,
2255 3200 2434 3267 atque
2463 3196 2606 3251 dare
2633 3212 2768 3251 eam
2800 3197 3307 3268 promittentibus,
3340 3214 3410 3255 ac
3441 3198 3531 3255 did

1869 3285 2140 3341 centibus
2161 3285 2328 3357 quod
2350 3302 2409 3339 se
2432 3285 2596 3340 illam
2619 3286 2783 3358 prius
2806 3292 3019 3358 sponte
3036 3286 3266 3343 darent.
3295 3292 3533 3345 lterum-

1864 3390 1982 3447 que
2006 3374 2344 3445 judicatum
2374 3380 2461 3429 est
2492 3380 2553 3429 ut
2582 3376 2695 3430 sub
2721 3375 3133 3431 interdictione
3174 3378 3530 3434 anathema-

1869 3464 1939 3520 tis
1958 3465 2069 3519 hoc
2092 3469 2432 3536 poneretur,
2466 3469 2523 3519 et
2551 3466 3025 3535 conﬁrmaretur,
3067 3471 3123 3522 et
3164 3466 3390 3523 factum
3420 3474 3527 3537 est,

1868 3569 2011 3609 nam
2042 3558 2246 3609 nostra
2269 3553 2560 3624 jussione,
2596 3558 2651 3609 et
2676 3554 2949 3609 omnium
2980 3555 3406 3626 praedictorum
3439 3573 3531 3612 sa-

1868 3643 2198 3707 cerdotum,
2224 3642 2666 3715 episcoporum,
2691 3643 3086 3699 diaconorum
3109 3650 3353 3716 accepta
3375 3645 3530 3702 stola

1868 3732 2220 3788 Benedictus
2251 3734 2587 3788 Portuensis
2614 3733 2930 3806 episcopus
2958 3733 3136 3789 dixit:
3170 3735 3527 3791 Auctoritate

1868 3823 2077 3883 Patris,
2103 3822 2320 3890 Filii,et
2351 3822 2598 3894 Spiritus
2630 3823 2839 3894 sancti,
2871 3828 2929 3879 et
2954 3824 3299 3880 auctoritate
3332 3827 3389 3880 Β.
3424 3826 3527 3879 Pe-

1869 3912 1938 3967 tri
1969 3911 2243 3983 apostoli,
2277 3915 2334 3966 et
2366 3913 2427 3966 D.
2462 3915 2527 3967 N.
2554 3912 2805 3967 Joannis
2833 3928 3009 3985 papa;
3039 3912 3154 3969 hoc
3186 3915 3242 3970 S.
3276 3913 3527 3969 concilio

1867 4000 2263 4074 praasidentis,
2302 4005 2359 4055 et
2387 4000 2736 4057 auctoritate
2762 4002 2942 4073 hujus
2976 4003 3030 4058 S.
3065 4002 3301 4057 concilii
3344 4001 3528 4057 male-

1867 4090 2146 4160 dicimus,
2179 4095 2235 4146 et
2283 4091 2903 4162 excommunicamus,
2948 4096 3006 4148 et
3050 4096 3341 4165 perpetuo
3389 4108 3531 4148 ana-

1868 4180 2146 4237 thematis
2179 4180 2418 4236 vinculo
2445 4180 2811 4250 obligamus,
2865 4182 3212 4254 quicunque
3261 4182 3533 4238 sacerdo-

1872 4274 2021 4341 tum,
2055 4271 2177 4325 sive
2208 4270 2582 4338 cleriocrum,
2601 4269 2720 4325 sive
2749 4270 3061 4342 laicorum,
3077 4286 3179 4326 seu
3192 4271 3533 4343 qualiscun-

1869 4375 1987 4431 que
2009 4374 2266 4431 persona
2289 4358 2633 4414 mortalium
2654 4359 2884 4414 tertiam
2910 4360 3329 4415 universarum
3350 4359 3531 4415 0001οο

98 4448 320 4519 populo
351 4450 662 4507 Galerano.
698 4452 1023 4524 Episcopus
1059 4454 1369 4525 respondit
1402 4473 1413 4509 ε
1471 4459 1518 4508 Α
1569 4474 1759 4513 sacer—
1798 4491 1840 4544 Π
1873 4448 2098 4503 Sial‘um
2130 4446 2366 4503 Galeria?
2396 4450 2562 4544 Ῑξθῐνο
2592 4446 2898 4544 θρὶεορρο,
2944 4447 3189 4521 suisque
3228 4464 3530 4544 511908550:

99 4536 335 4593 dotibus
370 4542 426 4596 S.
463 4540 683 4596 Nicolai
712 4558 811 4597 x1v
843 4542 1067 4597 solidos
1093 4559 1199 4615 per
1219 4560 1469 4612 annum,
1494 4550 1550 4600 et
1572 4563 1606 4602 a
1628 4562 1757 4619 pre-

98 4626 347 4698 sbyteris
377 4632 435 4686 S.
470 4630 687 4687 Andra:
724 4648 839 4687 xxx
875 4632 1155 4687 denarios
1189 4635 1574 4706 consequitur
1604 4639 1760 4709 epis-

98 4731 303 4789 copus,
336 4719 485 4774 nihil
517 4720 794 4793 amplius.
828 4721 999 4787 Quod
1028 4737 1137 4777 nos
1159 4722 1468 4779 audientes
1500 4727 1762 4785 maxima

97 4806 325 4863 tristitia
347 4809 546 4866 affecti
570 4827 800 4878 sumus,
817 4816 872 4866 et
888 4811 1287 4885 relinquentes
1301 4830 1552 4871 causam
1573 4832 1760 4888 quam

97 4897 527 4967 tractabamus,
562 4916 774 4956 omnes
806 4915 928 4955 uno
961 4901 1189 4973 spiritu,
1222 4917 1345 4957 una
1389 4910 1608 4973 mente,
1659 4923 1759 4961 co-

97 4989 265 5052 gente
312 4990 481 5043 tanta
524 4988 848 5061 impietate,
901 4990 978 5045 ad
1020 4991 1135 5045 hoc
1180 4992 1561 5048 tractandum
1616 5011 1758 5050 con-

96 5073 247 5129 versi
296 5091 536 5133 sumus.
582 5080 743 5133 Tunc
777 5078 1363 5151 archipresbyterum
1409 5083 1759 5139 vocavimus

97 5175 144 5214 s.
170 5161 396 5219 Nicolai
428 5181 566 5221 011111
607 5166 751 5238 suis,
783 5170 840 5222 et
864 5167 1183 5238 syndicum
1230 5170 1285 5223 S.
1322 5168 1573 5224 Andreze
1618 5187 1758 5227 cum

95 5249 232 5319 suis,
261 5253 410 5324 quia
437 5254 916 5328 archipresbyter
973 5255 1190 5311 absens
1239 5260 1365 5313 erat
1403 5258 1758 5315 infirmitatis

93 5353 294 5409 causa,
344 5358 461 5398 nos
493 5344 685 5400 taliter
727 5345 991 5416 aggressi
1044 5362 1255 5401 sumus
1287 5363 1299 5400 :
1331 5366 1358 5399 ς
1388 5348 1563 5403 Dicite
1585 5348 1759 5404 nobis

94 5444 277 5500 quare
315 5437 448 5488 tam
479 5450 695 5505 parum
726 5435 1011 5507 episcopo
1051 5435 1315 5505 redditis,
1351 5442 1407 5492 ct
1435 5454 1620 5510 quare
1669 5438 1759 5494 vel

95 5519 324 5577 tertiam
338 5538 465 5578 non
478 5523 740 5591 redditis,
756 5523 888 5591 sibi,
904 5524 1054 5579 sicut
1079 5528 1135 5578 et
1158 5524 1275 5581 alia
1290 5525 1423 5581 loca
1448 5526 1708 5582 faciunt?
1730 5549 1755 5575 ››

96 5610 204 5674 Qui
226 5614 673 5686 responderunt
701 5632 713 5669 :
756 5636 784 5663 ‹‹
818 5614 1198 5671 Consuetudo
1227 5620 1431 5672 nostra
1474 5616 1599 5673 fuit.
1634 5639 1661 5667 »
1696 5619 1760 5671 Et

94 5712 205 5755 nos
234 5708 450 5758 contra
478 5720 489 5757 :
518 5725 545 5752 ‹‹
579 5703 815 5759 Habetis
848 5704 925 5760 ab
955 5704 1156 5776 aliquo
1187 5706 1470 5777 episcopo
1492 5706 1631 5760 inde
1659 5705 1760 5760 ali-

94 5789 243 5864 quid
289 5792 672 5868 scriptum?»
723 5792 834 5860 Qui
879 5792 1317 5871 responderunt
1368 5810 1473 5867 per
1502 5794 1753 5857 omnia:

1870 4536 2036 4592 ribus
2063 4537 2265 4608 aliquo
2294 4535 2478 4591 modo
2523 4536 2879 4591 contendere
2922 4538 3390 4611 praesumpserit,
3434 4538 3529 4593 vel

1872 4626 2072 4699 aliquo
2104 4626 2286 4681 modo
2315 4625 2590 4681 fraudare
2622 4625 3003 4699 disposuerit,
3030 4631 3085 4683 et
3114 4628 3228 4684 hoc
3257 4627 3425 4700 quod
3454 4628 3529 4683 de

1871 4714 2102 4772 Galeria
2134 4714 2540 4787 judicavimus
2595 4714 2671 4772 ab
2725 4714 3010 4771 omnibus
3066 4715 3211 4771 locis
3264 4714 3530 4789 praedicti

1869 4806 2251 4879 episcopatus
2286 4807 2339 4860 S.
2372 4804 2617 4875 Ruﬁnae,
2651 4808 2707 4861 et
2756 4804 2834 4861 ab
2878 4804 3161 4861 omnibus
3208 4804 3529 4861 sacerdoti-

1868 4896 2006 4963 bus,
2056 4901 2112 4952 et
2148 4895 2395 4964 clericis,
2446 4895 2538 4952 vel
2584 4895 2771 4963 laicis,
2812 4900 2869 4951 et
2924 4895 3001 4951 ab
3054 4896 3220 4952 omni
3270 4910 3531 4967 persona

1869 4986 2178 5044 observari
2203 4987 2316 5042 sub
2347 4985 2523 5042 simili
2548 4986 2926 5043 anathemate
2970 4985 3298 5059 apostolica
3323 4989 3531 5041 aucto-

1868 5078 2038 5134 ritate
2068 5077 2393 5146 sancimus,
2426 5080 2483 5131 et
2513 5074 2828 5131 statuimus
2856 5075 2917 5131 in
2941 5080 3322 5149 perpetuum,
3370 5079 3535 5147 post-

1867 5183 2055 5240 quam
2083 5171 2168 5222 ter
2198 5182 2234 5222 a
2272 5169 2440 5221 Petro
2467 5165 2748 5238 episcopo
2780 5163 2871 5221 vel
2919 5163 3041 5219 suis
3085 5164 3534 5220 successoribus

1868 5256 2213 5330 supradicta
2244 5257 2411 5312 tertia
2452 5254 2735 5327 requisita
2784 5254 2977 5324 fuerit,
3024 5258 3080 5310 et
3126 5254 3204 5310 ab
3249 5253 3535 5310 omnibus

1867 5347 2191 5403 clamatum
2222 5352 2328 5414 est,
2360 5346 2498 5413 Fiat,
2544 5345 2668 5412 ﬁat,
2715 5360 2893 5400 amen
2923 5360 3122 5401 amen.
3175 5347 3242 5400 Et
3292 5349 3359 5400 ut
3395 5344 3530 5401 dili-

1867 5437 2101 5509 gentius
2130 5436 2521 5503 observetur,,
2550 5440 2605 5490 et
2630 5434 2845 5491 clarius
2876 5440 3296 5508 cognoscatur,
3336 5440 3530 5493 totum

1866 5544 1974 5601 per
2003 5526 2273 5582 ordinem
2301 5524 2580 5595 Gregorio
2611 5525 2907 5581 serivanio
2950 5527 3005 5583 S.
3056 5528 3121 5581 Β.
3172 5530 3231 5582 Ε.
3275 5526 3532 5583 scribere

1865 5615 2280 5689 praecepimus,
2308 5619 2365 5671 et
2402 5614 2479 5670 ab
2506 5614 2789 5669 omnibus
2815 5615 2921 5687 qui
2968 5614 3361 5673 interfuerunt
3397 5631 3533 5689 pro-

1866 5705 2010 5778 priis
2041 5702 2323 5759 manibus
2352 5702 2633 5759 roborare
2662 5702 2992 5760 voluimus.

1939 5792 2288 5853 Benedictus
2323 5791 2786 5857 archidiaconus
2817 5792 3077 5869 interfui,
3134 5798 3190 5855 et
3241 5794 3303 5855 in
3350 5806 3535 5872 perpe
