3968 6422
328 240 463 298 “35

1698 229 1990 289 JOANNIS
2027 228 2138 286 XIX
2174 226 2395 287 PAPE.

3652 234 3844 291 1136

326 368 499 420 tuum
520 361 720 419 valere
749 359 977 433 judico.
1011 362 1216 416 Petrus
1248 357 1646 414 Praenestinus
1672 355 1993 431 episcopus
2024 353 2074 407 A
2105 351 2460 427 sublimitas,
2490 368 2615 428 quo
2645 356 2861 413 certius
2891 358 3124 414 constat
3152 371 3255 413 eos
3279 356 3521 415 nonnisi
3544 357 3663 416 illa
3705 358 3842 415 de-

325 451 583 520 interfui,
608 454 666 508 et
691 450 753 507 in
785 453 1147 525 perpetuum
1160 447 1359 503 valere
1379 447 1739 519 judico.Ego
1754 443 1995 501 Benedi-

326 546 458 599 ctus
482 542 800 616 episcopus
830 538 1172 596 Portuensis
1200 536 1457 611 interfui,
1480 541 1537 594 et
1554 536 1617 594 in
1632 540 1993 611 perpetuum

324 631 524 689 valere
551 630 777 703 judico.

394 725 610 778 Datum
640 734 739 775 xrx
770 716 1018 774 Kalend.
1050 716 1321 774 Januarii
1348 733 1457 791 per
1485 733 1704 775 manus
1746 714 1993 773 Bosonis

325 809 593 884 episcopi
639 811 694 866 8.
737 807 1065 865 Tiburtinae
1124 807 1397 864 Ecclesiae
1451 812 1508 864 et
1557 805 1993 864 bibliothecarii

327 904 384 958 8.
416 901 486 956 Α.
514 902 571 955 8.
603 897 860 967 interfui,
903 902 961 955 et
1008 897 1070 954 in
1116 902 1478 971 perpetuum
1519 897 1718 955 valere
1760 895 1989 969 judico,

322 987 654 1063 Baynerius
665 988 958 1045 diaconus
975 987 1051 1044 de
1072 987 1353 1045 diaconia
1373 988 1429 1045 S.
1454 986 1739 1058 Gregorii,
1757 991 1814 1043 et
1833 988 1991 1043 Leon

321 1079 646 1154 episcopus
673 1077 954 1135 Ostiensis
986 1076 1257 1133 Ecclesiae
1302 1076 1540 1133 interfui
1571 1080 1628 1134 et
1667 1077 1729 1133 in
1776 1092 1990 1150 perpe-

321 1173 496 1227 tuum
519 1169 715 1227 valere
741 1168 969 1240 judico.
999 1167 1318 1239 Gregorius
1348 1169 1404 1224 S.
1438 1167 1624 1224 Luciae
1649 1166 1906 1234 interfui,
1936 1169 1993 1223 et

319 1259 383 1316 in
411 1264 770 1333 perpetuum
798 1257 997 1314 valere
1022 1256 1251 1329 judico.
1282 1256 1633 1314 Benedictus
1663 1256 1989 1330 episcopus

323 1351 380 1407 S.
412 1348 743 1419 Anagninae
791 1346 1054 1404 ecclesiae
1102 1347 1359 1404 interfui.
1404 1349 1618 1404 Joann.
1670 1347 1991 1421 episcopus

319 1440 376 1495 S.
406 1438 678 1496 Bledanae
706 1437 979 1495 Ecclesia
1010 1436 1273 1509 interfui,
1302 1442 1359 1495 et
1387 1438 1449 1494 in
1487 1441 1848 1512 perpetuum
1890 1454 1991 1494 va-

318 1528 438 1585 lere
478 1527 704 1600 judico.
732 1526 1091 1584 Benedictus
1118 1527 1443 1602 episcopus
1475 1530 1679 1586 Ceren.
1729 1528 1845 1584 hoc
1892 1527 1992 1584 de-

319 1623 548 1676 cretum
576 1618 845 1689 ﬁrmum,
876 1622 933 1675 et
960 1618 1022 1675 in
1051 1623 1411 1692 perpetuum
1436 1617 1633 1675 valere
1644 1618 1873 1691 judico.
1891 1621 1989 1674 Pe-

317 1714 444 1765 trus
476 1708 798 1766 cardinalis
829 1708 983 1765 tituli
1007 1710 1061 1766 8.
1097 1708 1272 1765 Marci
1300 1708 1560 1777 interfui,
1595 1712 1652 1765 et
1687 1708 1751 1764 in
1780 1724 1989 1782 perpe-
2017 1718 2059 1773 Β

317 1804 491 1857 tuum
516 1798 714 1856 valere
734 1798 963 1871 judico.
1008 1798 1340 1872 Baynerius
1390 1798 1715 1873 episcopus
1755 1798 1990 1872 Nepesi-

316 1902 410 1946 nae
437 1888 697 1945 ecclesiae
722 1888 839 1945 hoc
865 1888 1173 1944 decretum
1190 1888 1460 1961 ﬁrmum,
1478 1892 1535 1945 et
1551 1888 1612 1944 in
1630 1893 1989 1963 perpetuum

316 1995 563 2037 manere
584 1976 811 2051 judico.
854 1982 1113 2034 Amasus
1144 1978 1467 2051 episcopus
1507 1980 1687 2052 atque
1729 1977 1987 2051 capella-

314 2084 433 2125 nus
457 2067 688 2125 domini
716 2082 909 2141 papae.
956 2068 1187 2123 Franco
1218 2066 1557 2124 cardinalis.
1594 2069 1649 2123 S.
1687 2066 1848 2125 Sixti.
1883 2070 1986 2123 Be-

316 2158 589 2216 nedictus
606 2156 845 2214 Domini
872 2156 1065 2227 gratia
1087 2155 1530 2213 secundicerius
1550 2158 1607 2214 S.
1628 2158 1695 2214 A.
1728 2158 1783 2214 S.
1807 2159 1986 2213 Joan-

315 2264 424 2306 nes
451 2246 774 2305 cardinalis
808 2246 895 2303 tit.
926 2248 982 2304 S.
1015 2246 1289 2304 Marcelli.
1338 2246 1707 2304 Crescentius
1751 2246 1988 2304 Domini

316 2335 510 2409 gratia
530 2334 945 2392 nomenclator
964 2335 1019 2392 8.
1043 2339 1110 2391 Α.
1142 2337 1198 2393 8.
1224 2338 1345 2406 Ego
1365 2336 1704 2408 Stephanus
1735 2335 1836 2391 Dei
1859 2351 1988 2407 gra-

316 2427 399 2486 tia
429 2424 760 2484 scrivanius
791 2427 847 2482 S.
881 2424 1039 2483 sedis
1068 2424 1436 2499 apostolicae,
1469 2424 1698 2500 scripsi,
1732 2430 1841 2483 etc.

1105 2515 1192 2571 VI.

318 2606 715 2677 Privilegium
766 2606 1021 2663 Joannis
1064 2620 1242 2675 papte
1288 2605 1436 2661 XIX
1462 2621 1577 2675 pro
1624 2606 1984 2663 monasterio

391 2678 794 2736 Cluniacensi.
828 2709 899 2718 —
945 2678 1235 2734 Declarat
1279 2692 1340 2733 se
1380 2679 1743 2746 conﬁrmare
1783 2679 1984 2734 omnia

386 2752 755 2808 monasteria
781 2754 838 2807 et
864 2750 998 2806 loca
1017 2749 1100 2806 ad
1131 2750 1529 2805 Cluniacense
1556 2751 1982 2806 monasterium

380 2824 776 2893 pertinentia,
804 2826 860 2878 et
885 2822 943 2893 ei
967 2820 1043 2877 ab
1065 2820 1366 2893 aliquibus
1385 2820 1662 2889 ﬁdelibus
1692 2821 1983 2893 Christia-

386 2891 504 2956 nis.
537 2895 796 2965 regibus,
827 2892 1138 2965 episcopis,
1167 2891 1437 2957 ducibus,
1476 2907 1578 2948 seu
1602 2891 1981 2965 principibus

388 2972 568 3022 antea
593 2962 886 3021 concessa.
919 2962 1206 3034 Prohibet
1236 2977 1467 3034 quoque
1495 2976 1569 3034 ne
1599 2964 1732 3033 quis
1758 2964 1980 3032 episco-

380 3050 522 3106 pus,
576 3037 671 3091 vel
714 3033 1012 3106 sacerdos,
1059 3048 1172 3106 pro
1216 3033 1423 3106 aliqua
1453 3033 1832 3090 ordinatione
1872 3048 1979 3106 seu

391 3081 1166 3170 Ebiiiec'iétio‘HEQZ-iés'ie,‘
1178 3081 1691 3172 pregbi/terorum,
1723 3081 1829 3159 aut
1855 3081 1984 3160 dia-
2016 3081 2057 3137 (ἶ

390 3192 698 3243 canorum,
765 3175 1199 3244 missarumque
1249 3173 1663 3239 celebratione,
1737 3176 1857 3230 nisi
1904 3175 1981 3231 ab

390 3248 604 3305 abbate
670 3245 1058 3303 Cluniacensi
1120 3245 1431 3313 invitatus,
1492 3245 1691 3301 veniat
1735 3245 1981 3302 Clunia-

391 3335 523 3376 cum
541 3333 565 3390 ,'
587 3317 692 3373 sed
715 3318 890 3390 liceat
911 3314 1220 3390 monac/iis
1251 3315 1748 3390 Cluniacensibus
1786 3319 1983 3386 cujus-

392 3387 628 3461 cunque
653 3388 951 3445 voluerint
979 3387 1745 3461 orditionationisqradum
1793 3390 1980 3444 susei-

383 3459 538 3532 pere
567 3461 906 3531 ubicunque
931 3474 1038 3515 suo
1072 3460 1381 3532 placuerit
1420 3459 1643 3532 abbati.
1690 3461 1982 3517 Similiter

391 3531 552 3591 uelat
582 3548 658 3590 ne
689 3532 821 3604 quis
849 3532 1157 3602 episcopus
1185 3531 1282 3604 pel
1323 3531 1601 3587 sacerdos
1647 3533 1833 3604 possit
1878 3548 1980 3588 ea:-

392 3601 833 3662 communicare
880 3601 1111 3674 fratres
1165 3601 1588 3675 Cluniacenses
1643 3603 1982 3675 ubicunque

386 3677 626 3748 positos.
659 3673 941 3748 Decernit
964 3679 1260 3748 praeterea
1309 3673 1726 3748 Cluniacense
1750 3673 1984 3748 mon—as-

390 3745 606 3805 terium
635 3747 907 3804 omnibus
957 3745 1041 3803 ad
1083 3759 1144 3803 se
1172 3745 1244 3802 ob
1271 3746 1527 3803 salutem
1579 3747 1980 3817 confugienti-

390 3820 497 3877 bus
524 3821 660 3890 fore
686 3818 1106 3876 misericordia
1125 3818 1321 3890 sinum
1341 3832 1366 3888 ,'
1390 3823 1445 3874 et
1473 3819 1686 3873 statuit
1730 3818 1892 3890 quod
1929 3819 1982 3874 si

387 3888 608 3962 aliquis
638 3892 1048 3962 cujuscunque
1083 3888 1384 3962 obligatus
1412 3888 1797 3947 anathemate
1823 3890 1979 3947 idem

385 3960 814 4018 monasterium
844 3960 1177 4029 eat-petierit,
1209 3962 1332 4017 sive
1355 3975 1466 4030 pro
1494 3962 1761 4030 corporis
1785 3963 1982 4031 sepul-

388 4037 551 4100 tura,
574 4047 676 4088 seu
706 4031 958 4104 alterius
986 4046 1110 4104 sum
1134 4032 1440 4104 utilitatis,
1487 4036 1562 4104 et,
1584 4034 1800 4088 salutis
1843 4049 1981 4104 gra-

385 4105 492 4171 tia,
520 4103 863 4174 benigniter
890 4103 1232 4171 excipiatur
1272 4103 1398 4159 oleo
1428 4103 1847 4159 medicamenti
1880 4120 1977 4161 sa-

386 4176 605 4232 lutaris
632 4174 948 4245 fovendus.
978 4174 1249 4245 Denique
1272 4174 1483 4243 deﬁnit
1510 4175 1853 4232 electionem
1879 4176 1980 4232 ab-

386 4247 537 4305 batis
568 4245 981 4305 Cluniacensis
1001 4247 1310 4317 pertinere
1334 4245 1419 4304 ad
1454 4250 1975 4319 congregationem

380 4319 567 4390 ipsius
600 4319 736 4377 loci.

937 4389 1137 4498 (Anno
1172 4388 1350 4491 l0‘27.)
1613 4480 1643 4498 ﬁ
1671 4479 1688 4498 Ἴ
2005 4443 2049 4498 D

593 4480 965 4555 [Baliarium
1000 4479 1412 4548 Cluniacense,
1437 4493 1578 4553 pag.
1612 4479 1688 4552 8.]

376 4572 619 4631 JOANNES
651 4571 996 4646 episcopus,
1051 4586 1262 4626 servus
1308 4585 1617 4626 servorum
1662 4569 1787 4641 Dei,
1833 4570 1978 4628 dile-

304 4663 569 4721 ctissimo
598 4661 723 4719 ﬁlio
754 4663 985 4720 ODILONI
1015 4659 1223 4717 abbati
1253 4659 1603 4716 monasterii
1633 4660 1802 4734 quod
1828 4661 1975 4718 dici-

302 4754 400 4808 tur
428 4749 800 4822 Cluniaeum,
832 4748 896 4806 in
922 4748 1152 4823 honore
1195 4746 1514 4804 beatorum
1560 4747 1975 4820 apostolorum

300 4840 455 4897 Petri
481 4844 538 4898 et
576 4839 744 4898 Pauli
797 4842 1236 4908 consecratum,
1280 4837 1342 4893 in
1381 4835 1669 4893 comitatu
1714 4837 1978 4894 Matisco-

298 4929 477 4986 nensi
508 4930 711 4998 situm,
744 4932 801 4985 et
827 4943 936 5003 per
974 4931 1029 4984 te
1073 4925 1300 4983 cunctis
1349 4925 1802 4983 successoribus
1856 4927 1973 4984 tuis

301 5018 626 5077 abbatibus
654 5020 715 5076 in
746 5023 1126 5093 perpetuum.

372 5111 520 5166 Cum
542 5108 817 5167 omnium
840 5107 1110 5164 ﬁdelium
1127 5104 1515 5180 petitionibus
1532 5109 1589 5162 et
1608 5105 1972 5164 necessitati-

294 5195 413 5253 bus
443 5198 759 5255 subvenire
789 5196 1007 5255 debeat
1036 5195 1376 5270 apostolicae
1408 5195 1711 5252 charitatis
1757 5196 1968 5269 gratia,

296 5285 488 5344 multo
515 5287 713 5358 magis
738 5286 831 5342 his
857 5292 946 5344 est
963 5285 1363 5359 impertienda
1394 5286 1523 5357 ejus
1546 5284 1821 5342 beneﬁcii
1853 5285 1969 5343 cle-

294 5372 542 5441 mentia,
566 5390 722 5445 quos
751 5374 1128 5445 singulariter
1155 5376 1434 5448 proprius
1467 5378 1524 5429 et
1554 5373 1968 5446 specialiterfi-

293 5461 410 5517 lios
434 5476 497 5515 se
529 5461 752 5530 gaudet
778 5462 1000 5521 habere
1028 5472 1235 5522 sancta
1257 5468 1529 5521 Romana
1555 5470 1747 5521 mater
1774 5464 1965 5521 Eccle-

293 5550 407 5620 sia,
430 5551 489 5604 et
504 5563 627 5602 sum
649 5548 911 5607 utilitatis
931 5554 1137 5623 gratia,
1162 5559 1218 5610 et
1234 5553 1701 5628 praecedentium
1724 5557 1965 5611 Patrum

294 5634 648 5695 auctoritate
678 5637 935 5707 egregia,
955 5657 1215 5715 quorum
1249 5645 1429 5702 etiam
1449 5643 1761 5701 desideriis
1778 5649 1835 5701 et
1864 5662 1963 5701 vo-

294 5726 367 5790 tis
396 5740 471 5789 eo
500 5721 740 5805 plenius
760 5735 967 5800 parere
1001 5730 1178 5793 debet
1198 5734 1568 5795 auctoritatis
1617 5732 1964 5814 apostolicae

2104 441 2365 500 siderare
2395 447 2451 501 et
2480 449 2756 519 expetere
2784 462 2922 520 quae
2953 449 3094 503 sunt
3119 446 3198 504 ad
3235 446 3623 506 honestatem
3654 464 3840 505 san-

2104 534 2211 587 ctae
2241 532 2497 606 pietatis,
2525 540 2583 593 et
2611 536 2925 594 utilitatem
2954 554 3110 594 verte
3156 538 3478 609 religionis.
3509 542 3581 597 Et
3628 556 3833 613 quo-

2102 620 2209 676 ties
2238 621 2300 678 in
2330 640 2454 680 sua:
2483 626 2853 683 necessitatis
2883 627 3220 685 commodis
3265 633 3538 686 nostrum
3572 646 3835 687 assen-

2102 727 2240 768 sum
2290 716 2348 769 et
2417 714 2598 771 solitae
2649 716 2993 789 apostolicae
3035 718 3403 775 auctoritatis
3435 718 3831 777 audiverint

2099 799 2403 858 humiliter
2427 804 2729 877 requirere
2766 806 3137 878 praesidium,
3183 806 3338 864 ultro
3385 807 3822 880 benignitatis

2099 889 2315 947 intuitu
2345 907 2458 948 nos
2483 894 2762 951 convenit
2798 895 3141 966 subvenire,
3183 902 3239 954 et
3262 898 3370 953 rite
3398 913 3510 972 pro
3539 898 3825 969 integra

2101 979 2415 1037 securitate
2446 981 2703 1040 solidare
2733 1003 2745 1054 ;
2778 989 2845 1042 ut
2872 1001 2945 1041 ex
2970 985 3084 1043 hoc
3116 985 3291 1042 nobis
3317 1002 3565 1060 quoque
3598 987 3825 1061 potis-

2100 1067 2322 1125 simum
2351 1073 2668 1144 praemium
2710 1090 2746 1130 a
2791 1074 3100 1132 conditore
3129 1075 3405 1133 omnium
3463 1079 3586 1133 Deo
3629 1076 3827 1133 side-

2098 1158 2216 1214 reis
2246 1160 2487 1217 arcibus
2521 1162 2953 1222 contribuatur.
2984 1167 3050 1222 Et
3078 1164 3213 1222 ideo
3243 1166 3390 1240 quia
3423 1165 3823 1239 postulastis

2100 1263 2137 1304 a
2167 1248 2344 1305 nobis
2370 1255 2436 1306 ut
2464 1252 2784 1325 praefatum
2832 1255 3269 1312 monasterium
3296 1255 3651 1330 apostolicae
3691 1272 3824 1313 au-

2101 1338 2384 1396 ctoritatis
2434 1341 2584 1397 serie
2633 1342 3030 1410 muniremus,
3086 1348 3143 1401 et
3168 1344 3377 1402 omnia
3418 1345 3549 1417 ejus
3600 1346 3822 1418 perti-

2097 1428 2303 1485 nentia
2331 1430 2581 1502 perenni
2619 1431 2755 1503 jure
2801 1431 3029 1489 ibidem
3072 1433 3488 1490 inviolabiliter
3536 1450 3818 1508 perma-

2096 1518 2300 1575 nenda
2330 1520 2849 1590 conﬁrmaremus,
2892 1526 2949 1579 et
2977 1521 3211 1597 absque
3262 1524 3427 1580 omni
3464 1524 3621 1596 jugo
3679 1540 3818 1581 seu

2098 1607 2321 1665 ditione
2365 1610 2781 1685 cujuscunque
2835 1627 3110 1686 personae
3161 1613 3540 1671 constabilire
3582 1614 3815 1671 nostri

2096 1696 2389 1770 privilegii
2416 1700 2642 1772 pagina
2671 1701 3051 1758 studeremus
3073 1721 3087 1758 :
3107 1708 3426 1776 propterea
3447 1703 3562 1760 tuis
3578 1704 3810 1760 ﬂexus

2096 1788 2398 1861 precibus,
2429 1789 2509 1846 ob
2536 1791 2937 1849 interventum
2967 1792 3176 1851 domni
3206 1793 3581 1850 invictissimi
3610 1798 3681 1851 et
3704 1795 3811 1868 pii

2098 1879 2331 1936 Henrici
2382 1880 2764 1954 imperatoris
2814 1884 3077 1955 augusti,
3128 1884 3382 1958 ejusque
3430 1885 3807 1941 remedium

2096 1968 2334 2037 animae,
2358 1985 2465 2041 per
2503 1969 2686 2043 hujus
2714 1977 2935 2029 nostrae
2971 1972 3338 2030 auctoritatis
3386 1973 3805 2048 privilegium

2098 2062 2422 2115 statuentes
2452 2060 2852 2133 decernimus,
2884 2067 2951 2120 ut
2975 2068 3192 2120 cuncta
3216 2063 3350 2121 loca
3379 2068 3436 2121 et
3463 2068 3802 2122 monaste-

2094 2149 2184 2205 ria
2209 2150 2288 2206 ad
2313 2150 2670 2223 praedictum
2702 2152 3091 2211 Cluniacense
3110 2154 3453 2212 coenobium
3471 2155 3805 2229 pertinen-

2095 2239 2195 2309 tia,
2228 2256 2384 2313 quae,
2417 2239 2496 2297 ab
2524 2240 2829 2315 aliquibus
2857 2242 3223 2300 ﬁdelissimis
3267 2244 3641 2314 Christianis,
3693 2262 3801 2304 re-

2098 2328 2295 2400 gibus,
2328 2329 2649 2404 episcopis,
2682 2331 2960 2402 ducibus,
2997 2350 3106 2391 seu
3153 2334 3531 2408 principibus
3570 2335 3798 2392 eidem

2093 2419 2228 2477 loco
2248 2425 2387 2477 sunt
2408 2437 2715 2493 concessa,
2746 2428 2803 2480 et
2830 2423 2909 2481 ab
2930 2425 3415 2482 antecessoribus
3440 2425 3555 2481 tuis
3581 2425 3796 2484 abba-

2093 2509 2255 2566 tibus
2286 2511 2603 2583 acquisita,
2640 2515 2906 2570 Bernone
2934 2513 3228 2586 videlicet,
3261 2514 3488 2583 Odone,
3520 2520 3793 2589 Aymar-

2094 2599 2195 2669 do,
2223 2602 2280 2656 et
2307 2599 2500 2657 beatae.
2529 2602 2964 2660 recordationis
3010 2608 3217 2661 sancto
3267 2605 3498 2678 Mayolo
3542 2605 3791 2678 praede-

2094 2704 2331 2746 cessore
2351 2694 2475 2762 tuo,
2499 2692 2595 2749 vel
2614 2709 2996 2767 quaecunque
3018 2694 3096 2751 ad
3119 2694 3400 2750 eumdem
3415 2694 3620 2751 locum
3641 2710 3790 2768 per-

2094 2778 2279 2835 tinere
2310 2779 2605 2851 videntur,
2638 2782 2870 2856 absque
2906 2782 3080 2839 ullius
3111 2783 3602 2854 contradictione,
3629 2802 3784 2843 eum

2094 2883 2323 2938 magna
2364 2871 2675 2929 securitate
2713 2872 2940 2930 debeas
2973 2873 3281 2947 possidere
3326 2878 3383 2931 et
3412 2890 3519 2947 per
3546 2879 3601 2931 te
3635 2875 3782 2932 uni-

2094 2962 2253 3013 versi
2279 2975 2654 3017 successores
2697 2961 2782 3017 tui
2827 2962 2892 3018 in
2935 2968 3315 3036 perpetuum.
3362 2967 3605 3021 Necnon
3655 2965 3783 3023 sub

2096 3045 2280 3103 divini
2316 3048 2530 3119 judicii
2575 3051 3061 3123 promulgatione
3114 3057 3171 3109 et
3199 3054 3681 3123 conﬁrmatione,
3720 3059 3783 3113 et

2095 3136 2496 3193 anathematis
2526 3138 2938 3196 interdictione
2989 3141 3447 3200 corroborantes
3495 3145 3782 3202 decerni-

2092 3240 2251 3295 mus,
2286 3229 2350 3281 ut
2377 3225 2578 3282 nullus
2609 3227 2954 3301 episcopus,
2979 3244 3083 3284 seu
3106 3229 3356 3302 quilibet
3381 3233 3783 3291 sacerdotum

2090 3314 2154 3371 in
2185 3315 2400 3372 eodem
2426 3317 2755 3374 venerabili
2799 3317 3076 3375 coenobio
3129 3335 3241 3391 pro
3286 3309 3787 3394 aliqua'ordina-

2090 3404 2270 3475 tione,
2299 3404 2422 3462 sive
2454 3406 2905 3463 consecratione
2928 3407 3215 3478 ecclesia,
3246 3409 3781 3484 presbyterorum,

2089 3497 2194 3552 aut
2219 3495 2635 3565 diaconorum,
2679 3496 3123 3572 missarumque
3173 3498 3594 3567 celebratione,
3649 3503 3780 3561 nisi

2090 3583 2169 3640 ab
2197 3583 2415 3641 abbate
2447 3585 2719 3657 ejusdem
2745 3585 2863 3642 loci
2886 3586 3172 3643 invitatus
3201 3587 3397 3656 fuerit,
3445 3589 3648 3647 venire
3688 3593 3776 3650 ad

2090 3672 2397 3743 agendum
2429 3678 2795 3747 praesumat;
2845 3674 2952 3731 sed
2980 3674 3156 3733 liceat
3200 3677 3518 3733 monachis
3568 3678 3767 3753 ipsius

2088 3762 2204 3820 loci
2259 3764 2673 3838 cujuscunque
2720 3765 3019 3822 voluerint
3056 3766 3450 3823 ordinationis
3504 3769 3763 3839 gradum

2090 3853 2412 3926 suscipere,
2465 3853 2813 3929 ubicunque
2858 3855 2986 3925 tibi,
3043 3856 3284 3930 tuisque
3316 3859 3759 3917 successoribus

2088 3941 2396 4015 placuerit.
2428 3943 2841 4001 lnterdicimus
2863 3949 3065 4001 autem
3087 3945 3201 4001 sub
3226 3945 3404 4002 simili
3420 3948 3756 4006 anathema-

2088 4032 2160 4089 tis
2181 4031 2686 4106 promulgatione,
2720 4039 2784 4090 ut
2812 4034 3005 4090 isdem
3034 4034 3204 4092 locus
3243 4035 3358 4092 sub
3386 4036 3606 4093 nullius
3653 4054 3758 4095 cu-

2081 4122 2426 4196 juscunque
2456 4123 2724 4197 episcopi
2769 4123 2866 4181 vel
2905 4124 3231 4181 sacerdotis
3275 4125 3643 4200 deprimatur
3674 4128 3762 4187 in-

2085 4210 2454 4267 terdictionis
2477 4211 2665 4285 titulo,
2694 4229 2799 4269 seu
2826 4212 3468 4271 excommunicationis
3490 4213 3585 4271 vel
3610 4229 3756 4271 ana-

2088 4299 2369 4356 thematis
2428 4300 2690 4358 vinculo.
2736 4303 2869 4359 Non
2919 4303 3079 4359 cnim
3126 4303 3354 4377 patitur
3397 4308 3615 4361 saneta:
3672 4321 3759 4361 se-

2088 4388 2181 4445 dis
2235 4388 2577 4462 apostolicze
2618 4391 2962 4461 auctoritas,
3014 4397 3080 4449 ut
3116 4392 3297 4449 ullius
3345 4393 3753 4468 cujuscunque

2087 4494 2362 4552 personis
2384 4477 2754 4550 obligatione
2772 4480 3196 4554 proscindatur
3221 4498 3258 4539 a
3280 4498 3343 4539 se
3368 4481 3754 4540 cuilibctcon-

2088 4584 2255 4624 cessa
2288 4567 2549 4625 liberalis
2581 4568 2862 4626 libertas:
2911 4586 3111 4644 neque
3157 4570 3346 4644 ipsius
3386 4571 3502 4629 loci
3548 4571 3748 4630 fratres

2084 4658 2431 4732 ubicunque
2448 4659 2647 4731 positi,
2672 4660 3089 4735 cujuscunque
3109 4661 3746 4736 episcopimaledictio-

2083 4748 2176 4805 nis
2240 4748 2333 4805 vel
2404 4750 3047 4808 excommunicationis
3128 4752 3370 4810 vinculo
3444 4757 3747 4812 teneantur

2083 4838 2323 4896 astricti.
2370 4839 2760 4897 Inhonestum
2790 4841 2952 4897 enim
2990 4841 3168 4901 nobis
3218 4841 3455 4899 videtur
3511 4847 3575 4900 ut
3623 4843 3742 4902 sine

2081 4934 2286 4986 nostro
2311 4929 2562 5001 judicio,
2595 4946 2633 4987 a
2683 4947 3001 5005 quoquam
3048 4932 3579 4990 anathematizetur
3614 4950 3741 4991 san-

2081 5022 2189 5075 ctae
2256 5018 2413 5074 sedis
2470 5019 2813 5092 apostolicae
2884 5020 3043 5078 tilius
3094 5022 3277 5079 veluti
3338 5022 3740 5097 cujuscunque

2080 5107 2365 5180 subjectae
2398 5108 2673 5165 Ecclesiae
2704 5109 3055 5183 discipulus.
3092 5110 3149 5168 Si
3178 5127 3303 5185 qua
3327 5127 3466 5168 vero
3513 5128 3739 5186 compe-

2077 5200 2207 5253 tens
2236 5197 2386 5254 ratio
2407 5197 2694 5255 adversus
2721 5215 2825 5255 eos
2853 5215 3227 5273 quemquam
3254 5186 3527 5269 moverit,
3559 5201 3734 5257 ethoc

2078 5285 2247 5342 aliter
2276 5286 2664 5342 determinari
2682 5286 2778 5344 vel
2807 5288 3042 5344 deﬁniri
3068 5288 3421 5361 nequiverit,
3450 5288 3735 5360 judicium

2075 5375 2499 5448 apostolicum,
2563 5376 2731 5448 quod
2794 5377 2946 5433 nulli
3001 5377 3421 5451 prcejudicium
3492 5383 3732 5452 praeten-

2075 5464 2215 5520 dere
2244 5465 2486 5537 patitur,
2521 5481 2701 5537 super
2724 5465 2840 5521 hoc
2867 5466 3547 5540 patienterpraestoletur
3571 5468 3737 5525 ethu-

2072 5554 2288 5611 militer
2340 5555 2698 5627 requiratur.
2770 5556 3157 5614 Decernimus
3216 5558 3418 5630 etiam,
3468 5562 3543 5615 et
3590 5558 3731 5617 illius

2073 5644 2245 5715 cujus
2272 5644 2399 5701 vice
2430 5643 2711 5717 quamvis
2741 5644 2987 5718 indigne
3036 5646 3366 5721 fungimur,
3397 5649 3731 5707 auctoritate

2072 5735 2402 5813 sancimus,
2426 5739 2492 5799 ut
2511 5734 2706 5797 isdem
2721 5734 2891 5798 locus
2908 5737 3192 5801 omnibus
3204 5739 3289 5803 ad
3307 5755 3369 5802 se
3383 5739 3463 5805 ob
3483 5738 3727 5805 salutem
