  <div class='ocr_page' id='page_1' title='image "/cluster/home/n/w/nwhite01/storage/ocr_20150623/140-141/uc1.31175018559917/1144.png"; bbox 0 0 3888 6396; ppageno 0'>
   <div class='ocr_carea' id='block_1_1' title="bbox 149 379 276 435">
    <p class='ocr_par' dir='ltr' id='par_1_1' title="bbox 149 379 276 435">
     <span class='ocr_line' id='line_1_1' title="bbox 149 379 276 435; baseline -0.031 0"><span class='ocrx_word' id='word_1_1' title='bbox 149 379 276 435; x_wconf 82' lang='lat' dir='ltr'>H37</span> 
     </span>
    </p>
   </div>
   <div class='ocr_carea' id='block_1_2' title="bbox 1390 315 2327 426">
    <p class='ocr_par' dir='ltr' id='par_1_2' title="bbox 1390 315 2327 426">
     <span class='ocr_line' id='line_1_2' title="bbox 1390 315 2327 426; baseline -0.004 -2"><span class='ocrx_word' id='word_1_2' title='bbox 1390 363 1743 426; x_wconf 72' lang='lat' dir='ltr'>EPISTOLE</span> <span class='ocrx_word' id='word_1_3' title='bbox 1774 361 1868 420; x_wconf 87' lang='lat' dir='ltr'>ET</span> <span class='ocrx_word' id='word_1_4' title='bbox 1897 315 2327 422; x_wconf 11' lang='lat' dir='ltr'>‘DIPLOMATA.</span> 
     </span>
    </p>
   </div>
   <div class='ocr_carea' id='block_1_3' title="bbox 3437 360 3573 420">
    <p class='ocr_par' dir='ltr' id='par_1_3' title="bbox 3437 360 3573 420">
     <span class='ocr_line' id='line_1_3' title="bbox 3437 360 3573 420; baseline 0.015 -2"><span class='ocrx_word' id='word_1_5' title='bbox 3437 360 3573 420; x_wconf 78' lang='grc'>1138</span> 
     </span>
    </p>
   </div>
   <div class='ocr_carea' id='block_1_4' title="bbox 143 485 3576 569">
    <p class='ocr_par' dir='ltr' id='par_1_4' title="bbox 143 485 3576 569">
     <span class='ocr_line' id='line_1_4' title="bbox 143 485 3576 569; baseline -0.004 -12"><span class='ocrx_word' id='word_1_6' title='bbox 143 495 638 569; x_wconf 82' lang='lat' dir='ltr'>confugientibus,</span> <span class='ocrx_word' id='word_1_7' title='bbox 687 494 762 553; x_wconf 89' lang='lat' dir='ltr'>sit</span> <span class='ocrx_word' id='word_1_8' title='bbox 817 493 1240 552; x_wconf 78' lang='lat' dir='ltr'>misericordiae</span> <span class='ocrx_word' id='word_1_9' title='bbox 1273 493 1460 562; x_wconf 91' lang='lat' dir='ltr'>sinus,</span> <span class='ocrx_word' id='word_1_10' title='bbox 1493 493 1565 549; x_wconf 88' lang='lat' dir='ltr'>sit</span> <span class='ocrx_word' id='word_1_11' title='bbox 1617 492 1795 548; x_wconf 87' lang='lat' dir='ltr'>totius</span> <span class='ocrx_word' id='word_1_12' title='bbox 1830 496 1876 550; x_wconf 79' lang='grc' dir='ltr'><strong>Α</strong></span> <span class='ocrx_word' id='word_1_13' title='bbox 1907 490 2147 547; x_wconf 86' lang='lat' dir='ltr'>arcibus</span> <span class='ocrx_word' id='word_1_14' title='bbox 2189 489 2689 549; x_wconf 86' lang='lat' dir='ltr'>remuneratione.</span> <span class='ocrx_word' id='word_1_15' title='bbox 2753 488 2935 561; x_wconf 80' lang='lat' dir='ltr'>Igitur</span> <span class='ocrx_word' id='word_1_16' title='bbox 2982 486 3127 562; x_wconf 86' lang='lat' dir='ltr'>quia</span> <span class='ocrx_word' id='word_1_17' title='bbox 3190 485 3504 563; x_wconf 88' lang='lat' dir='ltr'>postulatis</span> <span class='ocrx_word' id='word_1_18' title='bbox 3538 502 3576 544; x_wconf 90' lang='lat' dir='ltr'>a</span> 
     </span>
    </p>
   </div>
   <div class='ocr_carea' id='block_1_5' title="bbox 141 581 1798 664">
    <p class='ocr_par' dir='ltr' id='par_1_5' title="bbox 141 581 1798 664">
     <span class='ocr_line' id='line_1_5' title="bbox 141 581 1798 664; baseline -0.005 -18"><span class='ocrx_word' id='word_1_19' title='bbox 141 589 368 664; x_wconf 88' lang='lat' dir='ltr'>pietatis</span> <span class='ocrx_word' id='word_1_20' title='bbox 427 592 485 643; x_wconf 91' lang='lat' dir='ltr'>et</span> <span class='ocrx_word' id='word_1_21' title='bbox 542 586 746 642; x_wconf 91' lang='lat' dir='ltr'>salutis</span> <span class='ocrx_word' id='word_1_22' title='bbox 777 591 1005 660; x_wconf 91' lang='lat' dir='ltr'>portus.</span> <span class='ocrx_word' id='word_1_23' title='bbox 1066 585 1342 642; x_wconf 82' lang='lat' dir='ltr'>Obtineat</span> <span class='ocrx_word' id='word_1_24' title='bbox 1398 584 1458 640; x_wconf 90' lang='lat' dir='ltr'>in</span> <span class='ocrx_word' id='word_1_25' title='bbox 1502 600 1572 639; x_wconf 88' lang='lat' dir='ltr'>eo</span> <span class='ocrx_word' id='word_1_26' title='bbox 1596 581 1798 638; x_wconf 91' lang='lat' dir='ltr'>locum</span> 
     </span>
    </p>
   </div>
   <div class='ocr_carea' id='block_1_6' title="bbox 135 673 1794 753">
    <p class='ocr_par' dir='ltr' id='par_1_6' title="bbox 135 673 1794 753">
     <span class='ocr_line' id='line_1_6' title="bbox 135 673 1794 753; baseline -0.005 -18"><span class='ocrx_word' id='word_1_27' title='bbox 135 683 350 753; x_wconf 89' lang='lat' dir='ltr'>justus,</span> <span class='ocrx_word' id='word_1_28' title='bbox 407 695 518 734; x_wconf 92' lang='lat' dir='ltr'>nec</span> <span class='ocrx_word' id='word_1_29' title='bbox 570 677 891 750; x_wconf 81' lang='lat' dir='ltr'>repellatur</span> <span class='ocrx_word' id='word_1_30' title='bbox 937 677 1224 750; x_wconf 87' lang='lat' dir='ltr'>pcenitere</span> <span class='ocrx_word' id='word_1_31' title='bbox 1277 675 1486 732; x_wconf 90' lang='lat' dir='ltr'>volens</span> <span class='ocrx_word' id='word_1_32' title='bbox 1531 673 1794 745; x_wconf 90' lang='lat' dir='ltr'>iniquus.</span> 
     </span>
    </p>
   </div>
   <div class='ocr_carea' id='block_1_7' title="bbox 149 762 1798 826">
    <p class='ocr_par' dir='ltr' id='par_1_7' title="bbox 149 762 1798 826">
     <span class='ocr_line' id='line_1_7' title="bbox 149 762 1798 826; baseline -0.005 0"><span class='ocrx_word' id='word_1_33' title='bbox 149 769 482 826; x_wconf 82' lang='lat' dir='ltr'>Praebeatur</span> <span class='ocrx_word' id='word_1_34' title='bbox 511 767 931 824; x_wconf 80' lang='lat' dir='ltr'>innocentibus</span> <span class='ocrx_word' id='word_1_35' title='bbox 988 766 1245 823; x_wconf 90' lang='lat' dir='ltr'>charitas</span> <span class='ocrx_word' id='word_1_36' title='bbox 1273 770 1497 822; x_wconf 86' lang='lat' dir='ltr'>mutuae</span> <span class='ocrx_word' id='word_1_37' title='bbox 1528 762 1798 821; x_wconf 86' lang='lat' dir='ltr'>fraterni—</span> 
     </span>
    </p>
   </div>
   <div class='ocr_carea' id='block_1_8' title="bbox 140 853 1798 929">
    <p class='ocr_par' dir='ltr' id='par_1_8' title="bbox 140 853 1798 929">
     <span class='ocr_line' id='line_1_8' title="bbox 140 853 1798 929; baseline -0.007 -12"><span class='ocrx_word' id='word_1_38' title='bbox 140 862 293 929; x_wconf 85' lang='lat' dir='ltr'>tatis,</span> <span class='ocrx_word' id='word_1_39' title='bbox 314 873 423 913; x_wconf 92' lang='lat' dir='ltr'>nec</span> <span class='ocrx_word' id='word_1_40' title='bbox 454 863 704 927; x_wconf 81' lang='lat' dir='ltr'>negetur</span> <span class='ocrx_word' id='word_1_41' title='bbox 733 856 976 912; x_wconf 77' lang='lat' dir='ltr'>offensis</span> <span class='ocrx_word' id='word_1_42' title='bbox 1007 872 1144 929; x_wconf 87' lang='lat' dir='ltr'>spes</span> <span class='ocrx_word' id='word_1_43' title='bbox 1166 856 1371 912; x_wconf 90' lang='lat' dir='ltr'>salutis</span> <span class='ocrx_word' id='word_1_44' title='bbox 1397 859 1454 911; x_wconf 92' lang='lat' dir='ltr'>et</span> <span class='ocrx_word' id='word_1_45' title='bbox 1479 853 1798 922; x_wconf 88' lang='lat' dir='ltr'>indulgen-</span> 
     </span>
    </p>
   </div>
   <div class='ocr_carea' id='block_1_9' title="bbox 141 942 1795 1021">
    <p class='ocr_par' dir='ltr' id='par_1_9' title="bbox 141 942 1795 1021">
     <span class='ocr_line' id='line_1_9' title="bbox 141 942 1795 1021; baseline -0.005 -16"><span class='ocrx_word' id='word_1_46' title='bbox 141 949 218 1005; x_wconf 88' lang='lat' dir='ltr'>tia</span> <span class='ocrx_word' id='word_1_47' title='bbox 241 947 496 1021; x_wconf 89' lang='lat' dir='ltr'>pietatis.</span> <span class='ocrx_word' id='word_1_48' title='bbox 548 949 616 1002; x_wconf 88' lang='lat' dir='ltr'>Et</span> <span class='ocrx_word' id='word_1_49' title='bbox 658 946 707 1002; x_wconf 89' lang='lat' dir='ltr'>si</span> <span class='ocrx_word' id='word_1_50' title='bbox 761 945 976 1019; x_wconf 82' lang='lat' dir='ltr'>aliquis</span> <span class='ocrx_word' id='word_1_51' title='bbox 1025 946 1440 1018; x_wconf 87' lang='lat' dir='ltr'>cujuscunque</span> <span class='ocrx_word' id='word_1_52' title='bbox 1497 942 1795 1014; x_wconf 85' lang='lat' dir='ltr'>obligatus</span> 
     </span>
    </p>
   </div>
   <div class='ocr_carea' id='block_1_10' title="bbox 139 1034 1798 1108">
    <p class='ocr_par' dir='ltr' id='par_1_10' title="bbox 139 1034 1798 1108">
     <span class='ocr_line' id='line_1_10' title="bbox 139 1034 1798 1108; baseline -0.004 -15"><span class='ocrx_word' id='word_1_53' title='bbox 139 1037 516 1094; x_wconf 83' lang='lat' dir='ltr'>anathemate</span> <span class='ocrx_word' id='word_1_54' title='bbox 575 1035 858 1092; x_wconf 91' lang='lat' dir='ltr'>eumdem</span> <span class='ocrx_word' id='word_1_55' title='bbox 913 1036 1113 1092; x_wconf 92' lang='lat' dir='ltr'>locum</span> <span class='ocrx_word' id='word_1_56' title='bbox 1145 1035 1471 1108; x_wconf 83' lang='lat' dir='ltr'>expetierit,</span> <span class='ocrx_word' id='word_1_57' title='bbox 1527 1034 1648 1089; x_wconf 83' lang='lat' dir='ltr'>sive</span> <span class='ocrx_word' id='word_1_58' title='bbox 1688 1047 1798 1105; x_wconf 89' lang='lat' dir='ltr'>pro</span> 
     </span>
    </p>
   </div>
   <div class='ocr_carea' id='block_1_11' title="bbox 139 1122 1799 1200">
    <p class='ocr_par' dir='ltr' id='par_1_11' title="bbox 139 1122 1799 1200">
     <span class='ocr_line' id='line_1_11' title="bbox 139 1122 1799 1200; baseline -0.004 -18"><span class='ocrx_word' id='word_1_59' title='bbox 139 1126 398 1200; x_wconf 85' lang='lat' dir='ltr'>corporis</span> <span class='ocrx_word' id='word_1_60' title='bbox 453 1125 783 1198; x_wconf 86' lang='lat' dir='ltr'>sepultura,</span> <span class='ocrx_word' id='word_1_61' title='bbox 843 1142 952 1180; x_wconf 93' lang='lat' dir='ltr'>seu</span> <span class='ocrx_word' id='word_1_62' title='bbox 1006 1125 1249 1181; x_wconf 87' lang='lat' dir='ltr'>alterius</span> <span class='ocrx_word' id='word_1_63' title='bbox 1301 1141 1423 1180; x_wconf 82' lang='lat' dir='ltr'>suae</span> <span class='ocrx_word' id='word_1_64' title='bbox 1454 1122 1719 1179; x_wconf 88' lang='lat' dir='ltr'>utilitatis</span> <span class='ocrx_word' id='word_1_65' title='bbox 1743 1125 1799 1177; x_wconf 90' lang='lat' dir='ltr'>et</span> 
     </span>
    </p>
   </div>
   <div class='ocr_carea' id='block_1_12' title="bbox 136 1211 1794 1287">
    <p class='ocr_par' dir='ltr' id='par_1_12' title="bbox 136 1211 1794 1287">
     <span class='ocr_line' id='line_1_12' title="bbox 136 1211 1794 1287; baseline -0.004 -15"><span class='ocrx_word' id='word_1_66' title='bbox 136 1216 340 1272; x_wconf 87' lang='lat' dir='ltr'>salutis</span> <span class='ocrx_word' id='word_1_67' title='bbox 371 1215 582 1286; x_wconf 90' lang='lat' dir='ltr'>gratia,</span> <span class='ocrx_word' id='word_1_68' title='bbox 633 1215 877 1270; x_wconf 89' lang='lat' dir='ltr'>minime</span> <span class='ocrx_word' id='word_1_69' title='bbox 937 1231 973 1270; x_wconf 91' lang='lat' dir='ltr'>a</span> <span class='ocrx_word' id='word_1_70' title='bbox 1028 1214 1203 1270; x_wconf 91' lang='lat' dir='ltr'>venia</span> <span class='ocrx_word' id='word_1_71' title='bbox 1227 1219 1282 1270; x_wconf 91' lang='lat' dir='ltr'>et</span> <span class='ocrx_word' id='word_1_72' title='bbox 1330 1217 1535 1287; x_wconf 89' lang='lat' dir='ltr'>optata</span> <span class='ocrx_word' id='word_1_73' title='bbox 1565 1211 1794 1268; x_wconf 89' lang='lat' dir='ltr'>miseri-</span> 
     </span>
    </p>
   </div>
   <div class='ocr_carea' id='block_1_13' title="bbox 135 1303 1795 1374">
    <p class='ocr_par' dir='ltr' id='par_1_13' title="bbox 135 1303 1795 1374">
     <span class='ocr_line' id='line_1_13' title="bbox 135 1303 1795 1374; baseline -0.003 -10"><span class='ocrx_word' id='word_1_74' title='bbox 135 1308 335 1364; x_wconf 80' lang='lat' dir='ltr'>cordia</span> <span class='ocrx_word' id='word_1_75' title='bbox 365 1306 739 1374; x_wconf 77' lang='lat' dir='ltr'>excludatur,</span> <span class='ocrx_word' id='word_1_76' title='bbox 774 1306 882 1362; x_wconf 91' lang='lat' dir='ltr'>sed</span> <span class='ocrx_word' id='word_1_77' title='bbox 910 1306 1041 1362; x_wconf 91' lang='lat' dir='ltr'>oleo</span> <span class='ocrx_word' id='word_1_78' title='bbox 1072 1305 1496 1361; x_wconf 86' lang='lat' dir='ltr'>medicamenti</span> <span class='ocrx_word' id='word_1_79' title='bbox 1518 1303 1795 1360; x_wconf 85' lang='lat' dir='ltr'>salutaris</span> 
     </span>
    </p>
   </div>
   <div class='ocr_carea' id='block_1_14' title="bbox 133 1394 1792 1466">
    <p class='ocr_par' dir='ltr' id='par_1_14' title="bbox 133 1394 1792 1466">
     <span class='ocr_line' id='line_1_14' title="bbox 133 1394 1792 1466; baseline -0.004 -13"><span class='ocrx_word' id='word_1_80' title='bbox 133 1397 424 1453; x_wconf 78' lang='lat' dir='ltr'>fovendus</span> <span class='ocrx_word' id='word_1_81' title='bbox 453 1396 789 1466; x_wconf 89' lang='lat' dir='ltr'>benigniter</span> <span class='ocrx_word' id='word_1_82' title='bbox 813 1396 1148 1466; x_wconf 80' lang='lat' dir='ltr'>colligatur.</span> <span class='ocrx_word' id='word_1_83' title='bbox 1184 1396 1332 1461; x_wconf 87' lang='lat' dir='ltr'>Quia</span> <span class='ocrx_word' id='word_1_84' title='bbox 1365 1399 1422 1451; x_wconf 90' lang='lat' dir='ltr'>et</span> <span class='ocrx_word' id='word_1_85' title='bbox 1447 1396 1678 1466; x_wconf 88' lang='lat' dir='ltr'>justum</span> <span class='ocrx_word' id='word_1_86' title='bbox 1712 1394 1792 1448; x_wconf 92' lang='lat' dir='ltr'>sic</span> 
     </span>
    </p>
   </div>
   <div class='ocr_carea' id='block_1_15' title="bbox 134 1483 1794 1559">
    <p class='ocr_par' dir='ltr' id='par_1_15' title="bbox 134 1483 1794 1559">
     <span class='ocr_line' id='line_1_15' title="bbox 134 1483 1794 1559; baseline -0.003 -17"><span class='ocrx_word' id='word_1_87' title='bbox 134 1491 236 1552; x_wconf 88' lang='lat' dir='ltr'>est,</span> <span class='ocrx_word' id='word_1_88' title='bbox 269 1491 333 1542; x_wconf 92' lang='lat' dir='ltr'>ut</span> <span class='ocrx_word' id='word_1_89' title='bbox 362 1486 426 1542; x_wconf 90' lang='lat' dir='ltr'>in</span> <span class='ocrx_word' id='word_1_90' title='bbox 458 1487 642 1542; x_wconf 88' lang='lat' dir='ltr'>domo</span> <span class='ocrx_word' id='word_1_91' title='bbox 673 1486 907 1559; x_wconf 88' lang='lat' dir='ltr'>pietatis</span> <span class='ocrx_word' id='word_1_92' title='bbox 936 1490 992 1541; x_wconf 91' lang='lat' dir='ltr'>et</span> <span class='ocrx_word' id='word_1_93' title='bbox 1015 1486 1177 1556; x_wconf 88' lang='lat' dir='ltr'>justo</span> <span class='ocrx_word' id='word_1_94' title='bbox 1204 1485 1538 1558; x_wconf 83' lang='lat' dir='ltr'>praebeatur</span> <span class='ocrx_word' id='word_1_95' title='bbox 1559 1483 1794 1539; x_wconf 83' lang='lat' dir='ltr'>dilectio</span> 
     </span>
    </p>
   </div>
   <div class='ocr_carea' id='block_1_16' title="bbox 131 1574 1794 1646">
    <p class='ocr_par' dir='ltr' id='par_1_16' title="bbox 131 1574 1794 1646">
     <span class='ocr_line' id='line_1_16' title="bbox 131 1574 1794 1646; baseline -0.002 -16"><span class='ocrx_word' id='word_1_96' title='bbox 131 1581 344 1632; x_wconf 81' lang='lat' dir='ltr'>sanctae</span> <span class='ocrx_word' id='word_1_97' title='bbox 372 1574 771 1640; x_wconf 83' lang='lat' dir='ltr'>fraternitatis,</span> <span class='ocrx_word' id='word_1_98' title='bbox 803 1580 858 1630; x_wconf 91' lang='lat' dir='ltr'>et</span> <span class='ocrx_word' id='word_1_99' title='bbox 885 1575 962 1630; x_wconf 92' lang='lat' dir='ltr'>ad</span> <span class='ocrx_word' id='word_1_100' title='bbox 993 1575 1233 1630; x_wconf 89' lang='lat' dir='ltr'>veniam</span> <span class='ocrx_word' id='word_1_101' title='bbox 1265 1574 1629 1644; x_wconf 88' lang='lat' dir='ltr'>confugienti</span> <span class='ocrx_word' id='word_1_102' title='bbox 1660 1589 1794 1646; x_wconf 83' lang='lat' dir='ltr'>pec-</span> 
     </span>
    </p>
   </div>
   <div class='ocr_carea' id='block_1_17' title="bbox 132 1663 1795 1734">
    <p class='ocr_par' dir='ltr' id='par_1_17' title="bbox 132 1663 1795 1734">
     <span class='ocr_line' id='line_1_17' title="bbox 132 1663 1795 1734; baseline -0.003 -12"><span class='ocrx_word' id='word_1_103' title='bbox 132 1665 317 1722; x_wconf 86' lang='lat' dir='ltr'>catori</span> <span class='ocrx_word' id='word_1_104' title='bbox 348 1681 472 1721; x_wconf 92' lang='lat' dir='ltr'>non</span> <span class='ocrx_word' id='word_1_105' title='bbox 503 1670 752 1734; x_wconf 77' lang='lat' dir='ltr'>negetur</span> <span class='ocrx_word' id='word_1_106' title='bbox 776 1664 1285 1720; x_wconf 85' lang='lat' dir='ltr'>medicamentum</span> <span class='ocrx_word' id='word_1_107' title='bbox 1329 1663 1711 1733; x_wconf 78' lang='lat' dir='ltr'>indulgentiae</span> <span class='ocrx_word' id='word_1_108' title='bbox 1740 1667 1795 1717; x_wconf 91' lang='lat' dir='ltr'>et</span> 
     </span>
    </p>
   </div>
   <div class='ocr_carea' id='block_1_18' title="bbox 129 1754 1794 1811">
    <p class='ocr_par' dir='ltr' id='par_1_18' title="bbox 129 1754 1794 1811">
     <span class='ocr_line' id='line_1_18' title="bbox 129 1754 1794 1811; baseline -0.001 -1"><span class='ocrx_word' id='word_1_109' title='bbox 129 1754 441 1811; x_wconf 88' lang='lat' dir='ltr'>salutis.Sit</span> <span class='ocrx_word' id='word_1_110' title='bbox 469 1759 669 1810; x_wconf 88' lang='lat' dir='ltr'>autem</span> <span class='ocrx_word' id='word_1_111' title='bbox 701 1754 983 1810; x_wconf 91' lang='lat' dir='ltr'>omnibus</span> <span class='ocrx_word' id='word_1_112' title='bbox 1013 1754 1095 1809; x_wconf 86' lang='lat' dir='ltr'>ibi</span> <span class='ocrx_word' id='word_1_113' title='bbox 1126 1754 1581 1810; x_wconf 76' lang='lat' dir='ltr'>advenientibus</span> <span class='ocrx_word' id='word_1_114' title='bbox 1611 1767 1794 1809; x_wconf 88' lang='lat' dir='ltr'>causa</span> 
     </span>
    </p>
   </div>
   <div class='ocr_carea' id='block_1_19' title="bbox 1906 577 3576 656">
    <p class='ocr_par' dir='ltr' id='par_1_19' title="bbox 1906 577 3576 656">
     <span class='ocr_line' id='line_1_19' title="bbox 1906 577 3576 656; baseline -0.001 -21"><span class='ocrx_word' id='word_1_115' title='bbox 1906 580 2082 636; x_wconf 91' lang='lat' dir='ltr'>nobis</span> <span class='ocrx_word' id='word_1_116' title='bbox 2112 586 2409 654; x_wconf 88' lang='lat' dir='ltr'>quatenus</span> <span class='ocrx_word' id='word_1_117' title='bbox 2460 581 2934 656; x_wconf 88' lang='lat' dir='ltr'>patriarchatum</span> <span class='ocrx_word' id='word_1_118' title='bbox 2990 584 3209 638; x_wconf 83' lang='lat' dir='ltr'>sanctae</span> <span class='ocrx_word' id='word_1_119' title='bbox 3242 577 3576 653; x_wconf 80' lang='lat' dir='ltr'>Aquileien-</span> 
     </span>
    </p>
   </div>
   <div class='ocr_carea' id='block_1_20' title="bbox 1909 667 3575 742">
    <p class='ocr_par' dir='ltr' id='par_1_20' title="bbox 1909 667 3575 742">
     <span class='ocr_line' id='line_1_20' title="bbox 1909 667 3575 742; baseline 0 -19"><span class='ocrx_word' id='word_1_120' title='bbox 1909 669 1989 724; x_wconf 85' lang='lat' dir='ltr'>sis</span> <span class='ocrx_word' id='word_1_121' title='bbox 2046 671 2318 728; x_wconf 85' lang='lat' dir='ltr'>Ecclesiae</span> <span class='ocrx_word' id='word_1_122' title='bbox 2371 689 2510 728; x_wconf 93' lang='lat' dir='ltr'>cum</span> <span class='ocrx_word' id='word_1_123' title='bbox 2546 671 2712 729; x_wconf 91' lang='lat' dir='ltr'>omni</span> <span class='ocrx_word' id='word_1_124' title='bbox 2743 688 2853 727; x_wconf 93' lang='lat' dir='ltr'>suo</span> <span class='ocrx_word' id='word_1_125' title='bbox 2901 672 3151 742; x_wconf 86' lang='lat' dir='ltr'>honore,</span> <span class='ocrx_word' id='word_1_126' title='bbox 3211 674 3394 742; x_wconf 89' lang='lat' dir='ltr'>atque</span> <span class='ocrx_word' id='word_1_127' title='bbox 3451 667 3575 724; x_wconf 85' lang='lat' dir='ltr'>suis</span> 
     </span>
    </p>
   </div>
   <div class='ocr_carea' id='block_1_21' title="bbox 1907 757 3570 829">
    <p class='ocr_par' dir='ltr' id='par_1_21' title="bbox 1907 757 3570 829">
     <span class='ocr_line' id='line_1_21' title="bbox 1907 757 3570 829; baseline -0.001 -16"><span class='ocrx_word' id='word_1_128' title='bbox 1907 759 2274 829; x_wconf 89' lang='lat' dir='ltr'>pertinentiis</span> <span class='ocrx_word' id='word_1_129' title='bbox 2329 765 2520 817; x_wconf 91' lang='lat' dir='ltr'>totum</span> <span class='ocrx_word' id='word_1_130' title='bbox 2568 762 2631 817; x_wconf 91' lang='lat' dir='ltr'>in</span> <span class='ocrx_word' id='word_1_131' title='bbox 2688 778 2880 817; x_wconf 91' lang='lat' dir='ltr'>unum</span> <span class='ocrx_word' id='word_1_132' title='bbox 2934 759 3106 817; x_wconf 85' lang='lat' dir='ltr'>vobis</span> <span class='ocrx_word' id='word_1_133' title='bbox 3167 757 3570 824; x_wconf 84' lang='lat' dir='ltr'>conferamus,</span> 
     </span>
    </p>
   </div>
   <div class='ocr_carea' id='block_1_22' title="bbox 1909 847 3572 924">
    <p class='ocr_par' dir='ltr' id='par_1_22' title="bbox 1909 847 3572 924">
     <span class='ocr_line' id='line_1_22' title="bbox 1909 847 3572 924; baseline 0.001 -23"><span class='ocrx_word' id='word_1_134' title='bbox 1909 847 2081 904; x_wconf 89' lang='lat' dir='ltr'>sicuti</span> <span class='ocrx_word' id='word_1_135' title='bbox 2105 849 2247 905; x_wconf 90' lang='lat' dir='ltr'>olim</span> <span class='ocrx_word' id='word_1_136' title='bbox 2268 866 2305 906; x_wconf 92' lang='lat' dir='ltr'>a</span> <span class='ocrx_word' id='word_1_137' title='bbox 2326 850 2502 908; x_wconf 87' lang='lat' dir='ltr'>beato</span> <span class='ocrx_word' id='word_1_138' title='bbox 2525 853 2690 907; x_wconf 86' lang='lat' dir='ltr'>Petro</span> <span class='ocrx_word' id='word_1_139' title='bbox 2711 849 2981 924; x_wconf 86' lang='lat' dir='ltr'>principe</span> <span class='ocrx_word' id='word_1_140' title='bbox 3003 847 3439 922; x_wconf 85' lang='lat' dir='ltr'>apostolorum,</span> <span class='ocrx_word' id='word_1_141' title='bbox 3459 861 3572 902; x_wconf 88' lang='lat' dir='ltr'>nec</span> 
     </span>
    </p>
   </div>
   <div class='ocr_carea' id='block_1_23' title="bbox 1904 934 3571 1012">
    <p class='ocr_par' dir='ltr' id='par_1_23' title="bbox 1904 934 3571 1012">
     <span class='ocr_line' id='line_1_23' title="bbox 1904 934 3571 1012; baseline -0.001 -21"><span class='ocrx_word' id='word_1_142' title='bbox 1904 951 2029 992; x_wconf 90' lang='lat' dir='ltr'>non</span> <span class='ocrx_word' id='word_1_143' title='bbox 2061 937 2344 1007; x_wconf 83' lang='lat' dir='ltr'>Eugenio,</span> <span class='ocrx_word' id='word_1_144' title='bbox 2376 944 2555 1012; x_wconf 90' lang='lat' dir='ltr'>atque</span> <span class='ocrx_word' id='word_1_145' title='bbox 2603 938 2905 1010; x_wconf 87' lang='lat' dir='ltr'>Gregorio,</span> <span class='ocrx_word' id='word_1_146' title='bbox 2943 937 3291 1010; x_wconf 87' lang='lat' dir='ltr'>caeterisque</span> <span class='ocrx_word' id='word_1_147' title='bbox 3339 934 3571 1009; x_wconf 85' lang='lat' dir='ltr'>praede-</span> 
     </span>
    </p>
   </div>
   <div class='ocr_carea' id='block_1_24' title="bbox 1907 1024 3572 1100">
    <p class='ocr_par' dir='ltr' id='par_1_24' title="bbox 1907 1024 3572 1100">
     <span class='ocr_line' id='line_1_24' title="bbox 1907 1024 3572 1100; baseline -0.001 -19"><span class='ocrx_word' id='word_1_148' title='bbox 1907 1026 2243 1082; x_wconf 88' lang='lat' dir='ltr'>cessoribus</span> <span class='ocrx_word' id='word_1_149' title='bbox 2273 1027 2491 1083; x_wconf 88' lang='lat' dir='ltr'>nostris</span> <span class='ocrx_word' id='word_1_150' title='bbox 2547 1027 2731 1099; x_wconf 89' lang='lat' dir='ltr'>hujus</span> <span class='ocrx_word' id='word_1_151' title='bbox 2762 1027 3104 1100; x_wconf 84' lang='lat' dir='ltr'>apostolicae</span> <span class='ocrx_word' id='word_1_152' title='bbox 3155 1025 3312 1081; x_wconf 87' lang='lat' dir='ltr'>sedis</span> <span class='ocrx_word' id='word_1_153' title='bbox 3343 1024 3572 1097; x_wconf 87' lang='lat' dir='ltr'>episco-</span> 
     </span>
    </p>
   </div>
   <div class='ocr_carea' id='block_1_25' title="bbox 1905 1114 3571 1190">
    <p class='ocr_par' dir='ltr' id='par_1_25' title="bbox 1905 1114 3571 1190">
     <span class='ocr_line' id='line_1_25' title="bbox 1905 1114 3571 1190; baseline -0.001 -20"><span class='ocrx_word' id='word_1_154' title='bbox 1905 1115 1998 1188; x_wconf 92' lang='lat' dir='ltr'>pis</span> <span class='ocrx_word' id='word_1_155' title='bbox 2024 1115 2332 1173; x_wconf 90' lang='lat' dir='ltr'>decretum</span> <span class='ocrx_word' id='word_1_156' title='bbox 2364 1121 2471 1185; x_wconf 91' lang='lat' dir='ltr'>est,</span> <span class='ocrx_word' id='word_1_157' title='bbox 2526 1117 2793 1174; x_wconf 88' lang='lat' dir='ltr'>inclinati</span> <span class='ocrx_word' id='word_1_158' title='bbox 2847 1132 3114 1190; x_wconf 88' lang='lat' dir='ltr'>namque</span> <span class='ocrx_word' id='word_1_159' title='bbox 3143 1114 3426 1190; x_wconf 89' lang='lat' dir='ltr'>precibus</span> <span class='ocrx_word' id='word_1_160' title='bbox 3477 1129 3571 1170; x_wconf 83' lang='lat' dir='ltr'>ve-</span> 
     </span>
    </p>
   </div>
   <div class='ocr_carea' id='block_1_26' title="bbox 1906 1204 3573 1279">
    <p class='ocr_par' dir='ltr' id='par_1_26' title="bbox 1906 1204 3573 1279">
     <span class='ocr_line' id='line_1_26' title="bbox 1906 1204 3573 1279; baseline -0.001 -19"><span class='ocrx_word' id='word_1_161' title='bbox 1906 1204 2038 1260; x_wconf 88' lang='lat' dir='ltr'>stris</span> <span class='ocrx_word' id='word_1_162' title='bbox 2099 1206 2427 1279; x_wconf 81' lang='lat' dir='ltr'>apostolica</span> <span class='ocrx_word' id='word_1_163' title='bbox 2479 1207 2828 1264; x_wconf 86' lang='lat' dir='ltr'>auctoritate</span> <span class='ocrx_word' id='word_1_164' title='bbox 2876 1205 3286 1271; x_wconf 86' lang='lat' dir='ltr'>concedimus,</span> <span class='ocrx_word' id='word_1_165' title='bbox 3356 1208 3413 1259; x_wconf 89' lang='lat' dir='ltr'>et</span> <span class='ocrx_word' id='word_1_166' title='bbox 3466 1218 3573 1277; x_wconf 92' lang='lat' dir='ltr'>per</span> 
     </span>
    </p>
   </div>
   <div class='ocr_carea' id='block_1_27' title="bbox 1903 1293 3571 1370">
    <p class='ocr_par' dir='ltr' id='par_1_27' title="bbox 1903 1293 3571 1370">
     <span class='ocr_line' id='line_1_27' title="bbox 1903 1293 3571 1370; baseline 0 -21"><span class='ocrx_word' id='word_1_167' title='bbox 1903 1295 2084 1365; x_wconf 88' lang='lat' dir='ltr'>hujus</span> <span class='ocrx_word' id='word_1_168' title='bbox 2152 1297 2341 1352; x_wconf 90' lang='lat' dir='ltr'>nostri</span> <span class='ocrx_word' id='word_1_169' title='bbox 2415 1296 2706 1369; x_wconf 85' lang='lat' dir='ltr'>privilegii</span> <span class='ocrx_word' id='word_1_170' title='bbox 2767 1297 3059 1370; x_wconf 88' lang='lat' dir='ltr'>paginam</span> <span class='ocrx_word' id='word_1_171' title='bbox 3136 1293 3571 1351; x_wconf 86' lang='lat' dir='ltr'>conﬁrmamus</span> 
     </span>
    </p>
   </div>
   <div class='ocr_carea' id='block_1_28' title="bbox 1903 1384 3572 1458">
    <p class='ocr_par' dir='ltr' id='par_1_28' title="bbox 1903 1384 3572 1458">
     <span class='ocr_line' id='line_1_28' title="bbox 1903 1384 3572 1458; baseline -0.001 -20"><span class='ocrx_word' id='word_1_172' title='bbox 1903 1384 2076 1439; x_wconf 89' lang='lat' dir='ltr'>vobis</span> <span class='ocrx_word' id='word_1_173' title='bbox 2108 1385 2434 1458; x_wconf 89' lang='lat' dir='ltr'>vestrisque</span> <span class='ocrx_word' id='word_1_174' title='bbox 2469 1386 2916 1442; x_wconf 88' lang='lat' dir='ltr'>successoribus</span> <span class='ocrx_word' id='word_1_175' title='bbox 2944 1384 3416 1458; x_wconf 89' lang='lat' dir='ltr'>patriarchatum</span> <span class='ocrx_word' id='word_1_176' title='bbox 3444 1397 3572 1438; x_wconf 78' lang='lat' dir='ltr'>san~</span> 
     </span>
    </p>
   </div>
   <div class='ocr_carea' id='block_1_29' title="bbox 1904 1471 3570 1549">
    <p class='ocr_par' dir='ltr' id='par_1_29' title="bbox 1904 1471 3570 1549">
     <span class='ocr_line' id='line_1_29' title="bbox 1904 1471 3570 1549; baseline 0.001 -21"><span class='ocrx_word' id='word_1_177' title='bbox 1904 1479 2010 1528; x_wconf 84' lang='lat' dir='ltr'>ctae</span> <span class='ocrx_word' id='word_1_178' title='bbox 2040 1475 2433 1547; x_wconf 83' lang='lat' dir='ltr'>Aquileiensis</span> <span class='ocrx_word' id='word_1_179' title='bbox 2456 1476 2718 1533; x_wconf 78' lang='lat' dir='ltr'>ecclesiae</span> <span class='ocrx_word' id='word_1_180' title='bbox 2748 1476 2869 1531; x_wconf 87' lang='lat' dir='ltr'>fore</span> <span class='ocrx_word' id='word_1_181' title='bbox 2902 1479 3083 1549; x_wconf 84' lang='lat' dir='ltr'>caput</span> <span class='ocrx_word' id='word_1_182' title='bbox 3111 1480 3168 1530; x_wconf 88' lang='lat' dir='ltr'>et</span> <span class='ocrx_word' id='word_1_183' title='bbox 3190 1471 3570 1546; x_wconf 80' lang='lat' dir='ltr'>metropolim</span> 
     </span>
    </p>
   </div>
   <div class='ocr_carea' id='block_1_30' title="bbox 1904 1565 3569 1638">
    <p class='ocr_par' dir='ltr' id='par_1_30' title="bbox 1904 1565 3569 1638">
     <span class='ocr_line' id='line_1_30' title="bbox 1904 1565 3569 1638; baseline -0.001 -20"><span class='ocrx_word' id='word_1_184' title='bbox 1904 1580 2082 1636; x_wconf 86' lang='lat' dir='ltr'>super</span> <span class='ocrx_word' id='word_1_185' title='bbox 2103 1580 2313 1620; x_wconf 91' lang='lat' dir='ltr'>omnes</span> <span class='ocrx_word' id='word_1_186' title='bbox 2336 1566 2513 1622; x_wconf 82' lang='lat' dir='ltr'>Italiae</span> <span class='ocrx_word' id='word_1_187' title='bbox 2547 1565 2836 1621; x_wconf 90' lang='lat' dir='ltr'>Ecclesias</span> <span class='ocrx_word' id='word_1_188' title='bbox 2863 1565 3158 1638; x_wconf 88' lang='lat' dir='ltr'>quoniam</span> <span class='ocrx_word' id='word_1_189' title='bbox 3188 1569 3325 1620; x_wconf 89' lang='lat' dir='ltr'>ante</span> <span class='ocrx_word' id='word_1_190' title='bbox 3357 1577 3569 1620; x_wconf 88' lang='lat' dir='ltr'>omnes</span> 
     </span>
    </p>
   </div>
   <div class='ocr_carea' id='block_1_31' title="bbox 1903 1652 3567 1711">
    <p class='ocr_par' dir='ltr' id='par_1_31' title="bbox 1903 1652 3567 1711">
     <span class='ocr_line' id='line_1_31' title="bbox 1903 1652 3567 1711; baseline 0 -5"><span class='ocrx_word' id='word_1_191' title='bbox 1903 1653 2285 1711; x_wconf 87' lang='lat' dir='ltr'>constitutam</span> <span class='ocrx_word' id='word_1_192' title='bbox 2339 1660 2396 1711; x_wconf 89' lang='lat' dir='ltr'>et</span> <span class='ocrx_word' id='word_1_193' title='bbox 2447 1657 2509 1711; x_wconf 89' lang='lat' dir='ltr'>in</span> <span class='ocrx_word' id='word_1_194' title='bbox 2559 1655 2677 1711; x_wconf 88' lang='lat' dir='ltr'>ﬁde</span> <span class='ocrx_word' id='word_1_195' title='bbox 2756 1654 2966 1710; x_wconf 87' lang='lat' dir='ltr'>Christi</span> <span class='ocrx_word' id='word_1_196' title='bbox 3019 1654 3332 1710; x_wconf 89' lang='lat' dir='ltr'>fundatam</span> <span class='ocrx_word' id='word_1_197' title='bbox 3386 1652 3567 1708; x_wconf 86' lang='lat' dir='ltr'>fuisse</span> 
     </span>
    </p>
   </div>
   <div class='ocr_carea' id='block_1_32' title="bbox 1903 1741 3567 1817">
    <p class='ocr_par' dir='ltr' id='par_1_32' title="bbox 1903 1741 3567 1817">
     <span class='ocr_line' id='line_1_32' title="bbox 1903 1741 3567 1817; baseline -0.001 -21"><span class='ocrx_word' id='word_1_198' title='bbox 1903 1743 2360 1812; x_wconf 87' lang='lat' dir='ltr'>cognoscimus;</span> <span class='ocrx_word' id='word_1_199' title='bbox 2423 1749 2602 1817; x_wconf 90' lang='lat' dir='ltr'>atque</span> <span class='ocrx_word' id='word_1_200' title='bbox 2631 1744 2910 1800; x_wconf 87' lang='lat' dir='ltr'>volumus</span> <span class='ocrx_word' id='word_1_201' title='bbox 2940 1746 2994 1799; x_wconf 93' lang='lat' dir='ltr'>S.</span> <span class='ocrx_word' id='word_1_202' title='bbox 3038 1743 3478 1816; x_wconf 79' lang='lat' dir='ltr'>Aquileiensem</span> <span class='ocrx_word' id='word_1_203' title='bbox 3503 1741 3567 1796; x_wconf 88' lang='lat' dir='ltr'>in</span> 
     </span>
    </p>
   </div>
   <div class='ocr_carea' id='block_1_33' title="bbox 131 1833 3564 1917">
    <p class='ocr_par' dir='ltr' id='par_1_33' title="bbox 131 1833 3564 1917">
     <span class='ocr_line' id='line_1_33' title="bbox 131 1833 3564 1917; baseline 0.001 -18"><span class='ocrx_word' id='word_1_204' title='bbox 131 1844 357 1914; x_wconf 87' lang='lat' dir='ltr'>salutis,</span> <span class='ocrx_word' id='word_1_205' title='bbox 422 1844 516 1900; x_wconf 91' lang='lat' dir='ltr'>hic</span> <span class='ocrx_word' id='word_1_206' title='bbox 549 1849 605 1900; x_wconf 89' lang='lat' dir='ltr'>et</span> <span class='ocrx_word' id='word_1_207' title='bbox 635 1844 694 1900; x_wconf 89' lang='lat' dir='ltr'>in</span> <span class='ocrx_word' id='word_1_208' title='bbox 747 1850 1106 1917; x_wconf 89' lang='lat' dir='ltr'>perpetuum</span> <span class='ocrx_word' id='word_1_209' title='bbox 1151 1843 1368 1900; x_wconf 85' lang='lat' dir='ltr'>divinae</span> <span class='ocrx_word' id='word_1_210' title='bbox 1396 1843 1793 1899; x_wconf 87' lang='lat' dir='ltr'>miserationis</span> <span class='ocrx_word' id='word_1_211' title='bbox 1833 1856 1871 1909; x_wconf 80' lang='grc' dir='ltr'><strong>Β</strong></span> <span class='ocrx_word' id='word_1_212' title='bbox 1902 1833 2128 1888; x_wconf 65' lang='lat' dir='ltr'>cunctis</span> <span class='ocrx_word' id='word_1_213' title='bbox 2157 1833 2296 1889; x_wconf 74' lang='lat' dir='ltr'>ﬁdei</span> <span class='ocrx_word' id='word_1_214' title='bbox 2321 1834 2500 1890; x_wconf 70' lang='lat' dir='ltr'>rebus</span> <span class='ocrx_word' id='word_1_215' title='bbox 2533 1833 2916 1917; x_wconf 54' lang='lat' dir='ltr'>peculiarem.</span> <span class='ocrx_word' id='word_1_216' title='bbox 2951 1838 3006 1890; x_wconf 72' lang='lat' dir='ltr'>et</span> <span class='ocrx_word' id='word_1_217' title='bbox 3035 1833 3341 1900; x_wconf 60' lang='lat' dir='ltr'>Vical‘iam,</span> <span class='ocrx_word' id='word_1_218' title='bbox 3390 1836 3448 1888; x_wconf 68' lang='lat' dir='ltr'>et</span> <span class='ocrx_word' id='word_1_219' title='bbox 3472 1846 3564 1886; x_wconf 74' lang='grc' dir='ltr'>δε·</span> 
     </span>
    </p>
   </div>
   <div class='ocr_carea' id='block_1_34' title="bbox 132 1933 1793 2007">
    <p class='ocr_par' dir='ltr' id='par_1_34' title="bbox 132 1933 1793 2007">
     <span class='ocr_line' id='line_1_34' title="bbox 132 1933 1793 2007; baseline -0.001 -18"><span class='ocrx_word' id='word_1_220' title='bbox 132 1940 186 1990; x_wconf 90' lang='lat' dir='ltr'>et</span> <span class='ocrx_word' id='word_1_221' title='bbox 213 1934 455 2007; x_wconf 89' lang='lat' dir='ltr'>pietatis</span> <span class='ocrx_word' id='word_1_222' title='bbox 509 1933 832 2006; x_wconf 86' lang='lat' dir='ltr'>refugium,</span> <span class='ocrx_word' id='word_1_223' title='bbox 892 1939 947 1990; x_wconf 92' lang='lat' dir='ltr'>et</span> <span class='ocrx_word' id='word_1_224' title='bbox 995 1933 1332 2006; x_wconf 76' lang='lat' dir='ltr'>apostolicae</span> <span class='ocrx_word' id='word_1_225' title='bbox 1362 1933 1793 1989; x_wconf 86' lang='lat' dir='ltr'>benedictionis</span> 
     </span>
    </p>
   </div>
   <div class='ocr_carea' id='block_1_35' title="bbox 126 2023 1791 2096">
    <p class='ocr_par' dir='ltr' id='par_1_35' title="bbox 126 2023 1791 2096">
     <span class='ocr_line' id='line_1_35' title="bbox 126 2023 1791 2096; baseline 0 -18"><span class='ocrx_word' id='word_1_226' title='bbox 126 2024 499 2096; x_wconf 84' lang='lat' dir='ltr'>praesidium.</span> <span class='ocrx_word' id='word_1_227' title='bbox 535 2025 918 2079; x_wconf 89' lang='lat' dir='ltr'>Decernimus</span> <span class='ocrx_word' id='word_1_228' title='bbox 950 2028 1238 2096; x_wconf 81' lang='lat' dir='ltr'>praeterea</span> <span class='ocrx_word' id='word_1_229' title='bbox 1295 2028 1352 2080; x_wconf 92' lang='lat' dir='ltr'>et</span> <span class='ocrx_word' id='word_1_230' title='bbox 1376 2023 1624 2079; x_wconf 88' lang='lat' dir='ltr'>omnino</span> <span class='ocrx_word' id='word_1_231' title='bbox 1649 2039 1791 2078; x_wconf 83' lang='lat' dir='ltr'>con-</span> 
     </span>
    </p>
   </div>
   <div class='ocr_carea' id='block_1_36' title="bbox 125 2113 1793 2186">
    <p class='ocr_par' dir='ltr' id='par_1_36' title="bbox 125 2113 1793 2186">
     <span class='ocr_line' id='line_1_36' title="bbox 125 2113 1793 2186; baseline 0 -19"><span class='ocrx_word' id='word_1_232' title='bbox 125 2113 425 2168; x_wconf 86' lang='lat' dir='ltr'>stituimus</span> <span class='ocrx_word' id='word_1_233' title='bbox 453 2118 537 2183; x_wconf 93' lang='lat' dir='ltr'>ut,</span> <span class='ocrx_word' id='word_1_234' title='bbox 567 2113 835 2186; x_wconf 82' lang='lat' dir='ltr'>praedicti</span> <span class='ocrx_word' id='word_1_235' title='bbox 860 2113 972 2169; x_wconf 92' lang='lat' dir='ltr'>loci</span> <span class='ocrx_word' id='word_1_236' title='bbox 999 2113 1256 2169; x_wconf 89' lang='lat' dir='ltr'>obeunte</span> <span class='ocrx_word' id='word_1_237' title='bbox 1289 2113 1527 2181; x_wconf 88' lang='lat' dir='ltr'>abbate,</span> <span class='ocrx_word' id='word_1_238' title='bbox 1555 2130 1678 2169; x_wconf 90' lang='lat' dir='ltr'>non</span> <span class='ocrx_word' id='word_1_239' title='bbox 1709 2113 1793 2168; x_wconf 88' lang='lat' dir='ltr'>ibi</span> 
     </span>
    </p>
   </div>
   <div class='ocr_carea' id='block_1_37' title="bbox 118 2201 1790 2276">
    <p class='ocr_par' dir='ltr' id='par_1_37' title="bbox 118 2201 1790 2276">
     <span class='ocr_line' id='line_1_37' title="bbox 118 2201 1790 2276; baseline -0.002 -16"><span class='ocrx_word' id='word_1_240' title='bbox 118 2201 693 2276; x_wconf 86' lang='lat' dir='ltr'>aliuscujuscunque</span> <span class='ocrx_word' id='word_1_241' title='bbox 745 2219 1018 2275; x_wconf 81' lang='lat' dir='ltr'>personae</span> <span class='ocrx_word' id='word_1_242' title='bbox 1068 2203 1348 2259; x_wconf 88' lang='lat' dir='ltr'>violentia</span> <span class='ocrx_word' id='word_1_243' title='bbox 1399 2203 1790 2258; x_wconf 87' lang='lat' dir='ltr'>constituatur</span> 
     </span>
    </p>
   </div>
   <div class='ocr_carea' id='block_1_38' title="bbox 123 2291 1792 2365">
    <p class='ocr_par' dir='ltr' id='par_1_38' title="bbox 123 2291 1792 2365">
     <span class='ocr_line' id='line_1_38' title="bbox 123 2291 1792 2365; baseline 0 -18"><span class='ocrx_word' id='word_1_244' title='bbox 123 2291 527 2362; x_wconf 89' lang='lat' dir='ltr'>ordinandus,</span> <span class='ocrx_word' id='word_1_245' title='bbox 559 2291 660 2346; x_wconf 86' lang='lat' dir='ltr'>sed</span> <span class='ocrx_word' id='word_1_246' title='bbox 691 2291 768 2348; x_wconf 88' lang='lat' dir='ltr'>ab</span> <span class='ocrx_word' id='word_1_247' title='bbox 794 2292 924 2365; x_wconf 88' lang='lat' dir='ltr'>ipsa</span> <span class='ocrx_word' id='word_1_248' title='bbox 955 2292 1416 2363; x_wconf 84' lang='lat' dir='ltr'>congregatione</span> <span class='ocrx_word' id='word_1_249' title='bbox 1445 2293 1559 2348; x_wconf 93' lang='lat' dir='ltr'>loci</span> <span class='ocrx_word' id='word_1_250' title='bbox 1586 2309 1792 2348; x_wconf 88' lang='lat' dir='ltr'>secun-</span> 
     </span>
    </p>
   </div>
   <div class='ocr_carea' id='block_1_39' title="bbox 121 2381 1791 2452">
    <p class='ocr_par' dir='ltr' id='par_1_39' title="bbox 121 2381 1791 2452">
     <span class='ocr_line' id='line_1_39' title="bbox 121 2381 1791 2452; baseline 0 -16"><span class='ocrx_word' id='word_1_251' title='bbox 121 2382 267 2436; x_wconf 91' lang='lat' dir='ltr'>dum</span> <span class='ocrx_word' id='word_1_252' title='bbox 309 2382 589 2438; x_wconf 87' lang='lat' dir='ltr'>timorem</span> <span class='ocrx_word' id='word_1_253' title='bbox 618 2383 737 2452; x_wconf 89' lang='lat' dir='ltr'>Dei,</span> <span class='ocrx_word' id='word_1_254' title='bbox 771 2388 826 2438; x_wconf 89' lang='lat' dir='ltr'>et</span> <span class='ocrx_word' id='word_1_255' title='bbox 853 2383 1281 2439; x_wconf 85' lang='lat' dir='ltr'>institutionem</span> <span class='ocrx_word' id='word_1_256' title='bbox 1312 2381 1664 2452; x_wconf 84' lang='lat' dir='ltr'>legislatoris</span> <span class='ocrx_word' id='word_1_257' title='bbox 1695 2384 1791 2436; x_wconf 83' lang='lat' dir='ltr'>Be-</span> 
     </span>
    </p>
   </div>
   <div class='ocr_carea' id='block_1_40' title="bbox 121 2471 1787 2546">
    <p class='ocr_par' dir='ltr' id='par_1_40' title="bbox 121 2471 1787 2546">
     <span class='ocr_line' id='line_1_40' title="bbox 121 2471 1787 2546; baseline 0 -20"><span class='ocrx_word' id='word_1_258' title='bbox 121 2471 360 2542; x_wconf 88' lang='lat' dir='ltr'>nedicti,</span> <span class='ocrx_word' id='word_1_259' title='bbox 423 2478 593 2544; x_wconf 88' lang='lat' dir='ltr'>pater</span> <span class='ocrx_word' id='word_1_260' title='bbox 633 2473 737 2545; x_wconf 90' lang='lat' dir='ltr'>qui</span> <span class='ocrx_word' id='word_1_261' title='bbox 793 2473 904 2528; x_wconf 86' lang='lat' dir='ltr'>sibi</span> <span class='ocrx_word' id='word_1_262' title='bbox 944 2490 1201 2546; x_wconf 71' lang='lat' dir='ltr'>praeesse</span> <span class='ocrx_word' id='word_1_263' title='bbox 1257 2473 1473 2528; x_wconf 65' lang='lat' dir='ltr'>debeat</span> <span class='ocrx_word' id='word_1_264' title='bbox 1517 2472 1787 2541; x_wconf 82' lang='lat' dir='ltr'>eligatur,</span> 
     </span>
    </p>
   </div>
   <div class='ocr_carea' id='block_1_41' title="bbox 122 2562 1788 2635">
    <p class='ocr_par' dir='ltr' id='par_1_41' title="bbox 122 2562 1788 2635">
     <span class='ocr_line' id='line_1_41' title="bbox 122 2562 1788 2635; baseline 0.001 -19"><span class='ocrx_word' id='word_1_265' title='bbox 122 2564 300 2634; x_wconf 89' lang='lat' dir='ltr'>atque</span> <span class='ocrx_word' id='word_1_266' title='bbox 331 2562 410 2618; x_wconf 91' lang='lat' dir='ltr'>ad</span> <span class='ocrx_word' id='word_1_267' title='bbox 444 2578 585 2618; x_wconf 91' lang='lat' dir='ltr'>eum</span> <span class='ocrx_word' id='word_1_268' title='bbox 636 2562 1043 2618; x_wconf 89' lang='lat' dir='ltr'>ordinandum</span> <span class='ocrx_word' id='word_1_269' title='bbox 1087 2563 1524 2635; x_wconf 81' lang='lat' dir='ltr'>qualiscunque</span> <span class='ocrx_word' id='word_1_270' title='bbox 1554 2562 1634 2617; x_wconf 87' lang='lat' dir='ltr'>illi</span> <span class='ocrx_word' id='word_1_271' title='bbox 1666 2562 1788 2634; x_wconf 88' lang='lat' dir='ltr'>pla-</span> 
     </span>
    </p>
   </div>
   <div class='ocr_carea' id='block_1_42' title="bbox 121 2651 1788 2725">
    <p class='ocr_par' dir='ltr' id='par_1_42' title="bbox 121 2651 1788 2725">
     <span class='ocr_line' id='line_1_42' title="bbox 121 2651 1788 2725; baseline 0.001 -19"><span class='ocrx_word' id='word_1_272' title='bbox 121 2651 324 2721; x_wconf 89' lang='lat' dir='ltr'>cuerit,</span> <span class='ocrx_word' id='word_1_273' title='bbox 374 2651 706 2708; x_wconf 88' lang='lat' dir='ltr'>advocetur</span> <span class='ocrx_word' id='word_1_274' title='bbox 768 2651 1105 2725; x_wconf 87' lang='lat' dir='ltr'>episcopus.</span> <span class='ocrx_word' id='word_1_275' title='bbox 1177 2655 1580 2725; x_wconf 89' lang='lat' dir='ltr'>Quascunque</span> <span class='ocrx_word' id='word_1_276' title='bbox 1647 2668 1788 2707; x_wconf 88' lang='lat' dir='ltr'>vero</span> 
     </span>
    </p>
   </div>
   <div class='ocr_carea' id='block_1_43' title="bbox 121 2743 1788 2816">
    <p class='ocr_par' dir='ltr' id='par_1_43' title="bbox 121 2743 1788 2816">
     <span class='ocr_line' id='line_1_43' title="bbox 121 2743 1788 2816; baseline 0.001 -20"><span class='ocrx_word' id='word_1_277' title='bbox 121 2745 306 2798; x_wconf 87' lang='lat' dir='ltr'>terras</span> <span class='ocrx_word' id='word_1_278' title='bbox 339 2758 505 2798; x_wconf 89' lang='lat' dir='ltr'>nunc</span> <span class='ocrx_word' id='word_1_279' title='bbox 562 2747 743 2812; x_wconf 90' lang='lat' dir='ltr'>tenes,</span> <span class='ocrx_word' id='word_1_280' title='bbox 777 2748 833 2798; x_wconf 91' lang='lat' dir='ltr'>et</span> <span class='ocrx_word' id='word_1_281' title='bbox 859 2760 1013 2814; x_wconf 83' lang='lat' dir='ltr'>quas</span> <span class='ocrx_word' id='word_1_282' title='bbox 1072 2748 1134 2798; x_wconf 92' lang='lat' dir='ltr'>tu</span> <span class='ocrx_word' id='word_1_283' title='bbox 1182 2743 1385 2816; x_wconf 87' lang='lat' dir='ltr'>tuique</span> <span class='ocrx_word' id='word_1_284' title='bbox 1416 2759 1788 2798; x_wconf 88' lang='lat' dir='ltr'>successores</span> 
     </span>
    </p>
   </div>
   <div class='ocr_carea' id='block_1_44' title="bbox 120 2831 1787 2904">
    <p class='ocr_par' dir='ltr' id='par_1_44' title="bbox 120 2831 1787 2904">
     <span class='ocr_line' id='line_1_44' title="bbox 120 2831 1787 2904; baseline 0.002 -20"><span class='ocrx_word' id='word_1_285' title='bbox 120 2831 432 2903; x_wconf 87' lang='lat' dir='ltr'>acquirere</span> <span class='ocrx_word' id='word_1_286' title='bbox 471 2832 799 2903; x_wconf 89' lang='lat' dir='ltr'>potueritis,</span> <span class='ocrx_word' id='word_1_287' title='bbox 852 2832 914 2887; x_wconf 89' lang='lat' dir='ltr'>in</span> <span class='ocrx_word' id='word_1_288' title='bbox 972 2836 1330 2904; x_wconf 89' lang='lat' dir='ltr'>perpetuum</span> <span class='ocrx_word' id='word_1_289' title='bbox 1386 2832 1787 2904; x_wconf 88' lang='lat' dir='ltr'>possidendas</span> 
     </span>
    </p>
   </div>
   <div class='ocr_carea' id='block_1_45' title="bbox 120 2921 1784 2995">
    <p class='ocr_par' dir='ltr' id='par_1_45' title="bbox 120 2921 1784 2995">
     <span class='ocr_line' id='line_1_45' title="bbox 120 2921 1784 2995; baseline 0.002 -20"><span class='ocrx_word' id='word_1_290' title='bbox 120 2922 517 2977; x_wconf 89' lang='lat' dir='ltr'>concedimus</span> <span class='ocrx_word' id='word_1_291' title='bbox 548 2921 736 2978; x_wconf 81' lang='lat' dir='ltr'>vobis.</span> <span class='ocrx_word' id='word_1_292' title='bbox 774 2921 830 2978; x_wconf 89' lang='lat' dir='ltr'>Si</span> <span class='ocrx_word' id='word_1_293' title='bbox 869 2923 1005 2995; x_wconf 84' lang='lat' dir='ltr'>quis</span> <span class='ocrx_word' id='word_1_294' title='bbox 1034 2927 1235 2978; x_wconf 89' lang='lat' dir='ltr'>autem</span> <span class='ocrx_word' id='word_1_295' title='bbox 1267 2923 1580 2980; x_wconf 90' lang='lat' dir='ltr'>temerario</span> <span class='ocrx_word' id='word_1_296' title='bbox 1611 2940 1784 2991; x_wconf 89' lang='lat' dir='ltr'>ausu,</span> 
     </span>
    </p>
   </div>
   <div class='ocr_carea' id='block_1_46' title="bbox 117 3011 1788 3088">
    <p class='ocr_par' dir='ltr' id='par_1_46' title="bbox 117 3011 1788 3088">
     <span class='ocr_line' id='line_1_46' title="bbox 117 3011 1788 3088; baseline 0.002 -22"><span class='ocrx_word' id='word_1_297' title='bbox 117 3011 284 3082; x_wconf 93' lang='lat' dir='ltr'>quod</span> <span class='ocrx_word' id='word_1_298' title='bbox 309 3011 440 3066; x_wconf 86' lang='lat' dir='ltr'>fieri</span> <span class='ocrx_word' id='word_1_299' title='bbox 472 3027 596 3067; x_wconf 93' lang='lat' dir='ltr'>non</span> <span class='ocrx_word' id='word_1_300' title='bbox 626 3011 1160 3080; x_wconf 87' lang='lat' dir='ltr'>credimus,contra</span> <span class='ocrx_word' id='word_1_301' title='bbox 1188 3013 1369 3084; x_wconf 89' lang='lat' dir='ltr'>hujus</span> <span class='ocrx_word' id='word_1_302' title='bbox 1397 3019 1614 3070; x_wconf 67' lang='lat' dir='ltr'>nostrae</span> <span class='ocrx_word' id='word_1_303' title='bbox 1646 3031 1788 3088; x_wconf 86' lang='lat' dir='ltr'>apo-</span> 
     </span>
    </p>
   </div>
   <div class='ocr_carea' id='block_1_47' title="bbox 117 3098 1786 3169">
    <p class='ocr_par' dir='ltr' id='par_1_47' title="bbox 117 3098 1786 3169">
     <span class='ocr_line' id='line_1_47' title="bbox 117 3098 1786 3169; baseline 0.001 -16"><span class='ocrx_word' id='word_1_304' title='bbox 117 3098 339 3155; x_wconf 79' lang='lat' dir='ltr'>stolicae</span> <span class='ocrx_word' id='word_1_305' title='bbox 401 3099 876 3156; x_wconf 80' lang='lat' dir='ltr'>confirmationis</span> <span class='ocrx_word' id='word_1_306' title='bbox 934 3100 1145 3156; x_wconf 90' lang='lat' dir='ltr'>seriem</span> <span class='ocrx_word' id='word_1_307' title='bbox 1194 3100 1394 3156; x_wconf 88' lang='lat' dir='ltr'>venire</span> <span class='ocrx_word' id='word_1_308' title='bbox 1465 3105 1568 3156; x_wconf 91' lang='lat' dir='ltr'>aut</span> <span class='ocrx_word' id='word_1_309' title='bbox 1611 3116 1786 3169; x_wconf 85' lang='lat' dir='ltr'>agerc</span> 
     </span>
    </p>
   </div>
   <div class='ocr_carea' id='block_1_48' title="bbox 119 3190 1785 3263">
    <p class='ocr_par' dir='ltr' id='par_1_48' title="bbox 119 3190 1785 3263">
     <span class='ocr_line' id='line_1_48' title="bbox 119 3190 1785 3263; baseline 0.002 -20"><span class='ocrx_word' id='word_1_310' title='bbox 119 3191 454 3259; x_wconf 88' lang='lat' dir='ltr'>tentaverit,</span> <span class='ocrx_word' id='word_1_311' title='bbox 484 3190 632 3246; x_wconf 89' lang='lat' dir='ltr'>sciat</span> <span class='ocrx_word' id='word_1_312' title='bbox 697 3206 757 3244; x_wconf 90' lang='lat' dir='ltr'>se</span> <span class='ocrx_word' id='word_1_313' title='bbox 790 3190 1025 3245; x_wconf 85' lang='lat' dir='ltr'>Domini</span> <span class='ocrx_word' id='word_1_314' title='bbox 1054 3191 1242 3246; x_wconf 89' lang='lat' dir='ltr'>nostri</span> <span class='ocrx_word' id='word_1_315' title='bbox 1269 3195 1325 3246; x_wconf 90' lang='lat' dir='ltr'>et</span> <span class='ocrx_word' id='word_1_316' title='bbox 1375 3191 1785 3263; x_wconf 86' lang='lat' dir='ltr'>apostolorum</span> 
     </span>
    </p>
   </div>
   <div class='ocr_carea' id='block_1_49' title="bbox 117 3277 1783 3352">
    <p class='ocr_par' dir='ltr' id='par_1_49' title="bbox 117 3277 1783 3352">
     <span class='ocr_line' id='line_1_49' title="bbox 117 3277 1783 3352; baseline 0.002 -20"><span class='ocrx_word' id='word_1_317' title='bbox 117 3277 413 3352; x_wconf 88' lang='lat' dir='ltr'>principis</span> <span class='ocrx_word' id='word_1_318' title='bbox 449 3279 602 3335; x_wconf 86' lang='lat' dir='ltr'>Petri</span> <span class='ocrx_word' id='word_1_319' title='bbox 629 3281 1030 3336; x_wconf 84' lang='lat' dir='ltr'>anathematis</span> <span class='ocrx_word' id='word_1_320' title='bbox 1070 3280 1306 3336; x_wconf 89' lang='lat' dir='ltr'>vinculo</span> <span class='ocrx_word' id='word_1_321' title='bbox 1344 3281 1783 3348; x_wconf 88' lang='lat' dir='ltr'>innodandum,</span> 
     </span>
    </p>
   </div>
   <div class='ocr_carea' id='block_1_50' title="bbox 117 3367 1786 3442">
    <p class='ocr_par' dir='ltr' id='par_1_50' title="bbox 117 3367 1786 3442">
     <span class='ocr_line' id='line_1_50' title="bbox 117 3367 1786 3442; baseline 0.002 -21"><span class='ocrx_word' id='word_1_322' title='bbox 117 3372 171 3422; x_wconf 89' lang='lat' dir='ltr'>et</span> <span class='ocrx_word' id='word_1_323' title='bbox 201 3385 342 3423; x_wconf 88' lang='lat' dir='ltr'>cum</span> <span class='ocrx_word' id='word_1_324' title='bbox 365 3367 615 3423; x_wconf 89' lang='lat' dir='ltr'>diabolo</span> <span class='ocrx_word' id='word_1_325' title='bbox 644 3369 893 3442; x_wconf 89' lang='lat' dir='ltr'>ejusque</span> <span class='ocrx_word' id='word_1_326' title='bbox 925 3369 1310 3425; x_wconf 86' lang='lat' dir='ltr'>atrocissimis</span> <span class='ocrx_word' id='word_1_327' title='bbox 1341 3370 1786 3442; x_wconf 88' lang='lat' dir='ltr'>pompis,atque</span> 
     </span>
    </p>
   </div>
   <div class='ocr_carea' id='block_1_51' title="bbox 115 3457 1788 3515">
    <p class='ocr_par' dir='ltr' id='par_1_51' title="bbox 115 3457 1788 3515">
     <span class='ocr_line' id='line_1_51' title="bbox 115 3457 1788 3515; baseline 0.002 -5"><span class='ocrx_word' id='word_1_328' title='bbox 115 3471 249 3512; x_wconf 91' lang='lat' dir='ltr'>cum</span> <span class='ocrx_word' id='word_1_329' title='bbox 280 3460 307 3513; x_wconf 75' lang='grc' dir='ltr'>,Ι</span> <span class='ocrx_word' id='word_1_330' title='bbox 317 3457 444 3513; x_wconf 90' lang='lat' dir='ltr'>uda</span> <span class='ocrx_word' id='word_1_331' title='bbox 468 3457 747 3514; x_wconf 90' lang='lat' dir='ltr'>traditore</span> <span class='ocrx_word' id='word_1_332' title='bbox 768 3458 1000 3514; x_wconf 91' lang='lat' dir='ltr'>Domini</span> <span class='ocrx_word' id='word_1_333' title='bbox 1031 3462 1087 3513; x_wconf 89' lang='lat' dir='ltr'>et</span> <span class='ocrx_word' id='word_1_334' title='bbox 1113 3458 1422 3514; x_wconf 87' lang='lat' dir='ltr'>salvatoris</span> <span class='ocrx_word' id='word_1_335' title='bbox 1444 3459 1632 3514; x_wconf 89' lang='lat' dir='ltr'>nostri</span> <span class='ocrx_word' id='word_1_336' title='bbox 1651 3463 1788 3515; x_wconf 87' lang='lat' dir='ltr'>Jesu</span> 
     </span>
    </p>
   </div>
   <div class='ocr_carea' id='block_1_52' title="bbox 116 3546 1786 3619">
    <p class='ocr_par' dir='ltr' id='par_1_52' title="bbox 116 3546 1786 3619">
     <span class='ocr_line' id='line_1_52' title="bbox 116 3546 1786 3619; baseline 0.002 -18"><span class='ocrx_word' id='word_1_337' title='bbox 116 3546 346 3615; x_wconf 82' lang='lat' dir='ltr'>Christi,</span> <span class='ocrx_word' id='word_1_338' title='bbox 373 3548 437 3604; x_wconf 89' lang='lat' dir='ltr'>in</span> <span class='ocrx_word' id='word_1_339' title='bbox 464 3553 750 3604; x_wconf 86' lang='lat' dir='ltr'>aeternum</span> <span class='ocrx_word' id='word_1_340' title='bbox 783 3549 984 3619; x_wconf 84' lang='lat' dir='ltr'>ignem</span> <span class='ocrx_word' id='word_1_341' title='bbox 1015 3549 1548 3614; x_wconf 81' lang='lat' dir='ltr'>concremandum,</span> <span class='ocrx_word' id='word_1_342' title='bbox 1579 3549 1786 3604; x_wconf 86' lang='lat' dir='ltr'>simul-</span> 
     </span>
    </p>
   </div>
   <div class='ocr_carea' id='block_1_53' title="bbox 112 3637 1785 3712">
    <p class='ocr_par' dir='ltr' id='par_1_53' title="bbox 112 3637 1785 3712">
     <span class='ocr_line' id='line_1_53' title="bbox 112 3637 1785 3712; baseline 0.002 -20"><span class='ocrx_word' id='word_1_343' title='bbox 112 3652 228 3709; x_wconf 84' lang='lat' dir='ltr'>que</span> <span class='ocrx_word' id='word_1_344' title='bbox 262 3637 325 3692; x_wconf 92' lang='lat' dir='ltr'>in</span> <span class='ocrx_word' id='word_1_345' title='bbox 356 3638 711 3709; x_wconf 86' lang='lat' dir='ltr'>voraginem</span> <span class='ocrx_word' id='word_1_346' title='bbox 749 3643 1191 3712; x_wconf 84' lang='lat' dir='ltr'>tartareumquc</span> <span class='ocrx_word' id='word_1_347' title='bbox 1219 3639 1401 3695; x_wconf 88' lang='lat' dir='ltr'>chaos</span> <span class='ocrx_word' id='word_1_348' title='bbox 1440 3639 1785 3695; x_wconf 89' lang='lat' dir='ltr'>demersum</span> 
     </span>
    </p>
   </div>
   <div class='ocr_carea' id='block_1_54' title="bbox 110 3728 1786 3801">
    <p class='ocr_par' dir='ltr' id='par_1_54' title="bbox 110 3728 1786 3801">
     <span class='ocr_line' id='line_1_54' title="bbox 110 3728 1786 3801; baseline 0.002 -20"><span class='ocrx_word' id='word_1_349' title='bbox 110 3743 249 3782; x_wconf 90' lang='lat' dir='ltr'>cum</span> <span class='ocrx_word' id='word_1_350' title='bbox 280 3728 488 3801; x_wconf 90' lang='lat' dir='ltr'>impiis</span> <span class='ocrx_word' id='word_1_351' title='bbox 519 3728 942 3785; x_wconf 72' lang='lat' dir='ltr'>deﬁcientium.</span> <span class='ocrx_word' id='word_1_352' title='bbox 962 3729 1070 3792; x_wconf 87' lang='lat' dir='ltr'>Qui</span> <span class='ocrx_word' id='word_1_353' title='bbox 1095 3746 1236 3784; x_wconf 87' lang='lat' dir='ltr'>vero</span> <span class='ocrx_word' id='word_1_354' title='bbox 1266 3734 1468 3784; x_wconf 87' lang='lat' dir='ltr'>custos</span> <span class='ocrx_word' id='word_1_355' title='bbox 1501 3735 1557 3785; x_wconf 92' lang='lat' dir='ltr'>et</span> <span class='ocrx_word' id='word_1_356' title='bbox 1581 3729 1786 3785; x_wconf 85' lang='lat' dir='ltr'>obser-</span> 
     </span>
    </p>
   </div>
   <div class='ocr_carea' id='block_1_55' title="bbox 109 3817 1786 3890">
    <p class='ocr_par' dir='ltr' id='par_1_55' title="bbox 109 3817 1786 3890">
     <span class='ocr_line' id='line_1_55' title="bbox 109 3817 1786 3890; baseline 0.001 -19"><span class='ocrx_word' id='word_1_357' title='bbox 109 3821 282 3872; x_wconf 87' lang='lat' dir='ltr'>vator</span> <span class='ocrx_word' id='word_1_358' title='bbox 311 3818 504 3888; x_wconf 88' lang='lat' dir='ltr'>hujus</span> <span class='ocrx_word' id='word_1_359' title='bbox 536 3817 723 3872; x_wconf 90' lang='lat' dir='ltr'>nostri</span> <span class='ocrx_word' id='word_1_360' title='bbox 755 3817 1045 3890; x_wconf 83' lang='lat' dir='ltr'>privilegii</span> <span class='ocrx_word' id='word_1_361' title='bbox 1094 3819 1397 3890; x_wconf 78' lang='lat' dir='ltr'>exstiterit,</span> <span class='ocrx_word' id='word_1_362' title='bbox 1426 3819 1786 3874; x_wconf 84' lang='lat' dir='ltr'>benedictio-</span> 
     </span>
    </p>
   </div>
   <div class='ocr_carea' id='block_1_56' title="bbox 106 3905 1786 3983">
    <p class='ocr_par' dir='ltr' id='par_1_56' title="bbox 106 3905 1786 3983">
     <span class='ocr_line' id='line_1_56' title="bbox 106 3905 1786 3983; baseline 0.003 -23"><span class='ocrx_word' id='word_1_363' title='bbox 106 3905 198 3960; x_wconf 89' lang='lat' dir='ltr'>nis</span> <span class='ocrx_word' id='word_1_364' title='bbox 231 3907 500 3977; x_wconf 87' lang='lat' dir='ltr'>gratiam</span> <span class='ocrx_word' id='word_1_365' title='bbox 525 3913 581 3963; x_wconf 91' lang='lat' dir='ltr'>et</span> <span class='ocrx_word' id='word_1_366' title='bbox 601 3907 784 3964; x_wconf 87' lang='lat' dir='ltr'>vitam</span> <span class='ocrx_word' id='word_1_367' title='bbox 806 3912 1091 3965; x_wconf 79' lang='lat' dir='ltr'>aeternam</span> <span class='ocrx_word' id='word_1_368' title='bbox 1119 3925 1153 3964; x_wconf 87' lang='lat' dir='ltr'>a</span> <span class='ocrx_word' id='word_1_369' title='bbox 1183 3908 1432 3966; x_wconf 88' lang='lat' dir='ltr'>Domino</span> <span class='ocrx_word' id='word_1_370' title='bbox 1456 3925 1786 3983; x_wconf 88' lang='lat' dir='ltr'>consequa-</span> 
     </span>
    </p>
   </div>
   <div class='ocr_carea' id='block_1_57' title="bbox 108 3997 621 4065">
    <p class='ocr_par' dir='ltr' id='par_1_57' title="bbox 108 3997 621 4065">
     <span class='ocr_line' id='line_1_57' title="bbox 108 3997 621 4065; baseline 0.006 -16"><span class='ocrx_word' id='word_1_371' title='bbox 108 3997 222 4065; x_wconf 88' lang='lat' dir='ltr'>tur,</span> <span class='ocrx_word' id='word_1_372' title='bbox 256 4001 373 4053; x_wconf 89' lang='lat' dir='ltr'>etc.</span> <span class='ocrx_word' id='word_1_373' title='bbox 411 4002 621 4053; x_wconf 78' lang='lat' dir='ltr'>Amen.</span> 
     </span>
    </p>
   </div>
   <div class='ocr_carea' id='block_1_58' title="bbox 907 4090 1016 4143">
    <p class='ocr_par' dir='ltr' id='par_1_58' title="bbox 907 4090 1016 4143">
     <span class='ocr_line' id='line_1_58' title="bbox 907 4090 1016 4143; baseline -0.028 -2"><span class='ocrx_word' id='word_1_374' title='bbox 907 4090 1016 4143; x_wconf 83' lang='lat' dir='ltr'>VH.</span> 
     </span>
    </p>
   </div>
   <div class='ocr_carea' id='block_1_59' title="bbox 101 4176 1784 4248">
    <p class='ocr_par' dir='ltr' id='par_1_59' title="bbox 101 4176 1784 4248">
     <span class='ocr_line' id='line_1_59' title="bbox 101 4176 1784 4248; baseline 0.004 -20"><span class='ocrx_word' id='word_1_375' title='bbox 101 4176 364 4233; x_wconf 79' lang='lat' dir='ltr'>Joannis</span> <span class='ocrx_word' id='word_1_376' title='bbox 400 4178 550 4234; x_wconf 84' lang='lat' dir='ltr'>XIX</span> <span class='ocrx_word' id='word_1_377' title='bbox 575 4179 824 4248; x_wconf 74' lang='lat' dir='ltr'>epistola</span> <span class='ocrx_word' id='word_1_378' title='bbox 868 4179 949 4233; x_wconf 77' lang='lat' dir='ltr'>ad</span> <span class='ocrx_word' id='word_1_379' title='bbox 973 4179 1318 4248; x_wconf 79' lang='lat' dir='ltr'>Popponem</span> <span class='ocrx_word' id='word_1_380' title='bbox 1359 4179 1784 4248; x_wconf 81' lang='lat' dir='ltr'>patriarcham</span> 
     </span>
    </p>
   </div>
   <div class='ocr_carea' id='block_1_60' title="bbox 717 4269 1173 4339">
    <p class='ocr_par' dir='ltr' id='par_1_60' title="bbox 717 4269 1173 4339">
     <span class='ocr_line' id='line_1_60' title="bbox 717 4269 1173 4339; baseline 0.002 -16"><span class='ocrx_word' id='word_1_381' title='bbox 717 4269 764 4323; x_wconf 89' lang='grc' dir='ltr'><em>Α</em></span> <span class='ocrx_word' id='word_1_382' title='bbox 774 4269 1173 4339; x_wconf 76' lang='lat' dir='ltr'>quilea’ensem.</span> 
     </span>
    </p>
   </div>
   <div class='ocr_carea' id='block_1_61' title="bbox 747 4358 1151 4428">
    <p class='ocr_par' dir='ltr' id='par_1_61' title="bbox 747 4358 1151 4428">
     <span class='ocr_line' id='line_1_61' title="bbox 747 4358 1151 4428; baseline -0.002 -15"><span class='ocrx_word' id='word_1_383' title='bbox 747 4358 937 4428; x_wconf 86' lang='lat' dir='ltr'>(Anno</span> <span class='ocrx_word' id='word_1_384' title='bbox 976 4358 1151 4423; x_wconf 81' lang='lat'>1027).</span> 
     </span>
    </p>
   </div>
   <div class='ocr_carea' id='block_1_62' title="bbox 469 4446 1441 4516">
    <p class='ocr_par' dir='ltr' id='par_1_62' title="bbox 469 4446 1441 4516">
     <span class='ocr_line' id='line_1_62' title="bbox 469 4446 1441 4516; baseline 0 -16"><span class='ocrx_word' id='word_1_385' title='bbox 469 4447 758 4514; x_wconf 72' lang='lat' dir='ltr'>manem,</span> <span class='ocrx_word' id='word_1_386' title='bbox 785 4446 970 4502; x_wconf 80' lang='lat' dir='ltr'>Italia</span> <span class='ocrx_word' id='word_1_387' title='bbox 998 4462 1197 4516; x_wconf 82' lang='lat' dir='ltr'>sacra,</span> <span class='ocrx_word' id='word_1_388' title='bbox 1231 4449 1293 4513; x_wconf 90' lang='lat' dir='ltr'>V,</span> <span class='ocrx_word' id='word_1_389' title='bbox 1326 4447 1441 4516; x_wconf 66' lang='lat'>49.]</span> 
     </span>
    </p>
   </div>
   <div class='ocr_carea' id='block_1_63' title="bbox 169 4535 1782 4608">
    <p class='ocr_par' dir='ltr' id='par_1_63' title="bbox 169 4535 1782 4608">
     <span class='ocr_line' id='line_1_63' title="bbox 169 4535 1782 4608; baseline 0.001 -19"><span class='ocrx_word' id='word_1_390' title='bbox 169 4536 438 4591; x_wconf 60' lang='lat' dir='ltr'>Josxavns</span> <span class='ocrx_word' id='word_1_391' title='bbox 471 4535 810 4608; x_wconf 90' lang='lat' dir='ltr'>cpiscopus,</span> <span class='ocrx_word' id='word_1_392' title='bbox 845 4552 1050 4592; x_wconf 90' lang='lat' dir='ltr'>servus</span> <span class='ocrx_word' id='word_1_393' title='bbox 1083 4551 1392 4592; x_wconf 89' lang='lat' dir='ltr'>servorum</span> <span class='ocrx_word' id='word_1_394' title='bbox 1428 4535 1782 4602; x_wconf 89' lang='lat' dir='ltr'>Dei,dilecto</span> 
     </span>
    </p>
   </div>
   <div class='ocr_carea' id='block_1_64' title="bbox 95 4622 1784 4698">
    <p class='ocr_par' dir='ltr' id='par_1_64' title="bbox 95 4622 1784 4698">
     <span class='ocr_line' id='line_1_64' title="bbox 95 4622 1784 4698; baseline 0.001 -20"><span class='ocrx_word' id='word_1_395' title='bbox 95 4622 156 4679; x_wconf 90' lang='lat' dir='ltr'>in</span> <span class='ocrx_word' id='word_1_396' title='bbox 190 4625 440 4681; x_wconf 78' lang='lat' dir='ltr'>Christo</span> <span class='ocrx_word' id='word_1_397' title='bbox 501 4625 664 4681; x_wconf 84' lang='lat' dir='ltr'>fratri</span> <span class='ocrx_word' id='word_1_398' title='bbox 717 4628 954 4682; x_wconf 72' lang='lat' dir='ltr'>Porroxi</span> <span class='ocrx_word' id='word_1_399' title='bbox 1005 4631 1224 4682; x_wconf 85' lang='lat' dir='ltr'>sanctae</span> <span class='ocrx_word' id='word_1_400' title='bbox 1259 4625 1650 4698; x_wconf 79' lang='lat' dir='ltr'>Aquileiensis</span> <span class='ocrx_word' id='word_1_401' title='bbox 1678 4628 1784 4680; x_wconf 85' lang='lat' dir='ltr'>Ec-</span> 
     </span>
    </p>
   </div>
   <div class='ocr_carea' id='block_1_65' title="bbox 97 4713 1384 4788">
    <p class='ocr_par' dir='ltr' id='par_1_65' title="bbox 97 4713 1384 4788">
     <span class='ocr_line' id='line_1_65' title="bbox 97 4713 1384 4788; baseline 0.002 -21"><span class='ocrx_word' id='word_1_402' title='bbox 97 4713 295 4769; x_wconf 73' lang='lat' dir='ltr'>clesim</span> <span class='ocrx_word' id='word_1_403' title='bbox 331 4715 698 4787; x_wconf 82' lang='lat' dir='ltr'>patriarchae</span> <span class='ocrx_word' id='word_1_404' title='bbox 725 4720 1079 4788; x_wconf 86' lang='lat' dir='ltr'>perpetuam</span> <span class='ocrx_word' id='word_1_405' title='bbox 1113 4715 1384 4771; x_wconf 86' lang='lat' dir='ltr'>salutem.</span> 
     </span>
    </p>
   </div>
   <div class='ocr_carea' id='block_1_66' title="bbox 169 4805 1782 4880">
    <p class='ocr_par' dir='ltr' id='par_1_66' title="bbox 169 4805 1782 4880">
     <span class='ocr_line' id='line_1_66' title="bbox 169 4805 1782 4880; baseline 0.001 -18"><span class='ocrx_word' id='word_1_406' title='bbox 169 4808 326 4862; x_wconf 90' lang='lat' dir='ltr'>Cum</span> <span class='ocrx_word' id='word_1_407' title='bbox 358 4821 593 4874; x_wconf 85' lang='lat' dir='ltr'>magna</span> <span class='ocrx_word' id='word_1_408' title='bbox 611 4805 788 4860; x_wconf 89' lang='lat' dir='ltr'>nobis</span> <span class='ocrx_word' id='word_1_409' title='bbox 817 4805 1211 4862; x_wconf 84' lang='lat' dir='ltr'>sollicitudine</span> <span class='ocrx_word' id='word_1_410' title='bbox 1238 4805 1454 4862; x_wconf 86' lang='lat' dir='ltr'>insistit</span> <span class='ocrx_word' id='word_1_411' title='bbox 1477 4822 1620 4862; x_wconf 86' lang='lat' dir='ltr'>cura</span> <span class='ocrx_word' id='word_1_412' title='bbox 1671 4823 1782 4880; x_wconf 87' lang='lat' dir='ltr'>pro</span> 
     </span>
    </p>
   </div>
   <div class='ocr_carea' id='block_1_67' title="bbox 95 4895 1780 4968">
    <p class='ocr_par' dir='ltr' id='par_1_67' title="bbox 95 4895 1780 4968">
     <span class='ocr_line' id='line_1_67' title="bbox 95 4895 1780 4968; baseline 0.003 -20"><span class='ocrx_word' id='word_1_413' title='bbox 95 4895 408 4952; x_wconf 87' lang='lat' dir='ltr'>universis</span> <span class='ocrx_word' id='word_1_414' title='bbox 463 4895 738 4951; x_wconf 85' lang='lat' dir='ltr'>Ecclesiis</span> <span class='ocrx_word' id='word_1_415' title='bbox 769 4896 866 4952; x_wconf 93' lang='lat' dir='ltr'>Dei</span> <span class='ocrx_word' id='word_1_416' title='bbox 918 4913 988 4952; x_wconf 89' lang='lat' dir='ltr'>ac</span> <span class='ocrx_word' id='word_1_417' title='bbox 1015 4896 1129 4968; x_wconf 91' lang='lat' dir='ltr'>piis</span> <span class='ocrx_word' id='word_1_418' title='bbox 1183 4897 1332 4953; x_wconf 89' lang='lat' dir='ltr'>locis</span> <span class='ocrx_word' id='word_1_419' title='bbox 1363 4896 1672 4967; x_wconf 89' lang='lat' dir='ltr'>vigilandi,</span> <span class='ocrx_word' id='word_1_420' title='bbox 1707 4913 1780 4953; x_wconf 87' lang='lat' dir='ltr'>ne</span> 
     </span>
    </p>
   </div>
   <div class='ocr_carea' id='block_1_68' title="bbox 93 4984 1783 5059">
    <p class='ocr_par' dir='ltr' id='par_1_68' title="bbox 93 4984 1783 5059">
     <span class='ocr_line' id='line_1_68' title="bbox 93 4984 1783 5059; baseline 0.001 -18"><span class='ocrx_word' id='word_1_421' title='bbox 93 4984 378 5059; x_wconf 88' lang='lat' dir='ltr'>aliquam</span> <span class='ocrx_word' id='word_1_422' title='bbox 466 4985 831 5042; x_wconf 87' lang='lat' dir='ltr'>necessitatis</span> <span class='ocrx_word' id='word_1_423' title='bbox 895 4987 1194 5057; x_wconf 88' lang='lat' dir='ltr'>jacturam</span> <span class='ocrx_word' id='word_1_424' title='bbox 1250 4987 1599 5056; x_wconf 88' lang='lat' dir='ltr'>sustineant,</span> <span class='ocrx_word' id='word_1_425' title='bbox 1677 4987 1783 5044; x_wconf 90' lang='lat' dir='ltr'>sed</span> 
     </span>
    </p>
   </div>
   <div class='ocr_carea' id='block_1_69' title="bbox 93 5074 1778 5149">
    <p class='ocr_par' dir='ltr' id='par_1_69' title="bbox 93 5074 1778 5149">
     <span class='ocr_line' id='line_1_69' title="bbox 93 5074 1778 5149; baseline 0.001 -19"><span class='ocrx_word' id='word_1_426' title='bbox 93 5076 298 5145; x_wconf 88' lang='lat' dir='ltr'>magis</span> <span class='ocrx_word' id='word_1_427' title='bbox 331 5074 605 5149; x_wconf 84' lang='lat' dir='ltr'>propriae</span> <span class='ocrx_word' id='word_1_428' title='bbox 665 5075 927 5132; x_wconf 89' lang='lat' dir='ltr'>utilitatis</span> <span class='ocrx_word' id='word_1_429' title='bbox 986 5075 1282 5148; x_wconf 90' lang='lat' dir='ltr'>stipendia</span> <span class='ocrx_word' id='word_1_430' title='bbox 1312 5082 1778 5149; x_wconf 87' lang='lat' dir='ltr'>consequantur,</span> 
     </span>
    </p>
   </div>
   <div class='ocr_carea' id='block_1_70' title="bbox 90 5163 1780 5223">
    <p class='ocr_par' dir='ltr' id='par_1_70' title="bbox 90 5163 1780 5223">
     <span class='ocr_line' id='line_1_70' title="bbox 90 5163 1780 5223; baseline 0.001 -3"><span class='ocrx_word' id='word_1_431' title='bbox 90 5163 230 5222; x_wconf 89' lang='lat' dir='ltr'>ideo</span> <span class='ocrx_word' id='word_1_432' title='bbox 267 5165 568 5222; x_wconf 88' lang='lat' dir='ltr'>convenit</span> <span class='ocrx_word' id='word_1_433' title='bbox 593 5182 703 5221; x_wconf 90' lang='lat' dir='ltr'>nos</span> <span class='ocrx_word' id='word_1_434' title='bbox 733 5170 857 5223; x_wconf 89' lang='lat' dir='ltr'>tota</span> <span class='ocrx_word' id='word_1_435' title='bbox 877 5167 1091 5222; x_wconf 82' lang='lat' dir='ltr'>mentis</span> <span class='ocrx_word' id='word_1_436' title='bbox 1119 5167 1397 5222; x_wconf 84' lang='lat' dir='ltr'>aviditate</span> <span class='ocrx_word' id='word_1_437' title='bbox 1425 5167 1780 5223; x_wconf 90' lang='lat' dir='ltr'>eorumdem</span> 
     </span>
    </p>
   </div>
   <div class='ocr_carea' id='block_1_71' title="bbox 88 5254 1780 5327">
    <p class='ocr_par' dir='ltr' id='par_1_71' title="bbox 88 5254 1780 5327">
     <span class='ocr_line' id='line_1_71' title="bbox 88 5254 1780 5327; baseline 0.004 -19"><span class='ocrx_word' id='word_1_438' title='bbox 88 5261 376 5312; x_wconf 87' lang='lat' dir='ltr'>veterum</span> <span class='ocrx_word' id='word_1_439' title='bbox 447 5254 728 5312; x_wconf 78' lang='lat' dir='ltr'>‘locorum</span> <span class='ocrx_word' id='word_1_440' title='bbox 803 5256 1183 5314; x_wconf 87' lang='lat' dir='ltr'>stabilitatem</span> <span class='ocrx_word' id='word_1_441' title='bbox 1245 5273 1314 5312; x_wconf 92' lang='lat' dir='ltr'>ac</span> <span class='ocrx_word' id='word_1_442' title='bbox 1385 5257 1780 5327; x_wconf 85' lang='lat' dir='ltr'>integritatem</span> 
     </span>
    </p>
   </div>
   <div class='ocr_carea' id='block_1_72' title="bbox 85 5345 1777 5418">
    <p class='ocr_par' dir='ltr' id='par_1_72' title="bbox 85 5345 1777 5418">
     <span class='ocr_line' id='line_1_72' title="bbox 85 5345 1777 5418; baseline 0.001 -16"><span class='ocrx_word' id='word_1_443' title='bbox 85 5346 366 5402; x_wconf 83' lang='lat' dir='ltr'>maxime</span> <span class='ocrx_word' id='word_1_444' title='bbox 400 5360 752 5418; x_wconf 87' lang='lat' dir='ltr'>procurare,</span> <span class='ocrx_word' id='word_1_445' title='bbox 797 5350 854 5401; x_wconf 90' lang='lat' dir='ltr'>et</span> <span class='ocrx_word' id='word_1_446' title='bbox 883 5345 1091 5402; x_wconf 88' lang='lat' dir='ltr'>sedulo</span> <span class='ocrx_word' id='word_1_447' title='bbox 1123 5361 1334 5401; x_wconf 90' lang='lat' dir='ltr'>eorum</span> <span class='ocrx_word' id='word_1_448' title='bbox 1365 5345 1675 5403; x_wconf 87' lang='lat' dir='ltr'>utilitatem</span> <span class='ocrx_word' id='word_1_449' title='bbox 1708 5364 1777 5404; x_wconf 88' lang='lat' dir='ltr'>ac</span> 
     </span>
    </p>
   </div>
   <div class='ocr_carea' id='block_1_73' title="bbox 88 5433 1778 5510">
    <p class='ocr_par' dir='ltr' id='par_1_73' title="bbox 88 5433 1778 5510">
     <span class='ocr_line' id='line_1_73' title="bbox 88 5433 1778 5510; baseline 0.002 -21"><span class='ocrx_word' id='word_1_450' title='bbox 88 5435 377 5491; x_wconf 88' lang='lat' dir='ltr'>subsidia</span> <span class='ocrx_word' id='word_1_451' title='bbox 409 5433 533 5490; x_wconf 92' lang='lat' dir='ltr'>illic</span> <span class='ocrx_word' id='word_1_452' title='bbox 586 5436 956 5504; x_wconf 88' lang='lat' dir='ltr'>contrahere,</span> <span class='ocrx_word' id='word_1_453' title='bbox 990 5440 1055 5490; x_wconf 88' lang='lat' dir='ltr'>ut</span> <span class='ocrx_word' id='word_1_454' title='bbox 1112 5440 1230 5491; x_wconf 85' lang='lat' dir='ltr'>Deo</span> <span class='ocrx_word' id='word_1_455' title='bbox 1268 5441 1474 5492; x_wconf 89' lang='lat' dir='ltr'>nostro</span> <span class='ocrx_word' id='word_1_456' title='bbox 1505 5437 1778 5510; x_wconf 90' lang='lat' dir='ltr'>omnipo-</span> 
     </span>
    </p>
   </div>
   <div class='ocr_carea' id='block_1_74' title="bbox 85 5523 1776 5596">
    <p class='ocr_par' dir='ltr' id='par_1_74' title="bbox 85 5523 1776 5596">
     <span class='ocr_line' id='line_1_74' title="bbox 85 5523 1776 5596; baseline 0 -16"><span class='ocrx_word' id='word_1_457' title='bbox 85 5524 232 5580; x_wconf 87' lang='lat' dir='ltr'>tenti</span> <span class='ocrx_word' id='word_1_458' title='bbox 262 5523 330 5579; x_wconf 90' lang='lat' dir='ltr'>id</span> <span class='ocrx_word' id='word_1_459' title='bbox 363 5523 544 5596; x_wconf 89' lang='lat' dir='ltr'>quod</span> <span class='ocrx_word' id='word_1_460' title='bbox 599 5539 710 5596; x_wconf 92' lang='lat' dir='ltr'>pro</span> <span class='ocrx_word' id='word_1_461' title='bbox 740 5524 870 5594; x_wconf 89' lang='lat' dir='ltr'>ejus</span> <span class='ocrx_word' id='word_1_462' title='bbox 923 5523 1111 5579; x_wconf 90' lang='lat' dir='ltr'>sancti</span> <span class='ocrx_word' id='word_1_463' title='bbox 1165 5523 1428 5579; x_wconf 89' lang='lat' dir='ltr'>nominis</span> <span class='ocrx_word' id='word_1_464' title='bbox 1465 5525 1691 5580; x_wconf 90' lang='lat' dir='ltr'>honore</span> <span class='ocrx_word' id='word_1_465' title='bbox 1721 5529 1776 5580; x_wconf 90' lang='lat' dir='ltr'>et</span> 
     </span>
    </p>
   </div>
   <div class='ocr_carea' id='block_1_75' title="bbox 82 5608 1774 5680">
    <p class='ocr_par' dir='ltr' id='par_1_75' title="bbox 82 5608 1774 5680">
     <span class='ocr_line' id='line_1_75' title="bbox 82 5608 1774 5680; baseline 0.001 -17"><span class='ocrx_word' id='word_1_466' title='bbox 82 5609 290 5675; x_wconf 78' lang='lat' dir='ltr'>laude,</span> <span class='ocrx_word' id='word_1_467' title='bbox 328 5613 526 5680; x_wconf 88' lang='lat' dir='ltr'>atque</span> <span class='ocrx_word' id='word_1_468' title='bbox 558 5608 745 5678; x_wconf 89' lang='lat' dir='ltr'>gloria</span> <span class='ocrx_word' id='word_1_469' title='bbox 765 5610 894 5679; x_wconf 90' lang='lat' dir='ltr'>ejus</span> <span class='ocrx_word' id='word_1_470' title='bbox 924 5608 1139 5664; x_wconf 79' lang='lat' dir='ltr'>divinae</span> <span class='ocrx_word' id='word_1_471' title='bbox 1164 5608 1511 5680; x_wconf 86' lang='lat' dir='ltr'>majestatis,</span> <span class='ocrx_word' id='word_1_472' title='bbox 1541 5614 1774 5664; x_wconf 88' lang='lat' dir='ltr'>nostra-</span> 
     </span>
    </p>
   </div>
   <div class='ocr_carea' id='block_1_76' title="bbox 81 5697 1773 5770">
    <p class='ocr_par' dir='ltr' id='par_1_76' title="bbox 81 5697 1773 5770">
     <span class='ocr_line' id='line_1_76' title="bbox 81 5697 1773 5770; baseline -0.001 -16"><span class='ocrx_word' id='word_1_473' title='bbox 81 5714 224 5755; x_wconf 87' lang='lat' dir='ltr'>rum</span> <span class='ocrx_word' id='word_1_474' title='bbox 255 5713 485 5754; x_wconf 88' lang='lat' dir='ltr'>rerum</span> <span class='ocrx_word' id='word_1_475' title='bbox 510 5698 866 5754; x_wconf 80' lang='lat' dir='ltr'>conﬁrmare</span> <span class='ocrx_word' id='word_1_476' title='bbox 898 5698 1192 5753; x_wconf 79' lang='lat' dir='ltr'>veteribus</span> <span class='ocrx_word' id='word_1_477' title='bbox 1237 5697 1382 5753; x_wconf 90' lang='lat' dir='ltr'>locis</span> <span class='ocrx_word' id='word_1_478' title='bbox 1409 5699 1481 5754; x_wconf 87' lang='lat' dir='ltr'>sit</span> <span class='ocrx_word' id='word_1_479' title='bbox 1503 5703 1773 5770; x_wconf 89' lang='lat' dir='ltr'>accepta-</span> 
     </span>
    </p>
   </div>
   <div class='ocr_carea' id='block_1_77' title="bbox 80 5787 1772 5860">
    <p class='ocr_par' dir='ltr' id='par_1_77' title="bbox 80 5787 1772 5860">
     <span class='ocr_line' id='line_1_77' title="bbox 80 5787 1772 5860; baseline -0.001 -16"><span class='ocrx_word' id='word_1_480' title='bbox 80 5789 230 5858; x_wconf 90' lang='lat' dir='ltr'>bile,</span> <span class='ocrx_word' id='word_1_481' title='bbox 258 5787 580 5858; x_wconf 86' lang='lat' dir='ltr'>nobisque</span> <span class='ocrx_word' id='word_1_482' title='bbox 612 5788 688 5843; x_wconf 91' lang='lat' dir='ltr'>ab</span> <span class='ocrx_word' id='word_1_483' title='bbox 716 5788 844 5859; x_wconf 89' lang='lat' dir='ltr'>ejus</span> <span class='ocrx_word' id='word_1_484' title='bbox 874 5787 1340 5860; x_wconf 88' lang='lat' dir='ltr'>locupletissima</span> <span class='ocrx_word' id='word_1_485' title='bbox 1365 5787 1772 5843; x_wconf 86' lang='lat' dir='ltr'>misericordia</span> 
     </span>
    </p>
   </div>
   <div class='ocr_carea' id='block_1_78' title="bbox 82 5875 1772 5952">
    <p class='ocr_par' dir='ltr' id='par_1_78' title="bbox 82 5875 1772 5952">
     <span class='ocr_line' id='line_1_78' title="bbox 82 5875 1772 5952; baseline -0.001 -20"><span class='ocrx_word' id='word_1_486' title='bbox 82 5877 281 5949; x_wconf 86' lang='lat' dir='ltr'>digna</span> <span class='ocrx_word' id='word_1_487' title='bbox 335 5875 704 5947; x_wconf 90' lang='lat' dir='ltr'>hujusmodi</span> <span class='ocrx_word' id='word_1_488' title='bbox 746 5876 829 5952; x_wconf 91' lang='lat' dir='ltr'>pii</span> <span class='ocrx_word' id='word_1_489' title='bbox 861 5877 921 5932; x_wconf 92' lang='lat' dir='ltr'>in</span> <span class='ocrx_word' id='word_1_490' title='bbox 977 5876 1219 5934; x_wconf 88' lang='lat' dir='ltr'>sidereis</span> <span class='ocrx_word' id='word_1_491' title='bbox 1275 5876 1508 5934; x_wconf 90' lang='lat' dir='ltr'>conseri</span> <span class='ocrx_word' id='word_1_492' title='bbox 1557 5876 1772 5933; x_wconf 72' lang='lat' dir='ltr'>amoris</span> 
     </span>
    </p>
   </div>
   <div class='ocr_carea' id='block_1_79' title="bbox 1901 1915 3559 1997">
    <p class='ocr_par' dir='ltr' id='par_1_79' title="bbox 1901 1915 3559 1997">
     <span class='ocr_line' id='line_1_79' title="bbox 1901 1915 3559 1997; baseline 0.001 -21"><span class='ocrx_word' id='word_1_493' title='bbox 1901 1923 2164 1979; x_wconf 88' lang='lat' dir='ltr'>cundam</span> <span class='ocrx_word' id='word_1_494' title='bbox 2191 1940 2320 1978; x_wconf 90' lang='lat' dir='ltr'>esse</span> <span class='ocrx_word' id='word_1_495' title='bbox 2348 1930 2488 1997; x_wconf 91' lang='lat' dir='ltr'>post</span> <span class='ocrx_word' id='word_1_496' title='bbox 2517 1925 2673 1980; x_wconf 91' lang='lat' dir='ltr'>hanc</span> <span class='ocrx_word' id='word_1_497' title='bbox 2694 1915 2926 1980; x_wconf 83' lang='lat' dir='ltr'>almam</span> <span class='ocrx_word' id='word_1_498' title='bbox 2969 1927 3304 1980; x_wconf 82' lang='lat' dir='ltr'>Romanam</span> <span class='ocrx_word' id='word_1_499' title='bbox 3334 1922 3559 1990; x_wconf 91' lang='lat' dir='ltr'>sedem,</span> 
     </span>
    </p>
   </div>
   <div class='ocr_carea' id='block_1_80' title="bbox 1902 2011 3564 2086">
    <p class='ocr_par' dir='ltr' id='par_1_80' title="bbox 1902 2011 3564 2086">
     <span class='ocr_line' id='line_1_80' title="bbox 1902 2011 3564 2086; baseline 0.001 -21"><span class='ocrx_word' id='word_1_500' title='bbox 1902 2011 2070 2067; x_wconf 91' lang='lat' dir='ltr'>sicuti</span> <span class='ocrx_word' id='word_1_501' title='bbox 2127 2012 2269 2067; x_wconf 92' lang='lat' dir='ltr'>olim</span> <span class='ocrx_word' id='word_1_502' title='bbox 2329 2029 2364 2069; x_wconf 90' lang='lat' dir='ltr'>a</span> <span class='ocrx_word' id='word_1_503' title='bbox 2415 2013 2592 2070; x_wconf 88' lang='lat' dir='ltr'>beato</span> <span class='ocrx_word' id='word_1_504' title='bbox 2645 2017 2815 2070; x_wconf 88' lang='lat' dir='ltr'>Petro</span> <span class='ocrx_word' id='word_1_505' title='bbox 2872 2013 3148 2086; x_wconf 88' lang='lat' dir='ltr'>apostolo</span> <span class='ocrx_word' id='word_1_506' title='bbox 3206 2027 3564 2068; x_wconf 91' lang='lat' dir='ltr'>concessum</span> 
     </span>
    </p>
   </div>
   <div class='ocr_carea' id='block_1_81' title="bbox 1899 2086 3562 2176">
    <p class='ocr_par' dir='ltr' id='par_1_81' title="bbox 1899 2086 3562 2176">
     <span class='ocr_line' id='line_1_81' title="bbox 1899 2086 3562 2176; baseline 0.001 -22"><span class='ocrx_word' id='word_1_507' title='bbox 1899 2100 2084 2156; x_wconf 79' lang='lat' dir='ltr'>fuisse</span> <span class='ocrx_word' id='word_1_508' title='bbox 2116 2102 2364 2157; x_wconf 87' lang='lat' dir='ltr'>videtur.</span> <span class='ocrx_word' id='word_1_509' title='bbox 2424 2086 2672 2176; x_wconf 77' lang='lat' dir='ltr'>Insuper</span> <span class='ocrx_word' id='word_1_510' title='bbox 2716 2102 2887 2158; x_wconf 87' lang='lat' dir='ltr'>vobis</span> <span class='ocrx_word' id='word_1_511' title='bbox 2937 2102 3270 2174; x_wconf 88' lang='lat' dir='ltr'>vestrisque</span> <span class='ocrx_word' id='word_1_512' title='bbox 3328 2116 3562 2156; x_wconf 91' lang='lat' dir='ltr'>succes-</span> 
     </span>
    </p>
   </div>
   <div class='ocr_carea' id='block_1_82' title="bbox 1900 2189 3563 2265">
    <p class='ocr_par' dir='ltr' id='par_1_82' title="bbox 1900 2189 3563 2265">
     <span class='ocr_line' id='line_1_82' title="bbox 1900 2189 3563 2265; baseline 0 -20"><span class='ocrx_word' id='word_1_513' title='bbox 1900 2191 2160 2259; x_wconf 90' lang='lat' dir='ltr'>soribus,</span> <span class='ocrx_word' id='word_1_514' title='bbox 2219 2193 2548 2265; x_wconf 87' lang='lat' dir='ltr'>apostolica</span> <span class='ocrx_word' id='word_1_515' title='bbox 2607 2193 2955 2250; x_wconf 89' lang='lat' dir='ltr'>auctoritate</span> <span class='ocrx_word' id='word_1_516' title='bbox 3000 2191 3251 2265; x_wconf 90' lang='lat' dir='ltr'>pallium</span> <span class='ocrx_word' id='word_1_517' title='bbox 3291 2189 3563 2246; x_wconf 87' lang='lat' dir='ltr'>concedi-</span> 
     </span>
    </p>
   </div>
   <div class='ocr_carea' id='block_1_83' title="bbox 1898 2280 3565 2354">
    <p class='ocr_par' dir='ltr' id='par_1_83' title="bbox 1898 2280 3565 2354">
     <span class='ocr_line' id='line_1_83' title="bbox 1898 2280 3565 2354; baseline 0 -18"><span class='ocrx_word' id='word_1_518' title='bbox 1898 2298 2056 2348; x_wconf 90' lang='lat' dir='ltr'>mus,</span> <span class='ocrx_word' id='word_1_519' title='bbox 2082 2299 2203 2354; x_wconf 91' lang='lat' dir='ltr'>quo</span> <span class='ocrx_word' id='word_1_520' title='bbox 2231 2299 2339 2338; x_wconf 84' lang='lat' dir='ltr'>vos</span> <span class='ocrx_word' id='word_1_521' title='bbox 2388 2283 2466 2339; x_wconf 92' lang='lat' dir='ltr'>ad</span> <span class='ocrx_word' id='word_1_522' title='bbox 2493 2282 2816 2338; x_wconf 88' lang='lat' dir='ltr'>missarum</span> <span class='ocrx_word' id='word_1_523' title='bbox 2866 2282 3159 2338; x_wconf 89' lang='lat' dir='ltr'>solemnia</span> <span class='ocrx_word' id='word_1_524' title='bbox 3206 2280 3565 2337; x_wconf 88' lang='lat' dir='ltr'>celebranda</span> 
     </span>
    </p>
   </div>
   <div class='ocr_carea' id='block_1_84' title="bbox 1898 2369 3562 2442">
    <p class='ocr_par' dir='ltr' id='par_1_84' title="bbox 1898 2369 3562 2442">
     <span class='ocr_line' id='line_1_84' title="bbox 1898 2369 3562 2442; baseline -0.001 -17"><span class='ocrx_word' id='word_1_525' title='bbox 1898 2371 1983 2426; x_wconf 89' lang='lat' dir='ltr'>uti</span> <span class='ocrx_word' id='word_1_526' title='bbox 2031 2371 2311 2427; x_wconf 85' lang='lat' dir='ltr'>volumus</span> <span class='ocrx_word' id='word_1_527' title='bbox 2365 2372 2425 2428; x_wconf 88' lang='lat' dir='ltr'>in</span> <span class='ocrx_word' id='word_1_528' title='bbox 2503 2372 2694 2429; x_wconf 86' lang='lat' dir='ltr'>Natali</span> <span class='ocrx_word' id='word_1_529' title='bbox 2770 2371 3025 2442; x_wconf 90' lang='lat' dir='ltr'>Domini,</span> <span class='ocrx_word' id='word_1_530' title='bbox 3071 2387 3140 2426; x_wconf 90' lang='lat' dir='ltr'>ac</span> <span class='ocrx_word' id='word_1_531' title='bbox 3189 2369 3562 2426; x_wconf 89' lang='lat' dir='ltr'>solemnitate</span> 
     </span>
    </p>
   </div>
   <div class='ocr_carea' id='block_1_85' title="bbox 1901 2457 3559 2534">
    <p class='ocr_par' dir='ltr' id='par_1_85' title="bbox 1901 2457 3559 2534">
     <span class='ocr_line' id='line_1_85' title="bbox 1901 2457 3559 2534; baseline -0.001 -21"><span class='ocrx_word' id='word_1_532' title='bbox 1901 2459 2265 2532; x_wconf 81' lang='lat' dir='ltr'>Epiphaniae,</span> <span class='ocrx_word' id='word_1_533' title='bbox 2300 2467 2356 2516; x_wconf 88' lang='lat' dir='ltr'>et</span> <span class='ocrx_word' id='word_1_534' title='bbox 2383 2461 2444 2516; x_wconf 90' lang='lat' dir='ltr'>in</span> <span class='ocrx_word' id='word_1_535' title='bbox 2475 2466 2735 2534; x_wconf 88' lang='lat' dir='ltr'>quatuor</span> <span class='ocrx_word' id='word_1_536' title='bbox 2768 2462 2822 2517; x_wconf 92' lang='lat' dir='ltr'>S.</span> <span class='ocrx_word' id='word_1_537' title='bbox 2877 2460 3067 2517; x_wconf 79' lang='lat' dir='ltr'>Mariae</span> <span class='ocrx_word' id='word_1_538' title='bbox 3123 2457 3559 2523; x_wconf 85' lang='lat' dir='ltr'>festivitatibus,</span> 
     </span>
    </p>
   </div>
   <div class='ocr_carea' id='block_1_86' title="bbox 1896 2546 3562 2620">
    <p class='ocr_par' dir='ltr' id='par_1_86' title="bbox 1896 2546 3562 2620">
     <span class='ocr_line' id='line_1_86' title="bbox 1896 2546 3562 2620; baseline 0.001 -16"><span class='ocrx_word' id='word_1_539' title='bbox 1896 2555 1952 2604; x_wconf 91' lang='lat' dir='ltr'>et</span> <span class='ocrx_word' id='word_1_540' title='bbox 1977 2550 2037 2604; x_wconf 90' lang='lat' dir='ltr'>in</span> <span class='ocrx_word' id='word_1_541' title='bbox 2051 2550 2322 2620; x_wconf 84' lang='lat' dir='ltr'>ejusdem</span> <span class='ocrx_word' id='word_1_542' title='bbox 2336 2550 2715 2606; x_wconf 89' lang='lat' dir='ltr'>Dedicatione</span> <span class='ocrx_word' id='word_1_543' title='bbox 2747 2549 3093 2618; x_wconf 79' lang='lat' dir='ltr'>ecclesiae,et</span> <span class='ocrx_word' id='word_1_544' title='bbox 3117 2548 3177 2604; x_wconf 90' lang='lat' dir='ltr'>in</span> <span class='ocrx_word' id='word_1_545' title='bbox 3197 2547 3292 2603; x_wconf 88' lang='lat' dir='ltr'>die</span> <span class='ocrx_word' id='word_1_546' title='bbox 3309 2546 3562 2605; x_wconf 79' lang='lat' dir='ltr'>Natalitii</span> 
     </span>
    </p>
   </div>
   <div class='ocr_carea' id='block_1_87' title="bbox 1897 2635 3560 2706">
    <p class='ocr_par' dir='ltr' id='par_1_87' title="bbox 1897 2635 3560 2706">
     <span class='ocr_line' id='line_1_87' title="bbox 1897 2635 3560 2706; baseline -0.002 -13"><span class='ocrx_word' id='word_1_547' title='bbox 1897 2639 2007 2705; x_wconf 91' lang='lat' dir='ltr'>sui,</span> <span class='ocrx_word' id='word_1_548' title='bbox 2039 2643 2094 2694; x_wconf 90' lang='lat' dir='ltr'>et</span> <span class='ocrx_word' id='word_1_549' title='bbox 2121 2639 2182 2694; x_wconf 91' lang='lat' dir='ltr'>in</span> <span class='ocrx_word' id='word_1_550' title='bbox 2214 2640 2398 2694; x_wconf 68' lang='lat' dir='ltr'>Caena</span> <span class='ocrx_word' id='word_1_551' title='bbox 2430 2639 2684 2706; x_wconf 89' lang='lat' dir='ltr'>Domini,</span> <span class='ocrx_word' id='word_1_552' title='bbox 2712 2643 2767 2694; x_wconf 89' lang='lat' dir='ltr'>et</span> <span class='ocrx_word' id='word_1_553' title='bbox 2791 2639 2852 2694; x_wconf 88' lang='lat' dir='ltr'>in</span> <span class='ocrx_word' id='word_1_554' title='bbox 2897 2638 2991 2694; x_wconf 92' lang='lat' dir='ltr'>die</span> <span class='ocrx_word' id='word_1_555' title='bbox 3016 2640 3070 2692; x_wconf 88' lang='lat' dir='ltr'>S.</span> <span class='ocrx_word' id='word_1_556' title='bbox 3103 2637 3369 2703; x_wconf 83' lang='lat' dir='ltr'>Paschae,</span> <span class='ocrx_word' id='word_1_557' title='bbox 3411 2640 3469 2691; x_wconf 88' lang='lat' dir='ltr'>et</span> <span class='ocrx_word' id='word_1_558' title='bbox 3496 2635 3560 2691; x_wconf 89' lang='lat' dir='ltr'>in</span> 
     </span>
    </p>
   </div>
   <div class='ocr_carea' id='block_1_88' title="bbox 1897 2725 3558 2796">
    <p class='ocr_par' dir='ltr' id='par_1_88' title="bbox 1897 2725 3558 2796">
     <span class='ocr_line' id='line_1_88' title="bbox 1897 2725 3558 2796; baseline 0 -16"><span class='ocrx_word' id='word_1_559' title='bbox 1897 2728 2262 2784; x_wconf 88' lang='lat' dir='ltr'>Ascensione</span> <span class='ocrx_word' id='word_1_560' title='bbox 2305 2729 2553 2796; x_wconf 91' lang='lat' dir='ltr'>domini,</span> <span class='ocrx_word' id='word_1_561' title='bbox 2589 2733 2646 2786; x_wconf 89' lang='lat' dir='ltr'>et</span> <span class='ocrx_word' id='word_1_562' title='bbox 2672 2728 2732 2784; x_wconf 92' lang='lat' dir='ltr'>in</span> <span class='ocrx_word' id='word_1_563' title='bbox 2778 2727 2872 2783; x_wconf 91' lang='lat' dir='ltr'>die</span> <span class='ocrx_word' id='word_1_564' title='bbox 2906 2731 2961 2785; x_wconf 92' lang='lat' dir='ltr'>S.</span> <span class='ocrx_word' id='word_1_565' title='bbox 2988 2730 3382 2795; x_wconf 90' lang='lat' dir='ltr'>Pentecostes,</span> <span class='ocrx_word' id='word_1_566' title='bbox 3411 2729 3467 2780; x_wconf 92' lang='lat' dir='ltr'>et</span> <span class='ocrx_word' id='word_1_567' title='bbox 3495 2725 3558 2781; x_wconf 91' lang='lat' dir='ltr'>in</span> 
     </span>
    </p>
   </div>
   <div class='ocr_carea' id='block_1_89' title="bbox 1897 2815 3559 2891">
    <p class='ocr_par' dir='ltr' id='par_1_89' title="bbox 1897 2815 3559 2891">
     <span class='ocr_line' id='line_1_89' title="bbox 1897 2815 3559 2891; baseline -0.002 -17"><span class='ocrx_word' id='word_1_568' title='bbox 1897 2819 2202 2874; x_wconf 71' lang='lat' dir='ltr'>Nativitate</span> <span class='ocrx_word' id='word_1_569' title='bbox 2238 2821 2292 2874; x_wconf 91' lang='lat' dir='ltr'>S.</span> <span class='ocrx_word' id='word_1_570' title='bbox 2321 2819 2569 2874; x_wconf 88' lang='lat' dir='ltr'>Joannis</span> <span class='ocrx_word' id='word_1_571' title='bbox 2596 2818 2886 2891; x_wconf 83' lang='lat' dir='ltr'>Baptistae,</span> <span class='ocrx_word' id='word_1_572' title='bbox 2919 2822 3096 2890; x_wconf 90' lang='lat' dir='ltr'>atque</span> <span class='ocrx_word' id='word_1_573' title='bbox 3145 2816 3206 2871; x_wconf 93' lang='lat' dir='ltr'>in</span> <span class='ocrx_word' id='word_1_574' title='bbox 3236 2815 3559 2872; x_wconf 86' lang='lat' dir='ltr'>festivitati-</span> 
     </span>
    </p>
   </div>
   <div class='ocr_carea' id='block_1_90' title="bbox 1893 2905 3556 2980">
    <p class='ocr_par' dir='ltr' id='par_1_90' title="bbox 1893 2905 3556 2980">
     <span class='ocr_line' id='line_1_90' title="bbox 1893 2905 3556 2980; baseline -0.001 -17"><span class='ocrx_word' id='word_1_575' title='bbox 1893 2908 2009 2963; x_wconf 92' lang='lat' dir='ltr'>bus</span> <span class='ocrx_word' id='word_1_576' title='bbox 2036 2908 2309 2964; x_wconf 89' lang='lat' dir='ltr'>omnium</span> <span class='ocrx_word' id='word_1_577' title='bbox 2337 2909 2832 2980; x_wconf 91' lang='lat' dir='ltr'>apostolorum,et</span> <span class='ocrx_word' id='word_1_578' title='bbox 2857 2908 2917 2963; x_wconf 91' lang='lat' dir='ltr'>in</span> <span class='ocrx_word' id='word_1_579' title='bbox 2939 2906 3249 2963; x_wconf 87' lang='lat' dir='ltr'>festivitate</span> <span class='ocrx_word' id='word_1_580' title='bbox 3272 2905 3556 2962; x_wconf 86' lang='lat' dir='ltr'>Omnium</span> 
     </span>
    </p>
   </div>
   <div class='ocr_carea' id='block_1_91' title="bbox 1897 2994 3556 3070">
    <p class='ocr_par' dir='ltr' id='par_1_91' title="bbox 1897 2994 3556 3070">
     <span class='ocr_line' id='line_1_91' title="bbox 1897 2994 3556 3070; baseline -0.002 -16"><span class='ocrx_word' id='word_1_581' title='bbox 1897 2999 2270 3070; x_wconf 89' lang='lat' dir='ltr'>Sanctorum,</span> <span class='ocrx_word' id='word_1_582' title='bbox 2302 3002 2359 3053; x_wconf 91' lang='lat' dir='ltr'>et</span> <span class='ocrx_word' id='word_1_583' title='bbox 2387 2998 2448 3052; x_wconf 92' lang='lat' dir='ltr'>in</span> <span class='ocrx_word' id='word_1_584' title='bbox 2479 2999 2704 3054; x_wconf 77' lang='lat' dir='ltr'>caeteris</span> <span class='ocrx_word' id='word_1_585' title='bbox 2735 2997 3018 3054; x_wconf 90' lang='lat' dir='ltr'>omnibus</span> <span class='ocrx_word' id='word_1_586' title='bbox 3047 2995 3366 3069; x_wconf 83' lang='lat' dir='ltr'>praecipuis</span> <span class='ocrx_word' id='word_1_587' title='bbox 3397 2994 3556 3051; x_wconf 81' lang='lat' dir='ltr'>festi-</span> 
     </span>
    </p>
   </div>
   <div class='ocr_carea' id='block_1_92' title="bbox 1893 3085 3556 3159">
    <p class='ocr_par' dir='ltr' id='par_1_92' title="bbox 1893 3085 3556 3159">
     <span class='ocr_line' id='line_1_92' title="bbox 1893 3085 3556 3159; baseline -0.002 -17"><span class='ocrx_word' id='word_1_588' title='bbox 1893 3087 2197 3157; x_wconf 90' lang='lat' dir='ltr'>vitatibus,</span> <span class='ocrx_word' id='word_1_589' title='bbox 2238 3104 2348 3143; x_wconf 88' lang='lat' dir='ltr'>nec</span> <span class='ocrx_word' id='word_1_590' title='bbox 2379 3103 2502 3144; x_wconf 92' lang='lat' dir='ltr'>non</span> <span class='ocrx_word' id='word_1_591' title='bbox 2531 3087 2594 3143; x_wconf 91' lang='lat' dir='ltr'>in</span> <span class='ocrx_word' id='word_1_592' title='bbox 2633 3086 3079 3144; x_wconf 89' lang='lat' dir='ltr'>consecratione</span> <span class='ocrx_word' id='word_1_593' title='bbox 3109 3085 3556 3159; x_wconf 90' lang='lat' dir='ltr'>episcoporum.</span> 
     </span>
    </p>
   </div>
   <div class='ocr_carea' id='block_1_93' title="bbox 1847 3175 3557 3268">
    <p class='ocr_par' dir='ltr' id='par_1_93' title="bbox 1847 3175 3557 3268">
     <span class='ocr_line' id='line_1_93' title="bbox 1847 3175 3557 3268; baseline 0.002 -37"><span class='ocrx_word' id='word_1_594' title='bbox 1847 3178 1974 3268; x_wconf 49' lang='lat' dir='ltr'>,De</span> <span class='ocrx_word' id='word_1_595' title='bbox 2040 3178 2312 3235; x_wconf 87' lang='lat' dir='ltr'>rationali</span> <span class='ocrx_word' id='word_1_596' title='bbox 2375 3185 2576 3235; x_wconf 88' lang='lat' dir='ltr'>autem</span> <span class='ocrx_word' id='word_1_597' title='bbox 2634 3178 2902 3252; x_wconf 88' lang='lat' dir='ltr'>idipsum</span> <span class='ocrx_word' id='word_1_598' title='bbox 2953 3176 3338 3251; x_wconf 83' lang='lat' dir='ltr'>praecipimus</span> <span class='ocrx_word' id='word_1_599' title='bbox 3385 3179 3450 3231; x_wconf 91' lang='lat' dir='ltr'>ut</span> <span class='ocrx_word' id='word_1_600' title='bbox 3495 3175 3557 3235; x_wconf 84' lang='lat' dir='ltr'>in</span> 
     </span>
    </p>
   </div>
   <div class='ocr_carea' id='block_1_94' title="bbox 1896 3266 3559 3342">
    <p class='ocr_par' dir='ltr' id='par_1_94' title="bbox 1896 3266 3559 3342">
     <span class='ocr_line' id='line_1_94' title="bbox 1896 3266 3559 3342; baseline 0 -19"><span class='ocrx_word' id='word_1_601' title='bbox 1896 3269 2121 3324; x_wconf 85' lang='lat' dir='ltr'>caeteris</span> <span class='ocrx_word' id='word_1_602' title='bbox 2161 3268 2575 3325; x_wconf 89' lang='lat' dir='ltr'>festivitatibus</span> <span class='ocrx_word' id='word_1_603' title='bbox 2622 3269 2895 3336; x_wconf 90' lang='lat' dir='ltr'>utamini,</span> <span class='ocrx_word' id='word_1_604' title='bbox 2944 3266 3462 3342; x_wconf 88' lang='lat' dir='ltr'>quemadmodum</span> <span class='ocrx_word' id='word_1_605' title='bbox 3501 3269 3559 3323; x_wconf 83' lang='lat' dir='ltr'>et</span> 
     </span>
    </p>
   </div>
   <div class='ocr_carea' id='block_1_95' title="bbox 1896 3359 3559 3432">
    <p class='ocr_par' dir='ltr' id='par_1_95' title="bbox 1896 3359 3559 3432">
     <span class='ocr_line' id='line_1_95' title="bbox 1896 3359 3559 3432; baseline -0.001 -18"><span class='ocrx_word' id='word_1_606' title='bbox 1896 3359 1971 3414; x_wconf 91' lang='lat' dir='ltr'>de</span> <span class='ocrx_word' id='word_1_607' title='bbox 2022 3359 2224 3430; x_wconf 90' lang='lat' dir='ltr'>pallio.</span> <span class='ocrx_word' id='word_1_608' title='bbox 2287 3364 2536 3432; x_wconf 90' lang='lat' dir='ltr'>Insuper</span> <span class='ocrx_word' id='word_1_609' title='bbox 2573 3365 2775 3417; x_wconf 90' lang='lat' dir='ltr'>autem</span> <span class='ocrx_word' id='word_1_610' title='bbox 2813 3359 2986 3415; x_wconf 85' lang='lat' dir='ltr'>vobis</span> <span class='ocrx_word' id='word_1_611' title='bbox 3039 3359 3371 3431; x_wconf 89' lang='lat' dir='ltr'>vestrisque</span> <span class='ocrx_word' id='word_1_612' title='bbox 3426 3374 3559 3413; x_wconf 91' lang='lat' dir='ltr'>suc-</span> 
     </span>
    </p>
   </div>
   <div class='ocr_carea' id='block_1_96' title="bbox 1898 3447 3560 3522">
    <p class='ocr_par' dir='ltr' id='par_1_96' title="bbox 1898 3447 3560 3522">
     <span class='ocr_line' id='line_1_96' title="bbox 1898 3447 3560 3522; baseline -0.001 -18"><span class='ocrx_word' id='word_1_613' title='bbox 1898 3449 2234 3505; x_wconf 88' lang='lat' dir='ltr'>cessoribus</span> <span class='ocrx_word' id='word_1_614' title='bbox 2283 3449 2613 3522; x_wconf 88' lang='lat' dir='ltr'>apostolica</span> <span class='ocrx_word' id='word_1_615' title='bbox 2668 3449 3016 3505; x_wconf 88' lang='lat' dir='ltr'>auctoritate</span> <span class='ocrx_word' id='word_1_616' title='bbox 3073 3448 3385 3504; x_wconf 90' lang='lat' dir='ltr'>universos</span> <span class='ocrx_word' id='word_1_617' title='bbox 3440 3447 3560 3520; x_wconf 91' lang='lat' dir='ltr'>epi-</span> 
     </span>
    </p>
   </div>
   <div class='ocr_carea' id='block_1_97' title="bbox 1899 3538 3562 3612">
    <p class='ocr_par' dir='ltr' id='par_1_97' title="bbox 1899 3538 3562 3612">
     <span class='ocr_line' id='line_1_97' title="bbox 1899 3538 3562 3612; baseline 0.001 -19"><span class='ocrx_word' id='word_1_618' title='bbox 1899 3556 2114 3611; x_wconf 88' lang='lat' dir='ltr'>scopos</span> <span class='ocrx_word' id='word_1_619' title='bbox 2181 3542 2234 3595; x_wconf 92' lang='lat' dir='ltr'>S.</span> <span class='ocrx_word' id='word_1_620' title='bbox 2269 3539 2660 3612; x_wconf 86' lang='lat' dir='ltr'>Aquileiensis</span> <span class='ocrx_word' id='word_1_621' title='bbox 2722 3539 2994 3595; x_wconf 74' lang='lat' dir='ltr'>Ecclesiae</span> <span class='ocrx_word' id='word_1_622' title='bbox 3033 3538 3417 3611; x_wconf 86' lang='lat' dir='ltr'>pertinentes,</span> <span class='ocrx_word' id='word_1_623' title='bbox 3450 3553 3562 3594; x_wconf 87' lang='lat' dir='ltr'>nec</span> 
     </span>
    </p>
   </div>
   <div class='ocr_carea' id='block_1_98' title="bbox 1896 3626 3563 3702">
    <p class='ocr_par' dir='ltr' id='par_1_98' title="bbox 1896 3626 3563 3702">
     <span class='ocr_line' id='line_1_98' title="bbox 1896 3626 3563 3702; baseline 0 -18"><span class='ocrx_word' id='word_1_624' title='bbox 1896 3645 2019 3686; x_wconf 91' lang='lat' dir='ltr'>non</span> <span class='ocrx_word' id='word_1_625' title='bbox 2073 3629 2504 3685; x_wconf 90' lang='lat' dir='ltr'>monasteria...</span> <span class='ocrx_word' id='word_1_626' title='bbox 2566 3632 2745 3702; x_wconf 90' lang='lat' dir='ltr'>atque</span> <span class='ocrx_word' id='word_1_627' title='bbox 2803 3627 2982 3684; x_wconf 89' lang='lat' dir='ltr'>etiam</span> <span class='ocrx_word' id='word_1_628' title='bbox 3037 3626 3355 3700; x_wconf 88' lang='lat' dir='ltr'>parochias</span> <span class='ocrx_word' id='word_1_629' title='bbox 3421 3641 3563 3684; x_wconf 88' lang='lat' dir='ltr'>cun-</span> 
     </span>
    </p>
   </div>
   <div class='ocr_carea' id='block_1_99' title="bbox 1897 3714 3556 3790">
    <p class='ocr_par' dir='ltr' id='par_1_99' title="bbox 1897 3714 3556 3790">
     <span class='ocr_line' id='line_1_99' title="bbox 1897 3714 3556 3790; baseline -0.001 -18"><span class='ocrx_word' id='word_1_630' title='bbox 1897 3722 2021 3773; x_wconf 89' lang='lat' dir='ltr'>ctas</span> <span class='ocrx_word' id='word_1_631' title='bbox 2053 3717 2246 3773; x_wconf 86' lang='lat' dir='ltr'>eidem</span> <span class='ocrx_word' id='word_1_632' title='bbox 2313 3717 2740 3790; x_wconf 88' lang='lat' dir='ltr'>patriarchatui</span> <span class='ocrx_word' id='word_1_633' title='bbox 2768 3717 3130 3790; x_wconf 87' lang='lat' dir='ltr'>pertinentes</span> <span class='ocrx_word' id='word_1_634' title='bbox 3182 3732 3320 3771; x_wconf 91' lang='lat' dir='ltr'>cum</span> <span class='ocrx_word' id='word_1_635' title='bbox 3360 3714 3556 3782; x_wconf 70' lang='lat' dir='ltr'>omni-</span> 
     </span>
    </p>
   </div>
   <div class='ocr_carea' id='block_1_100' title="bbox 1895 3805 3559 3880">
    <p class='ocr_par' dir='ltr' id='par_1_100' title="bbox 1895 3805 3559 3880">
     <span class='ocr_line' id='line_1_100' title="bbox 1895 3805 3559 3880; baseline -0.002 -16"><span class='ocrx_word' id='word_1_636' title='bbox 1895 3808 2010 3864; x_wconf 88' lang='lat' dir='ltr'>bus</span> <span class='ocrx_word' id='word_1_637' title='bbox 2040 3807 2339 3880; x_wconf 87' lang='lat' dir='ltr'>plebibus,</span> <span class='ocrx_word' id='word_1_638' title='bbox 2402 3806 2604 3877; x_wconf 89' lang='lat' dir='ltr'>titulis,</span> <span class='ocrx_word' id='word_1_639' title='bbox 2647 3806 2932 3876; x_wconf 91' lang='lat' dir='ltr'>ecclesiis,</span> <span class='ocrx_word' id='word_1_640' title='bbox 2994 3822 3105 3862; x_wconf 92' lang='lat' dir='ltr'>seu</span> <span class='ocrx_word' id='word_1_641' title='bbox 3147 3805 3410 3879; x_wconf 86' lang='lat' dir='ltr'>capellis,</span> <span class='ocrx_word' id='word_1_642' title='bbox 3466 3820 3559 3861; x_wconf 73' lang='lat' dir='ltr'>ca—</span> 
     </span>
    </p>
   </div>
   <div class='ocr_carea' id='block_1_101' title="bbox 1898 3895 3558 3968">
    <p class='ocr_par' dir='ltr' id='par_1_101' title="bbox 1898 3895 3558 3968">
     <span class='ocr_line' id='line_1_101' title="bbox 1898 3895 3558 3968; baseline -0.001 -14"><span class='ocrx_word' id='word_1_643' title='bbox 1898 3897 2098 3965; x_wconf 86' lang='lat' dir='ltr'>stellis,</span> <span class='ocrx_word' id='word_1_644' title='bbox 2129 3897 2301 3968; x_wconf 89' lang='lat' dir='ltr'>villis,</span> <span class='ocrx_word' id='word_1_645' title='bbox 2333 3896 2499 3954; x_wconf 90' lang='lat' dir='ltr'>terris</span> <span class='ocrx_word' id='word_1_646' title='bbox 2545 3897 2717 3954; x_wconf 88' lang='lat' dir='ltr'>cultis</span> <span class='ocrx_word' id='word_1_647' title='bbox 2746 3902 2804 3953; x_wconf 88' lang='lat' dir='ltr'>et</span> <span class='ocrx_word' id='word_1_648' title='bbox 2856 3896 3117 3965; x_wconf 91' lang='lat' dir='ltr'>incultis,</span> <span class='ocrx_word' id='word_1_649' title='bbox 3153 3913 3257 3952; x_wconf 90' lang='lat' dir='ltr'>seu</span> <span class='ocrx_word' id='word_1_650' title='bbox 3294 3895 3558 3954; x_wconf 89' lang='lat' dir='ltr'>decima-</span> 
     </span>
    </p>
   </div>
   <div class='ocr_carea' id='block_1_102' title="bbox 1899 3985 3556 4058">
    <p class='ocr_par' dir='ltr' id='par_1_102' title="bbox 1899 3985 3556 4058">
     <span class='ocr_line' id='line_1_102' title="bbox 1899 3985 3556 4058; baseline 0 -14"><span class='ocrx_word' id='word_1_651' title='bbox 1899 3987 2160 4044; x_wconf 89' lang='lat' dir='ltr'>tionibus</span> <span class='ocrx_word' id='word_1_652' title='bbox 2181 4003 2390 4043; x_wconf 92' lang='lat' dir='ltr'>eorum</span> <span class='ocrx_word' id='word_1_653' title='bbox 2418 4003 2557 4042; x_wconf 88' lang='lat' dir='ltr'>cum</span> <span class='ocrx_word' id='word_1_654' title='bbox 2580 3985 3305 4056; x_wconf 86' lang='lat' dir='ltr'>ex_itibus,ve1redditibus</span> <span class='ocrx_word' id='word_1_655' title='bbox 3326 4002 3556 4058; x_wconf 87' lang='lat' dir='ltr'>eorum,</span> 
     </span>
    </p>
   </div>
   <div class='ocr_carea' id='block_1_103' title="bbox 1899 4071 3556 4151">
    <p class='ocr_par' dir='ltr' id='par_1_103' title="bbox 1899 4071 3556 4151">
     <span class='ocr_line' id='line_1_103' title="bbox 1899 4071 3556 4151; baseline 0 -17"><span class='ocrx_word' id='word_1_656' title='bbox 1899 4095 2003 4134; x_wconf 92' lang='lat' dir='ltr'>seu</span> <span class='ocrx_word' id='word_1_657' title='bbox 2033 4094 2173 4134; x_wconf 86' lang='lat' dir='ltr'>cum</span> <span class='ocrx_word' id='word_1_658' title='bbox 2203 4077 2486 4133; x_wconf 90' lang='lat' dir='ltr'>omnibus</span> <span class='ocrx_word' id='word_1_659' title='bbox 2520 4077 2876 4134; x_wconf 86' lang='lat' dir='ltr'>utensilibus</span> <span class='ocrx_word' id='word_1_660' title='bbox 2913 4093 3144 4146; x_wconf 91' lang='lat' dir='ltr'>eorum,</span> <span class='ocrx_word' id='word_1_661' title='bbox 3181 4081 3237 4133; x_wconf 89' lang='lat' dir='ltr'>et</span> <span class='ocrx_word' id='word_1_662' title='bbox 3265 4071 3556 4151; x_wconf 84' lang='lat' dir='ltr'>appendi-</span> 
     </span>
    </p>
   </div>
   <div class='ocr_carea' id='block_1_104' title="bbox 1898 4166 3562 4241">
    <p class='ocr_par' dir='ltr' id='par_1_104' title="bbox 1898 4166 3562 4241">
     <span class='ocr_line' id='line_1_104' title="bbox 1898 4166 3562 4241; baseline 0 -17"><span class='ocrx_word' id='word_1_663' title='bbox 1898 4169 2022 4234; x_wconf 90' lang='lat' dir='ltr'>ciis,</span> <span class='ocrx_word' id='word_1_664' title='bbox 2052 4168 2336 4241; x_wconf 79' lang='lat' dir='ltr'>quaesitis,</span> <span class='ocrx_word' id='word_1_665' title='bbox 2369 4167 2464 4223; x_wconf 90' lang='lat' dir='ltr'>vel</span> <span class='ocrx_word' id='word_1_666' title='bbox 2493 4167 2883 4241; x_wconf 90' lang='lat' dir='ltr'>inquirendis,</span> <span class='ocrx_word' id='word_1_667' title='bbox 2932 4183 3069 4241; x_wconf 81' lang='lat' dir='ltr'>quae</span> <span class='ocrx_word' id='word_1_668' title='bbox 3108 4166 3225 4223; x_wconf 91' lang='lat' dir='ltr'>dici</span> <span class='ocrx_word' id='word_1_669' title='bbox 3252 4167 3346 4223; x_wconf 90' lang='lat' dir='ltr'>vel</span> <span class='ocrx_word' id='word_1_670' title='bbox 3372 4166 3562 4224; x_wconf 88' lang='lat' dir='ltr'>nomi-</span> 
     </span>
    </p>
   </div>
   <div class='ocr_carea' id='block_1_105' title="bbox 1896 4255 3561 4332">
    <p class='ocr_par' dir='ltr' id='par_1_105' title="bbox 1896 4255 3561 4332">
     <span class='ocr_line' id='line_1_105' title="bbox 1896 4255 3561 4332; baseline 0 -18"><span class='ocrx_word' id='word_1_671' title='bbox 1896 4259 2027 4316; x_wconf 87' lang='lat' dir='ltr'>nari</span> <span class='ocrx_word' id='word_1_672' title='bbox 2053 4262 2338 4332; x_wconf 88' lang='lat' dir='ltr'>possunt,</span> <span class='ocrx_word' id='word_1_673' title='bbox 2370 4274 2480 4314; x_wconf 92' lang='lat' dir='ltr'>nec</span> <span class='ocrx_word' id='word_1_674' title='bbox 2509 4274 2632 4314; x_wconf 92' lang='lat' dir='ltr'>non</span> <span class='ocrx_word' id='word_1_675' title='bbox 2678 4257 3110 4314; x_wconf 86' lang='lat' dir='ltr'>conﬁrmamus</span> <span class='ocrx_word' id='word_1_676' title='bbox 3154 4255 3326 4312; x_wconf 89' lang='lat' dir='ltr'>vobis</span> <span class='ocrx_word' id='word_1_677' title='bbox 3358 4257 3561 4314; x_wconf 81' lang='lat' dir='ltr'>vestri-</span> 
     </span>
    </p>
   </div>
   <div class='ocr_carea' id='block_1_106' title="bbox 1898 4344 3553 4421">
    <p class='ocr_par' dir='ltr' id='par_1_106' title="bbox 1898 4344 3553 4421">
     <span class='ocr_line' id='line_1_106' title="bbox 1898 4344 3553 4421; baseline -0.001 -18"><span class='ocrx_word' id='word_1_678' title='bbox 1898 4363 2044 4421; x_wconf 91' lang='lat' dir='ltr'>sque</span> <span class='ocrx_word' id='word_1_679' title='bbox 2069 4345 2824 4416; x_wconf 88' lang='lat' dir='ltr'>successoribusinsulam,</span> <span class='ocrx_word' id='word_1_680' title='bbox 2865 4361 2999 4419; x_wconf 80' lang='lat' dir='ltr'>quae</span> <span class='ocrx_word' id='word_1_681' title='bbox 3031 4344 3260 4402; x_wconf 89' lang='lat' dir='ltr'>Gradus</span> <span class='ocrx_word' id='word_1_682' title='bbox 3285 4349 3553 4415; x_wconf 90' lang='lat' dir='ltr'>vocatur,</span> 
     </span>
    </p>
   </div>
   <div class='ocr_carea' id='block_1_107' title="bbox 1897 4433 3558 4508">
    <p class='ocr_par' dir='ltr' id='par_1_107' title="bbox 1897 4433 3558 4508">
     <span class='ocr_line' id='line_1_107' title="bbox 1897 4433 3558 4508; baseline -0.002 -15"><span class='ocrx_word' id='word_1_683' title='bbox 1897 4454 2035 4493; x_wconf 92' lang='lat' dir='ltr'>cum</span> <span class='ocrx_word' id='word_1_684' title='bbox 2056 4435 2338 4492; x_wconf 89' lang='lat' dir='ltr'>omnibus</span> <span class='ocrx_word' id='word_1_685' title='bbox 2368 4435 2490 4490; x_wconf 91' lang='lat' dir='ltr'>suis</span> <span class='ocrx_word' id='word_1_686' title='bbox 2521 4434 2907 4508; x_wconf 86' lang='lat' dir='ltr'>pertinentiis,</span> <span class='ocrx_word' id='word_1_687' title='bbox 2939 4451 3075 4508; x_wconf 80' lang='lat' dir='ltr'>quae</span> <span class='ocrx_word' id='word_1_688' title='bbox 3104 4434 3421 4490; x_wconf 90' lang='lat' dir='ltr'>barbarico</span> <span class='ocrx_word' id='word_1_689' title='bbox 3448 4433 3558 4490; x_wconf 91' lang='lat' dir='ltr'>im-</span> 
     </span>
    </p>
   </div>
   <div class='ocr_carea' id='block_1_108' title="bbox 1895 4523 3557 4600">
    <p class='ocr_par' dir='ltr' id='par_1_108' title="bbox 1895 4523 3557 4600">
     <span class='ocr_line' id='line_1_108' title="bbox 1895 4523 3557 4600; baseline -0.002 -17"><span class='ocrx_word' id='word_1_690' title='bbox 1895 4533 2036 4600; x_wconf 92' lang='lat' dir='ltr'>petu</span> <span class='ocrx_word' id='word_1_691' title='bbox 2065 4526 2143 4582; x_wconf 90' lang='lat' dir='ltr'>ab</span> <span class='ocrx_word' id='word_1_692' title='bbox 2169 4525 2383 4581; x_wconf 91' lang='lat' dir='ltr'>eadem</span> <span class='ocrx_word' id='word_1_693' title='bbox 2414 4524 2777 4598; x_wconf 87' lang='lat' dir='ltr'>Aquileiensi</span> <span class='ocrx_word' id='word_1_694' title='bbox 2813 4523 3072 4581; x_wconf 87' lang='lat' dir='ltr'>Ecclesia</span> <span class='ocrx_word' id='word_1_695' title='bbox 3102 4524 3406 4582; x_wconf 86' lang='lat' dir='ltr'>subtracta</span> <span class='ocrx_word' id='word_1_696' title='bbox 3434 4524 3557 4581; x_wconf 84' lang='lat' dir='ltr'>fue-</span> 
     </span>
    </p>
   </div>
   <div class='ocr_carea' id='block_1_109' title="bbox 1893 4613 3554 4688">
    <p class='ocr_par' dir='ltr' id='par_1_109' title="bbox 1893 4613 3554 4688">
     <span class='ocr_line' id='line_1_109' title="bbox 1893 4613 3554 4688; baseline -0.001 -16"><span class='ocrx_word' id='word_1_697' title='bbox 1893 4620 2044 4684; x_wconf 86' lang='lat' dir='ltr'>rant,</span> <span class='ocrx_word' id='word_1_698' title='bbox 2099 4619 2156 4671; x_wconf 90' lang='lat' dir='ltr'>et</span> <span class='ocrx_word' id='word_1_699' title='bbox 2185 4614 2333 4670; x_wconf 87' lang='lat' dir='ltr'>falso</span> <span class='ocrx_word' id='word_1_700' title='bbox 2385 4613 2770 4688; x_wconf 84' lang='lat' dir='ltr'>patriarchali</span> <span class='ocrx_word' id='word_1_701' title='bbox 2824 4613 3069 4669; x_wconf 90' lang='lat' dir='ltr'>nomine</span> <span class='ocrx_word' id='word_1_702' title='bbox 3130 4613 3430 4677; x_wconf 86' lang='lat' dir='ltr'>utebatur.</span> <span class='ocrx_word' id='word_1_703' title='bbox 3479 4613 3554 4671; x_wconf 88' lang='lat' dir='ltr'>de</span> 
     </span>
    </p>
   </div>
   <div class='ocr_carea' id='block_1_110' title="bbox 1892 4702 3554 4779">
    <p class='ocr_par' dir='ltr' id='par_1_110' title="bbox 1892 4702 3554 4779">
     <span class='ocr_line' id='line_1_110' title="bbox 1892 4702 3554 4779; baseline -0.001 -18"><span class='ocrx_word' id='word_1_704' title='bbox 1892 4722 2014 4779; x_wconf 91' lang='lat' dir='ltr'>qua</span> <span class='ocrx_word' id='word_1_705' title='bbox 2034 4704 2205 4760; x_wconf 90' lang='lat' dir='ltr'>multi</span> <span class='ocrx_word' id='word_1_706' title='bbox 2235 4709 2642 4759; x_wconf 89' lang='lat' dir='ltr'>antecessores</span> <span class='ocrx_word' id='word_1_707' title='bbox 2672 4702 3247 4775; x_wconf 87' lang='lat' dir='ltr'>vestri,temporibus</span> <span class='ocrx_word' id='word_1_708' title='bbox 3277 4719 3554 4760; x_wconf 90' lang='lat' dir='ltr'>meorum</span> 
     </span>
    </p>
   </div>
   <div class='ocr_carea' id='block_1_111' title="bbox 1894 4792 3554 4866">
    <p class='ocr_par' dir='ltr' id='par_1_111' title="bbox 1894 4792 3554 4866">
     <span class='ocr_line' id='line_1_111' title="bbox 1894 4792 3554 4866; baseline -0.001 -15"><span class='ocrx_word' id='word_1_709' title='bbox 1894 4801 2363 4865; x_wconf 87' lang='lat' dir='ltr'>antecessorum,</span> <span class='ocrx_word' id='word_1_710' title='bbox 2387 4799 2444 4850; x_wconf 91' lang='lat' dir='ltr'>et</span> <span class='ocrx_word' id='word_1_711' title='bbox 2471 4793 2798 4849; x_wconf 90' lang='lat' dir='ltr'>multorum</span> <span class='ocrx_word' id='word_1_712' title='bbox 2820 4792 3251 4866; x_wconf 89' lang='lat' dir='ltr'>imperatorum</span> <span class='ocrx_word' id='word_1_713' title='bbox 3282 4808 3390 4866; x_wconf 91' lang='lat' dir='ltr'>per</span> <span class='ocrx_word' id='word_1_714' title='bbox 3418 4809 3554 4850; x_wconf 81' lang='lat' dir='ltr'>mu-</span> 
     </span>
    </p>
   </div>
   <div class='ocr_carea' id='block_1_112' title="bbox 1891 4882 3552 4958">
    <p class='ocr_par' dir='ltr' id='par_1_112' title="bbox 1891 4882 3552 4958">
     <span class='ocr_line' id='line_1_112' title="bbox 1891 4882 3552 4958; baseline -0.001 -17"><span class='ocrx_word' id='word_1_715' title='bbox 1891 4886 2004 4942; x_wconf 90' lang='lat' dir='ltr'>ltas</span> <span class='ocrx_word' id='word_1_716' title='bbox 2044 4885 2310 4958; x_wconf 78' lang='lat' dir='ltr'>synodos</span> <span class='ocrx_word' id='word_1_717' title='bbox 2347 4884 2889 4958; x_wconf 86' lang='lat' dir='ltr'>proclamaverunt,</span> <span class='ocrx_word' id='word_1_718' title='bbox 2947 4882 3027 4940; x_wconf 92' lang='lat' dir='ltr'>ad</span> <span class='ocrx_word' id='word_1_719' title='bbox 3078 4899 3231 4956; x_wconf 88' lang='lat' dir='ltr'>quas</span> <span class='ocrx_word' id='word_1_720' title='bbox 3296 4883 3552 4940; x_wconf 83' lang='lat' dir='ltr'>aemulus</span> 
     </span>
    </p>
   </div>
   <div class='ocr_carea' id='block_1_113' title="bbox 1894 4972 3548 5048">
    <p class='ocr_par' dir='ltr' id='par_1_113' title="bbox 1894 4972 3548 5048">
     <span class='ocr_line' id='line_1_113' title="bbox 1894 4972 3548 5048; baseline -0.002 -15"><span class='ocrx_word' id='word_1_721' title='bbox 1894 4982 2030 5033; x_wconf 89' lang='lat' dir='ltr'>tuus</span> <span class='ocrx_word' id='word_1_722' title='bbox 2086 4975 2386 5032; x_wconf 89' lang='lat' dir='ltr'>multoties</span> <span class='ocrx_word' id='word_1_723' title='bbox 2441 4973 2718 5048; x_wconf 86' lang='lat' dir='ltr'>synodali</span> <span class='ocrx_word' id='word_1_724' title='bbox 2770 4973 3096 5044; x_wconf 72' lang='lat' dir='ltr'>sententiae,</span> <span class='ocrx_word' id='word_1_725' title='bbox 3127 4976 3185 5030; x_wconf 84' lang='lat' dir='ltr'>et</span> <span class='ocrx_word' id='word_1_726' title='bbox 3249 4972 3548 5047; x_wconf 88' lang='lat' dir='ltr'>imperiali</span> 
     </span>
    </p>
   </div>
   <div class='ocr_carea' id='block_1_114' title="bbox 1892 5062 3551 5140">
    <p class='ocr_par' dir='ltr' id='par_1_114' title="bbox 1892 5062 3551 5140">
     <span class='ocr_line' id='line_1_114' title="bbox 1892 5062 3551 5140; baseline -0.001 -18"><span class='ocrx_word' id='word_1_727' title='bbox 1892 5071 2191 5140; x_wconf 84' lang='lat' dir='ltr'>praecepto</span> <span class='ocrx_word' id='word_1_728' title='bbox 2244 5069 2494 5122; x_wconf 88' lang='lat' dir='ltr'>vocatus</span> <span class='ocrx_word' id='word_1_729' title='bbox 2524 5066 2724 5121; x_wconf 88' lang='lat' dir='ltr'>venire</span> <span class='ocrx_word' id='word_1_730' title='bbox 2779 5063 2994 5135; x_wconf 91' lang='lat' dir='ltr'>renuit,</span> <span class='ocrx_word' id='word_1_731' title='bbox 3022 5063 3183 5120; x_wconf 91' lang='lat' dir='ltr'>unde</span> <span class='ocrx_word' id='word_1_732' title='bbox 3212 5062 3551 5120; x_wconf 88' lang='lat' dir='ltr'>interventu</span> 
     </span>
    </p>
   </div>
   <div class='ocr_carea' id='block_1_115' title="bbox 1891 5153 3548 5229">
    <p class='ocr_par' dir='ltr' id='par_1_115' title="bbox 1891 5153 3548 5229">
     <span class='ocr_line' id='line_1_115' title="bbox 1891 5153 3548 5229; baseline -0.001 -15"><span class='ocrx_word' id='word_1_733' title='bbox 1891 5158 2068 5215; x_wconf 92' lang='lat' dir='ltr'>etiam</span> <span class='ocrx_word' id='word_1_734' title='bbox 2099 5161 2156 5212; x_wconf 91' lang='lat' dir='ltr'>et</span> <span class='ocrx_word' id='word_1_735' title='bbox 2183 5155 2464 5229; x_wconf 87' lang='lat' dir='ltr'>petitione</span> <span class='ocrx_word' id='word_1_736' title='bbox 2493 5155 2688 5212; x_wconf 87' lang='lat' dir='ltr'>dilecti</span> <span class='ocrx_word' id='word_1_737' title='bbox 2725 5154 2830 5211; x_wconf 84' lang='lat' dir='ltr'>ﬁlii</span> <span class='ocrx_word' id='word_1_738' title='bbox 2856 5153 3044 5211; x_wconf 89' lang='lat' dir='ltr'>nostri</span> <span class='ocrx_word' id='word_1_739' title='bbox 3072 5153 3329 5211; x_wconf 88' lang='lat' dir='ltr'>Conradi</span> <span class='ocrx_word' id='word_1_740' title='bbox 3356 5153 3548 5228; x_wconf 83' lang='lat' dir='ltr'>impe-</span> 
     </span>
    </p>
   </div>
   <div class='ocr_carea' id='block_1_116' title="bbox 1887 5244 3550 5320">
    <p class='ocr_par' dir='ltr' id='par_1_116' title="bbox 1887 5244 3550 5320">
     <span class='ocr_line' id='line_1_116' title="bbox 1887 5244 3550 5320; baseline -0.001 -16"><span class='ocrx_word' id='word_1_741' title='bbox 1887 5247 2098 5305; x_wconf 88' lang='lat' dir='ltr'>ratoris</span> <span class='ocrx_word' id='word_1_742' title='bbox 2131 5247 2384 5316; x_wconf 87' lang='lat' dir='ltr'>Augusti</span> <span class='ocrx_word' id='word_1_743' title='bbox 2431 5245 2732 5319; x_wconf 89' lang='lat' dir='ltr'>synodum</span> <span class='ocrx_word' id='word_1_744' title='bbox 2784 5244 3304 5316; x_wconf 85' lang='lat' dir='ltr'>congregavimus,</span> <span class='ocrx_word' id='word_1_745' title='bbox 3336 5245 3396 5301; x_wconf 90' lang='lat' dir='ltr'>in</span> <span class='ocrx_word' id='word_1_746' title='bbox 3425 5261 3550 5320; x_wconf 90' lang='lat' dir='ltr'>qua</span> 
     </span>
    </p>
   </div>
   <div class='ocr_carea' id='block_1_117' title="bbox 1888 5335 3545 5410">
    <p class='ocr_par' dir='ltr' id='par_1_117' title="bbox 1888 5335 3545 5410">
     <span class='ocr_line' id='line_1_117' title="bbox 1888 5335 3545 5410; baseline 0.001 -17"><span class='ocrx_word' id='word_1_747' title='bbox 1888 5337 2058 5393; x_wconf 86' lang='lat' dir='ltr'>multi</span> <span class='ocrx_word' id='word_1_748' title='bbox 2087 5341 2380 5393; x_wconf 91' lang='lat' dir='ltr'>nostrates</span> <span class='ocrx_word' id='word_1_749' title='bbox 2401 5340 2457 5392; x_wconf 90' lang='lat' dir='ltr'>et</span> <span class='ocrx_word' id='word_1_750' title='bbox 2488 5335 3545 5410; x_wconf 88' lang='lat' dir='ltr'>LongobardietTeutoniciepiscopi,</span> 
     </span>
    </p>
   </div>
   <div class='ocr_carea' id='block_1_118' title="bbox 1888 5423 3544 5499">
    <p class='ocr_par' dir='ltr' id='par_1_118' title="bbox 1888 5423 3544 5499">
     <span class='ocr_line' id='line_1_118' title="bbox 1888 5423 3544 5499; baseline 0 -16"><span class='ocrx_word' id='word_1_751' title='bbox 1888 5432 1944 5483; x_wconf 91' lang='lat' dir='ltr'>et</span> <span class='ocrx_word' id='word_1_752' title='bbox 1991 5426 2242 5482; x_wconf 89' lang='lat' dir='ltr'>abbates</span> <span class='ocrx_word' id='word_1_753' title='bbox 2290 5426 2698 5493; x_wconf 89' lang='lat' dir='ltr'>interfuerunt,</span> <span class='ocrx_word' id='word_1_754' title='bbox 2747 5423 2826 5481; x_wconf 89' lang='lat' dir='ltr'>ad</span> <span class='ocrx_word' id='word_1_755' title='bbox 2855 5441 3043 5498; x_wconf 90' lang='lat' dir='ltr'>quam</span> <span class='ocrx_word' id='word_1_756' title='bbox 3081 5425 3208 5499; x_wconf 88' lang='lat' dir='ltr'>ipse</span> <span class='ocrx_word' id='word_1_757' title='bbox 3257 5426 3544 5484; x_wconf 89' lang='lat' dir='ltr'>canonice</span> 
     </span>
    </p>
   </div>
   <div class='ocr_carea' id='block_1_119' title="bbox 1887 5513 3544 5588">
    <p class='ocr_par' dir='ltr' id='par_1_119' title="bbox 1887 5513 3544 5588">
     <span class='ocr_line' id='line_1_119' title="bbox 1887 5513 3544 5588; baseline 0.001 -15"><span class='ocrx_word' id='word_1_758' title='bbox 1887 5522 2134 5573; x_wconf 85' lang='lat' dir='ltr'>vocatus</span> <span class='ocrx_word' id='word_1_759' title='bbox 2192 5513 2392 5571; x_wconf 91' lang='lat' dir='ltr'>venire</span> <span class='ocrx_word' id='word_1_760' title='bbox 2443 5515 2686 5571; x_wconf 89' lang='lat' dir='ltr'>distulit.</span> <span class='ocrx_word' id='word_1_761' title='bbox 2754 5515 2918 5572; x_wconf 89' lang='lat' dir='ltr'>Unde</span> <span class='ocrx_word' id='word_1_762' title='bbox 2970 5515 3198 5588; x_wconf 91' lang='lat' dir='ltr'>judicio</span> <span class='ocrx_word' id='word_1_763' title='bbox 3269 5517 3544 5575; x_wconf 89' lang='lat' dir='ltr'>omnium</span> 
     </span>
    </p>
   </div>
   <div class='ocr_carea' id='block_1_120' title="bbox 1883 5605 3541 5682">
    <p class='ocr_par' dir='ltr' id='par_1_120' title="bbox 1883 5605 3541 5682">
     <span class='ocr_line' id='line_1_120' title="bbox 1883 5605 3541 5682; baseline 0 -19"><span class='ocrx_word' id='word_1_764' title='bbox 1883 5608 2306 5682; x_wconf 87' lang='lat' dir='ltr'>episcoporum</span> <span class='ocrx_word' id='word_1_765' title='bbox 2336 5605 2440 5678; x_wconf 87' lang='lat' dir='ltr'>qui</span> <span class='ocrx_word' id='word_1_766' title='bbox 2464 5605 2734 5676; x_wconf 89' lang='lat' dir='ltr'>aderant,</span> <span class='ocrx_word' id='word_1_767' title='bbox 2783 5605 3052 5663; x_wconf 86' lang='lat' dir='ltr'>restituta</span> <span class='ocrx_word' id='word_1_768' title='bbox 3081 5611 3172 5664; x_wconf 91' lang='lat' dir='ltr'>est</span> <span class='ocrx_word' id='word_1_769' title='bbox 3216 5607 3299 5665; x_wconf 90' lang='lat' dir='ltr'>ibi</span> <span class='ocrx_word' id='word_1_770' title='bbox 3327 5609 3541 5664; x_wconf 88' lang='lat' dir='ltr'>eadem</span> 
     </span>
    </p>
   </div>
   <div class='ocr_carea' id='block_1_121' title="bbox 1881 5695 3539 5768">
    <p class='ocr_par' dir='ltr' id='par_1_121' title="bbox 1881 5695 3539 5768">
     <span class='ocr_line' id='line_1_121' title="bbox 1881 5695 3539 5768; baseline -0.002 -15"><span class='ocrx_word' id='word_1_771' title='bbox 1881 5695 2078 5753; x_wconf 89' lang='lat' dir='ltr'>insula</span> <span class='ocrx_word' id='word_1_772' title='bbox 2099 5712 2237 5750; x_wconf 90' lang='lat' dir='ltr'>cum</span> <span class='ocrx_word' id='word_1_773' title='bbox 2267 5695 2550 5751; x_wconf 90' lang='lat' dir='ltr'>omnibus</span> <span class='ocrx_word' id='word_1_774' title='bbox 2576 5695 2697 5752; x_wconf 90' lang='lat' dir='ltr'>suis</span> <span class='ocrx_word' id='word_1_775' title='bbox 2722 5695 3179 5768; x_wconf 89' lang='lat' dir='ltr'>pertinentiis,ut</span> <span class='ocrx_word' id='word_1_776' title='bbox 3207 5696 3539 5754; x_wconf 87' lang='lat' dir='ltr'>secundum</span> 
     </span>
    </p>
   </div>
   <div class='ocr_carea' id='block_1_122' title="bbox 1885 5784 3531 5851">
    <p class='ocr_par' dir='ltr' id='par_1_122' title="bbox 1885 5784 3531 5851">
     <span class='ocr_line' id='line_1_122' title="bbox 1885 5784 3531 5851; baseline -0.001 -11"><span class='ocrx_word' id='word_1_777' title='bbox 1885 5788 2070 5842; x_wconf 88' lang='lat' dir='ltr'>Deum</span> <span class='ocrx_word' id='word_1_778' title='bbox 2100 5791 2156 5841; x_wconf 89' lang='lat' dir='ltr'>et</span> <span class='ocrx_word' id='word_1_779' title='bbox 2184 5789 2390 5841; x_wconf 87' lang='lat' dir='ltr'>votum</span> <span class='ocrx_word' id='word_1_780' title='bbox 2405 5790 2672 5843; x_wconf 87' lang='lat' dir='ltr'>vestrum</span> <span class='ocrx_word' id='word_1_781' title='bbox 2691 5803 2824 5844; x_wconf 88' lang='lat' dir='ltr'>eam</span> <span class='ocrx_word' id='word_1_782' title='bbox 2842 5786 3121 5844; x_wconf 86' lang='lat' dir='ltr'>ordinare</span> <span class='ocrx_word' id='word_1_783' title='bbox 3141 5785 3312 5842; x_wconf 90' lang='lat' dir='ltr'>vobis</span> <span class='ocrx_word' id='word_1_784' title='bbox 3339 5784 3531 5851; x_wconf 86' lang='lat' dir='ltr'>liceat,</span> 
     </span>
    </p>
   </div>
   <div class='ocr_carea' id='block_1_123' title="bbox 1882 5871 3530 5949">
    <p class='ocr_par' dir='ltr' id='par_1_123' title="bbox 1882 5871 3530 5949">
     <span class='ocr_line' id='line_1_123' title="bbox 1882 5871 3530 5949; baseline -0.004 -18"><span class='ocrx_word' id='word_1_785' title='bbox 1882 5876 1978 5933; x_wconf 82' lang='lat' dir='ltr'>vel</span> <span class='ocrx_word' id='word_1_786' title='bbox 2006 5876 2212 5934; x_wconf 90' lang='lat' dir='ltr'>omnia</span> <span class='ocrx_word' id='word_1_787' title='bbox 2239 5892 2374 5949; x_wconf 82' lang='lat' dir='ltr'>quae</span> <span class='ocrx_word' id='word_1_788' title='bbox 2404 5875 2516 5933; x_wconf 90' lang='lat' dir='ltr'>sub</span> <span class='ocrx_word' id='word_1_789' title='bbox 2537 5877 2671 5948; x_wconf 89' lang='lat' dir='ltr'>jure</span> <span class='ocrx_word' id='word_1_790' title='bbox 2701 5893 2771 5936; x_wconf 89' lang='lat' dir='ltr'>ac</span> <span class='ocrx_word' id='word_1_791' title='bbox 2801 5875 3068 5935; x_wconf 87' lang='lat' dir='ltr'>dominio</span> <span class='ocrx_word' id='word_1_792' title='bbox 3096 5871 3530 5947; x_wconf 85' lang='lat' dir='ltr'>patriarchatus</span> 
     </span>
    </p>
   </div>
  </div>
