  <div class='ocr_page' id='page_1' title='image "/cluster/home/n/w/nwhite01/storage/ocr_20150623/140-141/uc1.31175018559917/1145.png"; bbox 0 0 3888 6436; ppageno 0'>
   <div class='ocr_carea' id='block_1_1' title="bbox 349 336 485 394">
    <p class='ocr_par' dir='ltr' id='par_1_1' title="bbox 349 336 485 394">
     <span class='ocr_line' id='line_1_1' title="bbox 349 336 485 394; baseline -0.007 -1"><span class='ocrx_word' id='word_1_1' title='bbox 349 336 485 394; x_wconf 77' lang='lat'>“39</span> 
     </span>
    </p>
   </div>
   <div class='ocr_carea' id='block_1_2' title="bbox 1718 327 2382 389">
    <p class='ocr_par' dir='ltr' id='par_1_2' title="bbox 1718 327 2382 389">
     <span class='ocr_line' id='line_1_2' title="bbox 1718 327 2382 389; baseline -0.002 0"><span class='ocrx_word' id='word_1_2' title='bbox 1718 327 2004 389; x_wconf 72' lang='lat' dir='ltr'>JOANNIS</span> <span class='ocrx_word' id='word_1_3' title='bbox 2040 328 2151 388; x_wconf 85' lang='lat' dir='ltr'>XIX</span> <span class='ocrx_word' id='word_1_4' title='bbox 2186 329 2382 389; x_wconf 68' lang='lat' dir='ltr'>PAPJE</span> 
     </span>
    </p>
   </div>
   <div class='ocr_carea' id='block_1_3' title="bbox 3642 318 3809 379">
    <p class='ocr_par' dir='ltr' id='par_1_3' title="bbox 3642 318 3809 379">
     <span class='ocr_line' id='line_1_3' title="bbox 3642 318 3809 379; baseline -0.018 0"><span class='ocrx_word' id='word_1_5' title='bbox 3642 318 3809 379; x_wconf 74' lang='grc'>1140</span> 
     </span>
    </p>
   </div>
   <div class='ocr_carea' id='block_1_4' title="bbox 345 445 3803 533">
    <p class='ocr_par' dir='ltr' id='par_1_4' title="bbox 345 445 3803 533">
     <span class='ocr_line' id='line_1_4' title="bbox 345 445 3803 533; baseline -0.005 -16"><span class='ocrx_word' id='word_1_6' title='bbox 345 457 578 533; x_wconf 68' lang='lat' dir='ltr'>praefati</span> <span class='ocrx_word' id='word_1_7' title='bbox 603 457 1007 530; x_wconf 87' lang='lat' dir='ltr'>adjacere,vel</span> <span class='ocrx_word' id='word_1_8' title='bbox 1034 456 1328 532; x_wconf 79' lang='lat' dir='ltr'>pertinere</span> <span class='ocrx_word' id='word_1_9' title='bbox 1349 453 1993 530; x_wconf 88' lang='lat' dir='ltr'>noscuntur,quemad-</span> <span class='ocrx_word' id='word_1_10' title='bbox 2027 457 2075 510; x_wconf 82' lang='grc' dir='ltr'><strong>Α</strong></span> <span class='ocrx_word' id='word_1_11' title='bbox 2174 455 2216 525; x_wconf 60' lang='grc' dir='ltr'>-Ῑη</span> <span class='ocrx_word' id='word_1_12' title='bbox 2243 456 2500 512; x_wconf 85' lang='lat' dir='ltr'>Joannes</span> <span class='ocrx_word' id='word_1_13' title='bbox 2527 453 2868 528; x_wconf 90' lang='lat' dir='ltr'>episcopus.</span> <span class='ocrx_word' id='word_1_14' title='bbox 2900 466 3104 511; x_wconf 86' lang='lat' dir='ltr'>servus</span> <span class='ocrx_word' id='word_1_15' title='bbox 3133 464 3446 508; x_wconf 87' lang='lat' dir='ltr'>servorum</span> <span class='ocrx_word' id='word_1_16' title='bbox 3479 445 3598 505; x_wconf 89' lang='lat' dir='ltr'>Dei</span> <span class='ocrx_word' id='word_1_17' title='bbox 3624 445 3803 503; x_wconf 89' lang='lat' dir='ltr'>S.Ti-</span> 
     </span>
    </p>
   </div>
   <div class='ocr_carea' id='block_1_5' title="bbox 347 544 1993 620">
    <p class='ocr_par' dir='ltr' id='par_1_5' title="bbox 347 544 1993 620">
     <span class='ocr_line' id='line_1_5' title="bbox 347 544 1993 620; baseline -0.004 -15"><span class='ocrx_word' id='word_1_18' title='bbox 347 547 601 605; x_wconf 92' lang='lat' dir='ltr'>modum</span> <span class='ocrx_word' id='word_1_19' title='bbox 651 547 1030 604; x_wconf 86' lang='lat' dir='ltr'>beatissimus</span> <span class='ocrx_word' id='word_1_20' title='bbox 1085 549 1287 602; x_wconf 86' lang='lat' dir='ltr'>Petrus</span> <span class='ocrx_word' id='word_1_21' title='bbox 1343 546 1649 620; x_wconf 83' lang='lat' dir='ltr'>apostolus</span> <span class='ocrx_word' id='word_1_22' title='bbox 1703 544 1847 602; x_wconf 92' lang='lat' dir='ltr'>olim</span> <span class='ocrx_word' id='word_1_23' title='bbox 1884 559 1993 599; x_wconf 90' lang='lat' dir='ltr'>suo</span> 
     </span>
    </p>
   </div>
   <div class='ocr_carea' id='block_1_6' title="bbox 348 633 1995 710">
    <p class='ocr_par' dir='ltr' id='par_1_6' title="bbox 348 633 1995 710">
     <span class='ocr_line' id='line_1_6' title="bbox 348 633 1995 710; baseline -0.002 -18"><span class='ocrx_word' id='word_1_24' title='bbox 348 636 642 710; x_wconf 91' lang='lat' dir='ltr'>discipulo</span> <span class='ocrx_word' id='word_1_25' title='bbox 666 639 855 692; x_wconf 82' lang='lat' dir='ltr'>Marco</span> <span class='ocrx_word' id='word_1_26' title='bbox 913 635 1310 706; x_wconf 84' lang='lat' dir='ltr'>evangelistae,</span> <span class='ocrx_word' id='word_1_27' title='bbox 1337 636 1586 707; x_wconf 88' lang='lat' dir='ltr'>ejusque</span> <span class='ocrx_word' id='word_1_28' title='bbox 1613 634 1854 708; x_wconf 87' lang='lat' dir='ltr'>sequaci</span> <span class='ocrx_word' id='word_1_29' title='bbox 1879 633 1995 689; x_wconf 90' lang='lat' dir='ltr'>ele-</span> 
     </span>
    </p>
   </div>
   <div class='ocr_carea' id='block_1_7' title="bbox 350 722 1998 795">
    <p class='ocr_par' dir='ltr' id='par_1_7' title="bbox 350 722 1998 795">
     <span class='ocr_line' id='line_1_7' title="bbox 350 722 1998 795; baseline -0.002 -14"><span class='ocrx_word' id='word_1_30' title='bbox 350 725 513 794; x_wconf 89' lang='lat' dir='ltr'>ganti</span> <span class='ocrx_word' id='word_1_31' title='bbox 557 724 685 780; x_wconf 90' lang='lat' dir='ltr'>viro</span> <span class='ocrx_word' id='word_1_32' title='bbox 716 724 1094 795; x_wconf 65' lang='lat' dir='ltr'>Hermagorae</span> <span class='ocrx_word' id='word_1_33' title='bbox 1125 724 1501 781; x_wconf 89' lang='lat' dir='ltr'>contradidit.</span> <span class='ocrx_word' id='word_1_34' title='bbox 1535 725 1863 780; x_wconf 89' lang='lat' dir='ltr'>Statuentes</span> <span class='ocrx_word' id='word_1_35' title='bbox 1893 722 1998 792; x_wconf 83' lang='lat' dir='ltr'>igi-</span> 
     </span>
    </p>
   </div>
   <div class='ocr_carea' id='block_1_8' title="bbox 348 812 1998 886">
    <p class='ocr_par' dir='ltr' id='par_1_8' title="bbox 348 812 1998 886">
     <span class='ocr_line' id='line_1_8' title="bbox 348 812 1998 886; baseline -0.002 -16"><span class='ocrx_word' id='word_1_36' title='bbox 348 817 444 870; x_wconf 85' lang='lat' dir='ltr'>tur</span> <span class='ocrx_word' id='word_1_37' title='bbox 491 813 818 886; x_wconf 88' lang='lat' dir='ltr'>apostolica</span> <span class='ocrx_word' id='word_1_38' title='bbox 869 828 1122 870; x_wconf 87' lang='lat' dir='ltr'>censura</span> <span class='ocrx_word' id='word_1_39' title='bbox 1150 813 1262 870; x_wconf 91' lang='lat' dir='ltr'>sub</span> <span class='ocrx_word' id='word_1_40' title='bbox 1292 813 1476 869; x_wconf 88' lang='lat' dir='ltr'>divini</span> <span class='ocrx_word' id='word_1_41' title='bbox 1500 812 1705 884; x_wconf 91' lang='lat' dir='ltr'>judicii</span> <span class='ocrx_word' id='word_1_42' title='bbox 1745 812 1998 868; x_wconf 88' lang='lat' dir='ltr'>obtesta-</span> 
     </span>
    </p>
   </div>
   <div class='ocr_carea' id='block_1_9' title="bbox 350 900 2000 958">
    <p class='ocr_par' dir='ltr' id='par_1_9' title="bbox 350 900 2000 958">
     <span class='ocr_line' id='line_1_9' title="bbox 350 900 2000 958; baseline -0.002 -1"><span class='ocrx_word' id='word_1_43' title='bbox 350 901 506 958; x_wconf 84' lang='lat' dir='ltr'>tione</span> <span class='ocrx_word' id='word_1_44' title='bbox 555 904 612 957; x_wconf 91' lang='lat' dir='ltr'>et</span> <span class='ocrx_word' id='word_1_45' title='bbox 669 901 1062 957; x_wconf 87' lang='lat' dir='ltr'>anathematis</span> <span class='ocrx_word' id='word_1_46' title='bbox 1116 901 1429 957; x_wconf 88' lang='lat' dir='ltr'>interdictu</span> <span class='ocrx_word' id='word_1_47' title='bbox 1483 900 1889 957; x_wconf 86' lang='lat' dir='ltr'>interdicimus</span> <span class='ocrx_word' id='word_1_48' title='bbox 1935 903 2000 954; x_wconf 90' lang='lat' dir='ltr'>ut</span> 
     </span>
    </p>
   </div>
   <div class='ocr_carea' id='block_1_10' title="bbox 348 988 1996 1064">
    <p class='ocr_par' dir='ltr' id='par_1_10' title="bbox 348 988 1996 1064">
     <span class='ocr_line' id='line_1_10' title="bbox 348 988 1996 1064; baseline -0.002 -18"><span class='ocrx_word' id='word_1_49' title='bbox 348 989 548 1046; x_wconf 89' lang='lat' dir='ltr'>nullus</span> <span class='ocrx_word' id='word_1_50' title='bbox 572 1005 843 1064; x_wconf 88' lang='lat' dir='ltr'>unquam</span> <span class='ocrx_word' id='word_1_51' title='bbox 889 995 1228 1046; x_wconf 89' lang='lat' dir='ltr'>nostrorum</span> <span class='ocrx_word' id='word_1_52' title='bbox 1276 1007 1687 1046; x_wconf 86' lang='lat' dir='ltr'>successorum</span> <span class='ocrx_word' id='word_1_53' title='bbox 1711 988 1996 1062; x_wconf 84' lang='lat' dir='ltr'>pontifex,</span> 
     </span>
    </p>
   </div>
   <div class='ocr_carea' id='block_1_11' title="bbox 349 1078 1998 1152">
    <p class='ocr_par' dir='ltr' id='par_1_11' title="bbox 349 1078 1998 1152">
     <span class='ocr_line' id='line_1_11' title="bbox 349 1078 1998 1152; baseline 0 -18"><span class='ocrx_word' id='word_1_54' title='bbox 349 1078 669 1152; x_wconf 90' lang='lat' dir='ltr'>nullusque</span> <span class='ocrx_word' id='word_1_55' title='bbox 709 1079 1048 1152; x_wconf 89' lang='lat' dir='ltr'>episcopus,</span> <span class='ocrx_word' id='word_1_56' title='bbox 1095 1079 1378 1152; x_wconf 91' lang='lat' dir='ltr'>nullaque</span> <span class='ocrx_word' id='word_1_57' title='bbox 1426 1095 1651 1150; x_wconf 86' lang='lat' dir='ltr'>magna</span> <span class='ocrx_word' id='word_1_58' title='bbox 1691 1093 1998 1152; x_wconf 90' lang='lat' dir='ltr'>parvaque</span> 
     </span>
    </p>
   </div>
   <div class='ocr_carea' id='block_1_12' title="bbox 349 1166 2002 1242">
    <p class='ocr_par' dir='ltr' id='par_1_12' title="bbox 349 1166 2002 1242">
     <span class='ocr_line' id='line_1_12' title="bbox 349 1166 2002 1242; baseline -0.003 -16"><span class='ocrx_word' id='word_1_59' title='bbox 349 1183 610 1241; x_wconf 86' lang='lat' dir='ltr'>persona</span> <span class='ocrx_word' id='word_1_60' title='bbox 636 1169 698 1224; x_wconf 92' lang='lat' dir='ltr'>in</span> <span class='ocrx_word' id='word_1_61' title='bbox 731 1169 863 1224; x_wconf 87' lang='lat' dir='ltr'>totis</span> <span class='ocrx_word' id='word_1_62' title='bbox 900 1168 1119 1224; x_wconf 88' lang='lat' dir='ltr'>ﬁnibus</span> <span class='ocrx_word' id='word_1_63' title='bbox 1173 1169 1356 1225; x_wconf 91' lang='lat' dir='ltr'>vestri</span> <span class='ocrx_word' id='word_1_64' title='bbox 1417 1168 1853 1242; x_wconf 88' lang='lat' dir='ltr'>patriarchatus</span> <span class='ocrx_word' id='word_1_65' title='bbox 1904 1166 2002 1222; x_wconf 91' lang='lat' dir='ltr'>vel</span> 
     </span>
    </p>
   </div>
   <div class='ocr_carea' id='block_1_13' title="bbox 350 1256 2000 1329">
    <p class='ocr_par' dir='ltr' id='par_1_13' title="bbox 350 1256 2000 1329">
     <span class='ocr_line' id='line_1_13' title="bbox 350 1256 2000 1329; baseline -0.001 -18"><span class='ocrx_word' id='word_1_66' title='bbox 350 1256 766 1329; x_wconf 89' lang='lat' dir='ltr'>episcoporum</span> <span class='ocrx_word' id='word_1_67' title='bbox 792 1261 1126 1313; x_wconf 91' lang='lat' dir='ltr'>vestrorum</span> <span class='ocrx_word' id='word_1_68' title='bbox 1156 1256 1424 1313; x_wconf 91' lang='lat' dir='ltr'>dominio</span> <span class='ocrx_word' id='word_1_69' title='bbox 1449 1256 1890 1329; x_wconf 88' lang='lat' dir='ltr'>pertinentium,</span> <span class='ocrx_word' id='word_1_70' title='bbox 1909 1270 2000 1310; x_wconf 91' lang='lat' dir='ltr'>or-</span> 
     </span>
    </p>
   </div>
   <div class='ocr_carea' id='block_1_14' title="bbox 353 1344 2003 1419">
    <p class='ocr_par' dir='ltr' id='par_1_14' title="bbox 353 1344 2003 1419">
     <span class='ocr_line' id='line_1_14' title="bbox 353 1344 2003 1419; baseline -0.001 -19"><span class='ocrx_word' id='word_1_71' title='bbox 353 1344 720 1401; x_wconf 89' lang='lat' dir='ltr'>dinationem</span> <span class='ocrx_word' id='word_1_72' title='bbox 750 1345 1081 1418; x_wconf 85' lang='lat' dir='ltr'>quamlibet</span> <span class='ocrx_word' id='word_1_73' title='bbox 1125 1346 1316 1402; x_wconf 89' lang='lat' dir='ltr'>facere</span> <span class='ocrx_word' id='word_1_74' title='bbox 1345 1350 1732 1419; x_wconf 72' lang='lat' dir='ltr'>praesumant,</span> <span class='ocrx_word' id='word_1_75' title='bbox 1765 1345 1878 1400; x_wconf 90' lang='lat' dir='ltr'>nisi</span> <span class='ocrx_word' id='word_1_76' title='bbox 1905 1359 2003 1399; x_wconf 91' lang='lat' dir='ltr'>ve-</span> 
     </span>
    </p>
   </div>
   <div class='ocr_carea' id='block_1_15' title="bbox 351 1435 1998 1507">
    <p class='ocr_par' dir='ltr' id='par_1_15' title="bbox 351 1435 1998 1507">
     <span class='ocr_line' id='line_1_15' title="bbox 351 1435 1998 1507; baseline -0.002 -16"><span class='ocrx_word' id='word_1_77' title='bbox 351 1439 472 1491; x_wconf 90' lang='lat' dir='ltr'>stro</span> <span class='ocrx_word' id='word_1_78' title='bbox 526 1439 976 1507; x_wconf 87' lang='lat' dir='ltr'>vestrorumque</span> <span class='ocrx_word' id='word_1_79' title='bbox 1032 1451 1451 1491; x_wconf 87' lang='lat' dir='ltr'>successorum</span> <span class='ocrx_word' id='word_1_80' title='bbox 1478 1435 1650 1491; x_wconf 89' lang='lat' dir='ltr'>fuerit</span> <span class='ocrx_word' id='word_1_81' title='bbox 1680 1449 1998 1500; x_wconf 91' lang='lat' dir='ltr'>consensu,</span> 
     </span>
    </p>
   </div>
   <div class='ocr_carea' id='block_1_16' title="bbox 349 1520 2000 1595">
    <p class='ocr_par' dir='ltr' id='par_1_16' title="bbox 349 1520 2000 1595">
     <span class='ocr_line' id='line_1_16' title="bbox 349 1520 2000 1595; baseline -0.001 -17"><span class='ocrx_word' id='word_1_82' title='bbox 349 1526 644 1595; x_wconf 87' lang='lat' dir='ltr'>quatenus</span> <span class='ocrx_word' id='word_1_83' title='bbox 674 1521 1066 1578; x_wconf 86' lang='lat' dir='ltr'>Eeclesiarum</span> <span class='ocrx_word' id='word_1_84' title='bbox 1125 1523 1366 1578; x_wconf 89' lang='lat' dir='ltr'>ordines</span> <span class='ocrx_word' id='word_1_85' title='bbox 1395 1539 1533 1579; x_wconf 89' lang='lat' dir='ltr'>cum</span> <span class='ocrx_word' id='word_1_86' title='bbox 1573 1522 1673 1578; x_wconf 88' lang='lat' dir='ltr'>Dei</span> <span class='ocrx_word' id='word_1_87' title='bbox 1703 1520 2000 1593; x_wconf 90' lang='lat' dir='ltr'>adjutorio</span> 
     </span>
    </p>
   </div>
   <div class='ocr_carea' id='block_1_17' title="bbox 350 1612 2002 1685">
    <p class='ocr_par' dir='ltr' id='par_1_17' title="bbox 350 1612 2002 1685">
     <span class='ocr_line' id='line_1_17' title="bbox 350 1612 2002 1685; baseline -0.001 -17"><span class='ocrx_word' id='word_1_88' title='bbox 350 1612 551 1669; x_wconf 87' lang='lat' dir='ltr'>sedule</span> <span class='ocrx_word' id='word_1_89' title='bbox 581 1617 940 1668; x_wconf 89' lang='lat' dir='ltr'>accrescant.</span> <span class='ocrx_word' id='word_1_90' title='bbox 976 1613 1032 1669; x_wconf 89' lang='lat' dir='ltr'>Si</span> <span class='ocrx_word' id='word_1_91' title='bbox 1063 1613 1196 1685; x_wconf 90' lang='lat' dir='ltr'>quis</span> <span class='ocrx_word' id='word_1_92' title='bbox 1225 1617 1446 1678; x_wconf 89' lang='lat' dir='ltr'>autem,</span> <span class='ocrx_word' id='word_1_93' title='bbox 1499 1612 1664 1685; x_wconf 92' lang='lat' dir='ltr'>quod</span> <span class='ocrx_word' id='word_1_94' title='bbox 1688 1628 1810 1667; x_wconf 93' lang='lat' dir='ltr'>non</span> <span class='ocrx_word' id='word_1_95' title='bbox 1836 1616 2002 1684; x_wconf 90' lang='lat' dir='ltr'>opta-</span> 
     </span>
    </p>
   </div>
   <div class='ocr_carea' id='block_1_18' title="bbox 349 1698 2000 1773">
    <p class='ocr_par' dir='ltr' id='par_1_18' title="bbox 349 1698 2000 1773">
     <span class='ocr_line' id='line_1_18' title="bbox 349 1698 2000 1773; baseline -0.002 -16"><span class='ocrx_word' id='word_1_96' title='bbox 349 1717 504 1768; x_wconf 89' lang='lat' dir='ltr'>mus,</span> <span class='ocrx_word' id='word_1_97' title='bbox 563 1699 874 1756; x_wconf 88' lang='lat' dir='ltr'>temerario</span> <span class='ocrx_word' id='word_1_98' title='bbox 904 1717 1060 1756; x_wconf 89' lang='lat' dir='ltr'>ausu</span> <span class='ocrx_word' id='word_1_99' title='bbox 1097 1700 1278 1771; x_wconf 86' lang='lat' dir='ltr'>hujus</span> <span class='ocrx_word' id='word_1_100' title='bbox 1309 1701 1491 1756; x_wconf 83' lang='lat' dir='ltr'>nostri</span> <span class='ocrx_word' id='word_1_101' title='bbox 1548 1699 1855 1773; x_wconf 88' lang='lat' dir='ltr'>apostolici</span> <span class='ocrx_word' id='word_1_102' title='bbox 1880 1698 2000 1772; x_wconf 90' lang='lat' dir='ltr'>pri-</span> 
     </span>
    </p>
   </div>
   <div class='ocr_carea' id='block_1_19' title="bbox 2101 542 2676 600">
    <p class='ocr_par' dir='ltr' id='par_1_19' title="bbox 2101 542 2676 600">
     <span class='ocr_line' id='line_1_19' title="bbox 2101 542 2676 600; baseline 0.003 -3"><span class='ocrx_word' id='word_1_103' title='bbox 2101 542 2354 600; x_wconf 77' lang='lat' dir='ltr'>burtinae</span> <span class='ocrx_word' id='word_1_104' title='bbox 2384 543 2676 600; x_wconf 63' lang='lat' dir='ltr'>Ecclesiae.</span> 
     </span>
    </p>
   </div>
   <div class='ocr_carea' id='block_1_20' title="bbox 2886 666 2967 722">
    <p class='ocr_par' dir='ltr' id='par_1_20' title="bbox 2886 666 2967 722">
     <span class='ocr_line' id='line_1_20' title="bbox 2886 666 2967 722; baseline -0.025 0"><span class='ocrx_word' id='word_1_105' title='bbox 2886 666 2967 722; x_wconf 83' lang='lat' dir='ltr'>1X.</span> 
     </span>
    </p>
   </div>
   <div class='ocr_carea' id='block_1_21' title="bbox 2103 788 3800 863">
    <p class='ocr_par' dir='ltr' id='par_1_21' title="bbox 2103 788 3800 863">
     <span class='ocr_line' id='line_1_21' title="bbox 2103 788 3800 863; baseline -0.006 -13"><span class='ocrx_word' id='word_1_106' title='bbox 2103 796 2364 851; x_wconf 86' lang='lat' dir='ltr'>Joannes</span> <span class='ocrx_word' id='word_1_107' title='bbox 2393 795 2537 850; x_wconf 85' lang='lat' dir='ltr'>XIX</span> <span class='ocrx_word' id='word_1_108' title='bbox 2560 793 2622 849; x_wconf 87' lang='lat' dir='ltr'>in</span> <span class='ocrx_word' id='word_1_109' title='bbox 2679 793 2904 863; x_wconf 82' lang='lat' dir='ltr'>synodo</span> <span class='ocrx_word' id='word_1_110' title='bbox 2926 789 3421 861; x_wconf 78' lang='lat' dir='ltr'>patriarchatum</span> <span class='ocrx_word' id='word_1_111' title='bbox 3489 788 3800 843; x_wconf 83' lang='lat' dir='ltr'>Graden-</span> 
     </span>
    </p>
   </div>
   <div class='ocr_carea' id='block_1_22' title="bbox 2175 877 3802 952">
    <p class='ocr_par' dir='ltr' id='par_1_22' title="bbox 2175 877 3802 952">
     <span class='ocr_line' id='line_1_22' title="bbox 2175 877 3802 952; baseline -0.004 -14"><span class='ocrx_word' id='word_1_112' title='bbox 2175 899 2313 951; x_wconf 87' lang='lat' dir='ltr'>sem,</span> <span class='ocrx_word' id='word_1_113' title='bbox 2339 887 2688 952; x_wconf 80' lang='lat' dir='ltr'>potestatem</span> <span class='ocrx_word' id='word_1_114' title='bbox 2712 881 3015 950; x_wconf 83' lang='lat' dir='ltr'>Popponis</span> <span class='ocrx_word' id='word_1_115' title='bbox 3027 879 3398 950; x_wconf 70' lang='lat' dir='ltr'>patriarchae</span> <span class='ocrx_word' id='word_1_116' title='bbox 3417 877 3802 948; x_wconf 82' lang='lat' dir='ltr'>Aquileien-</span> 
     </span>
    </p>
   </div>
   <div class='ocr_carea' id='block_1_23' title="bbox 2176 966 3800 1040">
    <p class='ocr_par' dir='ltr' id='par_1_23' title="bbox 2176 966 3800 1040">
     <span class='ocr_line' id='line_1_23' title="bbox 2176 966 3800 1040; baseline -0.004 -14"><span class='ocrx_word' id='word_1_117' title='bbox 2176 973 2253 1027; x_wconf 86' lang='lat' dir='ltr'>sis</span> <span class='ocrx_word' id='word_1_118' title='bbox 2281 977 2490 1028; x_wconf 84' lang='lat' dir='ltr'>contra</span> <span class='ocrx_word' id='word_1_119' title='bbox 2510 973 2614 1040; x_wconf 84' lang='lat' dir='ltr'>jus</span> <span class='ocrx_word' id='word_1_120' title='bbox 2643 971 2855 1040; x_wconf 80' lang='lat' dir='ltr'>fasque</span> <span class='ocrx_word' id='word_1_121' title='bbox 2883 969 3213 1036; x_wconf 84' lang='lat' dir='ltr'>redactum,</span> <span class='ocrx_word' id='word_1_122' title='bbox 3253 966 3800 1036; x_wconf 81' lang='lat' dir='ltr'>Ursonipatriar-</span> 
     </span>
    </p>
   </div>
   <div class='ocr_carea' id='block_1_24' title="bbox 2177 1060 2922 1118">
    <p class='ocr_par' dir='ltr' id='par_1_24' title="bbox 2177 1060 2922 1118">
     <span class='ocr_line' id='line_1_24' title="bbox 2177 1060 2922 1118; baseline -0.007 0"><span class='ocrx_word' id='word_1_123' title='bbox 2177 1062 2301 1118; x_wconf 60' lang='lat' dir='ltr'>chz</span> <span class='ocrx_word' id='word_1_124' title='bbox 2327 1061 2624 1117; x_wconf 80' lang='lat' dir='ltr'>Gradensi</span> <span class='ocrx_word' id='word_1_125' title='bbox 2645 1060 2922 1116; x_wconf 74' lang='lat' dir='ltr'>restituit.</span> 
     </span>
    </p>
   </div>
   <div class='ocr_carea' id='block_1_25' title="bbox 2730 1185 3136 1256">
    <p class='ocr_par' dir='ltr' id='par_1_25' title="bbox 2730 1185 3136 1256">
     <span class='ocr_line' id='line_1_25' title="bbox 2730 1185 3136 1256; baseline -0.002 -14"><span class='ocrx_word' id='word_1_126' title='bbox 2730 1190 2923 1254; x_wconf 81' lang='lat' dir='ltr'>(Anno</span> <span class='ocrx_word' id='word_1_127' title='bbox 2958 1185 3136 1256; x_wconf 81' lang='lat'>1029).</span> 
     </span>
    </p>
   </div>
   <div class='ocr_carea' id='block_1_26' title="bbox 2520 1291 3345 1364">
    <p class='ocr_par' dir='ltr' id='par_1_26' title="bbox 2520 1291 3345 1364">
     <span class='ocr_line' id='line_1_26' title="bbox 2520 1291 3345 1364; baseline -0.004 -14"><span class='ocrx_word' id='word_1_128' title='bbox 2520 1295 2736 1364; x_wconf 61' lang='lat' dir='ltr'>[Msssu</span> <span class='ocrx_word' id='word_1_129' title='bbox 2772 1293 3000 1349; x_wconf 87' lang='lat' dir='ltr'>Concil.</span> <span class='ocrx_word' id='word_1_130' title='bbox 3033 1291 3175 1359; x_wconf 80' lang='lat' dir='ltr'>XIX,</span> <span class='ocrx_word' id='word_1_131' title='bbox 3198 1291 3345 1362; x_wconf 70' lang='grc' dir='ltr'>49η.</span> 
     </span>
    </p>
   </div>
   <div class='ocr_carea' id='block_1_27' title="bbox 2177 1413 3533 1490">
    <p class='ocr_par' dir='ltr' id='par_1_27' title="bbox 2177 1413 3533 1490">
     <span class='ocr_line' id='line_1_27' title="bbox 2177 1413 3533 1490; baseline -0.003 -17"><span class='ocrx_word' id='word_1_132' title='bbox 2177 1421 2419 1474; x_wconf 72' lang='lat' dir='ltr'>JOANNES</span> <span class='ocrx_word' id='word_1_133' title='bbox 2450 1421 2789 1490; x_wconf 91' lang='lat' dir='ltr'>episcopus,</span> <span class='ocrx_word' id='word_1_134' title='bbox 2823 1432 3031 1472; x_wconf 90' lang='lat' dir='ltr'>servus</span> <span class='ocrx_word' id='word_1_135' title='bbox 3059 1430 3371 1471; x_wconf 90' lang='lat' dir='ltr'>servorum</span> <span class='ocrx_word' id='word_1_136' title='bbox 3401 1413 3533 1469; x_wconf 91' lang='lat' dir='ltr'>Dei.</span> 
     </span>
    </p>
   </div>
   <div class='ocr_carea' id='block_1_28' title="bbox 2181 1520 3798 1582">
    <p class='ocr_par' dir='ltr' id='par_1_28' title="bbox 2181 1520 3798 1582">
     <span class='ocr_line' id='line_1_28' title="bbox 2181 1520 3798 1582; baseline -0.004 0"><span class='ocrx_word' id='word_1_137' title='bbox 2181 1525 2238 1582; x_wconf 94' lang='lat' dir='ltr'>Si</span> <span class='ocrx_word' id='word_1_138' title='bbox 2262 1525 2613 1581; x_wconf 87' lang='lat' dir='ltr'>mortalibus</span> <span class='ocrx_word' id='word_1_139' title='bbox 2653 1524 3067 1580; x_wconf 87' lang='lat' dir='ltr'>inevitabiliter</span> <span class='ocrx_word' id='word_1_140' title='bbox 3096 1539 3219 1579; x_wconf 90' lang='lat' dir='ltr'>non</span> <span class='ocrx_word' id='word_1_141' title='bbox 3247 1523 3607 1578; x_wconf 89' lang='lat' dir='ltr'>immineret</span> <span class='ocrx_word' id='word_1_142' title='bbox 3638 1520 3798 1578; x_wconf 83' lang='lat' dir='ltr'>acci-</span> 
     </span>
    </p>
   </div>
   <div class='ocr_carea' id='block_1_29' title="bbox 2108 1610 3798 1686">
    <p class='ocr_par' dir='ltr' id='par_1_29' title="bbox 2108 1610 3798 1686">
     <span class='ocr_line' id='line_1_29' title="bbox 2108 1610 3798 1686; baseline -0.003 -16"><span class='ocrx_word' id='word_1_143' title='bbox 2108 1613 2257 1670; x_wconf 93' lang='lat' dir='ltr'>dens</span> <span class='ocrx_word' id='word_1_144' title='bbox 2287 1629 2358 1670; x_wconf 85' lang='lat' dir='ltr'>ex</span> <span class='ocrx_word' id='word_1_145' title='bbox 2407 1613 2757 1686; x_wconf 88' lang='lat' dir='ltr'>protoplasti</span> <span class='ocrx_word' id='word_1_146' title='bbox 2798 1613 3061 1685; x_wconf 90' lang='lat' dir='ltr'>parentis</span> <span class='ocrx_word' id='word_1_147' title='bbox 3110 1611 3249 1668; x_wconf 89' lang='lat' dir='ltr'>vitio</span> <span class='ocrx_word' id='word_1_148' title='bbox 3288 1611 3584 1682; x_wconf 88' lang='lat' dir='ltr'>deﬁcere,</span> <span class='ocrx_word' id='word_1_149' title='bbox 3620 1610 3798 1666; x_wconf 87' lang='lat' dir='ltr'>nulla</span> 
     </span>
    </p>
   </div>
   <div class='ocr_carea' id='block_1_30' title="bbox 2107 1700 3796 1776">
    <p class='ocr_par' dir='ltr' id='par_1_30' title="bbox 2107 1700 3796 1776">
     <span class='ocr_line' id='line_1_30' title="bbox 2107 1700 3796 1776; baseline -0.002 -17"><span class='ocrx_word' id='word_1_150' title='bbox 2107 1703 2343 1776; x_wconf 90' lang='lat' dir='ltr'>penitus</span> <span class='ocrx_word' id='word_1_151' title='bbox 2369 1703 2518 1758; x_wconf 87' lang='lat' dir='ltr'>ratio</span> <span class='ocrx_word' id='word_1_152' title='bbox 2550 1707 2785 1774; x_wconf 80' lang='lat' dir='ltr'>cogeret</span> <span class='ocrx_word' id='word_1_153' title='bbox 2813 1707 2944 1759; x_wconf 89' lang='lat' dir='ltr'>acta</span> <span class='ocrx_word' id='word_1_154' title='bbox 2964 1702 3314 1758; x_wconf 90' lang='lat' dir='ltr'>eorumdem</span> <span class='ocrx_word' id='word_1_155' title='bbox 3345 1701 3668 1757; x_wconf 87' lang='lat' dir='ltr'>servanda</span> <span class='ocrx_word' id='word_1_156' title='bbox 3697 1700 3796 1756; x_wconf 88' lang='lat' dir='ltr'>fu-</span> 
     </span>
    </p>
   </div>
   <div class='ocr_carea' id='block_1_31' title="bbox 347 1788 3798 1864">
    <p class='ocr_par' dir='ltr' id='par_1_31' title="bbox 347 1788 3798 1864">
     <span class='ocr_line' id='line_1_31' title="bbox 347 1788 3798 1864; baseline -0 -19"><span class='ocrx_word' id='word_1_157' title='bbox 347 1789 532 1862; x_wconf 90' lang='lat' dir='ltr'>viligii</span> <span class='ocrx_word' id='word_1_158' title='bbox 583 1795 989 1861; x_wconf 88' lang='lat' dir='ltr'>transgressor</span> <span class='ocrx_word' id='word_1_159' title='bbox 1045 1790 1314 1860; x_wconf 83' lang='lat' dir='ltr'>extiterit,</span> <span class='ocrx_word' id='word_1_160' title='bbox 1368 1789 1516 1846; x_wconf 88' lang='lat' dir='ltr'>sciat</span> <span class='ocrx_word' id='word_1_161' title='bbox 1563 1807 1623 1846; x_wconf 90' lang='lat' dir='ltr'>se</span> <span class='ocrx_word' id='word_1_162' title='bbox 1655 1789 2000 1846; x_wconf 85' lang='lat' dir='ltr'>auctoritate</span> <span class='ocrx_word' id='word_1_163' title='bbox 2031 1807 2070 1860; x_wconf 80' lang='grc' dir='ltr'>Β</span> <span class='ocrx_word' id='word_1_164' title='bbox 2108 1791 2255 1848; x_wconf 88' lang='lat' dir='ltr'>turis</span> <span class='ocrx_word' id='word_1_165' title='bbox 2289 1791 2522 1847; x_wconf 75' lang='lat' dir='ltr'>saeculis</span> <span class='ocrx_word' id='word_1_166' title='bbox 2555 1791 2717 1846; x_wconf 90' lang='lat' dir='ltr'>bona</span> <span class='ocrx_word' id='word_1_167' title='bbox 2747 1791 2825 1846; x_wconf 87' lang='lat' dir='ltr'>ad</span> <span class='ocrx_word' id='word_1_168' title='bbox 2854 1790 3218 1864; x_wconf 88' lang='lat' dir='ltr'>exemplum,</span> <span class='ocrx_word' id='word_1_169' title='bbox 3259 1789 3357 1846; x_wconf 90' lang='lat' dir='ltr'>vel</span> <span class='ocrx_word' id='word_1_170' title='bbox 3377 1788 3685 1862; x_wconf 87' lang='lat' dir='ltr'>improba</span> <span class='ocrx_word' id='word_1_171' title='bbox 3712 1789 3798 1844; x_wconf 92' lang='lat' dir='ltr'>ad</span> 
     </span>
    </p>
   </div>
   <div class='ocr_carea' id='block_1_32' title="bbox 350 1877 1998 1953">
    <p class='ocr_par' dir='ltr' id='par_1_32' title="bbox 350 1877 1998 1953">
     <span class='ocr_line' id='line_1_32' title="bbox 350 1877 1998 1953; baseline -0.002 -16"><span class='ocrx_word' id='word_1_172' title='bbox 350 1879 450 1937; x_wconf 92' lang='lat' dir='ltr'>Dei</span> <span class='ocrx_word' id='word_1_173' title='bbox 478 1879 924 1952; x_wconf 90' lang='lat' dir='ltr'>omnipotentis,</span> <span class='ocrx_word' id='word_1_174' title='bbox 964 1883 1021 1935; x_wconf 93' lang='lat' dir='ltr'>et</span> <span class='ocrx_word' id='word_1_175' title='bbox 1051 1878 1457 1953; x_wconf 89' lang='lat' dir='ltr'>apostolorum</span> <span class='ocrx_word' id='word_1_176' title='bbox 1515 1879 1799 1953; x_wconf 87' lang='lat' dir='ltr'>principis</span> <span class='ocrx_word' id='word_1_177' title='bbox 1829 1877 1998 1948; x_wconf 91' lang='lat' dir='ltr'>Petri,</span> 
     </span>
    </p>
   </div>
   <div class='ocr_carea' id='block_1_33' title="bbox 349 1967 2002 2040">
    <p class='ocr_par' dir='ltr' id='par_1_33' title="bbox 349 1967 2002 2040">
     <span class='ocr_line' id='line_1_33' title="bbox 349 1967 2002 2040; baseline -0.002 -15"><span class='ocrx_word' id='word_1_178' title='bbox 349 1973 407 2026; x_wconf 92' lang='lat' dir='ltr'>et</span> <span class='ocrx_word' id='word_1_179' title='bbox 433 1967 616 2027; x_wconf 87' lang='lat' dir='ltr'>Pauli.</span> <span class='ocrx_word' id='word_1_180' title='bbox 650 1971 705 2024; x_wconf 89' lang='lat' dir='ltr'>et</span> <span class='ocrx_word' id='word_1_181' title='bbox 727 1972 930 2023; x_wconf 88' lang='lat' dir='ltr'>nostra</span> <span class='ocrx_word' id='word_1_182' title='bbox 960 1968 1064 2040; x_wconf 89' lang='lat' dir='ltr'>qui</span> <span class='ocrx_word' id='word_1_183' title='bbox 1111 1983 1320 2024; x_wconf 90' lang='lat' dir='ltr'>eorum</span> <span class='ocrx_word' id='word_1_184' title='bbox 1339 1967 1646 2037; x_wconf 82' lang='lat' dir='ltr'>fungimur</span> <span class='ocrx_word' id='word_1_185' title='bbox 1669 1968 1818 2036; x_wconf 91' lang='lat' dir='ltr'>vice,</span> <span class='ocrx_word' id='word_1_186' title='bbox 1862 1983 2002 2023; x_wconf 88' lang='lat' dir='ltr'>ana-</span> 
     </span>
    </p>
   </div>
   <div class='ocr_carea' id='block_1_34' title="bbox 349 2055 2002 2126">
    <p class='ocr_par' dir='ltr' id='par_1_34' title="bbox 349 2055 2002 2126">
     <span class='ocr_line' id='line_1_34' title="bbox 349 2055 2002 2126; baseline -0.002 -12"><span class='ocrx_word' id='word_1_187' title='bbox 349 2057 626 2114; x_wconf 88' lang='lat' dir='ltr'>thematis</span> <span class='ocrx_word' id='word_1_188' title='bbox 652 2055 890 2112; x_wconf 90' lang='lat' dir='ltr'>vinculo</span> <span class='ocrx_word' id='word_1_189' title='bbox 947 2073 1078 2113; x_wconf 89' lang='lat' dir='ltr'>esse</span> <span class='ocrx_word' id='word_1_190' title='bbox 1101 2056 1478 2125; x_wconf 88' lang='lat' dir='ltr'>innodatum,</span> <span class='ocrx_word' id='word_1_191' title='bbox 1537 2061 1592 2112; x_wconf 91' lang='lat' dir='ltr'>et</span> <span class='ocrx_word' id='word_1_192' title='bbox 1621 2073 1658 2112; x_wconf 90' lang='lat' dir='ltr'>a</span> <span class='ocrx_word' id='word_1_193' title='bbox 1690 2072 1874 2126; x_wconf 91' lang='lat' dir='ltr'>regno</span> <span class='ocrx_word' id='word_1_194' title='bbox 1901 2055 2002 2112; x_wconf 91' lang='lat' dir='ltr'>Dei</span> 
     </span>
    </p>
   </div>
   <div class='ocr_carea' id='block_1_35' title="bbox 349 2144 1999 2219">
    <p class='ocr_par' dir='ltr' id='par_1_35' title="bbox 349 2144 1999 2219">
     <span class='ocr_line' id='line_1_35' title="bbox 349 2144 1999 2219; baseline -0.001 -17"><span class='ocrx_word' id='word_1_195' title='bbox 349 2162 477 2202; x_wconf 90' lang='lat' dir='ltr'>esse</span> <span class='ocrx_word' id='word_1_196' title='bbox 518 2145 780 2202; x_wconf 90' lang='lat' dir='ltr'>alienum</span> <span class='ocrx_word' id='word_1_197' title='bbox 805 2163 818 2212; x_wconf 94' lang='lat'><strong>;</strong></span> <span class='ocrx_word' id='word_1_198' title='bbox 850 2145 954 2219; x_wconf 89' lang='lat' dir='ltr'>qui</span> <span class='ocrx_word' id='word_1_199' title='bbox 985 2161 1124 2202; x_wconf 90' lang='lat' dir='ltr'>vero</span> <span class='ocrx_word' id='word_1_200' title='bbox 1153 2146 1334 2216; x_wconf 87' lang='lat' dir='ltr'>hujus</span> <span class='ocrx_word' id='word_1_201' title='bbox 1367 2150 1583 2201; x_wconf 83' lang='lat' dir='ltr'>nostrae</span> <span class='ocrx_word' id='word_1_202' title='bbox 1608 2145 1880 2218; x_wconf 67' lang='lat' dir='ltr'>Epistolee</span> <span class='ocrx_word' id='word_1_203' title='bbox 1910 2144 1999 2200; x_wconf 90' lang='lat' dir='ltr'>in-</span> 
     </span>
    </p>
   </div>
   <div class='ocr_carea' id='block_1_36' title="bbox 351 2233 2002 2300">
    <p class='ocr_par' dir='ltr' id='par_1_36' title="bbox 351 2233 2002 2300">
     <span class='ocr_line' id='line_1_36' title="bbox 351 2233 2002 2300; baseline -0.001 -10"><span class='ocrx_word' id='word_1_204' title='bbox 351 2233 668 2292; x_wconf 88' lang='lat' dir='ltr'>stitutionis</span> <span class='ocrx_word' id='word_1_205' title='bbox 695 2233 756 2290; x_wconf 90' lang='lat' dir='ltr'>in</span> <span class='ocrx_word' id='word_1_206' title='bbox 783 2233 1064 2290; x_wconf 86' lang='lat' dir='ltr'>omnibus</span> <span class='ocrx_word' id='word_1_207' title='bbox 1088 2233 1434 2289; x_wconf 89' lang='lat' dir='ltr'>observator</span> <span class='ocrx_word' id='word_1_208' title='bbox 1461 2233 1728 2300; x_wconf 81' lang='lat' dir='ltr'>extiterit,</span> <span class='ocrx_word' id='word_1_209' title='bbox 1763 2233 2002 2290; x_wconf 88' lang='lat' dir='ltr'>benedi-</span> 
     </span>
    </p>
   </div>
   <div class='ocr_carea' id='block_1_37' title="bbox 351 2322 2000 2395">
    <p class='ocr_par' dir='ltr' id='par_1_37' title="bbox 351 2322 2000 2395">
     <span class='ocr_line' id='line_1_37' title="bbox 351 2322 2000 2395; baseline -0.001 -15"><span class='ocrx_word' id='word_1_210' title='bbox 351 2323 561 2380; x_wconf 86' lang='lat' dir='ltr'>ctionis</span> <span class='ocrx_word' id='word_1_211' title='bbox 592 2323 866 2391; x_wconf 80' lang='lat' dir='ltr'>gratiam,</span> <span class='ocrx_word' id='word_1_212' title='bbox 899 2322 1204 2395; x_wconf 89' lang='lat' dir='ltr'>vitamque</span> <span class='ocrx_word' id='word_1_213' title='bbox 1253 2328 1559 2392; x_wconf 62' lang='lat' dir='ltr'>aeternam,</span> <span class='ocrx_word' id='word_1_214' title='bbox 1592 2328 1648 2378; x_wconf 92' lang='lat' dir='ltr'>et</span> <span class='ocrx_word' id='word_1_215' title='bbox 1675 2323 2000 2378; x_wconf 88' lang='lat' dir='ltr'>absolutio-</span> 
     </span>
    </p>
   </div>
   <div class='ocr_carea' id='block_1_38' title="bbox 353 2412 2002 2485">
    <p class='ocr_par' dir='ltr' id='par_1_38' title="bbox 353 2412 2002 2485">
     <span class='ocr_line' id='line_1_38' title="bbox 353 2412 2002 2485; baseline -0.001 -17"><span class='ocrx_word' id='word_1_216' title='bbox 353 2428 493 2468; x_wconf 91' lang='lat' dir='ltr'>nem</span> <span class='ocrx_word' id='word_1_217' title='bbox 525 2413 796 2468; x_wconf 92' lang='lat' dir='ltr'>omnium</span> <span class='ocrx_word' id='word_1_218' title='bbox 853 2417 1237 2485; x_wconf 90' lang='lat' dir='ltr'>peccatorum</span> <span class='ocrx_word' id='word_1_219' title='bbox 1269 2427 1514 2467; x_wconf 90' lang='lat' dir='ltr'>suorum</span> <span class='ocrx_word' id='word_1_220' title='bbox 1567 2412 1853 2484; x_wconf 77' lang='lat' dir='ltr'>consequi</span> <span class='ocrx_word' id='word_1_221' title='bbox 1881 2427 2002 2467; x_wconf 88' lang='lat' dir='ltr'>me-</span> 
     </span>
    </p>
   </div>
   <div class='ocr_carea' id='block_1_39' title="bbox 351 2500 2002 2574">
    <p class='ocr_par' dir='ltr' id='par_1_39' title="bbox 351 2500 2002 2574">
     <span class='ocr_line' id='line_1_39' title="bbox 351 2500 2002 2574; baseline 0 -17"><span class='ocrx_word' id='word_1_222' title='bbox 351 2506 551 2557; x_wconf 87' lang='lat' dir='ltr'>reatur</span> <span class='ocrx_word' id='word_1_223' title='bbox 573 2517 610 2556; x_wconf 93' lang='lat' dir='ltr'>a</span> <span class='ocrx_word' id='word_1_224' title='bbox 637 2501 774 2565; x_wconf 91' lang='lat' dir='ltr'>Deo,</span> <span class='ocrx_word' id='word_1_225' title='bbox 807 2501 910 2574; x_wconf 90' lang='lat' dir='ltr'>qui</span> <span class='ocrx_word' id='word_1_226' title='bbox 942 2500 1082 2557; x_wconf 87' lang='lat' dir='ltr'>vivit</span> <span class='ocrx_word' id='word_1_227' title='bbox 1111 2506 1165 2558; x_wconf 90' lang='lat' dir='ltr'>et</span> <span class='ocrx_word' id='word_1_228' title='bbox 1189 2506 1400 2571; x_wconf 89' lang='lat' dir='ltr'>regnat</span> <span class='ocrx_word' id='word_1_229' title='bbox 1426 2500 1486 2557; x_wconf 93' lang='lat' dir='ltr'>in</span> <span class='ocrx_word' id='word_1_230' title='bbox 1513 2500 1724 2557; x_wconf 65' lang='lat' dir='ltr'>saecula</span> <span class='ocrx_word' id='word_1_231' title='bbox 1759 2500 2002 2557; x_wconf 77' lang='lat' dir='ltr'>saeculo-</span> 
     </span>
    </p>
   </div>
   <div class='ocr_carea' id='block_1_40' title="bbox 351 2591 749 2647">
    <p class='ocr_par' dir='ltr' id='par_1_40' title="bbox 351 2591 749 2647">
     <span class='ocr_line' id='line_1_40' title="bbox 351 2591 749 2647; baseline -0.003 0"><span class='ocrx_word' id='word_1_232' title='bbox 351 2605 508 2647; x_wconf 85' lang='lat' dir='ltr'>rum.</span> <span class='ocrx_word' id='word_1_233' title='bbox 540 2591 749 2646; x_wconf 84' lang='lat' dir='ltr'>Amen.</span> 
     </span>
    </p>
   </div>
   <div class='ocr_carea' id='block_1_41' title="bbox 427 2678 2002 2752">
    <p class='ocr_par' dir='ltr' id='par_1_41' title="bbox 427 2678 2002 2752">
     <span class='ocr_line' id='line_1_41' title="bbox 427 2678 2002 2752; baseline 0.001 -17"><span class='ocrx_word' id='word_1_234' title='bbox 427 2678 721 2751; x_wconf 88' lang='lat' dir='ltr'>Scriptum</span> <span class='ocrx_word' id='word_1_235' title='bbox 745 2694 853 2752; x_wconf 92' lang='lat' dir='ltr'>per</span> <span class='ocrx_word' id='word_1_236' title='bbox 880 2695 1098 2735; x_wconf 90' lang='lat' dir='ltr'>manus</span> <span class='ocrx_word' id='word_1_237' title='bbox 1125 2678 1371 2735; x_wconf 83' lang='lat' dir='ltr'>Joannis</span> <span class='ocrx_word' id='word_1_238' title='bbox 1403 2678 1740 2746; x_wconf 89' lang='lat' dir='ltr'>cardinalis,</span> <span class='ocrx_word' id='word_1_239' title='bbox 1773 2683 1830 2736; x_wconf 92' lang='lat' dir='ltr'>et</span> <span class='ocrx_word' id='word_1_240' title='bbox 1859 2695 2002 2736; x_wconf 91' lang='lat' dir='ltr'>can-</span> 
     </span>
    </p>
   </div>
   <div class='ocr_carea' id='block_1_42' title="bbox 354 2767 2004 2841">
    <p class='ocr_par' dir='ltr' id='par_1_42' title="bbox 354 2767 2004 2841">
     <span class='ocr_line' id='line_1_42' title="bbox 354 2767 2004 2841; baseline -0.001 -16"><span class='ocrx_word' id='word_1_241' title='bbox 354 2768 593 2835; x_wconf 89' lang='lat' dir='ltr'>cellarii,</span> <span class='ocrx_word' id='word_1_242' title='bbox 623 2769 747 2824; x_wconf 87' lang='lat' dir='ltr'>vice</span> <span class='ocrx_word' id='word_1_243' title='bbox 779 2769 925 2825; x_wconf 87' lang='lat' dir='ltr'>Petri</span> <span class='ocrx_word' id='word_1_244' title='bbox 957 2767 1214 2838; x_wconf 88' lang='lat' dir='ltr'>diaconi,</span> <span class='ocrx_word' id='word_1_245' title='bbox 1248 2783 1450 2824; x_wconf 91' lang='lat' dir='ltr'>mense</span> <span class='ocrx_word' id='word_1_246' title='bbox 1484 2768 1870 2841; x_wconf 90' lang='lat' dir='ltr'>Septembris,</span> <span class='ocrx_word' id='word_1_247' title='bbox 1911 2768 2004 2824; x_wconf 91' lang='lat' dir='ltr'>in-</span> 
     </span>
    </p>
   </div>
   <div class='ocr_carea' id='block_1_43' title="bbox 357 2856 995 2928">
    <p class='ocr_par' dir='ltr' id='par_1_43' title="bbox 357 2856 995 2928">
     <span class='ocr_line' id='line_1_43' title="bbox 357 2856 995 2928; baseline -0.002 -16"><span class='ocrx_word' id='word_1_248' title='bbox 357 2856 613 2914; x_wconf 90' lang='lat' dir='ltr'>dictione</span> <span class='ocrx_word' id='word_1_249' title='bbox 643 2857 877 2913; x_wconf 89' lang='lat' dir='ltr'>decima</span> <span class='ocrx_word' id='word_1_250' title='bbox 899 2858 995 2928; x_wconf 85' lang='grc'>(1).</span> 
     </span>
    </p>
   </div>
   <div class='ocr_carea' id='block_1_44' title="bbox 425 2945 2008 3019">
    <p class='ocr_par' dir='ltr' id='par_1_44' title="bbox 425 2945 2008 3019">
     <span class='ocr_line' id='line_1_44' title="bbox 425 2945 2008 3019; baseline -0.001 -17"><span class='ocrx_word' id='word_1_251' title='bbox 425 2948 639 3002; x_wconf 88' lang='lat' dir='ltr'>Datum</span> <span class='ocrx_word' id='word_1_252' title='bbox 659 2962 766 3018; x_wconf 90' lang='lat' dir='ltr'>per</span> <span class='ocrx_word' id='word_1_253' title='bbox 795 2961 1009 3001; x_wconf 90' lang='lat' dir='ltr'>manus</span> <span class='ocrx_word' id='word_1_254' title='bbox 1032 2946 1308 3001; x_wconf 88' lang='lat' dir='ltr'>Bossonis</span> <span class='ocrx_word' id='word_1_255' title='bbox 1343 2945 1606 3019; x_wconf 90' lang='lat' dir='ltr'>episcopi</span> <span class='ocrx_word' id='word_1_256' title='bbox 1627 2945 2008 3001; x_wconf 83' lang='lat' dir='ltr'>etbibliothe-</span> 
     </span>
    </p>
   </div>
   <div class='ocr_carea' id='block_1_45' title="bbox 354 3033 2002 3107">
    <p class='ocr_par' dir='ltr' id='par_1_45' title="bbox 354 3033 2002 3107">
     <span class='ocr_line' id='line_1_45' title="bbox 354 3033 2002 3107; baseline -0.001 -17"><span class='ocrx_word' id='word_1_257' title='bbox 354 3033 497 3090; x_wconf 90' lang='lat' dir='ltr'>carii</span> <span class='ocrx_word' id='word_1_258' title='bbox 531 3036 585 3090; x_wconf 92' lang='lat' dir='ltr'>S.</span> <span class='ocrx_word' id='word_1_259' title='bbox 615 3037 679 3089; x_wconf 82' lang='lat' dir='ltr'>R.</span> <span class='ocrx_word' id='word_1_260' title='bbox 713 3036 773 3089; x_wconf 87' lang='grc' dir='ltr'>Ε.</span> <span class='ocrx_word' id='word_1_261' title='bbox 801 3033 860 3089; x_wconf 93' lang='lat' dir='ltr'>in</span> <span class='ocrx_word' id='word_1_262' title='bbox 886 3050 1111 3104; x_wconf 89' lang='lat' dir='ltr'>mense,</span> <span class='ocrx_word' id='word_1_263' title='bbox 1139 3040 1196 3090; x_wconf 94' lang='lat' dir='ltr'>et</span> <span class='ocrx_word' id='word_1_264' title='bbox 1222 3034 1542 3090; x_wconf 89' lang='lat' dir='ltr'>indictione</span> <span class='ocrx_word' id='word_1_265' title='bbox 1573 3034 2002 3107; x_wconf 88' lang='lat' dir='ltr'>suprascripta,</span> 
     </span>
    </p>
   </div>
   <div class='ocr_carea' id='block_1_46' title="bbox 352 3121 2080 3212">
    <p class='ocr_par' dir='ltr' id='par_1_46' title="bbox 352 3121 2080 3212">
     <span class='ocr_line' id='line_1_46' title="bbox 352 3121 2080 3212; baseline -0.001 -34"><span class='ocrx_word' id='word_1_266' title='bbox 352 3121 416 3178; x_wconf 92' lang='lat' dir='ltr'>in</span> <span class='ocrx_word' id='word_1_267' title='bbox 447 3121 846 3178; x_wconf 87' lang='lat' dir='ltr'>sacratissima</span> <span class='ocrx_word' id='word_1_268' title='bbox 873 3121 1011 3178; x_wconf 92' lang='lat' dir='ltr'>sede</span> <span class='ocrx_word' id='word_1_269' title='bbox 1040 3122 1198 3178; x_wconf 90' lang='lat' dir='ltr'>beati</span> <span class='ocrx_word' id='word_1_270' title='bbox 1241 3123 1386 3178; x_wconf 88' lang='lat' dir='ltr'>Petri</span> <span class='ocrx_word' id='word_1_271' title='bbox 1417 3123 1691 3195; x_wconf 88' lang='lat' dir='ltr'>apostoli,</span> <span class='ocrx_word' id='word_1_272' title='bbox 1743 3138 1903 3178; x_wconf 90' lang='lat' dir='ltr'>anno</span> <span class='ocrx_word' id='word_1_273' title='bbox 1929 3139 2004 3184; x_wconf 81' lang='lat' dir='ltr'>iv,</span> <span class='ocrx_word' id='word_1_274' title='bbox 2041 3157 2080 3212; x_wconf 66' lang='grc' dir='ltr'>Ο</span> 
     </span>
    </p>
   </div>
   <div class='ocr_carea' id='block_1_47' title="bbox 357 3210 2006 3284">
    <p class='ocr_par' dir='ltr' id='par_1_47' title="bbox 357 3210 2006 3284">
     <span class='ocr_line' id='line_1_47' title="bbox 357 3210 2006 3284; baseline 0.001 -18"><span class='ocrx_word' id='word_1_275' title='bbox 357 3213 476 3267; x_wconf 92' lang='lat' dir='ltr'>Deo</span> <span class='ocrx_word' id='word_1_276' title='bbox 504 3210 782 3283; x_wconf 77' lang='lat' dir='ltr'>propitio,</span> <span class='ocrx_word' id='word_1_277' title='bbox 813 3210 1190 3282; x_wconf 85' lang='lat' dir='ltr'>pontificatus</span> <span class='ocrx_word' id='word_1_278' title='bbox 1236 3214 1297 3267; x_wconf 94' lang='lat' dir='ltr'>D.</span> <span class='ocrx_word' id='word_1_279' title='bbox 1331 3211 1574 3267; x_wconf 85' lang='lat' dir='ltr'>Joannis</span> <span class='ocrx_word' id='word_1_280' title='bbox 1607 3211 1828 3268; x_wconf 90' lang='lat' dir='ltr'>summi</span> <span class='ocrx_word' id='word_1_281' title='bbox 1855 3227 2006 3284; x_wconf 91' lang='lat' dir='ltr'>pon-</span> 
     </span>
    </p>
   </div>
   <div class='ocr_carea' id='block_1_48' title="bbox 355 3297 1348 3373">
    <p class='ocr_par' dir='ltr' id='par_1_48' title="bbox 355 3297 1348 3373">
     <span class='ocr_line' id='line_1_48' title="bbox 355 3297 1348 3373; baseline 0.002 -19"><span class='ocrx_word' id='word_1_282' title='bbox 355 3297 530 3355; x_wconf 88' lang='lat' dir='ltr'>tiﬁcis</span> <span class='ocrx_word' id='word_1_283' title='bbox 559 3304 617 3356; x_wconf 90' lang='lat' dir='ltr'>et</span> <span class='ocrx_word' id='word_1_284' title='bbox 643 3298 991 3356; x_wconf 84' lang='lat' dir='ltr'>universalis</span> <span class='ocrx_word' id='word_1_285' title='bbox 1017 3303 1121 3356; x_wconf 80' lang='lat' dir='ltr'>XIX</span> <span class='ocrx_word' id='word_1_286' title='bbox 1153 3315 1348 3373; x_wconf 74' lang='lat' dir='ltr'>papae.</span> 
     </span>
    </p>
   </div>
   <div class='ocr_carea' id='block_1_49' title="bbox 1107 3390 1248 3444">
    <p class='ocr_par' dir='ltr' id='par_1_49' title="bbox 1107 3390 1248 3444">
     <span class='ocr_line' id='line_1_49' title="bbox 1107 3390 1248 3444; baseline 0.028 -3"><span class='ocrx_word' id='word_1_287' title='bbox 1107 3390 1248 3444; x_wconf 85' lang='lat' dir='ltr'>VIII.</span> 
     </span>
    </p>
   </div>
   <div class='ocr_carea' id='block_1_50' title="bbox 424 3478 2002 3550">
    <p class='ocr_par' dir='ltr' id='par_1_50' title="bbox 424 3478 2002 3550">
     <span class='ocr_line' id='line_1_50' title="bbox 424 3478 2002 3550; baseline 0.003 -18"><span class='ocrx_word' id='word_1_288' title='bbox 424 3478 680 3534; x_wconf 82' lang='lat' dir='ltr'>Joannes</span> <span class='ocrx_word' id='word_1_289' title='bbox 712 3478 860 3535; x_wconf 83' lang='lat' dir='ltr'>XIX</span> <span class='ocrx_word' id='word_1_290' title='bbox 879 3478 1160 3534; x_wconf 73' lang='lat' dir='ltr'>Ecclesiae</span> <span class='ocrx_word' id='word_1_291' title='bbox 1190 3478 1517 3535; x_wconf 59' lang='lat' dir='ltr'>Tiburtina</span> <span class='ocrx_word' id='word_1_292' title='bbox 1542 3481 1694 3535; x_wconf 86' lang='lat' dir='ltr'>bona</span> <span class='ocrx_word' id='word_1_293' title='bbox 1713 3482 2002 3550; x_wconf 81' lang='lat' dir='ltr'>juraque,</span> 
     </span>
    </p>
   </div>
   <div class='ocr_carea' id='block_1_51' title="bbox 540 3567 1809 3638">
    <p class='ocr_par' dir='ltr' id='par_1_51' title="bbox 540 3567 1809 3638">
     <span class='ocr_line' id='line_1_51' title="bbox 540 3567 1809 3638; baseline 0 -15"><span class='ocrx_word' id='word_1_294' title='bbox 540 3572 779 3637; x_wconf 82' lang='lat' dir='ltr'>petente</span> <span class='ocrx_word' id='word_1_295' title='bbox 805 3567 1123 3624; x_wconf 77' lang='lat' dir='ltr'>Benedicto</span> <span class='ocrx_word' id='word_1_296' title='bbox 1153 3569 1442 3638; x_wconf 79' lang='lat' dir='ltr'>episcopo,</span> <span class='ocrx_word' id='word_1_297' title='bbox 1477 3570 1809 3638; x_wconf 85' lang='lat' dir='ltr'>conﬁrmat.</span> 
     </span>
    </p>
   </div>
   <div class='ocr_carea' id='block_1_52' title="bbox 803 3657 1564 3728">
    <p class='ocr_par' dir='ltr' id='par_1_52' title="bbox 803 3657 1564 3728">
     <span class='ocr_line' id='line_1_52' title="bbox 803 3657 1564 3728; baseline 0.001 -16"><span class='ocrx_word' id='word_1_298' title='bbox 803 3657 1054 3727; x_wconf 86' lang='lat' dir='ltr'>(Fragm.</span> <span class='ocrx_word' id='word_1_299' title='bbox 1089 3688 1157 3697; x_wconf 92' lang='lat'>—-</span> <span class='ocrx_word' id='word_1_300' title='bbox 1182 3667 1352 3712; x_wconf 80' lang='lat' dir='ltr'>Anno</span> <span class='ocrx_word' id='word_1_301' title='bbox 1387 3659 1564 3728; x_wconf 82' lang='lat' dir='ltr'>t029).</span> 
     </span>
    </p>
   </div>
   <div class='ocr_carea' id='block_1_53' title="bbox 671 3745 1684 3817">
    <p class='ocr_par' dir='ltr' id='par_1_53' title="bbox 671 3745 1684 3817">
     <span class='ocr_line' id='line_1_53' title="bbox 671 3745 1684 3817; baseline -0.003 -15"><span class='ocrx_word' id='word_1_302' title='bbox 671 3747 957 3817; x_wconf 78' lang='lat' dir='ltr'>[UCHELLI,</span> <span class='ocrx_word' id='word_1_303' title='bbox 989 3745 1172 3800; x_wconf 80' lang='lat' dir='ltr'>Italia</span> <span class='ocrx_word' id='word_1_304' title='bbox 1201 3760 1399 3814; x_wconf 88' lang='lat' dir='ltr'>sacra,</span> <span class='ocrx_word' id='word_1_305' title='bbox 1432 3749 1470 3800; x_wconf 96' lang='lat' dir='ltr'>l.</span> <span class='ocrx_word' id='word_1_306' title='bbox 1509 3747 1684 3817; x_wconf 82' lang='lat' dir='ltr'>t307].</span> 
     </span>
    </p>
   </div>
   <div class='ocr_carea' id='block_1_54' title="bbox 427 3832 2005 3906">
    <p class='ocr_par' dir='ltr' id='par_1_54' title="bbox 427 3832 2005 3906">
     <span class='ocr_line' id='line_1_54' title="bbox 427 3832 2005 3906; baseline -0.001 -15"><span class='ocrx_word' id='word_1_307' title='bbox 427 3835 644 3892; x_wconf 85' lang='lat' dir='ltr'>Dilecto</span> <span class='ocrx_word' id='word_1_308' title='bbox 669 3834 730 3889; x_wconf 92' lang='lat' dir='ltr'>in</span> <span class='ocrx_word' id='word_1_309' title='bbox 776 3832 1001 3889; x_wconf 87' lang='lat' dir='ltr'>Christo</span> <span class='ocrx_word' id='word_1_310' title='bbox 1032 3848 1102 3889; x_wconf 89' lang='lat' dir='ltr'>ac</span> <span class='ocrx_word' id='word_1_311' title='bbox 1131 3838 1332 3889; x_wconf 91' lang='lat' dir='ltr'>nostro</span> <span class='ocrx_word' id='word_1_312' title='bbox 1365 3833 1651 3906; x_wconf 88' lang='lat' dir='ltr'>spirituali</span> <span class='ocrx_word' id='word_1_313' title='bbox 1674 3833 1796 3890; x_wconf 86' lang='lat' dir='ltr'>ﬁlio</span> <span class='ocrx_word' id='word_1_314' title='bbox 1829 3835 2005 3890; x_wconf 69' lang='lat' dir='ltr'>Bese-</span> 
     </span>
    </p>
   </div>
   <div class='ocr_carea' id='block_1_55' title="bbox 355 3921 2006 3980">
    <p class='ocr_par' dir='ltr' id='par_1_55' title="bbox 355 3921 2006 3980">
     <span class='ocr_line' id='line_1_55' title="bbox 355 3921 2006 3980; baseline 0.001 -1"><span class='ocrx_word' id='word_1_315' title='bbox 355 3939 513 3980; x_wconf 75' lang='lat' dir='ltr'>mcro</span> <span class='ocrx_word' id='word_1_316' title='bbox 545 3923 599 3977; x_wconf 92' lang='lat' dir='ltr'>S.</span> <span class='ocrx_word' id='word_1_317' title='bbox 655 3921 967 3978; x_wconf 81' lang='lat' dir='ltr'>Tiburtinae</span> <span class='ocrx_word' id='word_1_318' title='bbox 1021 3921 1289 3978; x_wconf 69' lang='lat' dir='ltr'>Ecclesiae</span> <span class='ocrx_word' id='word_1_319' title='bbox 1344 3939 1380 3979; x_wconf 90' lang='lat' dir='ltr'>a</span> <span class='ocrx_word' id='word_1_320' title='bbox 1429 3922 1603 3978; x_wconf 91' lang='lat' dir='ltr'>nobis</span> <span class='ocrx_word' id='word_1_321' title='bbox 1658 3927 2006 3980; x_wconf 89' lang='lat' dir='ltr'>consecrato</span> 
     </span>
    </p>
   </div>
   <div class='ocr_carea' id='block_1_56' title="bbox 357 4010 2006 4086">
    <p class='ocr_par' dir='ltr' id='par_1_56' title="bbox 357 4010 2006 4086">
     <span class='ocr_line' id='line_1_56' title="bbox 357 4010 2006 4086; baseline 0 -19"><span class='ocrx_word' id='word_1_322' title='bbox 357 4011 731 4084; x_wconf 92' lang='lat' dir='ltr'>episcopo....</span> <span class='ocrx_word' id='word_1_323' title='bbox 785 4013 908 4066; x_wconf 90' lang='lat' dir='ltr'>Imo</span> <span class='ocrx_word' id='word_1_324' title='bbox 957 4010 1134 4067; x_wconf 91' lang='lat' dir='ltr'>etiam</span> <span class='ocrx_word' id='word_1_325' title='bbox 1174 4010 1473 4082; x_wconf 80' lang='lat' dir='ltr'>ecclesias,</span> <span class='ocrx_word' id='word_1_326' title='bbox 1513 4027 1666 4083; x_wconf 88' lang='lat' dir='ltr'>quas</span> <span class='ocrx_word' id='word_1_327' title='bbox 1708 4014 1856 4067; x_wconf 90' lang='lat' dir='ltr'>Boso</span> <span class='ocrx_word' id='word_1_328' title='bbox 1882 4013 2006 4086; x_wconf 90' lang='lat' dir='ltr'>epi-</span> 
     </span>
    </p>
   </div>
   <div class='ocr_carea' id='block_1_57' title="bbox 358 4098 2009 4172">
    <p class='ocr_par' dir='ltr' id='par_1_57' title="bbox 358 4098 2009 4172">
     <span class='ocr_line' id='line_1_57' title="bbox 358 4098 2009 4172; baseline 0.001 -17"><span class='ocrx_word' id='word_1_329' title='bbox 358 4115 578 4172; x_wconf 80' lang='lat' dir='ltr'>scoPus</span> <span class='ocrx_word' id='word_1_330' title='bbox 607 4103 743 4154; x_wconf 90' lang='lat' dir='ltr'>tuus</span> <span class='ocrx_word' id='word_1_331' title='bbox 771 4103 1108 4155; x_wconf 89' lang='lat' dir='ltr'>antecessor</span> <span class='ocrx_word' id='word_1_332' title='bbox 1154 4098 1266 4155; x_wconf 91' lang='lat' dir='ltr'>isto</span> <span class='ocrx_word' id='word_1_333' title='bbox 1295 4105 1589 4172; x_wconf 65' lang='lat' dir='ltr'>praesente</span> <span class='ocrx_word' id='word_1_334' title='bbox 1617 4115 1777 4156; x_wconf 90' lang='lat' dir='ltr'>anno</span> <span class='ocrx_word' id='word_1_335' title='bbox 1807 4117 2009 4157; x_wconf 91' lang='lat' dir='ltr'>conse-</span> 
     </span>
    </p>
   </div>
   <div class='ocr_carea' id='block_1_58' title="bbox 358 4185 1727 4259">
    <p class='ocr_par' dir='ltr' id='par_1_58' title="bbox 358 4185 1727 4259">
     <span class='ocr_line' id='line_1_58' title="bbox 358 4185 1727 4259; baseline -0.001 -16"><span class='ocrx_word' id='word_1_336' title='bbox 358 4186 562 4255; x_wconf 86' lang='lat' dir='ltr'>cravit,</span> <span class='ocrx_word' id='word_1_337' title='bbox 588 4185 857 4243; x_wconf 88' lang='lat' dir='ltr'>videlicet</span> <span class='ocrx_word' id='word_1_338' title='bbox 887 4187 1212 4259; x_wconf 87' lang='lat' dir='ltr'>S.|Joannis</span> <span class='ocrx_word' id='word_1_339' title='bbox 1237 4192 1294 4244; x_wconf 91' lang='lat' dir='ltr'>et</span> <span class='ocrx_word' id='word_1_340' title='bbox 1318 4190 1376 4242; x_wconf 88' lang='lat' dir='ltr'>B.</span> <span class='ocrx_word' id='word_1_341' title='bbox 1407 4187 1727 4243; x_wconf 89' lang='lat' dir='ltr'>Juvenalis.</span> 
     </span>
    </p>
   </div>
   <div class='ocr_carea' id='block_1_59' title="bbox 431 4275 2008 4334">
    <p class='ocr_par' dir='ltr' id='par_1_59' title="bbox 431 4275 2008 4334">
     <span class='ocr_line' id='line_1_59' title="bbox 431 4275 2008 4334; baseline 0.002 -4"><span class='ocrx_word' id='word_1_342' title='bbox 431 4280 495 4331; x_wconf 87' lang='lat' dir='ltr'>In</span> <span class='ocrx_word' id='word_1_343' title='bbox 549 4275 904 4332; x_wconf 90' lang='lat' dir='ltr'>nomine.....</span> <span class='ocrx_word' id='word_1_344' title='bbox 954 4275 1333 4332; x_wconf 89' lang='lat' dir='ltr'>Pontiticatus</span> <span class='ocrx_word' id='word_1_345' title='bbox 1379 4278 1441 4330; x_wconf 94' lang='lat' dir='ltr'>D.</span> <span class='ocrx_word' id='word_1_346' title='bbox 1496 4276 1740 4332; x_wconf 84' lang='lat' dir='ltr'>Joannis</span> <span class='ocrx_word' id='word_1_347' title='bbox 1787 4278 1897 4334; x_wconf 82' lang='grc' dir='ltr'>ΧΙΧ</span> <span class='ocrx_word' id='word_1_348' title='bbox 1945 4277 2008 4333; x_wconf 90' lang='lat' dir='ltr'>in</span> 
     </span>
    </p>
   </div>
   <div class='ocr_carea' id='block_1_60' title="bbox 357 4364 2005 4435">
    <p class='ocr_par' dir='ltr' id='par_1_60' title="bbox 357 4364 2005 4435">
     <span class='ocr_line' id='line_1_60' title="bbox 357 4364 2005 4435; baseline 0 -15"><span class='ocrx_word' id='word_1_349' title='bbox 357 4364 758 4422; x_wconf 88' lang='lat' dir='ltr'>sacratissima</span> <span class='ocrx_word' id='word_1_350' title='bbox 789 4364 948 4435; x_wconf 92' lang='lat' dir='ltr'>sede,</span> <span class='ocrx_word' id='word_1_351' title='bbox 1008 4369 1144 4434; x_wconf 90' lang='lat' dir='ltr'>etc.,</span> <span class='ocrx_word' id='word_1_352' title='bbox 1177 4380 1338 4421; x_wconf 89' lang='lat' dir='ltr'>anno</span> <span class='ocrx_word' id='word_1_353' title='bbox 1365 4382 1459 4435; x_wconf 87' lang='lat' dir='ltr'>vu,</span> <span class='ocrx_word' id='word_1_354' title='bbox 1521 4365 1842 4422; x_wconf 91' lang='lat' dir='ltr'>indictione</span> <span class='ocrx_word' id='word_1_355' title='bbox 1885 4382 2005 4434; x_wconf 79' lang='lat' dir='ltr'>xiv,</span> 
     </span>
    </p>
   </div>
   <div class='ocr_carea' id='block_1_61' title="bbox 355 4454 2007 4529">
    <p class='ocr_par' dir='ltr' id='par_1_61' title="bbox 355 4454 2007 4529">
     <span class='ocr_line' id='line_1_61' title="bbox 355 4454 2007 4529; baseline -0.001 -18"><span class='ocrx_word' id='word_1_356' title='bbox 355 4470 561 4511; x_wconf 91' lang='lat' dir='ltr'>mense</span> <span class='ocrx_word' id='word_1_357' title='bbox 589 4454 852 4512; x_wconf 86' lang='lat' dir='ltr'>Januarii</span> <span class='ocrx_word' id='word_1_358' title='bbox 887 4454 983 4511; x_wconf 92' lang='lat' dir='ltr'>die</span> <span class='ocrx_word' id='word_1_359' title='bbox 1011 4471 1130 4511; x_wconf 80' lang='lat' dir='ltr'>VIII.</span> <span class='ocrx_word' id='word_1_360' title='bbox 1177 4457 1433 4512; x_wconf 87' lang='lat' dir='ltr'>Joannes</span> <span class='ocrx_word' id='word_1_361' title='bbox 1482 4454 1802 4529; x_wconf 90' lang='lat' dir='ltr'>episcopus</span> <span class='ocrx_word' id='word_1_362' title='bbox 1835 4455 1890 4512; x_wconf 92' lang='lat' dir='ltr'>S.</span> <span class='ocrx_word' id='word_1_363' title='bbox 1917 4455 2007 4511; x_wconf 92' lang='lat' dir='ltr'>Ti-</span> 
     </span>
    </p>
   </div>
   <div class='ocr_carea' id='block_1_62' title="bbox 357 4543 2010 4616">
    <p class='ocr_par' dir='ltr' id='par_1_62' title="bbox 357 4543 2010 4616">
     <span class='ocr_line' id='line_1_62' title="bbox 357 4543 2010 4616; baseline 0 -16"><span class='ocrx_word' id='word_1_364' title='bbox 357 4544 608 4601; x_wconf 69' lang='lat' dir='ltr'>burtinae</span> <span class='ocrx_word' id='word_1_365' title='bbox 636 4543 924 4612; x_wconf 83' lang='lat' dir='ltr'>Ecclesiae,</span> <span class='ocrx_word' id='word_1_366' title='bbox 976 4544 1378 4602; x_wconf 88' lang='lat' dir='ltr'>consentiente</span> <span class='ocrx_word' id='word_1_367' title='bbox 1411 4549 1626 4601; x_wconf 89' lang='lat' dir='ltr'>cuncta</span> <span class='ocrx_word' id='word_1_368' title='bbox 1682 4560 2010 4616; x_wconf 90' lang='lat' dir='ltr'>congrega-</span> 
     </span>
    </p>
   </div>
   <div class='ocr_carea' id='block_1_63' title="bbox 357 4632 2015 4707">
    <p class='ocr_par' dir='ltr' id='par_1_63' title="bbox 357 4632 2015 4707">
     <span class='ocr_line' id='line_1_63' title="bbox 357 4632 2015 4707; baseline -0.001 -17"><span class='ocrx_word' id='word_1_369' title='bbox 357 4633 515 4690; x_wconf 86' lang='lat' dir='ltr'>tione</span> <span class='ocrx_word' id='word_1_370' title='bbox 540 4633 823 4707; x_wconf 91' lang='lat' dir='ltr'>episcopii</span> <span class='ocrx_word' id='word_1_371' title='bbox 851 4636 906 4690; x_wconf 94' lang='lat' dir='ltr'>S.</span> <span class='ocrx_word' id='word_1_372' title='bbox 942 4632 1234 4690; x_wconf 86' lang='lat' dir='ltr'>Laurentii</span> <span class='ocrx_word' id='word_1_373' title='bbox 1267 4635 1544 4706; x_wconf 84' lang='lat' dir='ltr'>martyris</span> <span class='ocrx_word' id='word_1_374' title='bbox 1568 4633 1796 4701; x_wconf 88' lang='lat' dir='ltr'>Christi,</span> <span class='ocrx_word' id='word_1_375' title='bbox 1828 4633 2015 4689; x_wconf 90' lang='lat' dir='ltr'>donat</span> 
     </span>
    </p>
   </div>
   <div class='ocr_carea' id='block_1_64' title="bbox 359 4721 2018 4795">
    <p class='ocr_par' dir='ltr' id='par_1_64' title="bbox 359 4721 2018 4795">
     <span class='ocr_line' id='line_1_64' title="bbox 359 4721 2018 4795; baseline 0 -16"><span class='ocrx_word' id='word_1_376' title='bbox 359 4727 576 4779; x_wconf 88' lang='lat' dir='ltr'>cuncto</span> <span class='ocrx_word' id='word_1_377' title='bbox 607 4722 764 4779; x_wconf 88' lang='lat' dir='ltr'>clero</span> <span class='ocrx_word' id='word_1_378' title='bbox 792 4722 1075 4779; x_wconf 87' lang='lat' dir='ltr'>venerab.</span> <span class='ocrx_word' id='word_1_379' title='bbox 1108 4721 1442 4795; x_wconf 84' lang='lat' dir='ltr'>presbyter.</span> <span class='ocrx_word' id='word_1_380' title='bbox 1465 4739 1708 4779; x_wconf 90' lang='lat' dir='ltr'>omnem</span> <span class='ocrx_word' id='word_1_381' title='bbox 1737 4721 2018 4779; x_wconf 91' lang='lat' dir='ltr'>medieta-</span> 
     </span>
    </p>
   </div>
   <div class='ocr_carea' id='block_1_65' title="bbox 359 4809 2020 4883">
    <p class='ocr_par' dir='ltr' id='par_1_65' title="bbox 359 4809 2020 4883">
     <span class='ocr_line' id='line_1_65' title="bbox 359 4809 2020 4883; baseline -0.001 -16"><span class='ocrx_word' id='word_1_382' title='bbox 359 4814 478 4867; x_wconf 89' lang='lat' dir='ltr'>tem</span> <span class='ocrx_word' id='word_1_383' title='bbox 507 4810 959 4867; x_wconf 87' lang='lat' dir='ltr'>demortuorum</span> <span class='ocrx_word' id='word_1_384' title='bbox 1015 4809 1265 4866; x_wconf 88' lang='lat' dir='ltr'>civitatis</span> <span class='ocrx_word' id='word_1_385' title='bbox 1289 4810 1605 4867; x_wconf 73' lang='lat' dir='ltr'>Tiburtinae</span> <span class='ocrx_word' id='word_1_386' title='bbox 1659 4810 1736 4866; x_wconf 91' lang='lat' dir='ltr'>ad</span> <span class='ocrx_word' id='word_1_387' title='bbox 1763 4827 1824 4866; x_wconf 92' lang='lat' dir='ltr'>se</span> <span class='ocrx_word' id='word_1_388' title='bbox 1847 4810 2020 4883; x_wconf 88' lang='lat' dir='ltr'>perti-</span> 
     </span>
    </p>
   </div>
   <div class='ocr_carea' id='block_1_66' title="bbox 360 4898 2014 4971">
    <p class='ocr_par' dir='ltr' id='par_1_66' title="bbox 360 4898 2014 4971">
     <span class='ocr_line' id='line_1_66' title="bbox 360 4898 2014 4971; baseline -0.001 -16"><span class='ocrx_word' id='word_1_389' title='bbox 360 4904 621 4966; x_wconf 90' lang='lat' dir='ltr'>nentem,</span> <span class='ocrx_word' id='word_1_390' title='bbox 682 4898 742 4954; x_wconf 90' lang='lat' dir='ltr'>in</span> <span class='ocrx_word' id='word_1_391' title='bbox 793 4899 944 4970; x_wconf 89' lang='lat' dir='ltr'>juga</span> <span class='ocrx_word' id='word_1_392' title='bbox 995 4898 1490 4971; x_wconf 83' lang='lat' dir='ltr'>presbyterorum</span> <span class='ocrx_word' id='word_1_393' title='bbox 1541 4899 1721 4969; x_wconf 89' lang='lat' dir='ltr'>jurat,</span> <span class='ocrx_word' id='word_1_394' title='bbox 1781 4902 1845 4954; x_wconf 92' lang='lat' dir='ltr'>ut</span> <span class='ocrx_word' id='word_1_395' title='bbox 1883 4915 2014 4971; x_wconf 92' lang='lat' dir='ltr'>sup.</span> 
     </span>
    </p>
   </div>
   <div class='ocr_carea' id='block_1_67' title="bbox 359 4986 2019 5061">
    <p class='ocr_par' dir='ltr' id='par_1_67' title="bbox 359 4986 2019 5061">
     <span class='ocr_line' id='line_1_67' title="bbox 359 4986 2019 5061; baseline 0 -17"><span class='ocrx_word' id='word_1_396' title='bbox 359 5003 542 5061; x_wconf 67' lang='lat' dir='ltr'>pmna</span> <span class='ocrx_word' id='word_1_397' title='bbox 570 4988 701 5044; x_wconf 89' lang='lat' dir='ltr'>auri</span> <span class='ocrx_word' id='word_1_398' title='bbox 729 4987 959 5044; x_wconf 65' lang='lat' dir='ltr'>obritiae</span> <span class='ocrx_word' id='word_1_399' title='bbox 992 4988 1179 5044; x_wconf 86' lang='lat' dir='ltr'>unciae</span> <span class='ocrx_word' id='word_1_400' title='bbox 1211 4991 1354 5044; x_wconf 86' lang='lat' dir='ltr'>tres.</span> <span class='ocrx_word' id='word_1_401' title='bbox 1396 4986 1813 5044; x_wconf 86' lang='lat' dir='ltr'>Tedemandus</span> <span class='ocrx_word' id='word_1_402' title='bbox 1844 4987 1934 5043; x_wconf 87' lang='lat' dir='ltr'>vir</span> <span class='ocrx_word' id='word_1_403' title='bbox 1963 4991 2019 5044; x_wconf 92' lang='lat' dir='ltr'>et</span> 
     </span>
    </p>
   </div>
   <div class='ocr_carea' id='block_1_68' title="bbox 361 5075 1158 5150">
    <p class='ocr_par' dir='ltr' id='par_1_68' title="bbox 361 5075 1158 5150">
     <span class='ocr_line' id='line_1_68' title="bbox 361 5075 1158 5150; baseline -0.001 -16"><span class='ocrx_word' id='word_1_404' title='bbox 361 5075 599 5134; x_wconf 84' lang='lat' dir='ltr'>tabellio</span> <span class='ocrx_word' id='word_1_405' title='bbox 626 5076 874 5134; x_wconf 89' lang='lat' dir='ltr'>civitatis</span> <span class='ocrx_word' id='word_1_406' title='bbox 906 5076 1158 5150; x_wconf 88' lang='lat' dir='ltr'>scripsit.</span> 
     </span>
    </p>
   </div>
   <div class='ocr_carea' id='block_1_69' title="bbox 414 5219 2017 5302">
    <p class='ocr_par' dir='ltr' id='par_1_69' title="bbox 414 5219 2017 5302">
     <span class='ocr_line' id='line_1_69' title="bbox 414 5219 2017 5302; baseline 0.002 -27"><span class='ocrx_word' id='word_1_407' title='bbox 414 5221 511 5302; x_wconf 37' lang='lat' dir='ltr'>.(t)</span> <span class='ocrx_word' id='word_1_408' title='bbox 547 5219 643 5276; x_wconf 90' lang='lat' dir='ltr'>Hic</span> <span class='ocrx_word' id='word_1_409' title='bbox 672 5219 804 5302; x_wconf 66' lang='lat' dir='ltr'>loco</span> <span class='ocrx_word' id='word_1_410' title='bbox 822 5220 1162 5302; x_wconf 65' lang='lat' dir='ltr'>indictionis</span> <span class='ocrx_word' id='word_1_411' title='bbox 1189 5220 1433 5302; x_wconf 79' lang='lat' dir='ltr'>decimae</span> <span class='ocrx_word' id='word_1_412' title='bbox 1449 5220 1915 5302; x_wconf 69' lang='lat' dir='ltr'>reponendaest</span> <span class='ocrx_word' id='word_1_413' title='bbox 1933 5222 2017 5302; x_wconf 80' lang='lat' dir='ltr'>in-</span> 
     </span>
    </p>
   </div>
   <div class='ocr_carea' id='block_1_70' title="bbox 368 5290 2015 5366">
    <p class='ocr_par' dir='ltr' id='par_1_70' title="bbox 368 5290 2015 5366">
     <span class='ocr_line' id='line_1_70' title="bbox 368 5290 2015 5366; baseline 0.002 -21"><span class='ocrx_word' id='word_1_414' title='bbox 368 5290 546 5366; x_wconf 75' lang='lat' dir='ltr'>dictio</span> <span class='ocrx_word' id='word_1_415' title='bbox 579 5292 1152 5366; x_wconf 47' lang='lat' dir='ltr'>xu:__Ughellus_enim</span> <span class='ocrx_word' id='word_1_416' title='bbox 1187 5297 1329 5366; x_wconf 88' lang='lat' dir='ltr'>tom.</span> <span class='ocrx_word' id='word_1_417' title='bbox 1361 5297 1402 5360; x_wconf 92' lang='lat' dir='ltr'>l,</span> <span class='ocrx_word' id='word_1_418' title='bbox 1425 5290 1629 5366; x_wconf 75' lang='lat' dir='ltr'>recitat</span> <span class='ocrx_word' id='word_1_419' title='bbox 1653 5292 1814 5348; x_wconf 87' lang='lat' dir='ltr'>aliud</span> <span class='ocrx_word' id='word_1_420' title='bbox 1844 5293 2015 5366; x_wconf 82' lang='lat' dir='ltr'>privi-</span> 
     </span>
    </p>
   </div>
   <div class='ocr_carea' id='block_1_71' title="bbox 368 5360 2015 5436">
    <p class='ocr_par' dir='ltr' id='par_1_71' title="bbox 368 5360 2015 5436">
     <span class='ocr_line' id='line_1_71' title="bbox 368 5360 2015 5436; baseline 0.002 -20"><span class='ocrx_word' id='word_1_421' title='bbox 368 5360 593 5429; x_wconf 78' lang='lat' dir='ltr'>legium</span> <span class='ocrx_word' id='word_1_422' title='bbox 624 5360 791 5417; x_wconf 65' lang='lat' dir='ltr'>Silvie</span> <span class='ocrx_word' id='word_1_423' title='bbox 824 5362 1103 5420; x_wconf 66' lang='lat' dir='ltr'>Candida:</span> <span class='ocrx_word' id='word_1_424' title='bbox 1151 5363 1437 5436; x_wconf 88' lang='lat' dir='ltr'>episcopo</span> <span class='ocrx_word' id='word_1_425' title='bbox 1468 5363 1700 5430; x_wconf 89' lang='lat' dir='ltr'>datum,</span> <span class='ocrx_word' id='word_1_426' title='bbox 1727 5360 2015 5433; x_wconf 54' lang='lat' dir='ltr'>scriptum</span> 
     </span>
    </p>
   </div>
   <div class='ocr_carea' id='block_1_72' title="bbox 363 5436 2018 5511">
    <p class='ocr_par' dir='ltr' id='par_1_72' title="bbox 363 5436 2018 5511">
     <span class='ocr_line' id='line_1_72' title="bbox 363 5436 2018 5511; baseline 0.004 -27"><span class='ocrx_word' id='word_1_427' title='bbox 363 5446 478 5511; x_wconf 80' lang='lat' dir='ltr'>per</span> <span class='ocrx_word' id='word_1_428' title='bbox 506 5446 751 5511; x_wconf 71' lang='lat' dir='ltr'>manum</span> <span class='ocrx_word' id='word_1_429' title='bbox 797 5436 1034 5511; x_wconf 61' lang='lat' dir='ltr'>Georgii</span> <span class='ocrx_word' id='word_1_430' title='bbox 1061 5436 1842 5511; x_wconf 75' lang='lat' dir='ltr'>notarii_regionarii_atque</span> <span class='ocrx_word' id='word_1_431' title='bbox 1871 5436 2018 5511; x_wconf 88' lang='lat' dir='ltr'>scri-_</span> 
     </span>
    </p>
   </div>
   <div class='ocr_carea' id='block_1_73' title="bbox 366 5503 2021 5577">
    <p class='ocr_par' dir='ltr' id='par_1_73' title="bbox 366 5503 2021 5577">
     <span class='ocr_line' id='line_1_73' title="bbox 366 5503 2021 5577; baseline 0.003 -22"><span class='ocrx_word' id='word_1_432' title='bbox 366 5503 561 5577; x_wconf 79' lang='lat' dir='ltr'>ptoris</span> <span class='ocrx_word' id='word_1_433' title='bbox 595 5503 657 5577; x_wconf 55' lang='grc' dir='ltr'><strong>δῖ.</strong></span> <span class='ocrx_word' id='word_1_434' title='bbox 702 5505 772 5560; x_wconf 82' lang='lat' dir='ltr'>R.</span> <span class='ocrx_word' id='word_1_435' title='bbox 805 5506 878 5560; x_wconf 85' lang='lat' dir='ltr'>E.</span> <span class='ocrx_word' id='word_1_436' title='bbox 927 5503 988 5560; x_wconf 79' lang='lat' dir='ltr'>in</span> <span class='ocrx_word' id='word_1_437' title='bbox 1026 5519 1220 5560; x_wconf 86' lang='lat' dir='ltr'>mense</span> <span class='ocrx_word' id='word_1_438' title='bbox 1261 5503 1592 5577; x_wconf 62' lang='lat' dir='ltr'>Decembri,</span> <span class='ocrx_word' id='word_1_439' title='bbox 1635 5503 1759 5560; x_wconf 69' lang='lat' dir='ltr'>incf.</span> <span class='ocrx_word' id='word_1_440' title='bbox 1795 5522 1851 5577; x_wconf 82' lang='lat' dir='ltr'>x,</span> <span class='ocrx_word' id='word_1_441' title='bbox 1885 5508 2021 5577; x_wconf 88' lang='lat' dir='ltr'>post</span> 
     </span>
    </p>
   </div>
   <div class='ocr_carea' id='block_1_74' title="bbox 377 5571 2019 5645">
    <p class='ocr_par' dir='ltr' id='par_1_74' title="bbox 377 5571 2019 5645">
     <span class='ocr_line' id='line_1_74' title="bbox 377 5571 2019 5645; baseline 0.003 -20"><span class='ocrx_word' id='word_1_442' title='bbox 377 5571 828 5644; x_wconf 90' lang='lat' dir='ltr'>suscriptionem</span> <span class='ocrx_word' id='word_1_443' title='bbox 875 5590 1018 5629; x_wconf 88' lang='lat' dir='ltr'>vero</span> <span class='ocrx_word' id='word_1_444' title='bbox 1061 5574 1386 5645; x_wconf 70' lang='lat' dir='ltr'>praesulum</span> <span class='ocrx_word' id='word_1_445' title='bbox 1421 5593 1459 5631; x_wconf 86' lang='lat' dir='ltr'>x</span> <span class='ocrx_word' id='word_1_446' title='bbox 1486 5575 1545 5630; x_wconf 92' lang='lat' dir='ltr'>in</span> <span class='ocrx_word' id='word_1_447' title='bbox 1573 5571 1642 5630; x_wconf 86' lang='lat' dir='ltr'>eo</span> <span class='ocrx_word' id='word_1_448' title='bbox 1681 5571 2019 5631; x_wconf 74' lang='lat' dir='ltr'>nominato-</span> 
     </span>
    </p>
   </div>
   <div class='ocr_carea' id='block_1_75' title="bbox 374 5645 2019 5715">
    <p class='ocr_par' dir='ltr' id='par_1_75' title="bbox 374 5645 2019 5715">
     <span class='ocr_line' id='line_1_75' title="bbox 374 5645 2019 5715; baseline 0.005 -21"><span class='ocrx_word' id='word_1_449' title='bbox 374 5655 540 5715; x_wconf 88' lang='lat' dir='ltr'>r_u_m:</span> <span class='ocrx_word' id='word_1_450' title='bbox 573 5645 791 5701; x_wconf 85' lang='lat' dir='ltr'>Datum</span> <span class='ocrx_word' id='word_1_451' title='bbox 847 5645 968 5700; x_wconf 87' lang='lat' dir='ltr'>XII</span> <span class='ocrx_word' id='word_1_452' title='bbox 986 5645 1128 5698; x_wconf 84' lang='lat' dir='ltr'>Kal.</span> <span class='ocrx_word' id='word_1_453' title='bbox 1154 5646 1441 5701; x_wconf 83' lang='lat' dir='ltr'>Januarii</span> <span class='ocrx_word' id='word_1_454' title='bbox 1453 5661 1566 5715; x_wconf 79' lang='lat' dir='ltr'>per</span> <span class='ocrx_word' id='word_1_455' title='bbox 1594 5663 1806 5702; x_wconf 84' lang='lat' dir='ltr'>manus</span> <span class='ocrx_word' id='word_1_456' title='bbox 1832 5648 2019 5703; x_wconf 85' lang='lat' dir='ltr'>Bene-</span> 
     </span>
    </p>
   </div>
   <div class='ocr_carea' id='block_1_76' title="bbox 378 5711 2018 5787">
    <p class='ocr_par' dir='ltr' id='par_1_76' title="bbox 378 5711 2018 5787">
     <span class='ocr_line' id='line_1_76' title="bbox 378 5711 2018 5787; baseline 0.005 -23"><span class='ocrx_word' id='word_1_457' title='bbox 378 5711 526 5768; x_wconf 84' lang='lat' dir='ltr'>dicti</span> <span class='ocrx_word' id='word_1_458' title='bbox 553 5715 812 5787; x_wconf 80' lang='lat' dir='ltr'>episcopi</span> <span class='ocrx_word' id='word_1_459' title='bbox 852 5715 1246 5787; x_wconf 86' lang='lat' dir='ltr'>Port_uen_s_is,_</span> <span class='ocrx_word' id='word_1_460' title='bbox 1285 5721 1337 5770; x_wconf 88' lang='lat' dir='ltr'>et</span> <span class='ocrx_word' id='word_1_461' title='bbox 1371 5711 1494 5772; x_wconf 73' lang='lat' dir='ltr'>vice</span> <span class='ocrx_word' id='word_1_462' title='bbox 1521 5718 1852 5787; x_wconf 82' lang='lat' dir='ltr'>Peregrini,</span> <span class='ocrx_word' id='word_1_463' title='bbox 1886 5723 2018 5783; x_wconf 88' lang='lat' dir='ltr'>etc.,</span> 
     </span>
    </p>
   </div>
   <div class='ocr_carea' id='block_1_77' title="bbox 380 5783 2020 5858">
    <p class='ocr_par' dir='ltr' id='par_1_77' title="bbox 380 5783 2020 5858">
     <span class='ocr_line' id='line_1_77' title="bbox 380 5783 2020 5858; baseline 0.003 -21"><span class='ocrx_word' id='word_1_464' title='bbox 380 5795 538 5844; x_wconf 82' lang='lat' dir='ltr'>anno</span> <span class='ocrx_word' id='word_1_465' title='bbox 555 5783 940 5853; x_wconf 78' lang='lat' dir='ltr'>pontiﬁcatus</span> <span class='ocrx_word' id='word_1_466' title='bbox 972 5785 1043 5840; x_wconf 89' lang='lat' dir='ltr'>D.</span> <span class='ocrx_word' id='word_1_467' title='bbox 1097 5783 1173 5837; x_wconf 93' lang='lat' dir='ltr'>N.</span> <span class='ocrx_word' id='word_1_468' title='bbox 1203 5783 1453 5842; x_wconf 83' lang='lat' dir='ltr'>Joannis</span> <span class='ocrx_word' id='word_1_469' title='bbox 1480 5783 1696 5843; x_wconf 79' lang='lat' dir='ltr'>summi</span> <span class='ocrx_word' id='word_1_470' title='bbox 1709 5788 1932 5858; x_wconf 69' lang='lat' dir='ltr'>ponti/2</span> <span class='ocrx_word' id='word_1_471' title='bbox 1964 5791 2020 5844; x_wconf 84' lang='lat' dir='ltr'>et</span> 
     </span>
    </p>
   </div>
   <div class='ocr_carea' id='block_1_78' title="bbox 2108 1878 3802 1952">
    <p class='ocr_par' dir='ltr' id='par_1_78' title="bbox 2108 1878 3802 1952">
     <span class='ocr_line' id='line_1_78' title="bbox 2108 1878 3802 1952; baseline -0.001 -16"><span class='ocrx_word' id='word_1_472' title='bbox 2108 1879 2404 1937; x_wconf 84' lang='lat' dir='ltr'>cautelam</span> <span class='ocrx_word' id='word_1_473' title='bbox 2435 1880 2588 1952; x_wconf 85' lang='lat' dir='ltr'>stylo</span> <span class='ocrx_word' id='word_1_474' title='bbox 2626 1879 3018 1935; x_wconf 81' lang='lat' dir='ltr'>inextricabili</span> <span class='ocrx_word' id='word_1_475' title='bbox 3048 1879 3504 1946; x_wconf 87' lang='lat' dir='ltr'>commendare,</span> <span class='ocrx_word' id='word_1_476' title='bbox 3541 1879 3652 1935; x_wconf 90' lang='lat' dir='ltr'>illa</span> <span class='ocrx_word' id='word_1_477' title='bbox 3681 1878 3802 1934; x_wconf 88' lang='lat' dir='ltr'>mi-</span> 
     </span>
    </p>
   </div>
   <div class='ocr_carea' id='block_1_79' title="bbox 2107 1966 3795 2042">
    <p class='ocr_par' dir='ltr' id='par_1_79' title="bbox 2107 1966 3795 2042">
     <span class='ocr_line' id='line_1_79' title="bbox 2107 1966 3795 2042; baseline -0.001 -18"><span class='ocrx_word' id='word_1_478' title='bbox 2107 1985 2223 2024; x_wconf 91' lang='lat' dir='ltr'>nus</span> <span class='ocrx_word' id='word_1_479' title='bbox 2249 1968 2534 2024; x_wconf 91' lang='lat' dir='ltr'>idoneum</span> <span class='ocrx_word' id='word_1_480' title='bbox 2559 1967 2707 2023; x_wconf 84' lang='lat' dir='ltr'>foret</span> <span class='ocrx_word' id='word_1_481' title='bbox 2760 1972 3031 2023; x_wconf 89' lang='lat' dir='ltr'>auctores</span> <span class='ocrx_word' id='word_1_482' title='bbox 3087 1972 3417 2041; x_wconf 77' lang='lat' dir='ltr'>praesentes</span> <span class='ocrx_word' id='word_1_483' title='bbox 3450 1966 3795 2042; x_wconf 86' lang='lat' dir='ltr'>inspicere,</span> 
     </span>
    </p>
   </div>
   <div class='ocr_carea' id='block_1_80' title="bbox 2108 2056 3800 2130">
    <p class='ocr_par' dir='ltr' id='par_1_80' title="bbox 2108 2056 3800 2130">
     <span class='ocr_line' id='line_1_80' title="bbox 2108 2056 3800 2130; baseline 0 -18"><span class='ocrx_word' id='word_1_484' title='bbox 2108 2062 2164 2113; x_wconf 93' lang='lat' dir='ltr'>et</span> <span class='ocrx_word' id='word_1_485' title='bbox 2192 2059 2336 2113; x_wconf 82' lang='lat' dir='ltr'>Acta</span> <span class='ocrx_word' id='word_1_486' title='bbox 2367 2057 2579 2129; x_wconf 87' lang='lat' dir='ltr'>exequi</span> <span class='ocrx_word' id='word_1_487' title='bbox 2631 2060 2894 2112; x_wconf 81' lang='lat' dir='ltr'>exarata.</span> <span class='ocrx_word' id='word_1_488' title='bbox 2930 2056 3043 2113; x_wconf 90' lang='lat' dir='ltr'>Sed</span> <span class='ocrx_word' id='word_1_489' title='bbox 3075 2056 3237 2130; x_wconf 87' lang='lat' dir='ltr'>quia,</span> <span class='ocrx_word' id='word_1_490' title='bbox 3271 2060 3336 2112; x_wconf 89' lang='lat' dir='ltr'>ut</span> <span class='ocrx_word' id='word_1_491' title='bbox 3377 2056 3800 2130; x_wconf 70' lang='lat' dir='ltr'>praemissum</span> 
     </span>
    </p>
   </div>
   <div class='ocr_carea' id='block_1_81' title="bbox 2110 2144 3804 2220">
    <p class='ocr_par' dir='ltr' id='par_1_81' title="bbox 2110 2144 3804 2220">
     <span class='ocr_line' id='line_1_81' title="bbox 2110 2144 3804 2220; baseline 0 -17"><span class='ocrx_word' id='word_1_492' title='bbox 2110 2146 2401 2220; x_wconf 89' lang='lat' dir='ltr'>est,primi</span> <span class='ocrx_word' id='word_1_493' title='bbox 2431 2145 2692 2218; x_wconf 88' lang='lat' dir='ltr'>parentis</span> <span class='ocrx_word' id='word_1_494' title='bbox 2723 2144 2958 2218; x_wconf 90' lang='lat' dir='ltr'>piaculo</span> <span class='ocrx_word' id='word_1_495' title='bbox 2989 2145 3269 2202; x_wconf 86' lang='lat' dir='ltr'>instantia</span> <span class='ocrx_word' id='word_1_496' title='bbox 3298 2150 3672 2202; x_wconf 73' lang='lat' dir='ltr'>cesterorum</span> <span class='ocrx_word' id='word_1_497' title='bbox 3694 2146 3804 2203; x_wconf 75' lang='lat' dir='ltr'>de&#39;</span> 
     </span>
    </p>
   </div>
   <div class='ocr_carea' id='block_1_82' title="bbox 2109 2233 3798 2308">
    <p class='ocr_par' dir='ltr' id='par_1_82' title="bbox 2109 2233 3798 2308">
     <span class='ocr_line' id='line_1_82' title="bbox 2109 2233 3798 2308; baseline 0.001 -17"><span class='ocrx_word' id='word_1_498' title='bbox 2109 2235 2281 2291; x_wconf 90' lang='lat' dir='ltr'>ﬁcere</span> <span class='ocrx_word' id='word_1_499' title='bbox 2313 2235 2506 2308; x_wconf 86' lang='lat' dir='ltr'>coepit,</span> <span class='ocrx_word' id='word_1_500' title='bbox 2531 2233 2777 2306; x_wconf 87' lang='lat' dir='ltr'>provide</span> <span class='ocrx_word' id='word_1_501' title='bbox 2808 2249 3017 2290; x_wconf 90' lang='lat' dir='ltr'>eorum</span> <span class='ocrx_word' id='word_1_502' title='bbox 3043 2233 3270 2290; x_wconf 87' lang='lat' dir='ltr'>invenit</span> <span class='ocrx_word' id='word_1_503' title='bbox 3295 2234 3686 2301; x_wconf 87' lang='lat' dir='ltr'>humanitas,</span> <span class='ocrx_word' id='word_1_504' title='bbox 3716 2251 3798 2292; x_wconf 88' lang='lat' dir='ltr'>ne</span> 
     </span>
    </p>
   </div>
   <div class='ocr_carea' id='block_1_83' title="bbox 2113 2321 3798 2396">
    <p class='ocr_par' dir='ltr' id='par_1_83' title="bbox 2113 2321 3798 2396">
     <span class='ocr_line' id='line_1_83' title="bbox 2113 2321 3798 2396; baseline 0.001 -18"><span class='ocrx_word' id='word_1_505' title='bbox 2113 2340 2316 2380; x_wconf 91' lang='lat' dir='ltr'>secum</span> <span class='ocrx_word' id='word_1_506' title='bbox 2347 2323 2684 2396; x_wconf 88' lang='lat' dir='ltr'>deperirent</span> <span class='ocrx_word' id='word_1_507' title='bbox 2711 2324 2885 2377; x_wconf 89' lang='lat' dir='ltr'>Gesta</span> <span class='ocrx_word' id='word_1_508' title='bbox 2910 2321 3154 2394; x_wconf 85' lang='lat' dir='ltr'>propria</span> <span class='ocrx_word' id='word_1_509' title='bbox 3179 2321 3257 2376; x_wconf 90' lang='lat' dir='ltr'>ad</span> <span class='ocrx_word' id='word_1_510' title='bbox 3282 2321 3798 2379; x_wconf 85' lang='lat' dir='ltr'>informationem</span> 
     </span>
    </p>
   </div>
   <div class='ocr_carea' id='block_1_84' title="bbox 2114 2409 3801 2484">
    <p class='ocr_par' dir='ltr' id='par_1_84' title="bbox 2114 2409 3801 2484">
     <span class='ocr_line' id='line_1_84' title="bbox 2114 2409 3801 2484; baseline 0.001 -19"><span class='ocrx_word' id='word_1_511' title='bbox 2114 2412 2491 2484; x_wconf 88' lang='lat' dir='ltr'>sequentium</span> <span class='ocrx_word' id='word_1_512' title='bbox 2524 2410 2900 2479; x_wconf 71' lang='lat' dir='ltr'>saeculorum,</span> <span class='ocrx_word' id='word_1_513' title='bbox 2927 2409 3022 2466; x_wconf 85' lang='lat' dir='ltr'>vel</span> <span class='ocrx_word' id='word_1_514' title='bbox 3052 2409 3131 2466; x_wconf 91' lang='lat' dir='ltr'>ad</span> <span class='ocrx_word' id='word_1_515' title='bbox 3156 2409 3571 2480; x_wconf 87' lang='lat' dir='ltr'>evitationem,</span> <span class='ocrx_word' id='word_1_516' title='bbox 3605 2411 3659 2466; x_wconf 92' lang='lat' dir='ltr'>si</span> <span class='ocrx_word' id='word_1_517' title='bbox 3688 2412 3801 2467; x_wconf 88' lang='lat' dir='ltr'>ob-</span> 
     </span>
    </p>
   </div>
   <div class='ocr_carea' id='block_1_85' title="bbox 2115 2497 3800 2571">
    <p class='ocr_par' dir='ltr' id='par_1_85' title="bbox 2115 2497 3800 2571">
     <span class='ocr_line' id='line_1_85' title="bbox 2115 2497 3800 2571; baseline 0.001 -17"><span class='ocrx_word' id='word_1_518' title='bbox 2115 2517 2290 2556; x_wconf 89' lang='lat' dir='ltr'>scura</span> <span class='ocrx_word' id='word_1_519' title='bbox 2320 2500 2556 2569; x_wconf 87' lang='lat' dir='ltr'>fuerint,</span> <span class='ocrx_word' id='word_1_520' title='bbox 2618 2499 2834 2555; x_wconf 91' lang='lat' dir='ltr'>debere</span> <span class='ocrx_word' id='word_1_521' title='bbox 2865 2497 3159 2563; x_wconf 89' lang='lat' dir='ltr'>adnotari,</span> <span class='ocrx_word' id='word_1_522' title='bbox 3194 2504 3258 2553; x_wconf 91' lang='lat' dir='ltr'>ut</span> <span class='ocrx_word' id='word_1_523' title='bbox 3295 2498 3433 2571; x_wconf 91' lang='lat' dir='ltr'>ipsa</span> <span class='ocrx_word' id='word_1_524' title='bbox 3464 2499 3800 2556; x_wconf 88' lang='lat' dir='ltr'>adnotatio</span> 
     </span>
    </p>
   </div>
   <div class='ocr_carea' id='block_1_86' title="bbox 2111 2586 3797 2660">
    <p class='ocr_par' dir='ltr' id='par_1_86' title="bbox 2111 2586 3797 2660">
     <span class='ocr_line' id='line_1_86' title="bbox 2111 2586 3797 2660; baseline 0.001 -16"><span class='ocrx_word' id='word_1_525' title='bbox 2111 2588 2493 2644; x_wconf 87' lang='lat' dir='ltr'>immemores</span> <span class='ocrx_word' id='word_1_526' title='bbox 2523 2593 2723 2643; x_wconf 69' lang='lat' dir='ltr'>aetates</span> <span class='ocrx_word' id='word_1_527' title='bbox 2745 2602 3034 2660; x_wconf 89' lang='lat' dir='ltr'>superans</span> <span class='ocrx_word' id='word_1_528' title='bbox 3053 2586 3414 2656; x_wconf 85' lang='lat' dir='ltr'>signiﬁcaret</span> <span class='ocrx_word' id='word_1_529' title='bbox 3439 2587 3599 2660; x_wconf 87' lang='lat' dir='ltr'>quid</span> <span class='ocrx_word' id='word_1_530' title='bbox 3623 2588 3797 2656; x_wconf 89' lang='lat' dir='ltr'>utile,</span> 
     </span>
    </p>
   </div>
   <div class='ocr_carea' id='block_1_87' title="bbox 2113 2675 3799 2752">
    <p class='ocr_par' dir='ltr' id='par_1_87' title="bbox 2113 2675 3799 2752">
     <span class='ocr_line' id='line_1_87' title="bbox 2113 2675 3799 2752; baseline -0.002 -19"><span class='ocrx_word' id='word_1_531' title='bbox 2113 2677 2334 2752; x_wconf 89' lang='lat' dir='ltr'>quidve</span> <span class='ocrx_word' id='word_1_532' title='bbox 2365 2683 2597 2747; x_wconf 89' lang='lat' dir='ltr'>gestum</span> <span class='ocrx_word' id='word_1_533' title='bbox 2621 2676 2828 2732; x_wconf 85' lang='lat' dir='ltr'>fuisset</span> <span class='ocrx_word' id='word_1_534' title='bbox 2855 2676 3142 2748; x_wconf 90' lang='lat' dir='ltr'>inutile,et</span> <span class='ocrx_word' id='word_1_535' title='bbox 3160 2675 3361 2732; x_wconf 90' lang='lat' dir='ltr'>lucida</span> <span class='ocrx_word' id='word_1_536' title='bbox 3384 2675 3799 2747; x_wconf 86' lang='lat' dir='ltr'>indagatione</span> 
     </span>
    </p>
   </div>
   <div class='ocr_carea' id='block_1_88' title="bbox 2112 2766 3794 2838">
    <p class='ocr_par' dir='ltr' id='par_1_88' title="bbox 2112 2766 3794 2838">
     <span class='ocr_line' id='line_1_88' title="bbox 2112 2766 3794 2838; baseline -0.002 -16"><span class='ocrx_word' id='word_1_537' title='bbox 2112 2783 2322 2822; x_wconf 89' lang='lat' dir='ltr'>verum</span> <span class='ocrx_word' id='word_1_538' title='bbox 2348 2783 2384 2822; x_wconf 91' lang='lat' dir='ltr'>a</span> <span class='ocrx_word' id='word_1_539' title='bbox 2413 2766 2560 2822; x_wconf 76' lang='lat' dir='ltr'>falso</span> <span class='ocrx_word' id='word_1_540' title='bbox 2611 2766 2671 2821; x_wconf 92' lang='lat' dir='ltr'>in</span> <span class='ocrx_word' id='word_1_541' title='bbox 2725 2771 2990 2838; x_wconf 88' lang='lat' dir='ltr'>tempore</span> <span class='ocrx_word' id='word_1_542' title='bbox 3041 2770 3386 2838; x_wconf 89' lang='lat' dir='ltr'>opportuno</span> <span class='ocrx_word' id='word_1_543' title='bbox 3419 2771 3794 2822; x_wconf 87' lang='lat' dir='ltr'>secerneret.</span> 
     </span>
    </p>
   </div>
   <div class='ocr_carea' id='block_1_89' title="bbox 2114 2853 3796 2924">
    <p class='ocr_par' dir='ltr' id='par_1_89' title="bbox 2114 2853 3796 2924">
     <span class='ocr_line' id='line_1_89' title="bbox 2114 2853 3796 2924; baseline 0 -14"><span class='ocrx_word' id='word_1_544' title='bbox 2114 2855 2287 2922; x_wconf 83' lang='lat' dir='ltr'>Quod</span> <span class='ocrx_word' id='word_1_545' title='bbox 2313 2855 2359 2911; x_wconf 93' lang='lat' dir='ltr'>si</span> <span class='ocrx_word' id='word_1_546' title='bbox 2387 2860 2474 2911; x_wconf 91' lang='lat' dir='ltr'>est</span> <span class='ocrx_word' id='word_1_547' title='bbox 2500 2855 2561 2910; x_wconf 91' lang='lat' dir='ltr'>in</span> <span class='ocrx_word' id='word_1_548' title='bbox 2595 2854 2981 2911; x_wconf 66' lang='lat' dir='ltr'>saecularibus</span> <span class='ocrx_word' id='word_1_549' title='bbox 3008 2854 3263 2924; x_wconf 81' lang='lat' dir='ltr'>negotiis</span> <span class='ocrx_word' id='word_1_550' title='bbox 3289 2853 3350 2909; x_wconf 91' lang='lat' dir='ltr'>id</span> <span class='ocrx_word' id='word_1_551' title='bbox 3380 2854 3620 2910; x_wconf 88' lang='lat' dir='ltr'>servari</span> <span class='ocrx_word' id='word_1_552' title='bbox 3654 2870 3796 2910; x_wconf 87' lang='lat' dir='ltr'>san-</span> 
     </span>
    </p>
   </div>
   <div class='ocr_carea' id='block_1_90' title="bbox 2114 2941 3799 3014">
    <p class='ocr_par' dir='ltr' id='par_1_90' title="bbox 2114 2941 3799 3014">
     <span class='ocr_line' id='line_1_90' title="bbox 2114 2941 3799 3014; baseline -0.001 -14"><span class='ocrx_word' id='word_1_553' title='bbox 2114 2945 2316 3014; x_wconf 91' lang='lat' dir='ltr'>citum,</span> <span class='ocrx_word' id='word_1_554' title='bbox 2351 2943 2600 3010; x_wconf 90' lang='lat' dir='ltr'>cautius,</span> <span class='ocrx_word' id='word_1_555' title='bbox 2659 2947 2715 2998; x_wconf 88' lang='lat' dir='ltr'>et</span> <span class='ocrx_word' id='word_1_556' title='bbox 2752 2942 3090 3012; x_wconf 81' lang='lat' dir='ltr'>diligentius</span> <span class='ocrx_word' id='word_1_557' title='bbox 3138 2942 3199 2998; x_wconf 91' lang='lat' dir='ltr'>in</span> <span class='ocrx_word' id='word_1_558' title='bbox 3237 2941 3668 2998; x_wconf 88' lang='lat' dir='ltr'>ecclesiasticis</span> <span class='ocrx_word' id='word_1_559' title='bbox 3702 2947 3799 2998; x_wconf 90' lang='lat' dir='ltr'>est</span> 
     </span>
    </p>
   </div>
   <div class='ocr_carea' id='block_1_91' title="bbox 2113 3032 3799 3106">
    <p class='ocr_par' dir='ltr' id='par_1_91' title="bbox 2113 3032 3799 3106">
     <span class='ocr_line' id='line_1_91' title="bbox 2113 3032 3799 3106; baseline -0.001 -16"><span class='ocrx_word' id='word_1_560' title='bbox 2113 3035 2576 3099; x_wconf 83' lang='lat' dir='ltr'>observandum,</span> <span class='ocrx_word' id='word_1_561' title='bbox 2634 3033 2737 3106; x_wconf 90' lang='lat' dir='ltr'>qui</span> <span class='ocrx_word' id='word_1_562' title='bbox 2762 3037 2924 3088; x_wconf 92' lang='lat' dir='ltr'>tanto</span> <span class='ocrx_word' id='word_1_563' title='bbox 2954 3036 3368 3104; x_wconf 88' lang='lat' dir='ltr'>tempestatem</span> <span class='ocrx_word' id='word_1_564' title='bbox 3412 3032 3625 3088; x_wconf 62' lang='lat' dir='ltr'>saeculi</span> <span class='ocrx_word' id='word_1_565' title='bbox 3656 3033 3799 3089; x_wconf 89' lang='lat' dir='ltr'>hor-</span> 
     </span>
    </p>
   </div>
   <div class='ocr_carea' id='block_1_92' title="bbox 2113 3120 3797 3196">
    <p class='ocr_par' dir='ltr' id='par_1_92' title="bbox 2113 3120 3797 3196">
     <span class='ocr_line' id='line_1_92' title="bbox 2113 3120 3797 3196; baseline -0.001 -17"><span class='ocrx_word' id='word_1_566' title='bbox 2113 3127 2243 3179; x_wconf 85' lang='lat' dir='ltr'>rent</span> <span class='ocrx_word' id='word_1_567' title='bbox 2267 3128 2494 3196; x_wconf 83' lang='lat' dir='ltr'>quanto</span> <span class='ocrx_word' id='word_1_568' title='bbox 2521 3120 2714 3194; x_wconf 64' lang='lat' dir='ltr'>quiete</span> <span class='ocrx_word' id='word_1_569' title='bbox 2759 3126 3044 3194; x_wconf 89' lang='lat' dir='ltr'>perpetua</span> <span class='ocrx_word' id='word_1_570' title='bbox 3077 3121 3308 3190; x_wconf 88' lang='lat' dir='ltr'>ardent,</span> <span class='ocrx_word' id='word_1_571' title='bbox 3348 3124 3520 3176; x_wconf 88' lang='lat' dir='ltr'>tanto</span> <span class='ocrx_word' id='word_1_572' title='bbox 3550 3121 3797 3195; x_wconf 86' lang='lat' dir='ltr'>inquie-</span> 
     </span>
    </p>
   </div>
   <div class='ocr_carea' id='block_1_93' title="bbox 2113 3208 3796 3282">
    <p class='ocr_par' dir='ltr' id='par_1_93' title="bbox 2113 3208 3796 3282">
     <span class='ocr_line' id='line_1_93' title="bbox 2113 3208 3796 3282; baseline 0 -16"><span class='ocrx_word' id='word_1_573' title='bbox 2113 3211 2383 3267; x_wconf 88' lang='lat' dir='ltr'>tudinem</span> <span class='ocrx_word' id='word_1_574' title='bbox 2420 3210 2721 3278; x_wconf 84' lang='lat' dir='ltr'>refugiunt</span> <span class='ocrx_word' id='word_1_575' title='bbox 2773 3209 3115 3265; x_wconf 85' lang='lat' dir='ltr'>mortalium</span> <span class='ocrx_word' id='word_1_576' title='bbox 3155 3214 3385 3282; x_wconf 91' lang='lat' dir='ltr'>quanto</span> <span class='ocrx_word' id='word_1_577' title='bbox 3418 3208 3530 3265; x_wconf 88' lang='lat' dir='ltr'>soli</span> <span class='ocrx_word' id='word_1_578' title='bbox 3563 3211 3796 3266; x_wconf 85' lang='lat' dir='ltr'>viventi</span> 
     </span>
    </p>
   </div>
   <div class='ocr_carea' id='block_1_94' title="bbox 2115 3297 3795 3370">
    <p class='ocr_par' dir='ltr' id='par_1_94' title="bbox 2115 3297 3795 3370">
     <span class='ocr_line' id='line_1_94' title="bbox 2115 3297 3795 3370; baseline -0.001 -16"><span class='ocrx_word' id='word_1_579' title='bbox 2115 3301 2234 3355; x_wconf 91' lang='lat' dir='ltr'>Deo</span> <span class='ocrx_word' id='word_1_580' title='bbox 2266 3299 2323 3354; x_wconf 91' lang='lat' dir='ltr'>in</span> <span class='ocrx_word' id='word_1_581' title='bbox 2343 3299 2557 3354; x_wconf 77' lang='lat' dir='ltr'>saecula</span> <span class='ocrx_word' id='word_1_582' title='bbox 2580 3297 2933 3354; x_wconf 59' lang='lat' dir='ltr'>saeculorum</span> <span class='ocrx_word' id='word_1_583' title='bbox 2956 3297 3191 3370; x_wconf 89' lang='lat' dir='ltr'>placere</span> <span class='ocrx_word' id='word_1_584' title='bbox 3211 3297 3710 3370; x_wconf 88' lang='lat' dir='ltr'>desiderant.Cuj</span> <span class='ocrx_word' id='word_1_585' title='bbox 3721 3315 3795 3353; x_wconf 89' lang='lat' dir='ltr'>us</span> 
     </span>
    </p>
   </div>
   <div class='ocr_carea' id='block_1_95' title="bbox 2112 3385 3798 3458">
    <p class='ocr_par' dir='ltr' id='par_1_95' title="bbox 2112 3385 3798 3458">
     <span class='ocr_line' id='line_1_95' title="bbox 2112 3385 3798 3458; baseline -0.001 -14"><span class='ocrx_word' id='word_1_586' title='bbox 2112 3387 2196 3444; x_wconf 91' lang='lat' dir='ltr'>rei</span> <span class='ocrx_word' id='word_1_587' title='bbox 2227 3387 2414 3458; x_wconf 83' lang='lat' dir='ltr'>gratia</span> <span class='ocrx_word' id='word_1_588' title='bbox 2441 3387 2723 3442; x_wconf 89' lang='lat' dir='ltr'>omnibus</span> <span class='ocrx_word' id='word_1_589' title='bbox 2747 3389 2910 3443; x_wconf 83' lang='lat' dir='ltr'>S.Dei</span> <span class='ocrx_word' id='word_1_590' title='bbox 2943 3385 3212 3442; x_wconf 75' lang='lat' dir='ltr'>Ecclesiae</span> <span class='ocrx_word' id='word_1_591' title='bbox 3241 3386 3376 3442; x_wconf 86' lang='lat' dir='ltr'>ﬁliis</span> <span class='ocrx_word' id='word_1_592' title='bbox 3407 3391 3632 3442; x_wconf 88' lang='lat' dir='ltr'>notum</span> <span class='ocrx_word' id='word_1_593' title='bbox 3659 3403 3798 3443; x_wconf 90' lang='lat' dir='ltr'>esse</span> 
     </span>
    </p>
   </div>
   <div class='ocr_carea' id='block_1_96' title="bbox 2112 3475 3800 3549">
    <p class='ocr_par' dir='ltr' id='par_1_96' title="bbox 2112 3475 3800 3549">
     <span class='ocr_line' id='line_1_96' title="bbox 2112 3475 3800 3549; baseline 0 -17"><span class='ocrx_word' id='word_1_594' title='bbox 2112 3476 2393 3532; x_wconf 90' lang='lat' dir='ltr'>volumus</span> <span class='ocrx_word' id='word_1_595' title='bbox 2412 3475 2576 3549; x_wconf 86' lang='lat' dir='ltr'>quod</span> <span class='ocrx_word' id='word_1_596' title='bbox 2602 3475 2750 3531; x_wconf 91' lang='lat' dir='ltr'>inter</span> <span class='ocrx_word' id='word_1_597' title='bbox 2771 3478 3060 3531; x_wconf 90' lang='lat' dir='ltr'>Ursonem</span> <span class='ocrx_word' id='word_1_598' title='bbox 3083 3475 3493 3547; x_wconf 91' lang='lat' dir='ltr'>patriarcham</span> <span class='ocrx_word' id='word_1_599' title='bbox 3522 3476 3800 3532; x_wconf 88' lang='lat' dir='ltr'>Graden-</span> 
     </span>
    </p>
   </div>
   <div class='ocr_carea' id='block_1_97' title="bbox 2116 3565 3795 3639">
    <p class='ocr_par' dir='ltr' id='par_1_97' title="bbox 2116 3565 3795 3639">
     <span class='ocr_line' id='line_1_97' title="bbox 2116 3565 3795 3639; baseline 0.001 -18"><span class='ocrx_word' id='word_1_600' title='bbox 2116 3583 2263 3633; x_wconf 91' lang='lat' dir='ltr'>sem,</span> <span class='ocrx_word' id='word_1_601' title='bbox 2323 3571 2379 3622; x_wconf 92' lang='lat' dir='ltr'>et</span> <span class='ocrx_word' id='word_1_602' title='bbox 2429 3569 2773 3639; x_wconf 86' lang='lat' dir='ltr'>Popponem</span> <span class='ocrx_word' id='word_1_603' title='bbox 2832 3565 3297 3636; x_wconf 88' lang='lat' dir='ltr'>Forojuliensem</span> <span class='ocrx_word' id='word_1_604' title='bbox 3342 3567 3795 3638; x_wconf 83' lang='lat' dir='ltr'>patriarcham,</span> 
     </span>
    </p>
   </div>
   <div class='ocr_carea' id='block_1_98' title="bbox 2114 3655 3798 3728">
    <p class='ocr_par' dir='ltr' id='par_1_98' title="bbox 2114 3655 3798 3728">
     <span class='ocr_line' id='line_1_98' title="bbox 2114 3655 3798 3728; baseline 0.001 -17"><span class='ocrx_word' id='word_1_605' title='bbox 2114 3655 2264 3728; x_wconf 92' lang='lat' dir='ltr'>proh</span> <span class='ocrx_word' id='word_1_606' title='bbox 2297 3655 2498 3711; x_wconf 90' lang='lat' dir='ltr'>dolor!</span> <span class='ocrx_word' id='word_1_607' title='bbox 2551 3655 2770 3711; x_wconf 90' lang='lat' dir='ltr'>nostris</span> <span class='ocrx_word' id='word_1_608' title='bbox 2803 3655 3175 3727; x_wconf 82' lang='lat' dir='ltr'>temporibus</span> <span class='ocrx_word' id='word_1_609' title='bbox 3206 3655 3423 3712; x_wconf 90' lang='lat' dir='ltr'>zabulo</span> <span class='ocrx_word' id='word_1_610' title='bbox 3455 3657 3798 3714; x_wconf 82' lang='lat' dir='ltr'>ventilante</span> 
     </span>
    </p>
   </div>
   <div class='ocr_carea' id='block_1_99' title="bbox 2117 3744 3799 3817">
    <p class='ocr_par' dir='ltr' id='par_1_99' title="bbox 2117 3744 3799 3817">
     <span class='ocr_line' id='line_1_99' title="bbox 2117 3744 3799 3817; baseline 0.001 -16"><span class='ocrx_word' id='word_1_611' title='bbox 2117 3750 2486 3801; x_wconf 90' lang='lat' dir='ltr'>commotum</span> <span class='ocrx_word' id='word_1_612' title='bbox 2508 3749 2613 3811; x_wconf 89' lang='lat' dir='ltr'>est,</span> <span class='ocrx_word' id='word_1_613' title='bbox 2639 3749 2694 3800; x_wconf 90' lang='lat' dir='ltr'>et</span> <span class='ocrx_word' id='word_1_614' title='bbox 2720 3744 2796 3800; x_wconf 88' lang='lat' dir='ltr'>ad</span> <span class='ocrx_word' id='word_1_615' title='bbox 2823 3744 2987 3816; x_wconf 84' lang='lat' dir='ltr'>quod</span> <span class='ocrx_word' id='word_1_616' title='bbox 3017 3761 3209 3816; x_wconf 90' lang='lat' dir='ltr'>usque</span> <span class='ocrx_word' id='word_1_617' title='bbox 3240 3745 3799 3817; x_wconf 87' lang='lat' dir='ltr'>perductum.Con-</span> 
     </span>
    </p>
   </div>
   <div class='ocr_carea' id='block_1_100' title="bbox 2118 3832 3802 3907">
    <p class='ocr_par' dir='ltr' id='par_1_100' title="bbox 2118 3832 3802 3907">
     <span class='ocr_line' id='line_1_100' title="bbox 2118 3832 3802 3907; baseline 0.002 -19"><span class='ocrx_word' id='word_1_618' title='bbox 2118 3834 2379 3907; x_wconf 88' lang='lat' dir='ltr'>spirante</span> <span class='ocrx_word' id='word_1_619' title='bbox 2406 3848 2669 3905; x_wconf 90' lang='lat' dir='ltr'>namque</span> <span class='ocrx_word' id='word_1_620' title='bbox 2717 3832 3130 3888; x_wconf 90' lang='lat' dir='ltr'>Veneticorum</span> <span class='ocrx_word' id='word_1_621' title='bbox 3173 3832 3403 3906; x_wconf 90' lang='lat' dir='ltr'>populo</span> <span class='ocrx_word' id='word_1_622' title='bbox 3438 3839 3659 3891; x_wconf 89' lang='lat' dir='ltr'>contra</span> <span class='ocrx_word' id='word_1_623' title='bbox 3689 3836 3802 3892; x_wconf 56' lang='lat' dir='ltr'>doc</span> 
     </span>
    </p>
   </div>
   <div class='ocr_carea' id='block_1_101' title="bbox 2117 3919 3798 3994">
    <p class='ocr_par' dir='ltr' id='par_1_101' title="bbox 2117 3919 3798 3994">
     <span class='ocr_line' id='line_1_101' title="bbox 2117 3919 3798 3994; baseline 0.002 -17"><span class='ocrx_word' id='word_1_624' title='bbox 2117 3922 2347 3978; x_wconf 90' lang='lat' dir='ltr'>minum</span> <span class='ocrx_word' id='word_1_625' title='bbox 2378 3937 2556 3976; x_wconf 88' lang='lat' dir='ltr'>suum</span> <span class='ocrx_word' id='word_1_626' title='bbox 2583 3920 2819 3987; x_wconf 89' lang='lat' dir='ltr'>ducem,</span> <span class='ocrx_word' id='word_1_627' title='bbox 2875 3924 2930 3975; x_wconf 90' lang='lat' dir='ltr'>et</span> <span class='ocrx_word' id='word_1_628' title='bbox 2960 3919 3340 3993; x_wconf 67' lang='lat' dir='ltr'>przelibatum</span> <span class='ocrx_word' id='word_1_629' title='bbox 3371 3924 3798 3994; x_wconf 86' lang='lat' dir='ltr'>patriarcham</span> 
     </span>
    </p>
   </div>
   <div class='ocr_carea' id='block_1_102' title="bbox 2116 4009 3797 4082">
    <p class='ocr_par' dir='ltr' id='par_1_102' title="bbox 2116 4009 3797 4082">
     <span class='ocr_line' id='line_1_102' title="bbox 2116 4009 3797 4082; baseline 0.002 -15"><span class='ocrx_word' id='word_1_630' title='bbox 2116 4011 2361 4067; x_wconf 85' lang='lat' dir='ltr'>fratrem</span> <span class='ocrx_word' id='word_1_631' title='bbox 2391 4027 2589 4079; x_wconf 90' lang='lat' dir='ltr'>suum,</span> <span class='ocrx_word' id='word_1_632' title='bbox 2619 4014 2867 4082; x_wconf 89' lang='lat' dir='ltr'>uterque</span> <span class='ocrx_word' id='word_1_633' title='bbox 2901 4009 3256 4082; x_wconf 87' lang='lat' dir='ltr'>posthabitis</span> <span class='ocrx_word' id='word_1_634' title='bbox 3298 4011 3707 4081; x_wconf 84' lang='lat' dir='ltr'>dignitatibus</span> <span class='ocrx_word' id='word_1_635' title='bbox 3742 4020 3797 4071; x_wconf 87' lang='lat' dir='ltr'>et</span> 
     </span>
    </p>
   </div>
   <div class='ocr_carea' id='block_1_103' title="bbox 2118 4096 3793 4173">
    <p class='ocr_par' dir='ltr' id='par_1_103' title="bbox 2118 4096 3793 4173">
     <span class='ocr_line' id='line_1_103' title="bbox 2118 4096 3793 4173; baseline 0.002 -18"><span class='ocrx_word' id='word_1_636' title='bbox 2118 4099 2299 4165; x_wconf 91' lang='lat' dir='ltr'>curis,</span> <span class='ocrx_word' id='word_1_637' title='bbox 2333 4114 2467 4171; x_wconf 79' lang='lat' dir='ltr'>quae</span> <span class='ocrx_word' id='word_1_638' title='bbox 2489 4098 2566 4155; x_wconf 89' lang='lat' dir='ltr'>ad</span> <span class='ocrx_word' id='word_1_639' title='bbox 2593 4113 2656 4153; x_wconf 93' lang='lat' dir='ltr'>se</span> <span class='ocrx_word' id='word_1_640' title='bbox 2684 4096 3078 4169; x_wconf 89' lang='lat' dir='ltr'>pertinebant,</span> <span class='ocrx_word' id='word_1_641' title='bbox 3113 4098 3261 4154; x_wconf 87' lang='lat' dir='ltr'>alias</span> <span class='ocrx_word' id='word_1_642' title='bbox 3286 4115 3348 4155; x_wconf 91' lang='lat' dir='ltr'>se</span> <span class='ocrx_word' id='word_1_643' title='bbox 3373 4106 3793 4173; x_wconf 88' lang='lat' dir='ltr'>receptarunt,</span> 
     </span>
    </p>
   </div>
   <div class='ocr_carea' id='block_1_104' title="bbox 2119 4185 3795 4265">
    <p class='ocr_par' dir='ltr' id='par_1_104' title="bbox 2119 4185 3795 4265">
     <span class='ocr_line' id='line_1_104' title="bbox 2119 4185 3795 4265; baseline 0 -20"><span class='ocrx_word' id='word_1_644' title='bbox 2119 4189 2309 4245; x_wconf 91' lang='lat' dir='ltr'>donec</span> <span class='ocrx_word' id='word_1_645' title='bbox 2344 4186 2550 4260; x_wconf 89' lang='lat' dir='ltr'>sopitis</span> <span class='ocrx_word' id='word_1_646' title='bbox 2581 4185 2968 4243; x_wconf 73' lang='lat' dir='ltr'>saecularibus</span> <span class='ocrx_word' id='word_1_647' title='bbox 2994 4185 3324 4243; x_wconf 85' lang='lat' dir='ltr'>insolentiis</span> <span class='ocrx_word' id='word_1_648' title='bbox 3358 4189 3439 4244; x_wconf 91' lang='lat' dir='ltr'>ad</span> <span class='ocrx_word' id='word_1_649' title='bbox 3470 4207 3589 4247; x_wconf 88' lang='lat' dir='ltr'>sua</span> <span class='ocrx_word' id='word_1_650' title='bbox 3620 4208 3795 4265; x_wconf 88' lang='lat' dir='ltr'>repe-</span> 
     </span>
    </p>
   </div>
   <div class='ocr_carea' id='block_1_105' title="bbox 2120 4276 3794 4350">
    <p class='ocr_par' dir='ltr' id='par_1_105' title="bbox 2120 4276 3794 4350">
     <span class='ocr_line' id='line_1_105' title="bbox 2120 4276 3794 4350; baseline -0.001 -15"><span class='ocrx_word' id='word_1_651' title='bbox 2120 4280 2262 4336; x_wconf 90' lang='lat' dir='ltr'>dare</span> <span class='ocrx_word' id='word_1_652' title='bbox 2288 4277 2632 4350; x_wconf 85' lang='lat' dir='ltr'>quivissent,</span> <span class='ocrx_word' id='word_1_653' title='bbox 2664 4276 2832 4332; x_wconf 90' lang='lat' dir='ltr'>sicuti</span> <span class='ocrx_word' id='word_1_654' title='bbox 2861 4280 3068 4349; x_wconf 90' lang='lat' dir='ltr'>postea</span> <span class='ocrx_word' id='word_1_655' title='bbox 3087 4278 3170 4333; x_wconf 89' lang='lat' dir='ltr'>rei</span> <span class='ocrx_word' id='word_1_656' title='bbox 3199 4277 3483 4350; x_wconf 90' lang='lat' dir='ltr'>probavit</span> <span class='ocrx_word' id='word_1_657' title='bbox 3512 4287 3794 4338; x_wconf 90' lang='lat' dir='ltr'>eventus.</span> 
     </span>
    </p>
   </div>
   <div class='ocr_carea' id='block_1_106' title="bbox 2119 4365 3796 4442">
    <p class='ocr_par' dir='ltr' id='par_1_106' title="bbox 2119 4365 3796 4442">
     <span class='ocr_line' id='line_1_106' title="bbox 2119 4365 3796 4442; baseline 0.001 -18"><span class='ocrx_word' id='word_1_658' title='bbox 2119 4373 2348 4424; x_wconf 90' lang='lat' dir='ltr'>Interea</span> <span class='ocrx_word' id='word_1_659' title='bbox 2376 4383 2512 4423; x_wconf 90' lang='lat' dir='ltr'>vero</span> <span class='ocrx_word' id='word_1_660' title='bbox 2542 4366 2789 4438; x_wconf 90' lang='lat' dir='ltr'>antiquo</span> <span class='ocrx_word' id='word_1_661' title='bbox 2833 4365 2954 4422; x_wconf 89' lang='lat' dir='ltr'>zelo</span> <span class='ocrx_word' id='word_1_662' title='bbox 2987 4381 3280 4422; x_wconf 88' lang='lat' dir='ltr'>accensus</span> <span class='ocrx_word' id='word_1_663' title='bbox 3310 4367 3502 4424; x_wconf 89' lang='lat' dir='ltr'>hostis</span> <span class='ocrx_word' id='word_1_664' title='bbox 3533 4370 3796 4442; x_wconf 86' lang='lat' dir='ltr'>Foroju-</span> 
     </span>
    </p>
   </div>
   <div class='ocr_carea' id='block_1_107' title="bbox 2121 4454 3795 4529">
    <p class='ocr_par' dir='ltr' id='par_1_107' title="bbox 2121 4454 3795 4529">
     <span class='ocr_line' id='line_1_107' title="bbox 2121 4454 3795 4529; baseline 0.001 -15"><span class='ocrx_word' id='word_1_665' title='bbox 2121 4456 2320 4514; x_wconf 90' lang='lat' dir='ltr'>liensis</span> <span class='ocrx_word' id='word_1_666' title='bbox 2342 4455 2679 4529; x_wconf 88' lang='lat' dir='ltr'>patriarcha</span> <span class='ocrx_word' id='word_1_667' title='bbox 2700 4458 2858 4528; x_wconf 90' lang='lat' dir='ltr'>Popo</span> <span class='ocrx_word' id='word_1_668' title='bbox 2909 4454 3270 4512; x_wconf 88' lang='lat' dir='ltr'>Gradensem</span> <span class='ocrx_word' id='word_1_669' title='bbox 3305 4457 3617 4515; x_wconf 87' lang='lat' dir='ltr'>civitatem</span> <span class='ocrx_word' id='word_1_670' title='bbox 3650 4461 3795 4526; x_wconf 87' lang='lat' dir='ltr'>adit,</span> 
     </span>
    </p>
   </div>
   <div class='ocr_carea' id='block_1_108' title="bbox 2121 4543 3797 4620">
    <p class='ocr_par' dir='ltr' id='par_1_108' title="bbox 2121 4543 3797 4620">
     <span class='ocr_line' id='line_1_108' title="bbox 2121 4543 3797 4620; baseline 0.001 -17"><span class='ocrx_word' id='word_1_671' title='bbox 2121 4551 2327 4620; x_wconf 89' lang='lat' dir='ltr'>petens</span> <span class='ocrx_word' id='word_1_672' title='bbox 2358 4561 2418 4601; x_wconf 86' lang='lat' dir='ltr'>se</span> <span class='ocrx_word' id='word_1_673' title='bbox 2447 4544 2628 4617; x_wconf 89' lang='lat' dir='ltr'>recipi</span> <span class='ocrx_word' id='word_1_674' title='bbox 2659 4561 2694 4599; x_wconf 91' lang='lat' dir='ltr'>a</span> <span class='ocrx_word' id='word_1_675' title='bbox 2720 4543 2945 4599; x_wconf 80' lang='lat' dir='ltr'>civibus</span> <span class='ocrx_word' id='word_1_676' title='bbox 2973 4543 3309 4615; x_wconf 87' lang='lat' dir='ltr'>adjutorem</span> <span class='ocrx_word' id='word_1_677' title='bbox 3342 4546 3672 4604; x_wconf 89' lang='lat' dir='ltr'>confratris</span> <span class='ocrx_word' id='word_1_678' title='bbox 3708 4549 3797 4605; x_wconf 89' lang='lat' dir='ltr'>sui</span> 
     </span>
    </p>
   </div>
   <div class='ocr_carea' id='block_1_109' title="bbox 2121 4632 3800 4709">
    <p class='ocr_par' dir='ltr' id='par_1_109' title="bbox 2121 4632 3800 4709">
     <span class='ocr_line' id='line_1_109' title="bbox 2121 4632 3800 4709; baseline 0.002 -18"><span class='ocrx_word' id='word_1_679' title='bbox 2121 4633 2478 4709; x_wconf 65' lang='lat' dir='ltr'>patriarchae</span> <span class='ocrx_word' id='word_1_680' title='bbox 2511 4632 2850 4700; x_wconf 88' lang='lat' dir='ltr'>Gradensis,</span> <span class='ocrx_word' id='word_1_681' title='bbox 2881 4636 2936 4688; x_wconf 89' lang='lat' dir='ltr'>et</span> <span class='ocrx_word' id='word_1_682' title='bbox 2964 4632 3141 4688; x_wconf 90' lang='lat' dir='ltr'>amici</span> <span class='ocrx_word' id='word_1_683' title='bbox 3168 4634 3258 4688; x_wconf 89' lang='lat' dir='ltr'>sui</span> <span class='ocrx_word' id='word_1_684' title='bbox 3285 4634 3480 4690; x_wconf 90' lang='lat' dir='ltr'>ducis.</span> <span class='ocrx_word' id='word_1_685' title='bbox 3514 4637 3629 4693; x_wconf 87' lang='lat' dir='ltr'>Cui</span> <span class='ocrx_word' id='word_1_686' title='bbox 3657 4655 3800 4695; x_wconf 92' lang='lat' dir='ltr'>cum</span> 
     </span>
    </p>
   </div>
   <div class='ocr_carea' id='block_1_110' title="bbox 2122 4721 3802 4795">
    <p class='ocr_par' dir='ltr' id='par_1_110' title="bbox 2122 4721 3802 4795">
     <span class='ocr_line' id='line_1_110' title="bbox 2122 4721 3802 4795; baseline 0.002 -16"><span class='ocrx_word' id='word_1_687' title='bbox 2122 4723 2350 4779; x_wconf 90' lang='lat' dir='ltr'>nollent</span> <span class='ocrx_word' id='word_1_688' title='bbox 2377 4721 2752 4795; x_wconf 88' lang='lat' dir='ltr'>acquiescere</span> <span class='ocrx_word' id='word_1_689' title='bbox 2803 4737 2910 4792; x_wconf 88' lang='lat' dir='ltr'>per</span> <span class='ocrx_word' id='word_1_690' title='bbox 2938 4722 3124 4777; x_wconf 89' lang='lat' dir='ltr'>Deum</span> <span class='ocrx_word' id='word_1_691' title='bbox 3153 4727 3210 4777; x_wconf 90' lang='lat' dir='ltr'>et</span> <span class='ocrx_word' id='word_1_692' title='bbox 3237 4727 3374 4778; x_wconf 91' lang='lat' dir='ltr'>octo</span> <span class='ocrx_word' id='word_1_693' title='bbox 3407 4740 3676 4782; x_wconf 89' lang='lat' dir='ltr'>suorum</span> <span class='ocrx_word' id='word_1_694' title='bbox 3709 4744 3802 4783; x_wconf 85' lang='lat' dir='ltr'>sa-</span> 
     </span>
    </p>
   </div>
   <div class='ocr_carea' id='block_1_111' title="bbox 2125 4808 3799 4886">
    <p class='ocr_par' dir='ltr' id='par_1_111' title="bbox 2125 4808 3799 4886">
     <span class='ocr_line' id='line_1_111' title="bbox 2125 4808 3799 4886; baseline 0.002 -19"><span class='ocrx_word' id='word_1_695' title='bbox 2125 4814 2431 4868; x_wconf 86' lang='lat' dir='ltr'>cramenta</span> <span class='ocrx_word' id='word_1_696' title='bbox 2457 4809 2735 4876; x_wconf 86' lang='lat' dir='ltr'>ﬁrmavit,</span> <span class='ocrx_word' id='word_1_697' title='bbox 2769 4808 2919 4864; x_wconf 90' lang='lat' dir='ltr'>sicut</span> <span class='ocrx_word' id='word_1_698' title='bbox 2958 4809 3245 4866; x_wconf 90' lang='lat' dir='ltr'>referente</span> <span class='ocrx_word' id='word_1_699' title='bbox 3278 4813 3510 4868; x_wconf 90' lang='lat' dir='ltr'>Ursone</span> <span class='ocrx_word' id='word_1_700' title='bbox 3540 4816 3799 4886; x_wconf 88' lang='lat' dir='ltr'>patriar-</span> 
     </span>
    </p>
   </div>
   <div class='ocr_carea' id='block_1_112' title="bbox 2125 4897 3801 4972">
    <p class='ocr_par' dir='ltr' id='par_1_112' title="bbox 2125 4897 3801 4972">
     <span class='ocr_line' id='line_1_112' title="bbox 2125 4897 3801 4972; baseline 0.002 -16"><span class='ocrx_word' id='word_1_701' title='bbox 2125 4901 2258 4967; x_wconf 89' lang='lat' dir='ltr'>cha,</span> <span class='ocrx_word' id='word_1_702' title='bbox 2291 4903 2347 4954; x_wconf 90' lang='lat' dir='ltr'>et</span> <span class='ocrx_word' id='word_1_703' title='bbox 2369 4897 2827 4970; x_wconf 87' lang='lat' dir='ltr'>quamplurimis</span> <span class='ocrx_word' id='word_1_704' title='bbox 2885 4897 3292 4954; x_wconf 80' lang='lat' dir='ltr'>Veneticorum</span> <span class='ocrx_word' id='word_1_705' title='bbox 3330 4899 3674 4972; x_wconf 90' lang='lat' dir='ltr'>nobilibus,</span> <span class='ocrx_word' id='word_1_706' title='bbox 3710 4921 3801 4960; x_wconf 86' lang='lat' dir='ltr'>ac-</span> 
     </span>
    </p>
   </div>
   <div class='ocr_carea' id='block_1_113' title="bbox 2127 4985 3800 5062">
    <p class='ocr_par' dir='ltr' id='par_1_113' title="bbox 2127 4985 3800 5062">
     <span class='ocr_line' id='line_1_113' title="bbox 2127 4985 3800 5062; baseline 0.004 -19"><span class='ocrx_word' id='word_1_707' title='bbox 2127 4993 2256 5044; x_wconf 91' lang='lat' dir='ltr'>tum</span> <span class='ocrx_word' id='word_1_708' title='bbox 2285 4986 2743 5060; x_wconf 86' lang='lat' dir='ltr'>provincialium</span> <span class='ocrx_word' id='word_1_709' title='bbox 2791 4985 3086 5058; x_wconf 88' lang='lat' dir='ltr'>episcopis</span> <span class='ocrx_word' id='word_1_710' title='bbox 3129 4986 3476 5057; x_wconf 90' lang='lat' dir='ltr'>didicimus,</span> <span class='ocrx_word' id='word_1_711' title='bbox 3511 4993 3693 5062; x_wconf 90' lang='lat' dir='ltr'>quod</span> <span class='ocrx_word' id='word_1_712' title='bbox 3724 4993 3800 5051; x_wconf 89' lang='lat' dir='ltr'>ad</span> 
     </span>
    </p>
   </div>
   <div class='ocr_carea' id='block_1_114' title="bbox 2128 5073 3798 5148">
    <p class='ocr_par' dir='ltr' id='par_1_114' title="bbox 2128 5073 3798 5148">
     <span class='ocr_line' id='line_1_114' title="bbox 2128 5073 3798 5148; baseline 0.003 -16"><span class='ocrx_word' id='word_1_713' title='bbox 2128 5077 2353 5134; x_wconf 86' lang='lat' dir='ltr'>salvam</span> <span class='ocrx_word' id='word_1_714' title='bbox 2378 5074 2714 5132; x_wconf 89' lang='lat' dir='ltr'>faciendam</span> <span class='ocrx_word' id='word_1_715' title='bbox 2741 5073 2881 5130; x_wconf 91' lang='lat' dir='ltr'>duci</span> <span class='ocrx_word' id='word_1_716' title='bbox 2909 5079 2966 5129; x_wconf 89' lang='lat' dir='ltr'>et</span> <span class='ocrx_word' id='word_1_717' title='bbox 2994 5074 3157 5131; x_wconf 87' lang='lat' dir='ltr'>fratri</span> <span class='ocrx_word' id='word_1_718' title='bbox 3184 5092 3294 5131; x_wconf 94' lang='lat' dir='ltr'>suo</span> <span class='ocrx_word' id='word_1_719' title='bbox 3319 5077 3694 5148; x_wconf 65' lang='lat' dir='ltr'>patriarchae</span> <span class='ocrx_word' id='word_1_720' title='bbox 3727 5082 3798 5136; x_wconf 89' lang='lat' dir='ltr'>ci-</span> 
     </span>
    </p>
   </div>
   <div class='ocr_carea' id='block_1_115' title="bbox 2129 5217 3801 5292">
    <p class='ocr_par' dir='ltr' id='par_1_115' title="bbox 2129 5217 3801 5292">
     <span class='ocr_line' id='line_1_115' title="bbox 2129 5217 3801 5292; baseline 0.001 -15"><span class='ocrx_word' id='word_1_721' title='bbox 2129 5220 2484 5277; x_wconf 81' lang='lat' dir='ltr'>universatis</span> <span class='ocrx_word' id='word_1_722' title='bbox 2514 5220 2575 5274; x_wconf 90' lang='lat' dir='ltr'>in</span> <span class='ocrx_word' id='word_1_723' title='bbox 2598 5218 3008 5292; x_wconf 74' lang='lat' dir='ltr'>sacratissima</span> <span class='ocrx_word' id='word_1_724' title='bbox 3030 5217 3192 5292; x_wconf 87' lang='lat' dir='ltr'>_sedc</span> <span class='ocrx_word' id='word_1_725' title='bbox 3226 5219 3300 5274; x_wconf 86' lang='grc' dir='ltr'>Β.</span> <span class='ocrx_word' id='word_1_726' title='bbox 3327 5220 3505 5292; x_wconf 71' lang='lat' dir='ltr'>Petri</span> <span class='ocrx_word' id='word_1_727' title='bbox 3534 5226 3801 5292; x_wconf 82' lang='lat' dir='ltr'>apostoli</span> 
     </span>
    </p>
   </div>
   <div class='ocr_carea' id='block_1_116' title="bbox 2133 5289 3798 5358">
    <p class='ocr_par' dir='ltr' id='par_1_116' title="bbox 2133 5289 3798 5358">
     <span class='ocr_line' id='line_1_116' title="bbox 2133 5289 3798 5358; baseline 0.002 -12"><span class='ocrx_word' id='word_1_728' title='bbox 2133 5293 2330 5353; x_wconf 81' lang='lat' dir='ltr'>tertio,</span> <span class='ocrx_word' id='word_1_729' title='bbox 2363 5305 2556 5346; x_wconf 84' lang='lat' dir='ltr'>mense</span> <span class='ocrx_word' id='word_1_730' title='bbox 2583 5289 2908 5355; x_wconf 80' lang='lat' dir='ltr'>Decembri,</span> <span class='ocrx_word' id='word_1_731' title='bbox 2937 5289 3060 5343; x_wconf 81' lang='lat' dir='ltr'>ind.</span> <span class='ocrx_word' id='word_1_732' title='bbox 3085 5305 3144 5358; x_wconf 88' lang='lat' dir='ltr'>x,</span> <span class='ocrx_word' id='word_1_733' title='bbox 3176 5305 3339 5345; x_wconf 88' lang='lat' dir='ltr'>anno</span> <span class='ocrx_word' id='word_1_734' title='bbox 3370 5289 3606 5348; x_wconf 73' lang='lat' dir='ltr'>scilicet</span> <span class='ocrx_word' id='word_1_735' title='bbox 3636 5296 3798 5350; x_wconf 86' lang='lat' dir='ltr'>Chri-</span> 
     </span>
    </p>
   </div>
   <div class='ocr_carea' id='block_1_117' title="bbox 2132 5358 3794 5432">
    <p class='ocr_par' dir='ltr' id='par_1_117' title="bbox 2132 5358 3794 5432">
     <span class='ocr_line' id='line_1_117' title="bbox 2132 5358 3794 5432; baseline 0.002 -16"><span class='ocrx_word' id='word_1_736' title='bbox 2132 5362 2203 5416; x_wconf 92' lang='lat' dir='ltr'>sti</span> <span class='ocrx_word' id='word_1_737' title='bbox 2237 5365 2390 5432; x_wconf 73' lang='grc'>1026.</span> <span class='ocrx_word' id='word_1_738' title='bbox 2426 5363 2572 5432; x_wconf 90' lang='lat' dir='ltr'>Cum</span> <span class='ocrx_word' id='word_1_739' title='bbox 2597 5360 2900 5432; x_wconf 7' lang='lat' dir='ltr'>itaqueqeo</span> <span class='ocrx_word' id='word_1_740' title='bbox 2930 5358 3139 5414; x_wconf 75' lang='lat' dir='ltr'>Christi</span> <span class='ocrx_word' id='word_1_741' title='bbox 3169 5375 3332 5432; x_wconf 84' lang='lat' dir='ltr'>anno</span> <span class='ocrx_word' id='word_1_742' title='bbox 3363 5361 3462 5416; x_wconf 90' lang='lat' dir='ltr'>die</span> <span class='ocrx_word' id='word_1_743' title='bbox 3500 5368 3567 5419; x_wconf 76' lang='lat' dir='ltr'>l7</span> <span class='ocrx_word' id='word_1_744' title='bbox 3602 5381 3794 5422; x_wconf 87' lang='lat' dir='ltr'>mens.</span> 
     </span>
    </p>
   </div>
   <div class='ocr_carea' id='block_1_118' title="bbox 2127 5429 3797 5507">
    <p class='ocr_par' dir='ltr' id='par_1_118' title="bbox 2127 5429 3797 5507">
     <span class='ocr_line' id='line_1_118' title="bbox 2127 5429 3797 5507; baseline 0.002 -21"><span class='ocrx_word' id='word_1_745' title='bbox 2127 5431 2404 5507; x_wconf 55' lang='lat' dir='ltr'>Deceml):</span> <span class='ocrx_word' id='word_1_746' title='bbox 2433 5431 2670 5507; x_wconf 80' lang='lat' dir='ltr'>tertium</span> <span class='ocrx_word' id='word_1_747' title='bbox 2699 5429 2800 5507; x_wconf 73' lang='lat' dir='ltr'>sed</span> <span class='ocrx_word' id='word_1_748' title='bbox 2811 5429 2857 5484; x_wconf 91' lang='lat' dir='ltr'>is</span> <span class='ocrx_word' id='word_1_749' title='bbox 2887 5446 3114 5507; x_wconf 73' lang='lat' dir='ltr'>annum</span> <span class='ocrx_word' id='word_1_750' title='bbox 3140 5430 3454 5500; x_wconf 86' lang='lat' dir='ltr'>attigisset,</span> <span class='ocrx_word' id='word_1_751' title='bbox 3479 5433 3797 5507; x_wconf 65' lang='lat' dir='ltr'>inpraece-</span> 
     </span>
    </p>
   </div>
   <div class='ocr_carea' id='block_1_119' title="bbox 2129 5500 3795 5575">
    <p class='ocr_par' dir='ltr' id='par_1_119' title="bbox 2129 5500 3795 5575">
     <span class='ocr_line' id='line_1_119' title="bbox 2129 5500 3795 5575; baseline 0.004 -18"><span class='ocrx_word' id='word_1_752' title='bbox 2129 5502 2292 5575; x_wconf 84' lang='lat' dir='ltr'>denti</span> <span class='ocrx_word' id='word_1_753' title='bbox 2316 5501 2750 5575; x_wconf 76' lang='lat' dir='ltr'>subscriptione</span> <span class='ocrx_word' id='word_1_754' title='bbox 2775 5501 2907 5575; x_wconf 83' lang='lat' dir='ltr'>loco</span> <span class='ocrx_word' id='word_1_755' title='bbox 2935 5500 3137 5556; x_wconf 91' lang='lat' dir='ltr'>indict.</span> <span class='ocrx_word' id='word_1_756' title='bbox 3166 5518 3224 5568; x_wconf 85' lang='lat' dir='ltr'>x,</span> <span class='ocrx_word' id='word_1_757' title='bbox 3251 5500 3624 5575; x_wconf 66' lang='lat' dir='ltr'>reponenda</span> <span class='ocrx_word' id='word_1_758' title='bbox 3649 5508 3795 5563; x_wconf 69' lang='lat' dir='ltr'>indi-</span> 
     </span>
    </p>
   </div>
   <div class='ocr_carea' id='block_1_120' title="bbox 2133 5572 3793 5645">
    <p class='ocr_par' dir='ltr' id='par_1_120' title="bbox 2133 5572 3793 5645">
     <span class='ocr_line' id='line_1_120' title="bbox 2133 5572 3793 5645; baseline 0.003 -18"><span class='ocrx_word' id='word_1_759' title='bbox 2133 5573 2245 5629; x_wconf 89' lang='lat' dir='ltr'>etio</span> <span class='ocrx_word' id='word_1_760' title='bbox 2273 5572 2649 5645; x_wconf 73' lang='lat' dir='ltr'>xr,_a_lioquin</span> <span class='ocrx_word' id='word_1_761' title='bbox 2676 5587 2773 5626; x_wconf 87' lang='lat' dir='ltr'>an.</span> <span class='ocrx_word' id='word_1_762' title='bbox 2814 5572 2964 5638; x_wconf 82' lang='lat'>1026,</span> <span class='ocrx_word' id='word_1_763' title='bbox 2999 5586 3207 5645; x_wconf 88' lang='lat' dir='ltr'>mense</span> <span class='ocrx_word' id='word_1_764' title='bbox 3240 5572 3793 5645; x_wconf 78' lang='lat' dir='ltr'>Septemb.aunum</span> 
     </span>
    </p>
   </div>
   <div class='ocr_carea' id='block_1_121' title="bbox 2130 5641 3794 5715">
    <p class='ocr_par' dir='ltr' id='par_1_121' title="bbox 2130 5641 3794 5715">
     <span class='ocr_line' id='line_1_121' title="bbox 2130 5641 3794 5715; baseline 0.001 -17"><span class='ocrx_word' id='word_1_765' title='bbox 2130 5661 2187 5698; x_wconf 81' lang='lat' dir='ltr'>iV</span> <span class='ocrx_word' id='word_1_766' title='bbox 2217 5641 2615 5715; x_wconf 78' lang='lat' dir='ltr'>pontificatus,</span> <span class='ocrx_word' id='word_1_767' title='bbox 2648 5647 2705 5696; x_wconf 88' lang='lat' dir='ltr'>et</span> <span class='ocrx_word' id='word_1_768' title='bbox 2741 5658 2945 5715; x_wconf 84' lang='lat' dir='ltr'>mense</span> <span class='ocrx_word' id='word_1_769' title='bbox 2976 5641 3249 5715; x_wconf 81' lang='lat' dir='ltr'>Deceml).</span> <span class='ocrx_word' id='word_1_770' title='bbox 3304 5641 3598 5714; x_wconf 76' lang='lat' dir='ltr'>ejusdem</span> <span class='ocrx_word' id='word_1_771' title='bbox 3663 5647 3794 5704; x_wconf 89' lang='lat' dir='ltr'>anni</span> 
     </span>
    </p>
   </div>
   <div class='ocr_carea' id='block_1_122' title="bbox 2130 5713 3788 5838">
    <p class='ocr_par' dir='ltr' id='par_1_122' title="bbox 2130 5713 3788 5838">
     <span class='ocr_line' id='line_1_122' title="bbox 2130 5713 3788 5838; baseline 0.002 -70"><span class='ocrx_word' id='word_1_772' title='bbox 2130 5713 2236 5838; x_wconf 45' lang='grc' dir='ltr'>ῗῦιῖ</span> <span class='ocrx_word' id='word_1_773' title='bbox 2257 5716 2725 5838; x_wconf 56' lang='lat' dir='ltr'>m,11;gmeraret.</span> <span class='ocrx_word' id='word_1_774' title='bbox 2757 5713 2982 5783; x_wconf 81' lang='lat' dir='ltr'>Pagius</span> <span class='ocrx_word' id='word_1_775' title='bbox 3013 5714 3074 5769; x_wconf 83' lang='lat' dir='ltr'>in</span> <span class='ocrx_word' id='word_1_776' title='bbox 3104 5713 3612 5776; x_wconf 51' lang='lat' dir='ltr'>AnnatJBaron.</span> <span class='ocrx_word' id='word_1_777' title='bbox 3662 5726 3788 5779; x_wconf 90' lang='lat' dir='ltr'>tom.</span> 
     </span>
     <span class='ocr_line' id='line_1_123' title="bbox 2207 5799 2464 5838; baseline 0 0"><span class='ocrx_word' id='word_1_778' title='bbox 2207 5825 2219 5838; x_wconf 90' lang='lat'>.</span> <span class='ocrx_word' id='word_1_779' title='bbox 2252 5799 2310 5838; x_wconf 80' lang='grc' dir='ltr'>υ.</span> <span class='ocrx_word' id='word_1_780' title='bbox 2452 5825 2464 5838; x_wconf 93' lang='grc'><strong>.</strong></span> 
     </span>
    </p>
   </div>
   <div class='ocr_carea' id='block_1_123' title="bbox 2133 5787 2464 5854">
    <p class='ocr_par' dir='ltr' id='par_1_123' title="bbox 2133 5787 2464 5854">
     <span class='ocr_line' id='line_1_124' title="bbox 2133 5787 2464 5854; baseline -0.006 -14"><span class='ocrx_word' id='word_1_781' title='bbox 2133 5787 2219 5853; x_wconf 89' lang='lat' dir='ltr'>1v,</span> <span class='ocrx_word' id='word_1_782' title='bbox 2245 5799 2310 5854; x_wconf 73' lang='grc' dir='ltr'>ρ.</span> <span class='ocrx_word' id='word_1_783' title='bbox 2347 5787 2464 5840; x_wconf 83' lang='lat'>123.</span> 
     </span>
    </p>
   </div>
  </div>
