3968 6386
151 294 292 353 illi!

1414 295 1771 353 EPISTOLE
1811 298 1896 354 ET
1933 298 2348 357 DlPLOMATA.

3464 297 3600 356 1142

147 422 401 478 vitatem
432 417 696 476 intraret.
724 417 832 475 Ubi
863 422 1187 492 postquam
1213 419 1501 478 intratum
1533 425 1643 488 est,
1677 421 1822 477 obli-
1854 425 1901 478 Α
1937 427 2026 480 est
2056 441 2093 480 a
2122 425 2434 496 Gregorio:
2465 425 2561 481 cui
2583 423 2898 480 revertenti
2923 422 3123 495 junxit
3165 438 3227 480 se
3283 425 3428 479 Urso
3486 438 3601 496 pa-

149 517 250 567 tus
277 513 818 577 sacramentorum,
853 511 1163 581 gentilium
1201 527 1390 584 more,
1423 515 1489 568 ut
1519 511 1592 568 de
1639 529 1822 567 δωρη-

149 601 387 656 laribus
415 598 783 667 audivimus,
815 600 1112 672 quidquid
1141 601 1204 656 in
1236 601 1486 657 ecclesia
1512 601 1818 657 inventum

149 695 261 757 est,
293 706 451 746 unca
480 700 669 744 manu
693 689 1107 761 depraedatum
1139 695 1244 757 est,
1269 690 1531 747 duorum
1579 707 1822 746 monas-

151 781 442 836 teriorum
478 778 964 835 sanctimoniales
995 784 1276 853 stupratae
1299 798 1369 837 ac
1391 781 1626 837 violatae
1644 798 1679 838 a
1702 781 1824 836 suis

151 875 320 938 sunt,
354 885 550 941 neque
587 869 903 924 monachis
960 870 1242 942 pepercit.
1281 870 1434 937 Quin
1487 871 1667 926 etiam
1724 871 1824 926 de-

153 959 505 1015 functorum
535 973 788 1030 corpora
827 958 1088 1030 quietem
1146 959 1549 1016 desiderantia
1604 977 1636 1016 e
1691 976 1826 1033 pro-

149 1049 299 1122 priis
327 1047 571 1104 tumulis
603 1048 878 1104 auferens
908 1049 985 1104 ad
1015 1049 1311 1105 civitatem
1343 1066 1518 1106 suam
1566 1049 1822 1106 inhono-
1868 1093 1870 1095 .

152 1143 287 1193 rata
315 1136 632 1203 transtulit,
665 1136 950 1209 reliquias
984 1138 1184 1193 minus
1213 1143 1411 1194 tamen
1441 1155 1630 1211 quam
1670 1138 1824 1194 desi-

149 1225 694 1282 derabatsimiliter
725 1241 928 1282 secum
960 1226 1214 1294 devexit,
1248 1227 1457 1283 altaria
1512 1227 1819 1297 confregit,

151 1317 470 1372 thesauros
526 1315 791 1385 abstulit,
846 1316 1140 1372 civitatem
1197 1317 1499 1388 aliquibus
1552 1317 1821 1389 patronis

149 1407 523 1463 Gradcnsem
549 1405 684 1461 licet
712 1406 1057 1462 destitutam
1091 1407 1387 1463 munitam
1417 1408 1540 1462 suis
1563 1407 1816 1480 reliquit.

151 1496 260 1554 Cui
284 1511 406 1551 non
437 1495 738 1550 sufﬁciens
763 1495 876 1551 hoc
920 1497 1206 1568 apposuit
1251 1496 1594 1569 iniquitates
1641 1513 1822 1569 super

150 1586 500 1659 iniquitates
526 1587 709 1656 (Psal.
732 1602 923 1652 LXVIII,
956 1589 1068 1656 28),
1099 1603 1211 1642 nos
1243 1587 1367 1641 suis
1397 1586 1607 1656 legatis
1659 1587 1823 1660 petiit

150 1692 416 1750 poscens
450 1675 966 1731 confirmationem
986 1676 1259 1732 omnium
1280 1677 1550 1732 locorum
1569 1693 1820 1732 suorum

150 1765 407 1835 anobis,
458 1770 516 1821 et
555 1765 913 1820 nominatim
952 1766 1270 1822 Gradcnsis
1313 1766 1555 1822 insulae:
1598 1766 1819 1840 quibus
1849 1783 1894 1837 Β

150 1872 293 1912 cum
311 1854 739 1928 responderem
760 1871 882 1910 non
899 1855 1011 1910 sibi
1022 1856 1204 1927 juste,
1224 1860 1280 1912 et
1301 1857 1610 1924 canonice,
1627 1872 1697 1912 ac
1715 1873 1820 1929 per

151 1945 404 2018 antiqua
429 1944 739 2018 privilegia
761 1946 1072 2018 pertinere,
1117 1946 1430 2002 dixerunt:
1482 1951 1609 2004 Non
1653 1947 1820 2002 aliter

149 2052 223 2092 ea
249 2035 392 2108 petit
412 2035 695 2091 dominus
717 2040 918 2091 noster
941 2035 1055 2091 sibi
1090 2035 1454 2101 conﬁrmari,
1507 2037 1623 2092 nisi
1678 2052 1820 2109 que-

149 2119 554 2176 madmodum
581 2135 688 2192 per
725 2120 1038 2192 privilegia
1091 2126 1433 2177 vestrorum
1483 2126 1820 2177 antecesso-

148 2221 288 2262 rum
317 2204 437 2260 suis
468 2204 948 2261 antecessoribus
982 2205 1325 2261 etEcclesiae
1355 2223 1477 2261 suae
1503 2207 1818 2262 confirma-

148 2297 211 2349 ta
244 2297 353 2359 est,
382 2296 438 2347 et
467 2292 576 2347 sibi
603 2292 765 2364 juste
791 2298 847 2348 et
880 2294 1165 2349 canonice
1216 2293 1507 2366 pertinere
1563 2295 1815 2364 videtur,

150 2398 222 2438 ac
253 2381 379 2454 ipse
403 2382 658 2454 probare
697 2387 913 2455 potest,
946 2387 1003 2438 et
1054 2383 1360 2456 promittit.
1422 2384 1524 2439 His
1577 2384 1812 2451 auditis,

150 2487 262 2527 nec
295 2471 652 2527 arbitrantes
702 2487 839 2528 eum
894 2472 1114 2528 audere
1171 2472 1419 2529 illudere
1479 2474 1818 2546 apostolicae

151 2559 299 2629 sedi,
330 2563 386 2615 et
411 2559 604 2629 magis
634 2561 780 2632 quia
796 2560 1074 2616 novimus
1108 2577 1218 2633 pro
1248 2561 1362 2617 hac
1390 2561 1619 2618 ratione
1652 2565 1818 2618 Urso-

149 2664 292 2704 nem
325 2647 728 2720 patriarcham
756 2664 792 2704 a
822 2649 996 2705 bonae
1030 2649 1336 2705 memoriae
1358 2649 1588 2705 domno
1631 2652 1816 2705 Bene-

150 2737 310 2792 dicto
341 2753 504 2810 papa
528 2738 786 2792 Romam
808 2743 1088 2793 vocatum
1120 2739 1349 2793 fassum
1377 2755 1438 2793 se
1469 2739 1672 2794 venire
1695 2755 1816 2795 non

148 2841 326 2898 posse
357 2825 470 2880 sub
499 2825 882 2881 excusatione
909 2826 1234 2898 imperialis
1265 2826 1511 2894 timoris,
1559 2827 1695 2883 licet
1739 2827 1817 2883 le-

150 2919 321 2985 gatos
356 2931 499 2970 suos
537 2914 790 2970 mitteret
847 2914 1234 2987 petitionibus
1288 2917 1412 2971 suis
1459 2917 1817 2974 condescen-

149 3005 358 3060 dentes
388 3003 769 3075 privilegium
802 3004 913 3059 sibi
937 3004 1080 3059 dare
1109 3004 1231 3060 filio
1263 3009 1467 3061 nostro
1490 3009 1656 3062 Petro
1683 3007 1813 3062 dia-

1934 510 2192 567 triarcha
2219 526 2329 566 nos
2360 515 2608 566 vocatus
2631 509 2858 566 adiens.
2887 509 3059 575 Quod
3087 525 3226 564 cum
3285 507 3602 579 cognovis-

1935 599 2024 649 set
2079 598 2284 668 Poppo
2335 593 2760 666 Forojuliensis
2812 593 3173 666 patriarcha,
3229 593 3599 649 monachum

1931 680 2263 751 quemdam
2284 680 2549 750 legatum
2573 678 2652 734 ad
2679 694 2790 734 nos
2847 677 3024 745 misit,
3082 677 3248 733 nulla
3300 675 3601 750 probabili

1933 764 2180 834 ratione,
2205 781 2313 821 nec
2339 766 2500 836 justa
2524 763 2890 832 defensione,
2917 767 2980 818 ut
2999 763 3374 836 promiserat,
3401 761 3598 816 muni-

1933 859 2082 910 tum.
2111 857 2300 921 Quem
2333 872 2470 911 eum
2501 853 2751 910 retinere
2781 852 2987 909 audito
3046 852 3304 908 adventu
3354 851 3597 908 Ursonis

1932 939 2286 1012 patriarchae
2314 939 2660 1009 voluissem,
2690 938 2896 1008 fugam
2929 937 3194 1010 arripuit.
3217 936 3470 992 Veniens
3492 952 3598 992 au-

1932 1029 2051 1081 tem
2117 1030 2252 1081 ante
2319 1041 2430 1080 nos
2491 1023 2833 1097 patriarcha
2893 1021 3212 1078 Gradcnsis
3247 1020 3444 1077 triduo
3491 1022 3596 1076 fle-

1930 1108 2124 1165 biliter
2154 1114 2404 1182 questus
2437 1114 2541 1164 est.
2567 1110 2778 1164 Postea
2807 1123 2946 1163 vero
2969 1111 3331 1176 congregata
3362 1105 3596 1178 synodo

1930 1193 1990 1248 in
2021 1194 2270 1249 ecclesia
2323 1197 2380 1249 B.
2443 1192 2721 1266 Sylvestri
2773 1191 2927 1248 infra
2981 1195 3255 1246 nostrum
3303 1189 3597 1263 palatium

1931 1279 2328 1334 residentibus
2382 1278 2702 1334 nobiscum
2782 1275 3222 1333 venerabilibus
3296 1274 3594 1347 episcopis

1932 1370 2103 1423 Petro
2133 1367 2499 1440 Pipernensi,
2528 1366 2847 1422 Benedicto
2901 1364 3232 1433 Portuensi,
3284 1363 3595 1419 Dominico

1935 1459 2595 1528 Lavicanensi,Bosone
2655 1455 3071 1521 Tiburtinensi,
3123 1454 3432 1525 Reginerio
3486 1457 3595 1509 Ne-

1929 1548 2187 1621 phiensi,
2261 1547 2574 1604 Benedicto
2641 1546 2898 1614 Cerensi,
2955 1544 3198 1601 Dodone
3249 1543 3592 1607 Nucerensi,

1933 1642 2096 1696 Petro
2127 1637 2602 1707 Praenestinensi,
2634 1640 2862 1693 Joanne
2890 1635 3179 1704 Bledensi,
3209 1637 3438 1690 Joanne
3496 1636 3595 1691 Or-

1931 1729 2104 1798 tensi,
2132 1734 2271 1795 Azo,
2305 1731 2520 1784 Amato
2552 1744 2656 1782 seu
2683 1726 3003 1782 Benedicto
3035 1724 3334 1798 episcopis
3364 1739 3434 1779 ac
3464 1723 3592 1779 dia-

1929 1817 2202 1886 conibus,
2228 1816 2549 1873 Benedicto
2574 1815 3018 1883 archidiacono,
3073 1812 3405 1869 Crescentio
3463 1811 3593 1867 dia-

1929 1914 2102 1963 cono,
2132 1901 2298 1954 Petro
2328 1897 2585 1952 diacono
2616 1893 3161 1962 archicancellario,
3180 1892 3514 1950 Crescentio
3535 1897 3592 1947 et

1929 1978 2200 2034 Rainerio
2263 1977 2619 2033 diaconibns
2673 1980 2730 2032 et
2781 1973 3208 2043 cardinalibus,
3269 1972 3591 2046 Stephano,

1928 2071 2116 2136 Petro,
2170 2068 2422 2137 Joanne,
2480 2070 2535 2121 et
2588 2065 2706 2121 alio
2753 2065 3006 2131 Joanne,
3065 2079 3173 2119 seu
3213 2061 3438 2118 caeteris
3468 2066 3593 2118 tam

1928 2157 2223 2230 episcopis
2249 2173 2436 2229 quam
2462 2154 2848 2228 presbyteris,
2896 2169 3005 2209 nec
3034 2168 3157 2208 non
3215 2151 3592 2217 diaconibus,

1927 2264 2188 2320 quorum
2220 2246 2432 2302 subtus
2463 2261 2682 2301 manus
2735 2243 3010 2317 ascriptus
3051 2258 3179 2298 esse
3229 2240 3597 2297 subcernun—

1928 2341 2064 2402 tur;
2098 2351 2310 2392 omnes
2341 2352 2436 2392 res
2479 2351 2588 2409 per
2639 2333 2913 2390 ordinem
2970 2331 3168 2387 relataa
3221 2333 3362 2386 sunt
3412 2333 3592 2401 atque

1926 2420 2236 2493 privilegia
2289 2425 2738 2476 antecessorum
2794 2421 2973 2486 nost.,
3055 2415 3180 2471 scil.
3234 2413 3596 2471 sanctissimi

1926 2507 2166 2578 Pelagii,
2197 2507 2459 2576 Gregorii
2493 2512 2549 2562 et
2579 2505 2841 2572 Honorii,
2875 2503 3158 2576 Stephanl
3198 2507 3254 2558 et
3309 2501 3592 2572 Gregorii,

1927 2592 2157 2654 Leonis,
2185 2591 2368 2660 Sergii
2400 2596 2456 2647 et
2486 2590 2720 2658 Leonis,
2751 2587 3066 2654 Benedicti,
3109 2585 3373 2650 Adriani,
3424 2585 3595 2642 Boni-

1926 2677 2081 2740 facii,
2117 2673 2724 2743 Romani,Theodori,
2775 2671 3090 2738 Anastasii,
3151 2670 3416 2736 Joannis,
3467 2671 3592 2742 Syl-

1925 2761 2103 2818 vestri
2133 2766 2190 2816 et
2217 2759 2401 2830 Sergii
2428 2763 2691 2828 ostensa,
2718 2773 2980 2830 quorum
3019 2755 3320 2811 imitantes
3373 2770 3590 2826 quam-

1925 2846 2189 2918 plurima
2214 2845 2288 2900 de
2319 2845 2533 2901 eadem
2564 2842 2850 2901 Gradensi
2883 2841 3022 2897 sede
3070 2840 3355 2910 instituta,
3410 2837 3591 2894 talem

1923 2930 2334 2986 definitionem
2364 2927 2714 3003 promeruit,
2743 2931 2809 2983 ut
2851 2925 3226 3000 privilegium
3276 2922 3593 2979 conﬁrma-

1926 3015 2101 3071 tionis
2124 3014 2350 3086 judicio
2377 3017 2724 3070 nostrorum
2769 3011 3197 3084 episcoporum
3256 3008 3387 3073 sibi,
3441 3008 3589 3063 suis-

150 3109 303 3148 cono
325 3097 380 3148 et
410 3092 768 3148 cancellario
797 3094 1210 3166 praecepimus.
1243 3094 1358 3150 Sed
1385 3100 1442 3151 et
1494 3095 1568 3151 de
1618 3096 1815 3152 insula
1846 3142 1884 3197 ί,
1924 3117 2042 3173 quc
2097 3098 2543 3155 successoribus
2597 3098 2671 3153 de
2739 3096 3014 3168 ejusdem
3068 3095 3226 3150 sedis
3273 3091 3590 3149 stabilitate

150 3181 436 3238 Gradcnsi
467 3181 645 3237 inseri
673 3182 986 3253 jussimus,
1024 3184 1471 3240 sicut-audietis.
1529 3187 1817 3242 Praeterea

149 3271 579 3328 confirmamus
611 3271 784 3328 vobis
809 3273 1067 3328 insulam
1093 3274 1456 3331 tiradensem
1480 3293 1618 3332 cum
1637 3277 1813 3348 perti-

149 3360 390 3428 nentiis,
421 3361 574 3417 sicut
597 3362 755 3432 juste
787 3367 842 3419 et
871 3363 1158 3420 canonice
1191 3381 1296 3437 per
1327 3366 1575 3439 antiqua
1632 3366 1812 3439 privi-

149 3450 305 3520 legia
337 3450 506 3506 vobis
533 3455 590 3506 et
618 3450 891 3507 Ecclesiae
920 3457 1123 3508 vestrae
1175 3454 1467 3525 pertinere
1518 3454 1812 3524 dignosci-

151 3545 244 3597 tur
277 3557 289 3594 :
320 3545 375 3596 et
405 3541 554 3596 sicut
581 3545 644 3596 tu
673 3541 803 3613 ipse
827 3541 985 3612 juste
1013 3543 1270 3614 probare
1328 3544 1493 3600 omni
1546 3549 1811 3618 tempore

149 3633 341 3703 potes,
376 3634 432 3686 et
451 3629 768 3702 promittis,
803 3630 884 3686 ita
905 3636 969 3685 ut
989 3632 1324 3687 secundum
1344 3635 1532 3688 Deum
1557 3633 1659 3688 tibi
1676 3651 1811 3689 eam

149 3718 426 3776 ordinare
452 3719 643 3776 liceat.
679 3719 853 3784 Quod
884 3725 1075 3776 totum
1106 3720 1164 3776 in
1185 3722 1552 3777 contrarium
1572 3722 1808 3783 accidit.

144 3803 288 3878 quia
316 3819 425 3859 nec
451 3805 608 3875 juste
636 3804 746 3859 sibi
779 3805 1072 3878 pertinere
1104 3807 1490 3863 convinctum
1519 3811 1604 3863 est
1635 3825 1648 3861 :
1705 3807 1811 3879 qui

139 3901 386 3949 vocatus
399 3893 478 3949 ad
499 3893 990 3950 satisfaciendum
1017 3894 1216 3950 dehoc
1241 3895 1526 3950 Gradcnsi
1555 3895 1808 3969 patriar-

140 3977 267 4033 chae
337 3977 488 4034 sicut
541 3978 848 4051 promisit,
912 3979 1109 4035 venire
1141 3979 1384 4047 distulit,
1433 3996 1541 4036 nec
1595 3997 1808 4037 secun-

140 4066 288 4143 dum
318 4069 503 4124 Deum
531 4067 756 4124 dictam
782 4068 1085 4126 ordinavit
1115 4069 1400 4139 insulam,
1454 4086 1651 4143 neque
1700 4088 1807 4128 an-

140 4142 305 4228 tiqua
333 4172 440 4229 per
465 4156 776 4228 privilegia
806 4173 940 4213 eam
973 4157 1084 4213 sibi
1110 4158 1422 4231 pertinere,
1475 4162 1539 4214 ut
1563 4142 1807 4231 promi-

142 4245 318 4309 serat,
342 4241 616 4298 ostendit.
642 4241 1038 4312 Privilegium,
1065 4243 1228 4314 quod
1253 4243 1540 4316 scriptum
1567 4249 1658 4300 est
1693 4244 1804 4299 sub

136 4324 381 4409 praefata
393 4325 734 4382 conditione
761 4342 949 4382 manu
971 4334 1175 4383 nostra
1199 4329 1682 4398 corroboratum,
1698 4345 1805 4401 per

143 4425 284 4465 suos
308 4411 627 4466 remissum
658 4415 746 4466 est
765 4412 1025 4468 nuntios.
1061 4416 1194 4468 Post
1251 4430 1461 4469 eorum
1517 4414 1804 4469 reversio-

1869 3178 1886 3197 ⁴
1924 3185 2348 3258 perpetualitcr
2401 3184 2755 3240 faceremus.
2817 3181 2989 3248 Quod
3044 3184 3101 3236 ct
3154 3181 3424 3246 fecimus,
3471 3182 3589 3234 sta-

1924 3280 2153 3332 tuentes
2225 3274 2554 3348 apostolica
2628 3289 2881 3329 censura
2951 3271 3064 3326 sub
3121 3269 3304 3325 divini
3380 3267 3592 3338 judicii

1924 3365 2338 3429 obtestatione,
2383 3368 2450 3420 ut
2498 3363 2646 3419 nulli
2694 3379 2967 3434 unquam
3022 3361 3084 3416 in
3131 3365 3396 3432 tempore
3441 3375 3592 3432 prae-

1925 3455 2152 3510 dictum
2211 3457 2503 3510 Ursonem
2559 3452 2990 3526 patriarcham,
3061 3467 3130 3506 ac
3211 3465 3588 3505 successores

1924 3545 2055 3615 ejus
2085 3544 2158 3599 de
2180 3544 2464 3616 prtedicto
2508 3541 2919 3615 patriarchatu
2977 3538 3282 3606 Gradcnsi,
3337 3538 3461 3594 sive
3513 3538 3589 3594 de

1923 3634 2124 3704 rebus,
2157 3648 2228 3688 ac
2249 3631 2736 3705 possessionibus
2769 3630 2897 3700 ejus
2936 3628 3285 3701 inquietare,
3315 3632 3420 3685 aut
3455 3643 3588 3684 mo-

1921 3722 2135 3778 lestare
2167 3724 2568 3794 praesumant;
2598 3719 2703 3776 sed
2732 3719 2932 3792 potius
2965 3717 3183 3791 saepius
3205 3716 3587 3774 nominatum

1919 3811 2329 3886 patriarcham
2361 3809 2732 3866 Gradcnsem
2755 3824 2895 3864 cum
2929 3823 3041 3863 sua
3065 3805 3399 3876 integritate
3424 3805 3588 3879 quie-

1923 3907 2052 3958 tum
2082 3904 2312 3956 remota
2342 3899 2506 3955 omni
2531 3897 2997 3955 contradictione
3028 3896 3177 3970 ipsc,
3213 3895 3423 3968 suique
3452 3912 3587 3951 suc-

1921 4006 2186 4047 cessores
2209 3989 2512 4062 perpetuis
2526 3986 2880 4062 possideant
2897 3984 3384 4060 temporibus,ita
3407 3984 3586 4041 etiam

1919 4084 1984 4135 ut
2013 4079 2247 4152 absque
2280 4095 2388 4133 suo
2416 4092 2785 4149 suorumque
2811 4091 3227 4132 successorum
3247 4073 3586 4130 voluntario

1919 4185 2221 4226 consensu
2251 4167 2396 4224 nulli
2414 4167 2763 4224 electionem
2788 4181 3037 4222 suorum
3057 4164 3586 4234 suffraganeorum

1918 4259 2111 4316 facere
2137 4258 2328 4313 liceat.
2366 4260 2430 4312 Et
2462 4255 2761 4329 quidquid
2819 4254 2898 4311 ab
2947 4254 3031 4310 eis
3073 4254 3247 4324 juxta
3304 4268 3583 4308 normam

1918 4348 2274 4404 canonicam
2304 4362 2414 4419 pro
2438 4344 2772 4400 commissm
2805 4343 2916 4399 sibi
2945 4341 3221 4399 Ecclesiae
3252 4357 3395 4397 cura
3442 4357 3582 4413 pro-

1914 4437 2105 4493 latum
2139 4435 2329 4501 fuerit,
2390 4439 2514 4490 tam
2558 4449 2593 4489 a
2642 4431 3037 4502 suil‘raganeis
3095 4431 3208 4487 sibi
3261 4430 3578 4504 episcopis,

142 4500 580 4599 nem'nondum
611 4501 844 4574 expleto
897 4502 1093 4557 triduo
1151 4502 1394 4558 nuntius
1449 4502 1800 4575 patriarchae
1833 4496 1874 4550 Ι)
1913 4542 2102 4599 quam
2129 4542 2164 4582 ἃ
2185 4496 2341 4580 clem
2369 4527 2424 4578 et
2451 4521 2678 4596 populo
2709 4496 2995 4577 custgdiri
3015 4496 3418 4593 ρνεεοίρίείιυε,
3466 4496 3581 4584 ῥιιί

143 4583 462 4640 Gradcnsis
487 4587 849 4658 supervenit,
881 4586 1141 4642 ﬂebilem
1162 4587 1338 4642 nobis
1359 4593 1800 4660 repraesentans

141 4669 476 4742 epistolam,
511 4686 697 4742 quam
728 4687 868 4726 cum
889 4671 1243 4741 legissemus
1275 4687 1500 4742 magno
1547 4689 1799 4728 mterorc

143 4753 333 4810 affecti
361 4771 608 4822 sumus;
663 4755 768 4809 sed
811 4762 1161 4827 recuperata
1217 4773 1319 4829 spe
1369 4774 1438 4812 ex
1489 4773 1580 4823 eo,
1634 4759 1800 4829 quod

141 4837 394 4911 probare
425 4838 588 4894 omni
613 4843 879 4911 tempore
895 4841 1187 4910 justitiam
1225 4857 1286 4896 se
1318 4842 1541 4898 habere
1575 4843 1796 4914 promi-

142 4922 230 4990 sit,
262 4923 540 4979 nuntium
580 4928 853 4979 nostrum
899 4925 1245 4994 Gregorium
1289 4927 1407 4982 fide
1450 4927 1793 5000 probatum,

140 5012 194 5064 et
222 5009 386 5064 omni
415 5008 755 5081 eloquentia
785 5008 1082 5079 insignem
1134 5010 1209 5064 ad
1265 5015 1587 5085 utrumque
1638 5013 1796 5068 misi-

139 5109 271 5148 mus
293 5109 432 5148 eum
462 5093 723 5165 epistolis
746 5097 990 5166 paterne
1017 5095 1370 5151 vocantibus
1402 5113 1504 5151 eos
1536 5097 1614 5152 ad
1659 5113 1796 5152 nos-

138 5183 288 5234 tram
319 5179 642 5249 synodum.
676 5180 790 5236 Sed
843 5181 1047 5252 Poppo
1097 5179 1239 5235 visis
1285 5180 1487 5236 litteris
1529 5198 1795 5239 commo-

138 5269 342 5319 tus.....
387 5263 538 5318 sicut
565 5264 879 5334 Gregorius
900 5264 1114 5330 retulit,
1148 5265 1313 5334 quod
1343 5282 1451 5322 nec
1484 5267 1663 5323 etiam
1695 5284 1792 5322 ca-

138 5352 242 5420 put
269 5347 602 5415 inclinaret,
630 5349 736 5404 sed
765 5349 962 5420 potius
997 5354 1264 5405 tenorem
1293 5351 1581 5423 privilegii
1608 5353 1792 5408 dene-

139 5437 318 5501 garet.
356 5435 438 5500 Et,
471 5433 612 5504 quia
642 5433 937 5505 perditam
963 5435 1327 5492 Gradensem
1383 5437 1645 5494 insulam
1691 5439 1794 5494 ha-

135 5517 315 5586 beret,
347 5516 728 5590 querebatur,
758 5533 866 5574 nec
899 5535 1075 5592 posse
1104 5537 1164 5575 se
1197 5520 1395 5577 venire
1412 5523 1489 5578 ad
1521 5527 1791 5579 nostram

137 5602 438 5675 synodum
468 5602 634 5658 nulla
654 5603 885 5660 ratione
911 5604 1336 5662 interveniente
1355 5607 1748 5680 profitebatur
1774 5628 1786 5677 ;

140 5687 242 5745 sed
263 5688 336 5744 de
369 5691 570 5745 tenore
599 5688 887 5762 privilegii
913 5688 976 5746 in
997 5691 1212 5747 eodem
1239 5691 1373 5748 loco
1428 5692 1663 5750 vinctus
1702 5697 1790 5750 est

136 5773 487 5834 mendacem
540 5790 713 5844 esse;
763 5773 905 5849 quia
959 5775 1266 5850 exemplar
1309 5776 1787 5838 demonstratum

1913 4632 2051 4671 vero
2080 4615 2230 4685 haec,
2275 4629 2410 4686 quae
2465 4629 2500 4668 a
2549 4610 2723 4666 nobis
2774 4611 2874 4682 pio
2928 4609 3143 4665 intuitu
3194 4607 3580 4681 promulgata

1912 4710 2071 4775 sunt,
2095 4705 2415 4774 infringere
2448 4706 2551 4759 aut
2571 4701 2630 4757 in
2653 4701 2855 4773 aliquo
2887 4698 3221 4771 transgredi
3240 4714 3577 4772 praesump-

1911 4795 2069 4861 serit,
2103 4791 2528 4866 omnipotentis
2569 4790 2670 4847 Dei
2722 4791 2874 4846 iram
2921 4789 3206 4857 incurrat,
3267 4792 3322 4845 et
3369 4793 3576 4845 nostro

1909 4882 2864 4953 anathematcconfossuspereat,
2899 4878 3005 4934 sed
3033 4882 3091 4934 et
3147 4894 3285 4934 cum
3329 4877 3574 4933 diabolo

1905 4978 2197 5049 perpetuo
2224 4972 2549 5029 damnatus
2573 4973 2791 5040 gemat.
2822 4968 2932 5034 Qui
2953 4972 3155 5024 autem
3173 4971 3373 5024 custos
3397 4971 3453 5023 et
3474 4969 3573 5023 ob-

1908 5064 2179 5118 servator
2199 5061 2382 5132 hujus
2403 5060 2590 5117 nostri
2618 5057 2928 5132 apostolici
2953 5056 3244 5130 privilegii
3265 5056 3567 5128 exstiterit,

1907 5152 2164 5223 gratiam
2195 5154 2494 5206 mereatur
2527 5151 2622 5206 SS.
2655 5147 2967 5214 Trinitatis,
3023 5150 3079 5203 et
3134 5151 3340 5202 nostra
3392 5145 3568 5203 bene-

1905 5242 2162 5298 dictione
2186 5241 2436 5310 fruatur,
2467 5257 2536 5296 ac
2567 5239 2627 5294 in
2660 5238 2879 5294 saecula
2909 5237 3268 5294 saeculorum
3319 5237 3563 5294 laetetur.

1979 5330 2275 5403 Scriptum
2303 5345 2409 5402 per
2437 5343 2656 5384 manus
2678 5326 2910 5397 Georgii
2956 5324 3244 5382 scriniarii
3273 5328 3327 5381 S.
3380 5328 3442 5380 Β.
3500 5328 3561 5380 Ε.

1902 5419 1961 5475 in
1995 5435 2201 5474 mense
2234 5417 2543 5474 Decembri
2569 5415 2893 5472 indictione
2923 5432 3040 5471 vni.
3093 5416 3135 5485 ἦ
3165 5414 3322 5471 Bene
3352 5414 3558 5471 valete.

1974 5512 2095 5580 Ego
2127 5507 2482 5564 Benedictus
2511 5507 2830 5580 episcopus
2864 5504 3212 5564 Portuensis
3243 5504 3480 5561 interfui
3507 5507 3562 5561 et

1902 5599 2100 5655 subsc.

1973 5693 2094 5760 Ego
2121 5692 2303 5748 Bosus
2334 5688 2655 5764 episcopus
2689 5689 2743 5744 S.
2777 5687 3068 5761 Tiburgiae
3100 5685 3376 5745 Ecclesiae
3423 5683 3560 5739 sub-

1902 5779 2128 5855 scripsi.
