3888 6480
376 246 512 306 1143

442 375 563 443 Ego
592 374 796 429 Petrus
822 369 1144 444 episcopus
1179 368 1501 426 Hostiensis
1532 366 1760 423 subscr.

441 463 566 532 Ego
596 460 938 517 Dominicus
966 460 1283 532 episcopus
1336 454 1765 515 Lavicanensis
1823 452 2018 510 Eccle-

373 549 475 606 sia
505 548 853 622 subscripsi.

445 642 567 709 Ego
597 637 947 695 Benedictus
972 638 1026 694 8.
1057 636 1323 701 Cerensis
1372 635 1643 692 Ecclesia
1701 634 2019 707 episcopus

374 727 603 785 subscr.

445 820 567 888 Ego
586 819 845 873 Joannes
876 815 1197 889 episcopus
1227 816 1283 873 S.
1312 817 1544 874 Ortaua
1581 812 1851 870 Ecclesiae
1877 810 2019 867 sub-

373 922 575 980 cripsn

446 1000 567 1067 Ego
598 996 925 1069 Raynerius
954 997 1009 1053 8.
1044 995 1347 1068 Nepesina
1392 994 1662 1051 Ecclesia
1705 992 2021 1066 episcopus

377 1085 610 1141 subscr.

447 1176 571 1243 Ego
601 1173 806 1230 Petrus
831 1173 1165 1247 episcopus.
1208 1174 1262 1227 8.
1317 1171 1695 1246 Pipernensis
1752 1168 2022 1227 Ecclesia

379 1261 728 1335 subscripsi.

448 1353 570 1420 Ego
598 1350 944 1406 Benedictus
968 1350 1287 1423 episcopus
1310 1348 1385 1405 de
1402 1347 1761 1404 Portalatina
1789 1346 2020 1403 subscr.

449 1442 570 1508 Ego
603 1439 767 1495 Dodo
787 1439 1106 1512 episcopus
1138 1438 1482 1495 Nucerensis
1511 1437 1739 1493 subscr.

452 1530 574 1598 Ego
595 1532 711 1584 Azo
738 1527 1056 1601 episcopus
1080 1526 1512 1584 Camerinensis
1547 1525 1777 1581 subscr.

452 1618 573 1685 Ego
596 1618 854 1672 Joannes
870 1616 1188 1689 episcopus
1207 1618 1262 1672 8.
1291 1614 1565 1671 Bledana
1588 1612 1858 1670 Ecclesia
1885 1611 2026 1668 sub-

383 1705 614 1777 scripsi.

453 1796 574 1865 Ego
604 1794 894 1851 Almatius
927 1838 940 1852 .
977 1838 989 1851 .
1027 1833 1041 1847 .
1073 1836 1085 1850 .
1113 1794 1341 1850 subscr.

457 1886 579 1953 Ego
607 1886 720 1939 Leo
752 1885 808 1941 S.
842 1884 1196 1940 Ficoclensis
1226 1882 1496 1939 Ecclesia
1519 1881 1699 1955 episc.
1731 1881 1958 1937 subscr.

460 1976 581 2042 Ego
612 1972 920 2031 Monaldus
938 1974 1255 2047 episcopus
1277 1972 1665 2028 Ariminensis
1683 1988 1754 2027 ex
1767 1972 2033 2047 jussione

386 2064 451 2118 D.
485 2064 574 2119 Jo.
598 2078 774 2135 papa
797 2044 1030 2118 subscr.
1144 2044 1161 2047 ”
1910 2044 1917 2055 ’

459 2154 579 2221 Ego
611 2150 902 2207 Berardus
934 2154 989 2208 8.
1022 2150 1387 2222 Fulgiliensis
1418 2152 1687 2208 Ecclesia
1722 2150 1903 2225 episc.
1965 2166 2037 2205 cx

384 2240 657 2311 jussione
691 2243 752 2295 ι).
781 2240 869 2296 Jo.
901 2256 1075 2313 papa
1106 2241 1332 2296 subscr.

463 2331 585 2398 Ego
612 2328 956 2385 Benedictus
988 2328 1466 2398 archidiaconus,
1525 2333 1582 2386 et
1622 2328 2035 2386 vicedominus

395 2416 623 2474 subscr.

463 2510 583 2578 Ego
612 2510 814 2563 Petrus
853 2507 1143 2564 diaconus
1196 2509 1251 2564 S.
1284 2512 1348 2565 R.
1374 2512 1433 2565 Ε.
1459 2513 1516 2566 et
1540 2509 1927 2566 cancellarius
1950 2524 2039 2564 sa-

400 2595 482 2652 cri
511 2596 713 2669 palatii
736 2596 967 2653 subscr.

462 2687 585 2755 Ego
616 2685 980 2742 Crescentius
1009 2685 1299 2742 diaconus
1331 2686 1558 2744 subscr.

463 2776 583 2843 Ego
613 2774 942 2843 Riginerius
973 2774 1263 2832 diaconus
1294 2776 1523 2833 subscr.

463 2863 584 2931 Ego
615 2860 948 2933 Stephanus
975 2862 1294 2919 cardinalis
1322 2863 1577 2923 interfui.

464 2952 584 3018 Ego
612 2952 869 3006 Joannes
892 2950 1212 3007 cardinalis
1242 2952 1322 3008 tit.
1356 2953 1410 3008 S.
1436 2953 1683 3009 Marcelli
1706 2952 1963 3009 interfui.

465 3039 586 3107 Ego
612 3040 868 3096 Joannes
899 3040 1217 3097 cardinalis
1242 3043 1296 3097 S.
1330 3042 1504 3099 Marci
1532 3042 1787 3099 interfui.

1186 3186 1246 3239 X.

397 3326 650 3383 Joannis
685 3325 837 3381 XIX
854 3341 1028 3394 papa
1056 3326 1304 3394 epistola
1332 3326 1411 3383 ad
1429 3327 1675 3383 Petrum
1707 3328 2042 3398 episcopum

672 3398 1109 3453 Gerundensem
1144 3398 1216 3454 de
1232 3399 1550 3470 privilegio
1571 3399 1772 3469 pallii.

1005 3518 1198 3589 (Anno
1251 3519 1429 3589 £030.)

588 3609 845 3679 [FLoaez,
879 3608 1123 3676 Espana
1152 3607 1450 3679 Sagrada,
1484 3611 1660 3677 XLIII,
1696 3610 1846 3683 430.]

464 3736 705 3790 Joumas
732 3732 1069 3807 episcopus,
1105 3750 1306 3789 servus
1348 3750 1658 3790 servorum
1715 3734 1814 3791 Dei
1860 3736 2042 3791 Psrno

382 3820 1032 3895 “venerabiliepiscopo
1055 3823 1454 3879 Gerundensis
1505 3828 1723 3880 sancta
1773 3823 2042 3880 Ecclesia

396 3917 454 3969 et
480 3912 693 3968 dilecto
719 3911 780 3966 in
812 3911 1038 3973 Christo
1094 3910 1237 3981 filio,
1288 3917 1639 3985 perpetuam
1679 3914 1741 3968 in
1793 3914 2044 3970 Domino

398 4002 650 4058 salutem
676 4003 733 4056 et
763 3997 1155 4072 apostolicam
1182 3999 1677 4057 benedictionem.

470 4088 616 4141 Cum
632 4085 716 4142 tui
740 4085 961 4142 amoris
992 4102 1177 4142 causa
1206 4085 1432 4159 aliquid
1464 4088 1721 4157 agimus,
1744 4092 1905 4145 tanto
1934 4106 2044 4147 nos

394 4175 627 4249 placere
655 4178 773 4232 Deo
802 4175 1068 4232 devotius
1091 4176 1451 4233 confidimus
1472 4181 1698 4251 quanto
1724 4182 1887 4235 tuam
1904 4195 2042 4235 cou-

397 4258 794 4321 versationem
828 4267 948 4320 tam
971 4263 1325 4336 evangelicis
1364 4281 1551 4338 quam
1603 4270 1657 4323 et
1707 4267 2045 4342 apostolicis

400 4353 790 4424 glorificatam
817 4352 1167 4410 testimoniis
1206 4353 1449 4410 scimus.
1478 4355 1570 4412 Ad
1600 4355 1728 4427 ejus
1780 4372 2043 4430 namque

398 4417 641 4500 laudem
670 4442 919 4501 refertur
943 4442 1087 4499 illud
1133 4443 1299 4517 quod
1350 4444 1563 4502 dicitur
1592 4417 1667 4501 εἶ(
1696 4445 1805 4513 Qui
1843 4417 2046 4505 manet
2070 4417 2117 4481 θ

398 4531 462 4590 in
506 4533 809 4600 charitate,
864 4532 927 4590 in
974 4534 1094 4590 Deo
1168 4538 1388 4603 manet,
1458 4540 1515 4592 et
1574 4538 1728 4593 Deus
1777 4536 1837 4593 in
1887 4553 1978 4594 eo.
2015 4558 2043 4587 ››

404 4621 461 4679 Si
489 4637 631 4692 ergo
682 4638 790 4695 per
840 4623 1184 4680 charitatem
1213 4623 1274 4681 in
1306 4626 1423 4681 Deo
1445 4640 1764 4683 manemus
1795 4629 1852 4682 et
1892 4628 2045 4682 Deus

402 4708 462 4766 in
488 4711 686 4783 nobis,
718 4715 775 4768 et
805 4712 929 4769 sine
959 4712 1057 4769 illa
1092 4715 1212 4769 Deo
1243 4713 1477 4787 placere
1533 4731 1656 4772 non
1698 4731 2043 4789 possumus,

401 4799 463 4857 in
518 4801 803 4858 omnibus
831 4803 1046 4859 nostris
1085 4803 1368 4877 operibus
1424 4805 1549 4862 sine
1612 4804 2045 4861 intermissione

401 4889 566 4947 illam
615 4892 890 4966 praeferre
947 4891 1259 4949 debemus.
1321 4896 1385 4951 Et
1433 4896 1577 4970 quia
1627 4899 1871 4965 urgente
1907 4911 2046 4969 pas-

404 4980 575 5037 torali
632 4980 1025 5039 sollicitudine
1080 4998 1202 5055 qua
1252 4983 1532 5043 divinitus
1589 4985 1865 5042 videmur
1902 5000 2050 5059 pra-

405 5069 530 5141 diti,
582 5071 634 5127 si
684 5069 918 5144 aliquos
973 5071 1238 5146 captivos
1306 5073 1383 5130 ab
1443 5075 1715 5150 Hispanis
1757 5074 2047 5132 redimere

404 5175 742 5233 possemus,
792 5165 848 5217 te
901 5160 1172 5217 veniente
1230 5163 1308 5220 ad
1361 5163 1569 5223 limina
1614 5163 2046 5239 apostolorum,

406 5246 903 5319 interrogavimus
936 5269 949 5318 ;
988 5252 1341 5325 respondisti
1398 5255 1634 5326 triginta
1676 5254 1940 5328 captivos
1993 5257 2049 5310 te

409 5334 559 5390 velle
585 5340 641 5389 et
670 5352 843 5409 posse
899 5354 1008 5411 pro
1055 5342 1319 5421 remedio
1350 5343 1565 5402 anima
1618 5348 1837 5401 nostra
1892 5342 2049 5399 redi-

412 5437 574 5477 mere
603 5426 659 5477 et
685 5422 937 5481 libertati
973 5425 1135 5499 dare,
1180 5430 1227 5486 si
1274 5429 1369 5485 vel
1396 5430 1716 5489 duodecim
1768 5432 1831 5487 in
1888 5446 2049 5488 anno

412 5508 645 5564 vicibus
690 5511 794 5566 tibi
844 5513 1008 5583 pallii
1049 5531 1225 5574 usum
1245 5519 1728 5579 concederemus.
1781 5520 1914 5578 Zelo
1944 5520 2051 5576 ita-

414 5610 532 5679 que
562 5596 683 5694 Dei,
713 5599 946 5694 quieos
992 5607 1231 5677 proprio
1284 5610 1573 5676 sanguine
1623 5610 1893 5678 redemit,
1953 5624 2052 5665 ac-

416 5685 599 5752 censi,
627 5685 892 5756 petitioni
919 5689 1034 5741 tua
1070 5693 1627 5770 condescendimus,
1684 5697 2051 5773 palliumque

1732 240 2017 299 JOANNIS
2054 239 2165 297 XIX
2199 240 2416 300 PAPE.
3668 240 3746 295 ‘il

2041 365 2090 419 Α
2130 369 2490 438 gestandum
2545 369 2866 429 duodecim
2912 368 2976 427 in
3029 383 3191 427 anno
3241 365 3499 424 vicibus
3568 362 3685 421 tibi
3734 381 3751 419 ε

2124 457 2254 516 lum
2304 462 2487 519 modo
2538 461 2967 526 concessimus,
3020 459 3081 515 in
3108 457 3316 515 Natale
3347 454 3661 513 videlicet
3714 456 3753 509 D

2126 548 2293 616 mini,
2323 550 2383 606 in
2416 552 2767 625 Epiphania,
2797 550 2859 606 in
2890 552 3072 607 Cana
3102 548 3365 617 Domini,
3389 548 3457 603 in
3492 549 3755 602 Besurre

2127 636 2283 693 tione
2309 640 2561 709 Domini,
2586 640 2648 695 in
2678 639 2773 695 die
2817 638 2964 694 luna
3018 635 3540 704 Resurrectionis,
3603 633 3670 689 in
3724 636 3760 687 Α

2128 727 2404 784 censione
2477 727 2732 798 Domini,
2788 727 2853 783 in
2909 729 3319 792 Pentecosten,
3369 725 3439 780 in
3494 722 3764 779 festivita

2129 816 2411 873 Omnium
2444 819 2816 884 Sanctorum,
2847 816 2909 872 in
2937 815 3372 889 Assumptione
3407 817 3662 869 sancta
3716 814 3763 867 Μ

2127 906 2245 975 riae,
2272 910 2328 962 et
2351 906 2413 962 in
2441 907 2588 963 festo
2640 906 2828 963 sancti
2889 904 3209 972 Saturnini,
3257 905 3322 960 in
3371 918 3515 959 uno
3564 901 3767 958 concil

2128 995 2399 1051 dioecesis
2426 1002 2656 1052 vestra.
2692 997 2871 1066 Cujus
2897 994 3189 1068 quoniam
3235 991 3607 1050 indumenti
3633 992 3771 1046 hon:

2128 1084 2405 1141 modesta
2428 1089 2672 1141 actuum
2701 1084 3009 1140 vivacitate
3040 1082 3380 1139 servandus
3444 1085 3571 1149 est,
3625 1079 3776 1135 horta

2128 1190 2267 1229 mur
2295 1178 2359 1230 ut
2387 1174 2439 1229 ei
2468 1190 2705 1229 morum
2735 1178 2975 1229 tuorum
3004 1174 3367 1228 ornamenta.
3412 1168 3777 1226 conveniam

2130 1262 2410 1335 quatinus
2439 1267 2678 1319 auctore
2711 1265 2828 1318 Deo
2858 1266 3013 1318 recte
3038 1260 3362 1333 utrobique
3407 1258 3637 1331 possis
3702 1273 3781 1311 ess

2132 1352 2511 1424 conspicuus.
2547 1356 2747 1425 Itaque
2778 1352 2895 1407 vita
2924 1356 3028 1407 tua
3055 1349 3192 1405 ﬁliis
3215 1348 3335 1405 tuis
3368 1348 3450 1403 sit
3482 1346 3739 1418 regula.
3769 1350 3783 1401 l

2132 1440 2283 1513 ipsa,
2319 1441 2367 1495 si
2394 1457 2515 1513 qua
2544 1441 2825 1497 tortitudo
2853 1440 2914 1495 in
2944 1440 3059 1496 illis
3093 1439 3314 1510 injecta
3362 1441 3484 1501 est,
3554 1435 3788 1504 dirigam

2134 1534 2227 1585 tur
2254 1529 2313 1585 in
2341 1546 2411 1585 ea
2435 1546 2569 1603 qua
2600 1530 2920 1597 imitentur,
2954 1529 3283 1602 aspiciant;
3315 1526 3557 1598 inipsa
3592 1541 3790 1597 sempr

2136 1620 2569 1676 considerando
2590 1619 2925 1697 proﬁciant,
2960 1622 3025 1673 ut
3060 1622 3231 1673 tuum
3279 1620 3433 1690 post
3486 1618 3703 1671 Deum
3750 1614 3794 1668 vi

2054 1717 2101 1776 Β
2137 1710 2346 1765 deatur
2366 1726 2493 1765 esse
2518 1709 2670 1765 bene
2701 1708 2865 1781 quod
2906 1707 3179 1764 vixerint.
3242 1709 3358 1763 Cor
3413 1720 3582 1774 ergo
3640 1720 3794 1776 nequ

2138 1816 2424 1873 prospera
2448 1816 2579 1873 quae
2612 1798 3010 1872 temporaliter
3049 1796 3458 1853 blandiuntur
3510 1794 3800 1851 extollant

2139 1906 2334 1961 neque
2355 1888 2607 1944 adversa
2635 1888 2918 1959 dejiciant
2951 1906 2964 1954 ;
2994 1886 3099 1942 sed
3122 1884 3434 1958 quidquid
3458 1884 3630 1939 illud
3668 1883 3802 1938 fueri

2139 1978 2347 2033 virtute
2376 1976 2671 2050 patientia
2696 1976 3067 2032 devincatur.
3116 1973 3363 2031 Nullum
3412 1972 3609 2045 apud
3662 1976 3719 2027 te
3759 1971 3806 2027 lc

2142 2084 2280 2122 cum
2310 2066 2469 2132 odia,
2521 2065 2754 2121 nullum
2806 2064 2976 2120 favor
3026 2062 3393 2119 indiscretus
3453 2061 3791 2117 inveniant

2142 2156 2475 2212 districtum
2503 2155 2640 2210 mali
2672 2158 3057 2223 cognoscant,
3077 2153 3380 2208 insontem
3408 2150 3599 2224 apud
3633 2156 3693 2206 te
3724 2150 3809 2205 cul

2142 2245 2405 2318 pabilcm
2462 2245 2762 2314 suggestio
2826 2244 2987 2299 mola
3041 2258 3167 2298 non
3222 2242 3433 2310 faciat,
3500 2247 3814 2296 nocentem

2145 2334 2333 2406 gratia
2358 2350 2481 2390 non
2519 2338 2777 2389 excuset.
2826 2332 3163 2389 Remissum
3208 2335 3265 2388 te
3314 2329 3818 2403 delinquentibus

2145 2440 2268 2480 non
2295 2424 2598 2493 ostendas,
2629 2440 2704 2479 ne
2756 2422 2923 2495 quod
2977 2421 3140 2477 ultus
3186 2436 3312 2477 non
3369 2419 3577 2475 fueris
3624 2434 3820 2492 perpe

2144 2513 2287 2569 trari
2307 2512 2631 2585 permittas.
2667 2513 2748 2569 Sit
2770 2512 2830 2567 in
2860 2516 2915 2567 te
2942 2515 2999 2567 et
3028 2510 3175 2567 boni
3212 2508 3486 2583 pastoris
3544 2508 3819 2564 dulcedo

2147 2603 2219 2659 sit
2242 2608 2299 2659 et
2339 2602 2555 2674 judicis
2596 2618 2800 2658 severa
2830 2600 3135 2667 districtio,
3169 2615 3362 2655 unum
3400 2598 3652 2655 scilicet
3676 2598 3825 2671 quoc

2145 2694 2488 2750 innocenter
2517 2694 2774 2747 viventes
2808 2690 3026 2758 foveat,
3078 2688 3243 2745 aliud
3286 2687 3466 2760 quod
3519 2687 3829 2761 inquietos

2146 2780 2441 2837 feriendos
2492 2795 2528 2835 a
2584 2779 2876 2851 pravitate
2934 2780 3300 2849 compescat.
3366 2775 3494 2833 Sed
3532 2775 3832 2848 quoniam

2145 2884 2583 2941 nonnunquam
2612 2868 3068 2941 prapositorum
3099 2866 3281 2935 zelus,
3314 2865 3473 2921 dum
3524 2864 3835 2920 districtus

2146 2960 2441 3016 malorum
2474 2958 2690 3015 vindex
2718 2958 2967 3013 existere
2993 2956 3139 3023 vult,
3172 2956 3387 3012 transit
3408 2955 3475 3012 in
3500 2954 3838 3011 crudelita-

2070 3069 2112 3125 ο
2150 3055 2268 3105 tem
2300 3048 2603 3117 correctio,
2631 3047 2781 3102 iram
2805 3045 3034 3117 judicio
3058 3045 3316 3114 refrena,
3378 3048 3439 3101 et
3500 3060 3841 3100 censuram

2149 3138 2475 3211 disciplina
2508 3138 2591 3193 sic
2612 3136 2839 3192 discute
2871 3140 2934 3190 ut
2960 3138 3017 3190 et
3038 3134 3249 3206 culpas
3278 3133 3491 3201 ferias,
3535 3138 3601 3189 et
3662 3150 3705 3189 a
3763 3133 3846 3189 di-

2148 3227 2396 3283 lectione
2422 3241 2812 3299 personarum
2859 3240 3011 3294 quas
3066 3222 3315 3293 corrigis
3372 3238 3507 3277 non
3554 3222 3845 3279 recedas.

2152 3316 2581 3376 Misericordem
2613 3319 2688 3383 te,
2716 3318 2894 3386 prout
2914 3313 3099 3369 virtus
3138 3312 3383 3385 patitur,
3436 3311 3846 3384 pauperibus

2151 3406 2383 3462 exhibe.
2418 3404 2727 3477 Oppressis
2760 3402 3029 3458 defensio
3069 3406 3172 3458 tua
3218 3400 3573 3471 subveniat,
3631 3401 3850 3473 oppri-

2151 3495 2451 3551 mentibus
2483 3493 2759 3548 modesta
2818 3490 3102 3547 correctio
3151 3489 3554 3546 contradicat.
3602 3490 3849 3546 Nullius

2150 3586 2363 3641 faciem
2388 3588 2593 3639 contra
2616 3581 2904 3652 justitiam
2935 3580 3217 3652 accipias,
3250 3578 3496 3635 nullum
3549 3596 3850 3653 quaren-

2152 3681 2267 3732 tem
2291 3674 2580 3745 justitiam
2611 3671 2931 3743 despicias.
2959 3669 3241 3725 Custodia
3284 3669 3346 3725 in
3405 3674 3461 3724 te
3520 3669 3848 3742 aequitatis

2152 3764 2418 3833 excellat,
2451 3768 2512 3819 ut
2537 3778 2645 3818 nec
2672 3762 2915 3817 divitem
2938 3759 3205 3833 potentia
3234 3763 3337 3815 tua
3368 3758 3616 3831 aliquid
3669 3759 3853 3833 apud

2152 3873 2256 3912 vos
2282 3860 2447 3911 extra
2470 3854 2626 3909 viam
2652 3852 2896 3908 rationis
2925 3851 3176 3906 suadeat
3219 3849 3453 3918 audire,
3506 3865 3631 3906 nec
3682 3866 3851 3924 pau-

2150 3960 2356 4017 perem
2381 3944 2454 3998 de
2479 3958 2540 3997 re
2572 3957 2681 3997 sua
2710 3941 2889 3997 faciat
2920 3938 3224 3994 humilitas
3276 3938 3641 4011 desperare,
3690 3954 3856 4011 qua-

2152 4039 2325 4090 tenus
2353 4036 2469 4088 Deo
2496 4030 2817 4087 miserante
2847 4028 2979 4085 talis
3018 4027 3219 4101 possis
3268 4027 3528 4083 existere
3581 4028 3851 4100 qualem

2153 4138 2325 4179 sacra
2352 4122 2523 4178 lectio
2548 4119 2835 4194 pracipit,
2867 4118 3108 4174 dicens:
3135 4139 3161 4167 «
3187 4119 3434 4190 Oportet
3456 4116 3851 4190 episcopum

2152 4210 2726 4286 irreprehensibilem
2756 4225 2904 4265 esse.
2936 4227 2966 4259 »
2997 4208 3111 4265 Sed
3131 4206 3226 4263 his
3255 4206 3550 4263 omnibus
3604 4207 3703 4263 uti
3758 4224 3856 4263 sa-

2153 4302 2396 4359 lubriter
2423 4300 2662 4375 poteris,
2687 4299 2733 4355 si
2774 4298 3127 4367 magistram
3179 4296 3539 4352 charitatem
3602 4296 3857 4357 habue-

2154 4392 2234 4449 ris
2267 4409 2280 4459 ;
2312 4407 2498 4465 quam
2529 4388 2632 4463 qui
2684 4392 2919 4444 secutus
2972 4385 3147 4442 fuerit
3176 4402 3213 4441 a
3265 4388 3430 4441 recto
3486 4384 3857 4458 aliquando

2154 4482 2386 4539 tramite
2413 4496 2537 4535 non
2556 4477 2793 4534 recedit.
2829 4479 2994 4547 Ecce,
3035 4474 3214 4532 frater
3245 4473 3632 4538 charissime.
3678 4475 3863 4533 inter

2152 4571 2339 4628 multa
2368 4569 2504 4638 alia,
2535 4568 2647 4624 ista
2676 4570 2815 4622 sunt
2881 4563 3214 4630 sacerdotii,
3262 4562 3383 4619 ista
3439 4567 3587 4619 sunt
3643 4564 3859 4638 pallii,

2152 4678 2287 4735 qua
2320 4660 2370 4715 si
2392 4658 2651 4715 studiose
2684 4654 3033 4719 servaveris,
3084 4652 3250 4726 quod
3308 4651 3453 4708 foris
3512 4655 3860 4728 accepisse

2154 4749 2480 4807 ostenderis
2510 4748 2668 4803 intus
2693 4744 2964 4802 habebis.
2989 4746 3203 4799 Sancta
3237 4742 3492 4798 Trinitas
3544 4742 3862 4801 fraterni-

2158 4843 2337 4894 tatem
2362 4841 2622 4892 vestram
2653 4832 2841 4903 gratia
2864 4848 2986 4887 sua
3009 4829 3397 4903 protectionis
3458 4829 3858 4901 circumdet,

2156 4932 2334 5001 atque
2363 4926 2441 4982 ita
2460 4925 2519 4980 in
2546 4922 2772 4980 timoris
2796 4920 2887 4976 sui
2918 4919 3012 4975 via
3042 4935 3152 4975 nos
3182 4918 3403 4988 dirigat
3428 4922 3496 4974 ut
3522 4924 3679 4993 post
3707 4923 3861 4980 vitae

2154 5017 2335 5088 hujus
2357 5011 2784 5071 amaritudiues
2816 5010 2893 5066 ad
2942 5014 3229 5065 aternam
3277 5007 3460 5066 simul
3509 5013 3862 5082 pervenire

2156 5105 2536 5163 dulcedinem
2557 5116 2916 5158 mereamur.

2230 5195 2524 5267 Scriptum
2544 5208 2651 5265 per
2674 5205 2925 5248 manum
2954 5188 3117 5260 Sergi
3139 5187 3434 5245 scriniarii
3462 5193 3711 5248 sancta
3742 5195 3866 5251 Ro-

2158 5300 2353 5343 mana
2405 5282 2696 5350 Ecclesia,
2757 5295 2963 5337 mense
3006 5278 3211 5352 Aprili,
3264 5277 3607 5337 indictione
3670 5284 3864 5341 tertia

2159 5374 2412 5431 decima.
