3944 6400
94 313 239 368 1145

89 527 376 596 Epistola
411 525 664 581 Joannis
687 541 864 596 papae
904 528 1051 583 XIX
1077 527 1158 583 ad
1198 529 1522 584 Robertum
1572 542 1765 597 regem

166 619 548 672 Francorum
586 616 659 671 de
685 617 1060 673 immunitate
1101 618 1513 675 Cluniacensis
1540 632 1770 673 monas-

170 708 331 764 ierii.

644 795 842 866 (Anno
879 801 1169 855 1021-1034
1187 798 1220 870 .)

382 885 753 958 [Baliarium
785 887 1202 955 Cluniacense,
1236 903 1376 960 pag.
1415 889 1491 958 7.]

168 977 416 1031 Joxxxes
467 975 815 1048 episcopus,
867 993 1073 1032 servus
1123 993 1436 1033 servorum
1482 977 1602 1044 Dei,
1661 980 1770 1032 Ro-

96 1082 281 1122 msn'ro
311 1065 467 1133 regis
496 1068 876 1133 Francorum,
913 1067 1170 1123 salutem
1196 1067 1613 1124 charissimam
1631 1083 1772 1124 cum

96 1154 525 1210 benedictione
557 1155 908 1228 apostolica.

172 1244 494 1310 Quoniam,
545 1261 581 1300 ο
632 1245 1226 1314 religiosissime‘rex
1271 1246 1599 1303 multorum
1641 1247 1772 1317 jam

97 1333 389 1389 charitate
435 1333 804 1403 frigescente,
859 1336 1388 1408 superabundante
1436 1341 1638 1391 autem
1669 1335 1774 1390 ini-

95 1423 351 1496 quitate,
375 1423 648 1496 plurimis
677 1424 737 1480 in
769 1424 914 1480 locis
945 1442 1067 1481 non
1097 1426 1293 1481 solum
1324 1426 1404 1481 ab
1452 1426 1770 1493 extraneis,

97 1530 315 1569 verum
342 1514 521 1569 etiam
549 1513 627 1569 ab
653 1514 722 1570 iis
748 1515 852 1587 qui
873 1515 978 1570 tilii
1008 1516 1252 1572 nomine
1277 1520 1448 1572 tenus
1473 1516 1771 1587 dicuntur,

99 1608 294 1659 status
321 1603 589 1659 Ecclesiae
623 1604 1030 1673 confunditur,
1082 1623 1264 1661 sacrm
1293 1606 1593 1676 religionis
1623 1605 1771 1662 ordo

99 1693 527 1755 contemnitur.
555 1694 746 1766 pietas
774 1700 830 1750 et
852 1694 1045 1750 forma
1057 1696 1296 1765 justitiaa
1319 1696 1770 1763 dehonestatur,

97 1787 157 1836 et
188 1781 496 1854 privilegia
517 1783 846 1854 apostolica
871 1801 976 1839 seu
997 1784 1176 1840 etiam
1198 1785 1425 1854 regalia
1453 1791 1770 1858 praecepta,
1804 1807 1843 1861 Β

95 1875 400 1944 quantum
427 1871 505 1928 ad
532 1872 951 1935 substantiam,
969 1873 1204 1929 illorum
1221 1875 1545 1930 temeritate
1570 1875 1774 1930 irrevc~

98 1967 301 2017 renter
325 1967 641 2017 cassantur
669 1979 680 2018 :
709 1967 942 2034 oportet
958 1968 1217 2020 vestram
1242 1964 1670 2021 sublimitatem
1693 1964 1771 2018 vi-

103 2051 313 2120 gilare,
349 2055 412 2106 ut
439 2051 500 2106 in
532 2067 718 2121 regno
737 2052 904 2107 vobis
931 2056 1048 2108 Deo
1071 2058 1312 2109 auctore
1335 2053 1658 2110 commisso
1679 2069 1774 2109 ea-

101 2137 336 2193 tliolicae
361 2139 502 2195 ﬁdei
528 2155 743 2195 norma
780 2140 1049 2210 vigorem
1080 2141 1366 2210 obtineat,
1408 2142 1689 2198 sanctitas
1719 2146 1774 2197 et

101 2228 311 2300 religio
343 2233 551 2285 contra
593 2229 866 2286 inimicos
898 2231 1160 2287 veritatis
1206 2233 1541 2304 trophaaum
1593 2231 1775 2288 victo-

102 2317 204 2372 riae
231 2317 542 2387 insigniter
580 2324 792 2386 teneat,
831 2325 889 2376 et
919 2336 1088 2376 sacer
1133 2321 1277 2376 ritus
1307 2321 1773 2393 praecedentium

96 2409 343 2462 Patrum
369 2407 785 2464 inviolabiliter
801 2414 1176 2481 permaneat,
1195 2416 1493 2482 quatenus
1524 2426 1629 2482 per
1645 2410 1772 2466 hzec

105 2501 162 2551 et
194 2500 391 2552 vestra
420 2495 570 2552 ﬁdes
602 2497 1035 2569 plenitudinem
1057 2499 1360 2554 bonorum
1393 2499 1699 2571 percipiat,
1721 2503 1776 2554 et

107 2584 348 2640 devotio
393 2584 773 2641 subditorum
804 2586 1017 2641 exinde
1049 2586 1127 2641 ad
1178 2587 1548 2643 incrementa
1592 2587 1774 2643 virtu-

108 2678 238 2729 tum
265 2673 462 2743 magis
493 2690 564 2729 ac
595 2675 790 2743 magis
819 2675 1110 2746 proﬁciat.
1146 2676 1248 2730 His
1280 2676 1441 2731 enim
1468 2677 1551 2732 rei
1581 2693 1779 2732 sacra-

109 2768 381 2820 mentum
405 2780 525 2819 non
551 2763 747 2820 solum
777 2780 813 2820 a
839 2765 1014 2820 nobis
1036 2765 1308 2835 exigitur,
1332 2766 1551 2837 quibus
1577 2772 1776 2838 pasto-

109 2854 253 2910 ralis
291 2854 615 2910 commissa
645 2859 733 2909 est
771 2871 935 2924 cura,
964 2871 1169 2909 verum
1202 2855 1381 2911 etiam
1412 2863 1469 2912 et
1497 2873 1532 2912 a
1575 2857 1772 2926 vobis,

111 2943 208 2999 cui
267 2943 492 2999 credita
545 2949 654 3014 est,
717 2960 857 2999 cum
908 2944 1106 2999 usuris
1161 2944 1458 3014 exigenda
1509 2946 1776 3003 maxima

110 3048 341 3105 pompa
369 3037 425 3087 et
449 3032 626 3100 regite
660 3032 1041 3089 sublimitatis
1072 3034 1356 3106 potentia.
1394 3035 1566 3100 Quod
1614 3035 1775 3092 enim

111 3119 237 3174 sine
269 3120 437 3187 gravi
467 3120 660 3176 dicere
683 3137 807 3176 non
842 3123 1113 3178 valemus
1143 3123 1369 3188 dolore,
1403 3124 1776 3196 quibusdam

108 3211 446 3264 vestrorum
477 3210 826 3266 exsecrabili
856 3213 1096 3280 negotio
1132 3213 1210 3268 ad
1262 3213 1660 3270 sacerdotium
1692 3214 1780 3270 in-

111 3295 418 3364 troductis,
443 3313 563 3352 non
596 3297 812 3353 sufﬁcit
841 3299 1060 3369 injuste
1088 3301 1402 3372 acquisita,
1435 3303 1777 3375 posthabito

111 3383 412 3452 religionis
443 3386 673 3446 ordine.
707 3403 813 3458 per
845 3388 1229 3460 perimendos
1261 3395 1503 3446 terrenae
1535 3391 1778 3446 aﬂ'ecta-

113 3473 290 3529 tionis
320 3473 498 3530 luxus
520 3475 867 3544 distrahere,
899 3477 1012 3533 nisi
1042 3479 1218 3533 etiam
1248 3485 1301 3535 et
1329 3497 1400 3536 ea
1428 3481 1561 3536 loca
1590 3495 1780 3552 quaen

111 3562 410 3632 ﬁdelibus,
471 3564 574 3637 qui
615 3565 716 3621 illa
759 3581 830 3621 ex
882 3567 1139 3640 propriis
1185 3569 1672 3640 possessionibus
1725 3572 1781 3624 et

114 3652 458 3726 sumptibus
500 3659 906 3726 construxere,
954 3657 1229 3728 potestati
1266 3657 1448 3713 solius
1488 3661 1778 3714 Romanae

117 3741 383 3797 Ecclesiae
409 3743 619 3799 tradita
635 3749 771 3800 sunt
786 3747 1121 3801 testamenti
1138 3747 1506 3815 auctoritate,
1523 3748 1600 3803 ad
1612 3747 1781 3803 dam-

112 3831 373 3886 nationis
400 3850 521 3887 stue
555 3833 866 3890 cumulum
895 3835 1007 3891 sibi
1029 3841 1320 3891 conentur
1355 3837 1694 3903 defendere,
1724 3839 1781 3892 et

115 3922 236 3977 suis
271 3921 478 3977 usibus
509 3923 663 3980 male
712 3924 1058 3997 applicare;
1111 3925 1216 3997 qui
1261 3927 1525 3998 profecto
1573 3927 1777 4000 ipsum

114 4013 293 4081 caput
319 4009 655 4083 discerpere
682 4013 960 4082 gestiunt,
1014 4013 1161 4069 dum
1202 4014 1480 4071 membra
1520 4015 1598 4072 ab
1645 4016 1778 4088 ipso

115 4113 394 4169 separare
422 4099 648 4167 volunt,
683 4105 740 4156 et
769 4117 872 4157 eos
903 4119 1056 4174 quos
1105 4107 1170 4159 ut
1199 4103 1550 4160 vernaculos
1598 4105 1782 4162 habet

113 4187 342 4258 injuriis
365 4193 421 4244 et
442 4190 822 4247 contumeliis
848 4191 1142 4248 lacessere
1160 4209 1280 4249 non
1301 4193 1600 4258 desinunt,
1620 4195 1780 4264 igno-

114 4283 309 4333 rantes
343 4279 544 4352 utique
571 4280 772 4337 miseri
801 4281 968 4355 quod
1001 4283 1182 4354 hujus
1214 4287 1438 4339 sanctae
1468 4284 1625 4340 sedis
1674 4285 1778 4340 de-

116 4372 272 4424 creta
325 4367 426 4442 pia
461 4369 577 4425 ﬁde
617 4385 654 4426 a
682 4369 818 4427 ﬁliis
857 4373 1063 4428 matris
1109 4372 1380 4429 Ecclesiae
1429 4373 1780 4446 accipienda

116 4461 269 4524 sunt,
303 4462 359 4514 et
383 4460 746 4528 veneranda,
772 4465 835 4517 ut
865 4466 1158 4536 tanquam
1200 4463 1421 4532 regula:
1472 4479 1777 4522 canonum

115 4547 192 4603 ab
208 4547 431 4605 eisdem
453 4549 684 4624 absque
701 4551 819 4608 ullo
833 4552 1115 4626 scrupulo
1139 4553 1429 4610 admittan
1440 4558 1550 4621 tur,
1571 4559 1778 4627 utpote

114 4654 248 4710 quae
279 4638 353 4694 de
381 4639 546 4695 omni
573 4640 844 4696 Ecclesiae
878 4642 968 4698 fas
990 4643 1213 4702 habeat
1225 4643 1560 4714 judicandi,
1578 4659 1777 4717 neque

118 4728 400 4801 cuiquam
439 4729 615 4786 liceat
641 4730 716 4786 de
747 4731 876 4801 ejus
917 4725 1138 4801 garrire
1167 4733 1426 4803 decreto,
1471 4749 1581 4790 nec
1625 4734 1780 4805 judi-

118 4834 248 4873 care
284 4818 531 4889 judicio.
588 4820 771 4890 Cujus
817 4821 1025 4892 judicii
1078 4823 1435 4879 sententiam
1475 4839 1546 4879 eo
1580 4825 1777 4894 magis

118 4912 344 4980 oportet
385 4925 422 4964 a
472 4909 712 4965 nemine
756 4910 1019 4978 dissolvi,
1075 4929 1198 4984 quo
1253 4913 1468 4968 certius
1522 4915 1781 4986 apostoli

117 5002 348 5054 constat
368 4998 533 5055 illam
564 4999 716 5056 Petri
739 5000 1016 5056 ﬁrmitate
1057 5002 1480 5058 etauctoritate
1511 5004 1774 5060 solidari.

119 5086 209 5141 Ait
237 5087 396 5142 enim
427 5089 697 5160 quodam
727 5089 789 5145 in
818 5089 951 5145 loco
985 5092 1096 5145 Leo
1136 5105 1298 5162 papa
1333 5093 1692 5148 venerabilis
1723 5098 1781 5149 et

119 5182 334 5230 sanctae
355 5175 744 5234 institutionis
763 5178 973 5234 doctor
991 5179 1362 5234 admirabilis
1395 5197 1405 5235 :
1444 5203 1470 5228 «
1499 5185 1624 5236 Non
1648 5198 1781 5254 par-

114 5281 202 5320 vra
231 5264 476 5322 insaniae
505 5272 593 5323 est
642 5272 850 5324 contra
893 5283 1031 5324 eum
1083 5267 1346 5341 aliquem
1397 5270 1633 5337 mutire,
1674 5271 1780 5344 qui

116 5353 475 5424 clavigerum
504 5357 673 5427 regni
700 5356 952 5412 caelestis
994 5357 1178 5413 habet
1214 5363 1470 5416 tutorem
1493 5365 1549 5416 et
1576 5364 1779 5434 patro-

116 5461 257 5500 num
281 5463 294 5512 ;
318 5445 465 5518 quin
495 5462 566 5500 eo
597 5447 792 5517 magis
845 5447 895 5502 si
922 5447 1018 5503 hic
1065 5448 1255 5505 multa
1283 5449 1471 5506 verba
1498 5451 1779 5507 tumentis

117 5534 349 5608 spiritus
372 5535 733 5601 relaxentur,
765 5552 841 5592 ne
871 5536 1018 5593 forte
1048 5538 1194 5595 Petri
1215 5539 1480 5596 vindicta
1500 5540 1561 5596 in
1582 5545 1780 5613 poste-

116 5641 245 5680 rum
274 5629 670 5681 reservetur.»
709 5629 930 5682 Horum
957 5627 1157 5700 itaque
1177 5629 1408 5686 rabiem
1445 5635 1503 5686 et
1524 5631 1777 5687 tumoris

118 5715 495 5772 insolentiam
525 5731 560 5771 a
585 5716 803 5773 nostris
824 5715 990 5788 locis,
1024 5723 1081 5775 et
1121 5720 1383 5777 maxime
1411 5737 1448 5778 a
1479 5721 1779 5778 Cluniensi

118 5805 387 5868 coenobio
430 5806 765 5882 specialiter
797 5811 854 5866 et
884 5807 1262 5881 singulariter
1308 5811 1484 5869 nobis
1533 5811 1778 5885 proprio

1349 309 1689 367 EPISTOLA
1728 311 1814 367 ET
1853 309 2278 371 DIPLOMATA.

1797 439 1845 492 Α
1876 438 2086 510 procul
2112 455 2395 498 amovere
2421 439 2752 512 cupientes,
2775 440 2891 497 hoc
2911 437 3288 515 privilegium
3307 445 3544 515 aposto-

3403 277 3542 372 {iis

1877 529 2053 584 tolica
2083 530 2430 586 auctoritate
2457 531 2578 586 ﬁlio
2609 535 2814 586 nostro
2840 531 3195 587 charissimo
3225 530 3458 588 Odiloni
3489 534 3546 588 et

1878 618 1990 673 sibi
2018 619 2480 675 succedentibus
2509 620 2570 675 in
2602 624 2960 692 perpetuum
2983 619 3177 675 facere
3206 619 3541 686 voluimus;

1876 708 2044 781 quod
2074 709 2247 764 vestri
2277 708 2568 765 nobilitati
2598 708 2819 764 idcirco
2851 724 2989 763 cum
3016 708 3108 764 his
3129 707 3333 765 litteris
3364 709 3543 766 mitti-

1878 814 2035 865 mus,
2069 803 2133 854 ut
2162 799 2373 854 vestris
2403 803 2858 871 vestrorumque
2887 798 3270 855 sacerdotum
3292 797 3381 854 vel
3398 798 3547 870 opti-

1878 893 2110 943 matum
2141 888 2198 943 in
2241 889 2488 944 auribus
2540 889 2838 955 recitetur,
2887 893 3310 961 praeceptoque
3360 887 3546 958 regali

1877 981 1933 1032 et
1964 978 2312 1034 auctoritate
2343 978 2632 1044 ﬁrmetur,
2666 977 3102 1044 corroboretur,
3135 981 3190 1034 et
3229 977 3548 1034 auctorize-

1878 1069 1972 1120 tur
1997 1083 2009 1132 ;
2041 1070 2105 1121 ut
2134 1066 2355 1122 nullius
2385 1067 2800 1140 cujuscunque
2840 1066 3164 1122 sacerdotis
3207 1065 3302 1122 vel
3332 1065 3548 1139 princi-

1876 1153 1969 1226 pis
1995 1171 2256 1227 persona
2287 1161 2494 1212 contra
2523 1157 2637 1212 hoc
2678 1155 3018 1230 apostolicae
3046 1155 3411 1212 auctoritatis
3439 1155 3544 1212 de-

1878 1248 2106 1299 cretum
2151 1244 2210 1299 in
2239 1250 2599 1316 perpetuum
2639 1245 2862 1315 garrire
2906 1244 3001 1300 vel
3044 1244 3257 1300 mutire
3302 1243 3544 1313 audeat,

1879 1349 1953 1389 ne
1983 1333 2313 1407 apostolico
2338 1351 2659 1407 percussus
2677 1334 3059 1390 anathemate
3079 1333 3360 1392 districta:
3377 1333 3548 1389 ultio-

1879 1423 1972 1478 nis
2002 1438 2215 1494 puanas
2262 1423 2406 1490 luat,
2452 1429 2507 1480 et
2552 1423 2769 1494 regalis
2819 1428 3222 1493 transgressor
3262 1422 3546 1496 praecepti

1881 1529 2020 1567 cum
2048 1513 2356 1585 suppliciis
2384 1512 2759 1570 infernorum
2806 1528 3011 1568 exsors
3041 1511 3220 1568 etiam
3249 1511 3356 1570 ﬁat
3400 1515 3546 1571 tem-

1882 1601 2183 1674 poralium
2213 1602 2537 1659 bonorum.
2660 1677 2748 1730 ΧΗ

1882 1746 2157 1814 Epistola
2187 1747 2439 1801 Joannis
2471 1717 2812 1816 XIX
2829 1745 2909 1802 ad
2941 1745 3305 1816 Gauslenum
3327 1743 3546 1813 episco-

1951 1832 2092 1884 pum
2125 1819 2613 1873 Maiisconensem
2637 1815 2756 1886 pro
2783 1817 3005 1872 tuenda
3055 1815 3328 1874 libertate
3354 1821 3406 1871 et
3434 1818 3544 1870 im-

1954 1890 2248 1944 munilate
2276 1890 2624 1945 monasterii
2642 1885 3064 1944 ’Cluniacensis
3107 1885 3182 1943 ab
3213 1887 3376 1946 omni
3387 1886 3547 1957 juri-

1955 1960 2215 2016 dictione
2243 1962 2586 2030 episcopali.

2421 2053 2609 2116 (Anno
2653 2050 2954 2104 l0°24~l03t
2971 2048 3010 2118 .)

2170 2139 2539 2209 [Baliarium
2575 2138 2989 2206 Cluniacense,
3016 2152 3156 2209 pag.
3185 2136 3261 2208 8.]

1954 2229 2202 2284 Joxssns
2234 2228 2579 2300 episcopus,
2631 2244 2844 2284 servus
2877 2242 3190 2284 servorum
3236 2225 3359 2295 Dei,
3405 2226 3550 2281 GAU-

1884 2333 2054 2373 srexo
2085 2318 2370 2390 episcopo
2401 2318 2832 2385 Matisconensi,
2858 2316 3113 2373 salutem
3129 2315 3548 2373 charissimam

1884 2423 2022 2461 cum
2050 2407 2464 2463 benedictione
2495 2407 2846 2480 apostolica.

1955 2497 2082 2566 Cui,
2108 2498 2228 2552 Deo
2259 2502 2522 2567 auctore,
2554 2497 2948 2569 prtesidemus
2969 2496 3336 2568 reliquarum
3359 2493 3550 2550 Eccle-

1883 2586 2107 2642 siarum
2149 2591 2330 2659 caput
2372 2592 2429 2643 et
2475 2587 2658 2643 cardo
2708 2592 2918 2642 sancta
2970 2589 3240 2643 Romana
3291 2583 3550 2641 Ecclesia

1884 2680 2047 2732 tanta
2075 2675 2507 2732 intolerabilius
2537 2675 2760 2748 patitur
2787 2675 3194 2748 quodcunque
3226 2673 3339 2734 sibi
3380 2673 3548 2742 inge-

1881 2765 2028 2821 ritur
2057 2764 2322 2821 dedecus
2353 2769 2582 2838 quanto
2614 2765 2825 2820 unitati
2855 2781 2979 2820 suae
3011 2765 3080 2833 is,
3114 2780 3150 2820 a
3179 2779 3302 2838 quo
3349 2763 3548 2833 inges-

1883 2859 2011 2910 tum
2038 2860 2145 2921 est,
2174 2855 2408 2911 videtur
2438 2854 2852 2928 propinquior.
2886 2857 2967 2910 Ex
2998 2871 3121 2927 quo
3143 2853 3221 2910 ad
3241 2853 3551 2928 episcopa-

1885 2944 2004 3001 lem
2032 2944 2285 3014 gloriam
2317 2945 2612 3001 deductus
2645 2960 2732 3014 es,
2757 2947 3041 3001 Romanas
3074 2943 3346 3000 Ecclesiae
3392 2942 3550 3001 ﬁlius

1884 3039 1940 3089 et
1965 3033 2298 3106 discipulus
2327 3033 2491 3089 visus
2521 3049 2604 3101 es,
2634 3037 2695 3089 et
2727 3038 2849 3088 tam
2880 3049 2916 3089 a
2945 3033 3120 3089 nobis
3146 3048 3334 3106 quam
3359 3031 3553 3088 aban~

1885 3123 2284 3180 tecessoribus
2340 3122 2559 3179 nostris
2618 3123 2841 3180 amodo
2896 3123 2977 3178 sic
3034 3127 3416 3196 computatus
3451 3137 3548 3189 es;

1884 3230 2046 3270 nunc
2072 3229 2214 3269 vero
2249 3212 2552 3269 nescimus
2582 3229 2704 3286 qua
2734 3228 2895 3268 nova
2924 3213 3252 3269 temeritate
3294 3212 3547 3282 illectus,

1883 3302 2357 3373 inexstinguibili
2388 3303 2711 3375 cupiditate
2757 3319 3068 3369 accensus,
3117 3301 3294 3358 matri
3325 3306 3440 3358 tuae
3468 3317 3555 3357 re-

1884 3410 2144 3467 pugnas,
2177 3398 2234 3449 et
2263 3398 2470 3450 contra
2494 3409 2626 3462 nos,
2671 3393 2894 3448 meritis
2928 3392 3185 3465 apostoli
3229 3392 3378 3448 Petri
3423 3408 3553 3448 ma-

1886 3485 2135 3554 gistrum
2179 3489 2367 3550 tuum,
2394 3483 2556 3539 levas
2598 3484 2971 3548 ealcaneum,
3023 3499 3161 3538 eum
3206 3481 3553 3540 ccenobium

1887 3574 2294 3637 Cluniacense,
2359 3572 2588 3627 cunctis
2638 3587 2789 3644 pene
2843 3570 3192 3626 nationibus
3243 3571 3553 3626 sanctitate

1887 3661 2270 3735 praefulgens,
2299 3675 2408 3716 nec
2437 3675 2561 3715 non
2591 3658 2937 3733 apostolicis
2964 3657 3289 3732 privilegiis
3335 3657 3554 3714 fultum

1885 3759 1940 3808 et
1966 3753 2044 3808 ab
2069 3750 2345 3808 omnium
2369 3750 2592 3806 ditione
2624 3749 3018 3815 subtractum,
3051 3747 3236 3804 solius
3266 3747 3553 3820 principis

1885 3839 2298 3914 apostolorum
2329 3843 2386 3895 et
2421 3839 2780 3894 vicariorum
2821 3853 3070 3894 suorum
3097 3837 3326 3909 judicio
3370 3852 3554 3892 reser-

1884 3937 2112 3996 vatum,
2147 3945 2513 3997 commoves,
2544 3928 2959 3984 venerandum
2989 3927 3170 3983 etiam
3210 3925 3553 3983 inﬁdelibus

1884 4025 2117 4079 Patrem
2147 4019 2444 4076 domuum
2473 4018 2809 4089 Odilonem,
2838 4017 3123 4074 abbatem
3168 4017 3556 4075 irreverenter

1886 4109 2140 4184 appetis,
2173 4107 2402 4175 fratres,
2441 4107 2668 4164 ibidem
2696 4105 2980 4177 degentes
3011 4122 3122 4178 pro
3161 4104 3557 4178 adipiscenda.

1884 4203 2176 4274 perpetua
2205 4197 2607 4255 transitoriam
2635 4195 2900 4268 quietem
2928 4199 3204 4268 optantes
3245 4194 3550 4263 sollicitas,

1887 4288 2216 4364 apostolica
2243 4287 2553 4361 privilegia
2583 4301 2824 4342 cassare
2875 4283 3209 4340 contendis.
3259 4282 3431 4349 Quod
3473 4282 3556 4339 ita

1887 4378 2218 4450 accipimus
2247 4374 2772 4449 quemadmodum
2805 4373 2854 4429 si
2883 4375 3016 4446 ipsa
3041 4372 3318 4428 membra
3347 4375 3556 4427 nostra

1889 4466 2064 4523 avide
2092 4466 2428 4537 discerpere
2454 4479 2753 4537 quaereres
2777 4481 2791 4531 ;
2823 4467 2880 4518 et
2901 4461 3068 4534 quod
3095 4461 3220 4518 sine
3249 4459 3424 4520 ruina
3453 4463 3556 4516 tua

1889 4572 2018 4612 esse
2049 4555 2274 4628 nequit.
2309 4556 2463 4612 Cave
2493 4557 2664 4609 caute
2690 4551 2786 4608 vel
2829 4552 2959 4623 jam
3004 4550 3268 4606 monitus
3313 4549 3553 4613 animae,

1889 4651 1946 4702 et
1970 4650 2241 4701 nostrum
2288 4641 2720 4699 monasterium
2753 4639 3058 4711 singulare
3089 4639 3263 4694 nobis
3286 4638 3555 4710 relinque

1887 4751 1985 4805 ne,
2043 4733 2193 4789 dum
2247 4732 2547 4806 particeps
2594 4731 2724 4802 ejus
2775 4735 2984 4786 contra
3025 4745 3136 4784 nos
3186 4744 3318 4784 esse
3361 4727 3552 4800 cupis,

1887 4821 2114 4880 ordinis
2137 4821 2328 4878 nostri
2360 4836 2565 4876 exsors
2596 4818 2925 4892 apostolica
2955 4817 3302 4875 auctoritate
3341 4815 3556 4872 cilicia-

1888 4913 1990 4969 ris.
2027 4912 2083 4968 Si
2109 4927 2250 4968 vero
2281 4910 2484 4983 aliqua
2514 4914 2863 4982 competens
2897 4908 3044 4965 ratio
3095 4907 3384 4964 adversus
3415 4922 3554 4964 eum

1889 5007 1940 5059 te
2000 5004 2362 5068 commovet,
2409 5003 2683 5056 nostrum
2724 4997 3022 5070 judicium
3080 4996 3193 5052 sub
3247 5012 3370 5069 quo
3427 4995 3556 5052 solo

1888 5096 2094 5148 manet
2121 5090 2491 5146 conlidenter
2519 5105 2764 5161 qurere;
2821 5103 2934 5144 nos
2985 5102 3206 5160 nempe
3257 5085 3362 5160 qui
3415 5101 3556 5142 eum

1887 5186 2012 5238 tam
2043 5185 2157 5237 ate
2187 5195 2372 5252 quam
2403 5181 2462 5235 et
2489 5177 2568 5234 ab
2599 5177 2884 5234 omnibus
2916 5180 3171 5244 tuemur,
3231 5175 3379 5234 nulli
3408 5190 3558 5248 pras-

1880 5273 2177 5346 judicium
2210 5269 2578 5344 praetendere
2602 5269 2887 5344 patimur.

1885 5436 2161 5507 Epistola
2183 5435 2437 5490 Joannis
2463 5433 2608 5507 XIX
2629 5447 2806 5502 papa:
2825 5433 2906 5489 ad
2934 5429 3556 5507 Bcchardum‘arclii-

1958 5509 2295 5577 episcopum
2312 5505 2770 5573 Lugdunensem
2786 5520 2903 5575 pro
2920 5505 3296 5561 immunitate
3311 5502 3558 5561 Clunia-

1964 5580 2152 5635 censis
2183 5577 2550 5634 monasterii.

2438 5648 2630 5719 (Annp
2666 5649 2963 5705 1024-1031
2982 5649 3019 5719 ,)

2175 5703 2545 5793 [Baliarium
2573 5703 3160 5793 Cluniacense,‘lpag.
3193 5720 3269 5790 9.]

1960 5815 2205 5871 ἔσηπε
2245 5809 2584 5885 episcopus,
2636 5825 2843 5867 servus
2889 5825 3200 5869 servorum
3253 5806 3354 5864 Dei
3407 5806 3554 5862 Bon.
