3944 6402
436 293 456 350 Ι
471 296 572 350 {'47

1805 279 2098 363 iomms
2137 300 2247 358 x1x
2285 301 2482 358 PAPE

3755 297 3896 352 “58

422 433 642 476 cunno
674 421 1128 498 archiepiscopo
1154 428 1560 500 Lugdunensi,
1581 431 1836 488 salutem
1861 429 2084 488 charis-
2113 425 2162 480 Α
2191 424 2398 481 filiam.
2431 425 2558 484 Tibi
2611 441 2775 497 ergo,
2801 424 2883 482 ﬁli
2913 421 3282 490 charissime,
3325 419 3476 477 inter
3501 435 3740 478 omnes
3797 421 3898 476 ab

422 507 639 566 simam
673 528 813 569 cum
839 513 1256 574 benedictione
1289 521 1636 592 apostolica.

495 600 860 658 Gauslenum
934 605 1426 666 Matisconensem
1485 612 1938 684 suﬁ'raganeum
1990 627 2088 667 ve-

423 690 633 760 strum,
685 689 1090 749 Cluniacensis
1136 700 1482 756 monasterii
1530 702 1715 758 nostri
1764 702 2085 758 ordinatio-

421 791 561 832 nem
613 782 670 833 et
717 783 1228 842 consecrationem
1279 789 1450 844 avide
1513 796 1724 848 contra
1773 791 2087 864 privilegia

421 865 755 936 apostolica
787 885 1076 943 usurpare
1121 883 1511 947 qurerentem,
1561 880 1734 936 valde
1784 880 2082 948 dolemus,

421 967 495 1007 ex
544 969 616 1010 eo
660 958 855 1026 magis
884 961 1051 1032 quod
1101 967 1404 1022 tantorum
1464 969 1938 1041 apostolicorum
1991 985 2088 1024 ex-

423 1045 1042 1106 communicationum
1072 1069 1208 1108 reus
1238 1055 1365 1112 sola
1395 1058 1719 1132 cupiditate
1754 1058 1946 1115 factus
1975 1062 2080 1114 est.

423 1133 490 1188 Et
545 1133 689 1205 quia
741 1153 849 1209 pro
901 1155 1106 1198 amore
1135 1145 1326 1201 sancti
1375 1147 1545 1216 Petri,
1577 1149 1752 1219 cujus
1784 1147 2084 1217 singulare

422 1227 857 1283 monasterium
889 1235 995 1300 est,
1031 1249 1154 1288 suae
1185 1235 1341 1307 parti
1370 1236 1589 1294 favisse
1640 1242 1698 1294 et
1747 1238 1944 1294 favere
1973 1253 2084 1292 vos

421 1310 838 1384 intelleximus,
869 1321 1093 1390 gratias
1136 1324 1309 1380 vobis
1353 1327 1697 1400 apostolicis
1727 1327 2088 1384 benedictio-

423 1402 604 1458 nibus
649 1406 962 1466 referimus
992 1413 1348 1485 cumulatas,
1382 1421 1438 1473 et
1484 1422 1551 1474 ut
1600 1418 1965 1474 incessanter
2004 1417 2088 1473 fa-

423 1491 609 1560 ciatis,
642 1496 920 1566 petimus.
958 1501 1079 1558 Sub
1111 1519 1246 1575 quae
1273 1505 1454 1562 etiam
1481 1523 1769 1578 rogamus
1797 1512 1863 1563 ut
1890 1507 2086 1562 eidem

423 1581 708 1657 episcopo
738 1585 1123 1661 interdicatis,
1156 1592 1307 1649 sicut
1336 1610 1448 1650 nos
1477 1595 1683 1652 litteris
1709 1596 1927 1652 nostris
1954 1595 2089 1652 feci-

422 1687 560 1727 mus
599 1677 1132 1752 consecrationem,
1186 1682 1649 1756 ordinationem,
1700 1685 1794 1742 vel
1838 1684 2088 1758 aliquod

2193 515 2365 572 bates
2395 516 2594 573 Galliae
2621 522 2677 574 et
2697 516 3027 573 Germania
3056 514 3386 588 primatum
3418 511 3680 568 sedendi
3718 515 3789 566 et
3812 513 3896 582 ju-

2195 605 2438 662 dicandi
2469 611 2526 662 et
2556 606 2876 663 concilium
2916 621 3055 662 cum
3108 602 3333 660 caeteris
3381 600 3729 658 abbatibus
3787 602 3893 656 ba-

2193 695 2378 752 bendi
2409 697 2816 753 concedimus.
2852 694 3004 752 Nulli
3047 694 3494 767 episcoporum,
3542 691 3893 764 archiepis-

2199 799 2510 857 coporum,
2551 785 3033 858 patriarcharum
3059 787 3301 848 temere,
3333 780 3449 836 nisi
3481 797 3518 837 a
3559 779 3756 836 vobis
3807 797 3892 835 ac-

2195 878 2369 946 cepta
2396 873 2653 944 licentia,
2686 889 2867 947 super
2894 872 3077 928 altare
3103 871 3282 928 vestri
3311 869 3625 945 patrocinii
3665 869 3894 925 missa-

2196 979 2334 1020 rum
2385 963 2678 1020 solemnia
2735 963 3036 1020 celebrare
3087 961 3279 1018 liceat.
3326 960 3551 1017 Nullius
3604 975 3892 1033 persona

2197 1053 2487 1126 principis
2537 1069 2734 1128 neque
2782 1058 2973 1110 totum
3029 1067 3225 1125 neque
3275 1055 3508 1124 partem
3556 1049 3636 1105 de
3700 1048 3888 1104 rebu<

2197 1143 2473 1214 ejusdem
2503 1143 2850 1199 monasterii
2879 1141 3058 1198 alicui
3097 1140 3442 1196 mortalium
3473 1139 3757 1196 subdere
3807 1156 3887 1193 vel

2196 1233 2257 1289 in
2287 1232 2648 1289 beneficium
2679 1238 2961 1307 praestare
2989 1232 3229 1295 audeat,
3282 1234 3530 1304 excepto
3581 1229 3732 1286 solo
3787 1230 3888 1285 ab

2197 1323 2357 1392 bate,
2389 1323 2494 1395 qui
2521 1322 2787 1393 legitima
2828 1321 3122 1378 beneficia
3167 1320 3309 1376 viris
3357 1336 3426 1376 ac
3469 1319 3890 1375 ministeriali-

2197 1409 2313 1466 bus
2344 1413 2466 1468 suis
2497 1419 2780 1486 praestare
2806 1413 3023 1480 habet;
3054 1412 3157 1468 sed
3191 1411 3299 1467 soli
3342 1415 3633 1467 Romana;
3687 1411 3890 1467 Eccle

2199 1501 2300 1556 site
2335 1503 2607 1576 specialis
2637 1503 2758 1560 ﬁlia
2804 1503 3110 1560 Fuldensis
3159 1503 3418 1559 Ecclesia
3464 1501 3657 1558 libere
3699 1508 3890 1574 atque

2200 1608 2409 1654 secure
2465 1593 2780 1650 deserviat.
2831 1595 2907 1661 Si,
2953 1594 3120 1666 quod
3152 1593 3348 1649 absit!
3408 1592 3630 1666 aliquis
3687 1591 3889 1650 abbas

2199 1681 2274 1737 de
2304 1686 2502 1738 vestro
2529 1682 2892 1739 monasterio
2925 1682 3128 1754 aliquo
3181 1681 3428 1738 crimine
3457 1681 3715 1737 infamis
3773 1681 3891 1738 fue-

417 1758 516 1830 jUS
545 1760 607 1817 in
633 1769 839 1820 nostro
864 1770 1229 1826 monasterio
1259 1788 1548 1845 qurerere,
1573 1790 1647 1830 ne
1677 1774 1824 1830 dum
1855 1774 1971 1830 hoc
1997 1774 2085 1829 in-
2118 1791 2158 1846 Β
2199 1769 2293 1834 rit,
2341 1771 2726 1844 praecipimus
2755 1777 2820 1828 ut
2850 1770 3207 1844 pulsationis
3246 1769 3544 1842 judicium
3576 1783 3716 1824 non
3753 1784 3890 1823 sen-

415 1848 575 1920 juste
602 1853 846 1926 appetit,
881 1857 1048 1929 quod
1079 1858 1236 1930 justo
1265 1861 1376 1916 sibi
1406 1861 1538 1918 licet
1587 1878 1698 1936 pro
1730 1879 1840 1919 sua
1885 1862 2088 1920 inobe—

422 1937 663 2007 dientia,
697 1942 906 2001 iterata
935 1951 1237 2004 tantorum
1270 1952 1508 2008 Patrum
1546 1951 1813 2026 querela,
1844 1957 2087 2026 aposto-

422 2028 540 2087 lica
567 2034 916 2093 auctoritate
945 2043 1161 2096 careat.

1190 2133 1322 2188 XIV.

493 2212 756 2271 Joannes
784 2218 931 2275 XIX
954 2223 1302 2278 monasterii
1329 2223 1647 2280 Fuldensis
1667 2225 2012 2294 privilegia,

657 2311 896 2375 petente
922 2309 1230 2368 llic/tardo
1255 2312 1488 2378 abbate,
1511 2314 1846 2382 conﬁrmat.

1054 2400 1248 2468 (Anno
1283 2402 1464 2473 1031.)

673 2482 944 2555 maestis,
975 2488 1118 2544 Cod.
1154 2490 1402 2560 diplom.
1430 2491 1636 2559 Fati,
1669 2491 1820 2563 351.]

491 2573 735 2630 JOANNES
767 2590 1108 2649 episcopus,
1137 2595 1344 2636 servus
1375 2595 1688 2636 servorum
1723 2581 1842 2650 Dei,
1871 2580 2087 2636 dilecto

421 2661 484 2718 in
510 2663 739 2721 Christo
769 2665 890 2723 ﬁlio
917 2667 1228 2736 RICHARDO,
1261 2669 1468 2727 abbati
1501 2670 1858 2726 venerabilis
1878 2687 2088 2727 mona-

423 2753 582 2810 sterii
612 2754 934 2812 Salvatoris
963 2759 1151 2815 nostri
1191 2763 1328 2816 Jesu
1359 2761 1570 2817 Christi
1597 2765 1654 2817 et
1679 2761 1868 2818 sancti
1922 2761 2088 2817 Boni-

421 2841 558 2898 facii
611 2847 914 2918 martyris,
961 2848 1054 2905 siti
1084 2849 1145 2905 in
1183 2849 1316 2906 loco
1371 2850 1476 2922 qui
1532 2856 1784 2907 vocatur
1832 2851 2090 2907 Boconia

416 2931 590 3001 juxta
619 2933 815 3006 ripam
847 2935 1113 2992 ﬂuminis
1164 2938 1381 3007 Fuldze,
1432 2942 1488 2995 et
1535 2955 1642 3012 per
1688 2945 1744 2996 te
1801 2939 2085 2994 omnibus

421 3021 540 3076 tuis
567 3024 1038 3080 successoribus.

495 3111 779 3205 Congruit
827 3113 1157 3205 apostolico
1206 3115 1606 3172 moderamini
1646 3116 1749 3190 pia
1801 3115 2087 3186 religione
2121 3151 2160 3205 ρ

420 3198 786 3272 pollentibus
833 3201 1129 3259 benevola
1177 3205 1603 3277 compassione
1648 3221 1993 3261 succurrere
2032 3210 2088 3261 et

419 3290 803 3362 poscentium
833 3291 1242 3350 animisalacri
1255 3293 1573 3351 devotione
1603 3311 1920 3352 assensum
1941 3311 2089 3368 prae-

421 3378 582 3435 bere.
619 3379 818 3450 Igitur,
849 3382 992 3454 quia
1032 3383 1347 3456 postulasti
1389 3400 1425 3440 a
1455 3401 1551 3442 me
1580 3385 1665 3441 ﬁli
1712 3385 2084 3457 charissima,

419 3475 719 3542 quatenus
743 3471 1097 3544 praedictum
1125 3474 1414 3531 l-‘uldense
1445 3475 1880 3531 monasterium
1913 3475 2090 3548 privi-

417 3557 556 3627 legii
585 3558 744 3615 sedis
783 3561 1127 3633 apostolicae
1171 3562 1375 3620 infulis
1403 3564 1737 3632 decoretur,
1767 3570 1832 3620 ut
1858 3565 1972 3621 sub
1996 3565 2089 3636 ju-

417 3647 761 3706 risdictione
807 3655 1027 3706 sanctae
1085 3651 1374 3708 Romanae
1429 3653 1701 3710 Ecclesiae
1757 3654 2090 3727 specialiter

419 3736 807 3795 constitutum
837 3739 1060 3796 nullius
1096 3741 1336 3797 alterius
1368 3742 1640 3799 Ecclesiae
1665 3742 2091 3814 jurisdictioni-

418 3825 535 3882 bus
565 3827 988 3886 submittatur:
1034 3831 1256 3887 idcirco
1304 3831 1418 3904 piis
1462 3831 1776 3889 desideriis
1821 3832 2088 3890 faventes

417 3914 532 3970 hac
560 3920 770 3972 nostra
821 3919 1171 3976 auctoritate
1200 3919 1262 3975 id
1310 3921 1479 3992 quod
1516 3921 1900 3994 exposcimur
1945 3923 2086 3978 effe-

419 4003 540 4058 ctui
565 4004 1009 4077 mancipamus.
1043 4009 1556 4065 Commendamus
1577 4009 1778 4082 itaque
1808 4016 1924 4067 tuae
1947 4011 2088 4067 ﬁdei

419 4097 477 4149 et
504 4092 845 4151 discretioni
873 4097 1192 4169 praefatum
1223 4099 1657 4154 monasterium
1709 4116 1850 4156 cum
1897 4101 2089 4158 omni-

416 4182 533 4238 bus
557 4183 740 4238 rebus
768 4185 1095 4242 mobilibus
1121 4192 1182 4243 et
1205 4187 1617 4244 immobilibus
1642 4188 1754 4244 sibi
1785 4190 2086 4261 pertinen-

416 4272 578 4329 tibus
606 4289 761 4346 quas
788 4290 948 4331 nunc
998 4275 1199 4347 habet,
1232 4277 1325 4332 vel
1353 4277 1415 4332 in
1462 4277 1730 4334 futurum
1763 4281 1882 4335 Deo
1923 4280 2089 4336 auxi-

415 4362 598 4419 liante
618 4361 884 4421 habebit.
919 4366 1317 4422 Concedimus
1347 4367 1527 4423 etiam
1557 4372 1738 4441 atque
1782 4368 2087 4425 donamus

414 4451 588 4508 vobis
617 4453 1052 4510 monasterium
1087 4455 1284 4511 Sancti
1314 4455 1584 4524 Andreae,
1614 4457 1782 4529 quod
1834 4462 2087 4514 vocatur

417 4539 711 4606 Exailum,
744 4541 922 4598 situm
946 4543 1121 4614 juxta
1158 4543 1475 4600 basilicam
1515 4515 1736 4602 sanctae
1768 4546 1959 4602 Maria).
2007 4546 2087 4602 ad
2116 4515 2160 4568 Β

415 4632 704 4703 Praesepe,
733 4646 874 4687 cum
899 4631 1185 4688 omnibus
1234 4632 1656 4690 mansionibus
1691 4634 1835 4690 suis.
1889 4637 2087 4692 Mona-

418 4719 664 4776 sterium
719 4735 862 4789 ergo
932 4720 1242 4789 Fuldense,
1313 4723 1482 4795 quod
1552 4727 1796 4779 sanctus
1858 4729 2090 4797 martyr

418 4809 635 4866 Christi
666 4809 1008 4867 Bonifacius
1037 4810 1314 4883 primitus
1345 4813 1694 4880 construxit,
1729 4818 1784 4869 et
1814 4813 2089 4886 pluribus

417 4900 732 4957 ornatibus
767 4918 838 4958 ac
887 4902 1128 4974 prmdiis
1171 4902 1380 4958 ditavit
1427 4919 1761 4976 regumque
1809 4920 1879 4960 ac
1923 4905 2088 4977 prin-

418 4989 624 5061 cipum
652 4989 1104 5048 defensionibus
1133 4991 1407 5062 munivit,
1449 5009 1590 5049 cum
1637 4993 1922 5049 omnibus
1969 4995 2086 5050 cel-

416 5077 510 5149 lis,
541 5079 808 5137 ecclesiis
839 5085 897 5138 et
915 5081 1184 5137 curtibus
1215 5081 1566 5155 cunctisque
1593 5083 1673 5139 ad
1704 5100 1767 5138 se
1794 5083 2089 5155 pertinen-

420 5168 580 5224 tibus
607 5171 793 5226 nostri
841 5170 1134 5244 privilegii
1177 5171 1575 5244 przeceptione
1631 5173 2084 5241 confirmamus,

419 5257 657 5329 hocque
681 5259 969 5328 jubemus
999 5265 1056 5317 et
1087 5260 1403 5318 statuimus
1435 5265 1499 5317 ut
1537 5260 1737 5317 nullus
1767 5262 1906 5318 inde
1936 5262 2090 5319 futu-

420 5362 524 5400 rus
554 5345 748 5403 abbas
778 5350 1292 5406 consecrationem
1325 5366 1586 5422 usquam
1634 5356 1962 5423 praesumat
1988 5367 2086 5408 ac-

424 5433 623 5504 cipere
661 5435 775 5491 nisi
804 5437 882 5492 ab
913 5439 1025 5494 hac
1075 5439 1215 5495 sede
1253 5439 1605 5512 apostolica.
1661 5442 1850 5506 Quem
1907 5441 2088 5497 etiam

422 5518 649 5576 idcirco
669 5523 998 5591 specialiter
1011 5527 1362 5584 ordinamus
1388 5533 1444 5585 et
1460 5545 1886 5586 consecramus
1908 5534 2086 5602 atque

422 5605 752 5684 privilegiis
773 5613 1051 5670 Romana:
1077 5618 1489 5690 etapostolica:
1519 5619 1676 5676 sedis
1699 5620 1972 5691 insigniri
1986 5637 2089 5677 vo-

422 5697 656 5758 lumus,
704 5699 769 5750 ut
809 5701 1078 5758 noverint
1133 5710 1357 5762 caeteras
1407 5707 1678 5763 Ecclesiae
1733 5709 2088 5765 Fuldensem

424 5777 757 5840 Ecclesiam
781 5786 1099 5856 specialem
1115 5797 1334 5851 sanctae
1357 5798 1641 5870 Romanae
1664 5797 1937 5856 Ecclesiae
1957 5813 2085 5856 esse

2198 1858 2324 1926 tiat,
2355 1859 2548 1916 donec
2575 1876 2611 1917 a
2641 1865 2850 1916 nostra
2875 1859 3208 1934 apostolica
3247 1858 3388 1916 sede
3432 1857 3758 1914 audiatur.
3816 1858 3890 1912 Li-

2199 1953 2330 2006 ceat
2359 1950 2539 2006 etiam
2569 1949 2696 2017 tibi,
2732 1949 3080 2007 charissima
3129 1948 3232 2016 tili,
3273 1947 3510 2021 tuisque
3554 1963 3889 2002 successo-

2197 2038 2365 2095 ribus
2394 2039 2719 2097 abbatibus
2749 2039 3024 2112 ejusdem
3045 2037 3412 2108 monasterii,
3441 2036 3889 2110 episcoporum

2198 2145 2386 2196 more,
2449 2129 2848 2204 apostolicam
2910 2129 3115 2185 sedem
3169 2128 3248 2184 ad
3305 2126 3738 2184 defensionem
3814 2129 3886 2182 tui

2201 2222 2437 2292 tuaeque
2469 2218 2740 2276 Ecclesite
2771 2218 3098 2292 appellare,
3130 2223 3186 2274 et
3216 2221 3424 2273 contra
3453 2231 3674 2272 omnes
3698 2233 3889 2272 aemu-

2197 2307 2290 2364 los
2322 2313 2552 2365 vestros
2580 2310 2867 2364 Romanas
2916 2307 3244 2379 majestatis
3293 2310 3462 2362 scuto
3511 2321 3622 2362 vos
3673 2306 3889 2362 defen-

2199 2397 2359 2454 dere.
2393 2400 2678 2453 Prreterea
2704 2397 2784 2453 ob
2814 2413 3086 2454 amorem
3112 2401 3170 2453 et
3197 2395 3591 2452 reverentiam
3626 2411 3887 2452 venera-

2199 2487 2336 2544 bilis
2389 2487 2701 2545 Fuldensis
2755 2487 3026 2544 Ecclesia:
3078 2486 3206 2555 tibi,
3262 2486 3443 2542 frater
3493 2485 3884 2543 charissime.

2200 2577 2438 2650 tuisque
2469 2577 2924 2634 successoribus
2954 2577 3276 2633 abbatibus
3306 2592 3486 2631 usum
3526 2575 3885 2634 dalmaticu:

2200 2673 2258 2723 et
2288 2667 2698 2724 sandaliorum
2731 2667 2791 2723 in
2819 2667 3218 2724 celebratione
3231 2667 3433 2723 missae
3456 2667 3885 2724 concedimus.

2199 2761 2345 2813 utet
2374 2757 2434 2813 in
2469 2757 2582 2813 hoc
2612 2774 2732 2831 prae
2778 2757 3006 2813 caateris
3051 2756 3236 2813 nostri
3289 2755 3513 2813 amoris
3555 2756 3885 2829 privilegio

2201 2847 2533 2920 specialiter
2561 2846 2880 2917 insignitus
2921 2863 3240 2921 appareas.
3295 2845 3680 2902 Decrevimus
3737 2863 3884 2920 quo-

2199 2953 2317 3008 que
2346 2936 2748 2992 deliberantes
2784 2941 2849 2993 ut
2894 2937 3179 3008 congruis
3231 2936 3604 3008 temporibus
3651 2942 3882 2992 nostra

2197 3042 2310 3099 pro
2358 3026 2533 3082 vobis
2575 3026 2958 3082 sollicitudini
3009 3027 3313 3082 intimetur
3362 3027 3618 3100 qualiter
3665 3027 3884 3096 religio

2199 3115 2537 3172 monastica
2565 3115 2823 3184 regulari
2864 3116 3075 3172 habitu
3103 3115 3395 3185 dirigatur
3452 3121 3509 3172 et
3548 3119 3885 3173 concordia

2199 3204 2450 3259 fratrum
2483 3203 2679 3258 studio
2709 3203 3122 3260 ecclesiastica?
3149 3204 3537 3276 professionis
3570 3207 3884 3262 custodia-

2197 3297 2315 3362 tur,
2342 3309 2417 3348 ne
2449 3293 2618 3358 forte,
2650 3291 2815 3364 quod
2846 3291 3038 3347 absit!
3075 3292 3188 3347 sub
3234 3292 3415 3362 hujus
3446 3293 3746 3365 privilegii
3783 3297 3881 3350 ob-

2198 3386 2364 3438 tentu
2421 3381 2661 3437 animus
2721 3397 3081 3453 gressusque
3139 3386 3345 3435 vestrae
3405 3383 3794 3440 rectitudinis
3853 3403 3879 3439 ει

2197 3487 2412 3528 norma
2439 3470 2682 3542 justitiae
2709 3469 3100 3544 aliquomodo
3134 3475 3567 3543 retorqueatur.
3621 3473 3877 3530 Interdi-

2199 3561 2392 3618 cimus
2435 3561 2636 3627 etiam,
2685 3560 3020 3616 secundum
3067 3560 3416 3633 petitionem
3465 3560 3661 3615 sancti
3712 3565 3878 3618 Boui-

2198 3650 2334 3707 facii
2360 3655 2418 3706 et
2446 3651 2752 3706 decretum
2786 3648 3084 3705 Zachariaa
3127 3649 3521 3705 antecessoris
3553 3653 3772 3718 nostri,
3809 3670 3874 3708 ne

2197 3741 2319 3796 ulla
2350 3740 2574 3795 femina
2607 3739 2765 3795 idem
2811 3738 3152 3795 venerabile
3195 3739 3628 3794 monasterium
3675 3741 3874 3813 ingre-

2197 3830 2416 3886 diatur.
2455 3829 2566 3885 Sed
2593 3835 2652 3884 et
2679 3829 2795 3884 hoc
2813 3844 3204 3901 summopore
3221 3827 3603 3902 prtecipimus
3625 3836 3682 3886 et
3700 3847 3874 3888 com-

2197 3936 2538 3984 monemus,
2591 3923 2657 3974 ut
2696 3918 2896 3974 nullus
2946 3919 3266 3974 hominum
3315 3918 3390 3973 de
3432 3917 3770 3976 redditibus
3822 3929 3872 3978 et

2198 4010 2400 4066 fundis
2430 4009 2524 4065 vel
2553 4009 2801 4064 decimis
2845 4009 3192 4082 ueterisque
3242 4008 3511 4065 ﬁdelium
3555 4009 3873 4067 oblationi-

2195 4099 2312 4156 bus
2365 4116 2472 4155 seu
2517 4099 2755 4155 familiis
2805 4099 2882 4154 ad
2924 4097 3220 4172 hospitale
3265 4115 3606 4172 pauperum
3663 4101 3759 4156 vel
3792 4103 3864 4157 ad

2197 4193 2431 4262 portam
2461 4189 2771 4260 hospitum
2802 4187 3237 4260 pertinentibus
3263 4187 3489 4260 aliquid
3514 4188 3864 4259 auferat,ch

2196 4277 2257 4332 in
2287 4275 2650 4333 beneﬁcium
2664 4275 2963 4348 suscipere
2990 4282 3355 4348 praesumat;
3390 4276 3514 4344 sed,
3549 4277 3701 4332 sicut
3728 4277 3863 4334 bea-

2197 4366 2463 4422 tissimus
2494 4365 2707 4423 Christi
2756 4370 2986 4438 martyr
3037 4365 3373 4422 Bonifacius
3416 4365 3684 4435 instituit,
3737 4384 3860 4424 om-

2197 4456 2298 4512 nia
2328 4455 2444 4512 sint
2468 4460 2598 4512 rata
2625 4460 2681 4511 et
2713 4455 3012 4527 ordinata,
3040 4460 3163 4512 tam
3193 4471 3266 4512 ea
3294 4471 3430 4528 qure
3463 4455 3541 4511 ad
3574 4472 3723 4510 usus
3752 4458 3861 4514 fra-

2197 4549 2354 4600 trum
2381 4560 2569 4617 quam
2596 4559 2667 4599 ea
2697 4560 2834 4616 quae
2866 4544 2944 4599 ad
2973 4544 3242 4600 diversos
3285 4542 3620 4600 ofﬁciorum
3668 4545 3859 4600 cultus

2197 4635 2492 4708 pertinere
2513 4634 2806 4690 videntur.
2842 4636 3030 4706 Super
3058 4635 3185 4689 haec
3215 4635 3421 4690 omnia
3445 4633 3857 4692 constituimus

2196 4741 2304 4798 per
2349 4724 2530 4795 hujus
2565 4723 2785 4779 decreti
2823 4724 3010 4780 nostri
3052 4724 3362 4796 paginam,
3414 4728 3480 4779 ut
3515 4723 3855 4798 quicunque

2199 4812 2520 4884 cujuslibet
2552 4811 2822 4867 Ecclesiae
2853 4812 3075 4884 prtesul
3116 4813 3210 4868 vel
3261 4828 3623 4885 quacunque
3672 4813 3856 4885 digni-

2197 4907 2316 4959 tate
2345 4901 2597 4975 praedita
2627 4917 2890 4973 persona
2919 4902 3076 4957 hanc
3124 4903 3312 4958 nostri
3359 4901 3648 4974 privilegii
3691 4904 3851 4960 char-

2198 4996 2345 5062 tam,
2373 5008 2559 5065 quam
2583 4991 2930 5047 auctoritate
2975 4991 3259 5064 principis
3303 4990 3711 5064 apostolorum
3760 4995 3850 5049 tir-

2197 5099 2440 5140 mamus
2472 5087 2760 5138 temerare
2791 5081 3121 5153 tentaverit,
3154 5081 3478 5138 anathema
3505 5081 3596 5148 sit,
3619 5087 3674 5138 et
3707 5084 3849 5141 iram

2198 5173 2298 5229 Dei
2324 5173 2634 5228 incurrens
2664 5189 2698 5227 a
2728 5175 2884 5227 coetu
2914 5171 3188 5226 omnium
3219 5175 3564 5227 sanctorum
3613 5176 3849 5230 extorris

2195 5261 2430 5328 existat,
2462 5266 2519 5317 et
2550 5261 2940 5316 nihilominus
2969 5260 3196 5333 praefati
3217 5261 3562 5316 monasterii
3601 5262 3848 5330 dignitas

2198 5367 2233 5406 a
2261 5349 2437 5406 nobis
2467 5349 2700 5405 indulta
2729 5349 3149 5422 perpetualiter
3196 5349 3483 5406 inviolata
3513 5361 3848 5422 permaneat

2197 5439 2527 5513 apostolica
2557 5440 2907 5494 auctoritate
2939 5439 3214 5495 subnixa.

2271 5527 2566 5600 Scriptum
2612 5543 2719 5599 per
2772 5543 3024 5583 manum
3069 5527 3254 5598 Sergii
3289 5528 3581 5584 scriniarii
3641 5539 3843 5589 sanetur

2198 5619 2486 5675 Romanae.
2514 5616 2693 5684 sedis,
2727 5633 2932 5675 mense
2963 5618 3182 5688 Martio,
3211 5618 3534 5677 indictione
3565 5637 3681 5678 xw.
