4696 6416
750 420 852 471 215
1744 414 1894 468 νιτΑ
1936 411 1994 465 S.
2037 410 2500 473 (ZLINEGleDlS,
2547 407 2663 464 UBI
2708 407 2793 463 DE
2833 407 2887 458 S.
2935 404 3262 460 IIENRICO.
4161 407 4258 456 2m

753 538 985 592 Dierrut
1012 538 1143 607 (‘77),
1172 536 1275 607 qui
1306 553 1411 590 nec
1440 536 1707 607 pietatem
1732 550 2060 605 agnoscens,
2121 548 2223 587 nec
2268 532 2455 584 scelus
2486 533 2529 583 Α
2570 530 2781 600 ptismo
2836 528 3188 590 defunctum,
3246 543 3420 590 supra
3477 527 3737 583 tumbam
3783 528 3966 582 beatre
4030 528 4261 598 virginis

756 626 1098 694 abhorrens,
1129 624 1319 679 ﬁlium
1352 640 1521 679 suum
1573 624 1705 693 igne
1735 624 2097 675 cremaverat.
2154 619 2248 673 llic
2291 618 2459 671 duris
2571 634 2685 672 non
2707 618 2825 670 sine
2853 633 2950 687 spe
2989 616 3421 670 resurrectionis
3470 617 3679 687 posuit.
3714 618 3917 671 Testor
3967 634 4125 682 eum,
4168 619 4261 687 qui

760 714 994 768 funibus
1026 713 1289 766 astrictus
1319 712 1387 766 ad
1458 713 1777 782 sepulcrum
1839 715 2043 762 sanctm
2085 706 2460 775 Cunegundis
2573 713 2658 760 est
2702 705 3120 776 primogenitus
3148 710 3522 771 mortuorum,
3558 706 3658 776 qui
3694 712 3959 759 mortuos
4014 710 4262 765 suscitat.

762 801 844 854 ita
880 816 1275 855 mansuescere
1326 799 1513 870 cmpit,
1575 805 1633 851 ut
1664 797 1851 851 furiali
1902 795 2100 849 morbo
2158 794 2459 847 absolutus
2577 795 2671 847 ubi
2730 793 3068 847 miserabdis
3132 794 3398 847 omnibus
3464 800 3646 847 mater
3720 794 4007 859 exstincti,
4062 804 4263 848 sancta-

765 890 945 943 Deum
974 888 1429 957 omnipotentem
1465 886 1745 950 laudaret;
1798 885 1963 953 eique
2004 883 2169 952 cujus
2216 882 2463 951 patroci-
2577 881 2810 949 virginis
2878 897 3083 933 nomen
3140 881 3504 947 Cunegundis
3581 881 3995 951 ingeminando
4056 884 4265 935 multos

766 978 1041 1031 nantibus
1083 976 1296 1030 meritis
1355 975 1474 1028 hzec
1524 974 1625 1026 sibi
1682 972 1946 1025 accidisse
2006 971 2294 1039 cognovit,
2324 986 2463 1022 cum
2580 974 2740 1024 fletus
2767 970 2991 1025 ell'udit;
3026 986 3119 1037 qm
3145 990 3192 1020 ιιι
3312 970 3542 1024 mimem
3576 977 3871 1040 posuerat,
3905 970 3975 1023 de
4009 973 4267 1041 sepulcro
4301 984 4303 993 ί

765 1071 1012 1129 caterva,
1057 1080 1183 1134 quae
1236 1079 1485 1133 praesens
1523 1063 1792 1123 astiterat,
1838 1058 2059 1112 debitas
2111 1058 2469 1111 acclamabat
2581 1059 2763 1111 vivum
2816 1057 3033 1109 levavit.
3071 1058 3205 1119 Quis
3239 1078 3293 1109 se
3324 1075 3356 1109 a
3413 1058 3697 1127 laerymis,
3725 1058 3856 1128 quis
3919 1074 3953 1110 a
4002 1059 4269 1111 laudibus

768 1154 985 1206 laudes.
1052 1151 1225 1221 Igitur
1280 1151 1412 1203 dum
1468 1152 1582 1202 brec
1640 1154 1755 1201 tam
1808 1147 1946 1200 cli-ri
2030 1162 2204 1217 quam
2262 1146 2468 1215 populi
2581 1145 3071 1199 contineret?Una
3102 1145 3504 1209 voxomnium,
3539 1154 3599 1197 ut
3628 1147 3899 1216 frequens
3938 1147 4110 1199 turba
4138 1148 4269 1199 Sab-

766 1240 1009 1294 solemni
1051 1239 1347 1292 devotione
1378 1243 1694 1307 agerentur,
1737 1241 1851 1287 tres
1884 1234 2186 1297 contracti,
2219 1250 2367 1286 unus
2404 1232 2467 1285 in
2582 1234 2710 1286 bato
2731 1234 3105 1286 contluxerat.
3129 1233 3319 1297 Qualis
3340 1240 3424 1285 est
3452 1234 3464 1286 l
3492 1234 3609 1286 tl'C?
3636 1250 3808 1303 quam
3841 1241 4059 1292 sancta.
4094 1250 4269 1303 quam

765 1327 1038 1381 suburbio
1070 1327 1137 1379 de
1172 1324 1431 1395 hospitali
1480 1324 1655 1376 sancti
1698 1323 1903 1391 :Egidii
1935 1323 2068 1391 (78],
2138 1321 2239 1392 qui
2277 1320 2468 1389 magis
2587 1323 2692 1375 Deo
2713 1321 2906 1374 chara!
2940 1338 3067 1391 quae
3099 1322 3325 1375 claudos
3355 1339 3604 1385 currere,
3638 1339 3818 1375 CIPCUS
3840 1322 4054 1390 videre,
4081 1329 4271 1375 mutus

762 1415 1039 1486 reptando
1080 1430 1247 1483 quam
1275 1412 1529 1465 scabellis
1562 1412 1925 1475 volvebatur;
1986 1413 2129 1463 alter
2158 1410 2226 1463 de
2289 1410 2468 1461 domo
2585 1410 2753 1479 loqui,
2794 1411 3064 1462 exstincta
3104 1426 3332 1479 quoque
3385 1411 3640 1463 membra
3699 1410 4045 1463 reviviscere
4105 1411 4264 1463 facit!

761 1504 1052 1558 Chunradi
1112 1502 1341 1569 majoris
1371 1501 1621 1553 ecclesiae
1680 1498 2010 1569 pra-positi;
2065 1498 2265 1551 tertius
2324 1497 2469 1549 item
2586 1500 2774 1551 Beatus
2824 1503 3017 1551 venter
3076 1498 3175 1568 qui
3225 1500 3368 1551 lianc
3425 1499 3699 1568 portavit;
3734 1498 4102 1552 benedictae
4165 1501 4270 1552 Do-

764 1593 833 1645 de
862 1591 1034 1644 domo
1093 1589 1308 1644 Ottonis
1340 1589 1397 1641 in
1430 1590 1630 1641 eadem
1661 1588 1901 1643 ecclesia
1944 1586 2228 1650 canonici,
2289 1601 2468 1655 super
2582 1588 2733 1639 mino
2766 1586 2940 1638 ubera
2965 1603 3087 1655 quae
3128 1588 3271 1639 hanc
3326 1587 3704 1649 lactaverunt;
3755 1588 3822 1640 de
3872 1587 4272 1640 benedictione

762 1680 1088 1749 sepulcrum
1148 1679 1325 1731 beatae
1373 1677 1609 1746 virginis
1638 1676 1835 1747 positi,
1910 1676 1981 1728 ab
2048 1675 2221 1727 unius
2267 1674 2467 1727 dolore
2575 1675 2689 1743 jam
2713 1674 2916 1725 saeculo
2945 1675 3205 1744 pereunti
3236 1682 3390 1727 tanta
3422 1674 3735 1743 gratiarum
3768 1690 4011 1728 munera
4044 1676 4274 1729 eflluxe-

759 1766 1040 1837 passionis
1092 1782 1207 1819 una
1254 1766 1425 1819 erecti
1473 1769 1607 1818 sunt
1638 1780 1818 1817 manu
1874 1763 2084 1816 divinas
2132 1762 2461 1815 curationis.
2502 1806 2541 1858 Β
2578 1768 2724 1816 runt.

762 1856 958 1909 Mulier
979 1854 1314 1924 paralytica,
1342 1859 1400 1907 et
1421 1854 1597 1906 altera
1627 1851 2081 1905 sanctimonialis
2110 1851 2221 1917 (79)
2253 1849 2466 1903 femina
2504 1849 2539 1858 “’
2656 1853 2731 1902 1⁸7.
2766 1852 2899 1904 Item
2951 1850 3261 1916 summotus.
3295 1880 3363 1889 —
3414 1849 3581 1905 Aliud
3629 1866 3746 1903 non
3804 1850 3941 1904 huic
4003 1851 4274 1905 dissimili

760 1960 873 1997 uno
897 1943 1047 2014 pede
1078 1943 1427 2006 claudicans,
1461 1946 1513 1995 et
1553 1941 1793 1995 claudus
1821 1940 1891 1994 de
1945 1944 2129 1992 castro
2190 1938 2338 2009 quod
2378 1939 2464 1992 di-
2579 1936 2823 2005 signum,
2857 1937 2969 1989 alio
3018 1954 3150 1991 vero
3182 1948 3386 1992 eventu
3422 1939 3479 1991 in
3534 1938 3745 1992 trienni
3797 1956 4004 2009 puero,
4039 1940 4099 1994 in
4151 1942 4274 1994 vico

755 2032 904 2085 citur
932 2031 1079 2094 Giet,
1115 2035 1245 2100 post
1280 2035 1751 2083 momentaneam
1816 2026 2138 2079 orationem
2202 2026 2285 2079 vix
2316 2041 2469 2078 com-
2579 2026 2865 2078 Grunberc
2912 2026 3259 2080 celebratum
3313 2032 3415 2089 est,
3478 2027 3576 2097 qui
3631 2044 3665 2081 a
3745 2044 3916 2082 mane
3958 2045 4145 2101 usque
4204 2032 4272 2083 ad

757 2120 996 2189 pletam,
1040 2118 1103 2171 in
1153 2117 1279 2187 ipsa
1327 2122 1493 2170 nocte
1541 2122 1719 2168 curati
1755 2119 1908 2168 sunt.
1971 2115 2121 2168 Puer
2158 2114 2250 2167 cui
2307 2118 2468 2166 tanta
2580 2130 2868 2183 vesperam
2924 2114 2981 2167 in
3043 2115 3240 2167 limoso
3296 2115 3418 2167 lacu
3474 2116 3782 2168 sull'ocatus
3851 2117 4053 2185 jacuit,
4087 2118 4186 2171 ubi
4247 2137 4278 2171 a

759 2208 1166 2261 membrorum
1214 2204 1485 2259 mollities
1516 2204 1717 2268 inerat,
1753 2208 1817 2257 ut
1845 2219 1989 2273 pene
2018 2202 2239 2255 ossibus
2271 2217 2465 2255 carere
2581 2203 2909 2254 mulieribus
2932 2204 3036 2255 sub
3068 2203 3168 2255 lini
3224 2203 3501 2255 fasciculis
3536 2209 3797 2273 repertus
3827 2209 3886 2257 et
3916 2204 4277 2269 sublevatus,

764 2295 1274 2365 putaretur;alter
1302 2294 1371 2347 de
1430 2292 1788 2358 Linccndorf,
1821 2292 1998 2345 macie
2053 2290 2296 2343 deformi
2327 2307 2466 2342 con-
2580 2292 2755 2344 multo
2803 2291 3141 2360 ejulantium
3198 2293 3475 2344 comitatu
3508 2293 3743 2345 domum
3804 2309 3993 2363 usque
4052 2294 4279 2347 delatus

762 2387 1051 2452 sumptus,
1115 2396 1376 2450 gressum
1440 2385 1496 2433 et
1577 2378 1850 2449 loquendi
1933 2379 2210 2442 oflicium,
2256 2377 2467 2448 quibus
2578 2386 2678 2433 est.
2712 2381 2827 2434 lllic
2852 2396 2952 2448 per
2983 2385 3206 2433 noctem
3244 2380 3514 2449 lugubres
3569 2380 3913 2449 parentibus
3969 2384 4278 2453 exsequias

764 2472 1007 2525 omnino
1034 2485 1291 2537 caruere,
1324 2473 1674 2537 receperunt.
1704 2467 1899 2521 Puella
1930 2466 2159 2519 sciatica
2208 2466 2276 2519 de
2308 2467 2464 2519 Gisc-
2579 2469 3011 2534 celebrantibus,
3073 2470 3168 2521 ubi
3234 2485 3399 2521 mane
3457 2469 3716 2521 sacerdos
3755 2469 4018 2524 debitum
4066 2471 4280 2525 huma-

772 2560 937 2613 nuelt
968 2558 1096 2631 [al.,
1154 2556 1413 2628 Gisfeld],
1460 2558 1702 2611 necdum
1758 2555 1971 2608 tumba:
2017 2554 2239 2624 ingesta
2295 2571 2467 2606 sacrae
2579 2556 2771 2610 nitatis
2828 2559 3115 2626 complere
3175 2558 3373 2621 astitit,
3430 2559 3676 2625 populus
3733 2559 3833 2627 qui
3895 2560 4119 2623 aderat,
4180 2564 4283 2631 qui

766 2653 1005 2718 prapter
1049 2646 1275 2699 turbam
1327 2662 1338 2699 :
1395 2661 1537 2715 puer
1580 2662 1643 2697 ex
1703 2643 2093 2697 contractione
2160 2658 2467 2695 nervorum
2572 2647 2690 2715 jam
2722 2646 2902 2698 multa
2932 2647 3000 2698 de
3046 2646 3223 2711 signis
3275 2645 3452 2698 beatae
3514 2646 3885 2713 Cunegundis
3944 2648 4172 2701 viderat
4228 2657 4287 2702 et

768 2751 970 2789 carens
1019 2733 1207 2787 ofﬁcio
1283 2733 1521 2802 pedum;
1581 2732 1776 2803 puella
1849 2732 1918 2784 de
1982 2730 2308 2784 Nuornberc
2358 2732 2468 2797 (80)
2579 2735 2852 2797 audierat,
2888 2736 3251 2803 pra-sentiam
3287 2736 3416 2785 illus
3455 2734 3561 2786 sibi
3611 2734 3809 2786 adesse
3840 2735 3899 2788 iu
3935 2738 4121 2789 multa
4183 2756 4285 2807 spe

769 2824 962 2893 planta
1018 2822 1180 2892 pedis
1227 2837 1451 2874 sursum
1516 2837 1770 2886 recurva,
1846 2819 2103 2889 geniculo
2149 2822 2466 2880 contracto;
2580 2823 2950 2875 exauditiunis
2983 2823 3283 2889 rogitabat.
3319 2824 3517 2876 Mirum
3549 2822 3604 2874 in
3636 2824 3874 2877 modum
3911 2841 4059 2893 puer
4087 2843 4286 2879 annu-

767 2912 906 2965 item
938 2910 1007 2963 de
1038 2910 1243 2965 eodem
1295 2926 1441 2980 pago
1467 2911 1655 2978 puella
1710 2907 1948 2961 manum
2002 2907 2219 2959 aridam
2254 2906 2471 2959 habens
2580 2912 3014 2979 laremdigitum
3041 2928 3264 2963 movere
3282 2912 3563 2980 crnpit,et,
3593 2913 3959 2979 stupentibus
3980 2916 4287 2977 omnibus,

765 3000 916 3054 inter
946 2999 1236 3052 orationes
1268 3004 1326 3051 et
1357 2998 1572 3067 vigilias
1597 2996 1785 3049 curati
1816 3001 1968 3048 sunt.
2580 3004 2707 3069 post
2735 3000 2981 3069 spatium
3013 3001 3183 3051 unius
3233 3001 3383 3052 llOl'ZP.
3416 3016 3585 3052 sanus
3618 3002 3881 3071 surrexit.
3928 3001 4116 3071 Hujus
4150 3005 4289 3058 facti

841 3090 923 3141 45-
960 3086 1202 3150 QUidam
1234 3102 1337 3156 pro
1368 3102 1514 3155 equo
1548 3085 1747 3138 furtim
1781 3084 2002 3136 sublato
2032 3082 2185 3153 apud
2217 3084 2466 3135 Werram
2498 3085 2539 3139 C
2576 3088 2822 3157 primum
2855 3088 2973 3157 ipse
3003 3088 3259 3140 sacerdos
3290 3087 3394 3139 sub
3426 3088 3592 3152 stola,
3624 3070 3845 3142 deinde
3897 3070 4116 3144 milites
4154 3102 4286 3147 octo

766 3175 1030 3240 fluvium,
1086 3175 1145 3227 in
1201 3174 1322 3226 vico
1370 3172 1471 3243 qui
1527 3172 1738 3225 dicitur
1791 3172 2087 3241 Wasegen,
2159 3172 2463 3241 suspendio
2571 3176 2675 3230 sub
2731 3182 3105 3243 sacramento,
3177 3178 3300 3245 ipso
3354 3193 3533 3246 puero
3613 3176 3671 3230 in
3734 3178 3992 3233 medium
4072 3181 4289 3245 locato,

761 3263 1029 3316 addictus
1055 3268 1159 3315 est.
1193 3262 1303 3325 Qui
1326 3261 1385 3313 in
1416 3266 1703 3314 tormento
1764 3260 2003 3329 positus,
2058 3275 2187 3312 voce
2215 3276 2327 3329 qua
2367 3276 2465 3329 po-
2572 3282 2615 3318 ci

2434 3281 2465 3306 ι·
2572 3282 2702 3318 cum
2759 3265 2917 3318 omni
2972 3266 3296 3335 frequentia
3342 3282 3459 3318 suas
3515 3266 3720 3336 plebis,
3789 3273 3964 3321 testes
4039 3270 4110 3322 ad
4180 3289 4288 3323 nos

764 3356 935 3412 terat,
993 3350 1179 3403 beata:
1211 3349 1581 3420 Cunegundis
1622 3348 1861 3418 virginis
1916 3364 2080 3400 aures
2136 3348 2459 3418 appellavit,
2572 3361 2870 3408 venerunt,

767 3439 933 3508 cujus
963 3440 1136 3491 etiam
1167 3436 1497 3491 festinatam
1524 3453 1693 3506 opem
1749 3436 1857 3489 sibi
1888 3436 2083 3489 adesse
2142 3438 2460 3505 prmsemit.
2648 3448 2729 3497 ts.
2769 3445 2903 3496 Item
2936 3444 3138 3512 puella.
3174 3471 3239 3482 —
3291 3444 3483 3496 Puella
3544 3444 3838 3514 septennis
3889 3445 3949 3499 in
3999 3450 4293 3518 parocliia

771 3526 975 3581 Divina
1004 3526 1160 3580 enim
1220 3525 1443 3587 virtute,
1491 3526 1586 3579 ubi
1621 3526 1870 3595 populus
1923 3525 2285 3591 absCesserat,
2334 3525 2463 3577 vin-
2576 3532 2906 3590 Liuberstat,
2943 3530 3079 3583 dum
3109 3530 3179 3583 ad
3212 3531 3424 3583 fontem
3456 3530 3681 3584 incaute
3721 3532 4004 3600 hauriret,
4064 3534 4289 3589 infelici

765 3616 895 3669 cula
923 3631 1199 3669 manuum
1247 3615 1520 3669 dissoluta
1569 3620 1723 3678 sunt,
1766 3618 1820 3667 et
1852 3613 1972 3685 ipse
2030 3614 2136 3666 sibi
2196 3615 2463 3684 laqueum
2573 3636 2703 3673 casu
2734 3620 3026 3671 submersa
3060 3624 3163 3672 est.
3218 3618 3397 3681 Quam
3456 3635 3585 3672 cum
3644 3620 3714 3674 ad
3763 3638 3868 3674 sua
3918 3638 3954 3675 a
4009 3626 4293 3677 crucibus

763 3706 1078 3775 deponens,
1141 3704 1203 3758 in
1242 3704 1527 3758 civitatem
1587 3720 1865 3768 reversus,
1934 3701 2151 3755 cunctis
2209 3703 2461 3773 ereptio-
2573 3708 2617 3762 h.

2440 3731 2461 3742 -
2573 3708 2843 3775 homines.
2874 3708 3112 3760 fuissent
3142 3707 3372 3771 reversi,
3406 3724 3538 3761 nam
3579 3707 3699 3761 dies
3762 3710 4164 3781 Rogationnm
4203 3715 4294 3766 in-

765 3811 897 3847 nem
930 3794 1035 3859 sui,
1068 3794 1211 3847 dans
1242 3793 1487 3863 gloriam
1544 3793 1657 3845 Deo
1708 3796 1765 3844 et
1792 3807 1911 3843 suae
1966 3790 2245 3843 salvatrici
2288 3808 2460 3860 expo-
2573 3797 2817 3860 stabant,
2864 3797 2933 3848 de
2985 3796 3138 3848 fonte
3197 3795 3526 3849 exstinctam
3577 3796 3851 3862 levantes,
3894 3805 4026 3868 post
4076 3808 4293 3855 votum

763 3883 896 3936 suit.
930 3883 1189 3947 Quorum
1222 3881 1377 3935 fideli
1410 3880 1742 3934 testimonio
1774 3879 1840 3932 ad
1875 3895 1981 3931 nos
2014 3894 2189 3948 usque
2219 3878 2459 3944 delatus,
2573 3886 2642 3939 ad
2707 3884 3046 3939 memoriam
3105 3885 3286 3937 beata:
3372 3885 3743 3954 Cunegundis
3810 3887 4053 3958 factum,
4102 3907 4293 3962 quam

762 3973 833 4026 ad
865 3987 1099 4025 censum
1123 3971 1382 4042 quinque
1433 3968 1808 4022 denu-iurum
1866 3985 1899 4019 a
1937 3966 2054 4019 suis
2114 3968 2453 4036 parentibus.
2571 3974 2789 4028 dudum
2820 3973 3239 4026 lamentabatur
3305 3979 3614 4040 mortuam,
3673 3990 3789 4027 non
3845 3976 3969 4029 sine
4012 3978 4297 4034 laudibus

765 4066 828 4115 ut
869 4060 1096 4130 pridem
1154 4059 1295 4113 dum
1354 4058 1745 4121 damnaret“,
1779 4073 1884 4125 PN
1939 4056 2062 4126 ίρδο
2100 4056 2457 4117 devoverant.
2572 4063 2777 4116 divinis
2809 4062 3087 4115 viventem
3133 4061 3582 4115 admirabantur.
3619 4062 3681 4116 lu
3730 4063 3835 4117 hac
3867 4065 4049 4121 trium
4110 4084 4293 4124 resu-

765 4150 1074 4219 inscriptus
1105 4153 1211 4200 est.
1270 4146 1439 4216 Apud
1474 4162 1573 4197 nos
1605 4160 1836 4215 quoque
1868 4160 1979 4197 non
2019 4144 2149 4198 huic
2185 4144 2462 4198 dissimile
2571 4151 2865 4203 scitatione
2893 4158 3273 4213 mortuorum,
3306 4165 3433 4202 cum
3485 4154 3541 4202 et
3595 4151 3707 4203 alia
3736 4150 3852 4205 duo
3903 4170 4163 4224 corpora
4225 4162 4296 4211 ad

764 4232 834 4292 de
865 4237 1093 4291 servulo
1124 4234 1401 4307 quodam,
1463 4236 1596 4287 dum
1651 4234 1993 4303 illaqueatus
2070 4233 2140 4285 ab
2194 4233 2462 4286 omnibus
2571 4240 2985 4294 invocationem
3021 4246 3228 4291 sancta»,
3256 4238 3630 4306 imperatricis
3670 4239 3927 4308 ejusdem
3962 4243 4100 4297 vitaz,
4160 4249 4301 4300 red-

767 4332 1029 4381 mortuus
1075 4330 1397 4396 putaretur,
1457 4325 1680 4392 signum
1742 4322 2028 4393 apparuit.
2107 4322 2248 4375 Nam
2332 4327 2537 4411 postD
2577 4329 2714 4393 dita,
2776 4328 3067 4380 verissima
3142 4328 3371 4379 testium
3423 4327 3840 4396 approbatione
3888 4346 3953 4383 ac
4012 4331 4297 4402 ipsorum

763 4417 1001 4488 ejectam
1032 4414 1275 4474 urinam,
1317 4412 1468 4485 quod
1499 4413 1725 4482 signum
1756 4412 1960 4465 mortis
2010 4410 2066 4463 in
2099 4410 2307 4463 talibus
2335 4416 2461 4463 tor-
2496 4410 2509 4411 ί
2576 4432 2887 4487 puerorum
2942 4415 3379 4485 praesentatione
3443 4416 3900 4484 cognoverimus,
3975 4422 4116 4490 quis
4180 4426 4298 4477 nisi

764 4506 974 4561 mentis
1022 4510 1127 4574 est,
1185 4502 1404 4558 cunctis
1463 4502 1779 4556 astantibus
1836 4499 2135 4570 inspirata:
2182 4499 2351 4552 saluti
2398 4515 2463 4551 ac
2574 4512 2769 4559 sancta
2832 4505 3074 4559 Trinitas
3150 4509 3382 4573 operata
3447 4504 3692 4567 videtur,
3771 4522 3901 4576 quae
3955 4513 4299 4565 secundum

762 4596 889 4650 vitae
946 4594 1243 4649 restitutus
1299 4598 1400 4647 est.
1460 4592 1576 4647 Tali
1644 4590 1817 4645 modo
1872 4589 2027 4660 apud
2082 4588 2458 4654 Rottenburc,
2574 4596 2736 4663 signa
2792 4610 2921 4664 quas
2969 4594 3093 4663 ipsa
3130 4592 3280 4659 facit,
3340 4594 3460 4645 lure
3518 4598 3575 4646 et
3641 4594 3730 4647 his
3790 4597 4014 4667 majora
4097 4601 4301 4655 facere

760 4684 1053 4755 imperiale
1099 4689 1372 4750 castrum,
1439 4681 1550 4736 duo
1581 4679 1837 4735 absoluti
1868 4678 2184 4732 multorum
2228 4682 2457 4731 attesta-
2575 4683 2939 4754 postmodum
2969 4682 3086 4735 suis
3114 4681 3412 4752 promisit?

762 4776 909 4831 tione
926 4790 1102 4845 usque
1128 4775 1195 4827 ad
1227 4790 1329 4827 nos
1361 4774 1770 4843 pervenerunt.
2650 4774 2732 4825 l9.
2789 4771 2968 4824 Mutus
2999 4786 3174 4823 vocem
3228 4774 3436 4838 recipit.
3466 4801 3535 4810 —
3585 4771 3731 4826 [llud
3764 4789 3999 4846 quoque
4032 4779 4305 4833 clarissi-

834 4868 914 4919 l6.
951 4866 1088 4919 Puer
1120 4870 1363 4918 mortuus
1388 4864 1768 4916 resuscitatus.
1828 4886 1898 4897 -—
1956 4856 2113 4921 Mira,
2149 4861 2207 4909 at
2235 4856 2312 4908 nil
2345 4856 2459 4908 Deo
2575 4877 2688 4915 mm

2447 4873 2459 4906 ι
2575 4877 2755 4927 mum,
2810 4860 3137 4913 clarissimis
3190 4860 3350 4929 regni
3410 4860 3756 4930 primoribus
3801 4880 3993 4918 coram
4039 4872 4301 4924 astanti-

760 4952 1069 5024 impossibil
1099 4969 1150 5018 e,
1180 4959 1237 5006 et
1263 4952 1457 5006 forsan
1481 4955 1694 5002 nostra:
1714 4945 1873 5000 aztati
1902 4943 2259 4998 incredibilia
2286 4943 2464 4996 dictu-
2573 4950 2700 5016 bus,
2732 4949 2951 5003 celebre
2982 4965 3154 5018 super
3174 4954 3331 5002 muto
3376 4948 3586 5003 factum
3620 4951 3725 5005 sub
3765 4953 3946 5006 oculis
3984 4960 4303 5019 omnium,

764 5057 854 5095 rus
881 5059 1026 5109 sum,
1061 5042 1157 5097 sed
1186 5048 1305 5094 tota
1348 5033 1979 5105 Bambenbergensium
2042 5033 2236 5085 civitas
2291 5031 2462 5101 hujus
2575 5038 2869 5093 memoria;
2895 5037 3193 5091 hominum
3216 5038 3441 5091 tradere
3475 5054 3591 5091 non
3624 5038 3933 5110 indignum
3980 5042 4305 5101 duximus~

763 5129 883 5184 facti
917 5148 1114 5202 expers
1145 5148 1262 5186 non
1294 5130 1424 5183 fuit.
1466 5126 1668 5180 Mulier
1698 5124 1771 5176 de
1799 5122 2061 5192 proxima
2117 5120 2252 5173 villa
2310 5121 2459 5174 Etrin
2574 5128 2713 5182 Nam
2746 5142 2868 5180 rem
2900 5132 3115 5196 gestam
3174 5125 3251 5179 ita
3309 5142 3412 5196 per
3464 5127 3737 5182 famulam
3792 5145 3955 5184 suam
4014 5131 4306 5187 Christus

764 5220 1071 5290 vagientem
1128 5234 1326 5283 suum,
1376 5215 1528 5269 infra
1579 5210 1966 5284 quadraginta
2000 5208 2121 5262 dies
2187 5208 2307 5261 sine
2364 5208 2462 5263 ba-
2572 5217 2723 5270 clare
2750 5213 2975 5286 operari
3000 5214 3197 5279 voluit,
3228 5214 3378 5285 quod
3410 5230 3557 5285 pene
3590 5218 3812 5272 nullum
3845 5218 4023 5274 latere
4074 5228 4306 5293 potuit.

830 5378 931 5444 (77)
970 5378 1162 5433 Εάίίίο
1196 5371 1569 5444 Lovangiensis
1602 5371 1855 5444 Beyrerit.
1898 5367 2353 5444 Aliisyeyrréfnt.
2646 5371 2753 5440 (‘79)
2784 5372 2844 5444 ln
2878 5370 3233 5444 rapographo
3269 5371 3670 5441 Bambergensi
3720 5390 3834 5427 non
3895 5375 4128 5433 dicitur
4172 5400 4312 5436 san-

833 5437 939 5522 (78)
966 5448 1298 5522 conditum:
1317 5442 1427 5522 fuit
1457 5442 1527 5495 ad
1579 5437 1753 5519 pedes
1801 5438 2003 5518 alentis
2056 5437 2461 5522 Monachornm
2573 5437 3079 5522 etimonialis,'_se'd
3121 5437 3263 5511 'qua:
3302 5437 3593 5497 secutorem
3624 5445 3869 5500 habitum
3914 5456 4067 5503 veste
4127 5454 4312 5522 lugu-

768 5528 800 5581 ξι
825 5511 982 5572 beato
1013 5520 1227 5574 Ottone
1261 5511 1675 5581 Bambergensi
1740 5511 2022 5579 episcopo,
2084 5515 2171 5581 uti
2200 5515 2466 5581 narratur
2575 5514 2662 5568 bri
2680 5519 2986 5567 nudaverat.

770 5580 822 5657 in
849 5586 1021 5657 ipsius
1050 5589 1193 5642 Viue
1236 5585 1336 5638 lib.
1378 5598 1421 5648 ι,
1454 5579 1575 5657 οτιρς
1605 5585 1697 5643 27,
1729 5581 1816 5633 cui
1868 5580 2216 5634 monasterio
2268 5579 2459 5632 subdi-
2647 5588 2747 5651 (80)
2771 5590 2955 5655 Apog.
2987 5585 3201 5647 Bamb.,
3231 5586 3579 5651 Nummum.

775 5653 886 5709 tum
913 5660 1018 5713 fuit
1056 5675 1124 5711 ex
1158 5672 1287 5725 cap.
1311 5653 1595 5723 sequenti.
