3944 6422
18 327 195 388 1149
1330 332 1685 392 EPISTOLE
1724 331 1810 389 ET
1855 330 2275 393 DIPLOMATA.
3376 330 3524 387 H50

1769 460 1819 513 Α
1847 458 2029 531 pulus
2057 458 2322 533 apostoli
2350 458 2540 529 Pauli,
2572 461 2629 515 et
2659 456 2985 528 Barnabas,
3016 458 3075 515 et
3099 451 3513 530 quamplures.

1848 553 1938 605 An
1982 549 2130 606 forte
2189 550 2404 607 nolunt
2451 550 2563 606 hos
2610 548 2795 621 recipi
2840 548 2993 605 inter
3060 544 3389 621 apostolos,
3442 558 3515 599 eo

860 461 967 516 XV.

18 566 356 635 Epistola
386 566 643 623 Joannis
668 567 821 622 XIX
846 568 927 623 ad
981 569 1322 626 Jordanum
1372 567 1742 624 Lemovicen-

112 668 257 709 sem
286 654 654 723 episcopum,
673 662 1029 727 caeterosque
1052 658 1392 713 Galliarum
1419 658 1739 727 episcopos,

116 742 203 796 (te
238 745 313 799 S.
344 744 655 800 Martialis
683 747 1045 814 apostolatu.

706 857 902 921 (Anno
938 855 1120 921 1031.)

499 962 721 1029 illiust,
757 962 989 1017 Concil.
1025 963 1152 1033 XIX,
1179 964 1326 1034 417.]

116 1069 397 1125 Joannes
428 1069 767 1143 episcopus,
802 1088 1012 1127 servus
1044 1088 1354 1128 servorum
1386 1071 1505 1138 Dei,
1536 1074 1742 1127 Jones-

28 1172 117 1211 N0
156 1158 488 1231 episcopo,
551 1162 608 1214 et
653 1160 781 1230 ejus
835 1161 992 1216 clero
1041 1160 1389 1233 cunctisque
1446 1160 1743 1233 episcopis

31 1246 425 1315 Galliarum,
450 1247 703 1305 salutem
725 1250 1145 1306 charissimam
1168 1268 1307 1307 cum
1328 1249 1742 1307 benedictione

32 1336 430 1407 apostolica.

123 1443 226 1499 Ad
249 1445 626 1517 pastoralem
683 1446 929 1519 quidem
981 1446 1438 1503 sollicitudinem
1468 1446 1739 1520 pertinet,

36 1549 203 1589 cum
238 1534 480 1607 aliquid
511 1537 928 1592 controversim
959 1537 1020 1592 in
1054 1537 1314 1593 Ecclesia
1344 1536 1549 1603 oritur,
1582 1540 1744 1592 ante-

39 1640 259 1694 quam
296 1624 453 1680 vires
478 1625 744 1698 recipiat,
788 1625 1068 1682 falcastro
1102 1643 1324 1683 severae
1371 1627 1592 1697 linguae
1645 1642 1742 1681 ex-

42 1713 325 1785 stirpare
368 1715 675 1784 radicitus,
718 1722 775 1771 et
830 1732 900 1771 ea
937 1733 1313 1790 superserere
1348 1720 1472 1772 tam
1524 1715 1741 1771 divinis

1849 638 2016 710 quod
2047 638 2126 695 ab
2155 639 2445 714 apostolis
2478 639 2597 695 sint
2623 639 2791 696 electi
2818 642 2875 694 et
2904 636 3094 706 missi,
3125 636 3231 709 qui
3284 633 3514 691 Martia-

1849 726 1989 796 lem,
2017 744 2088 785 eo
2114 729 2281 801 quod
2311 746 2434 786 non
2458 729 2533 785 sit
2563 729 2637 785 de
2668 729 2951 785 duodeno
2969 741 3246 795 numero,
3278 727 3519 798 aposto-

1848 816 1963 873 lica
1990 818 2275 888 dignitate
2306 818 2519 875 nolunt
2545 818 2774 874 clarum
2799 817 2984 873 videri
3012 818 3039 871 ?

1922 910 2055 969 Non
2076 912 2293 981 putant
2322 908 2470 965 alios
2502 908 2827 981 apostolas,
2855 906 2969 962 nisi
2996 905 3127 961 illos
3149 902 3472 960 duodecim
3499 920 3511 971 ;

1852 1002 1910 1053 et
1939 997 2041 1053 ubi
2073 1004 2162 1055 est
2186 1000 2351 1072 quod
2376 998 2846 1072 dicitapostolus
2874 996 3098 1053 Paulus
3122 993 3515 1071 Philippensi-

1825 1086 1968 1143 bus
1996 1089 2024 1143 ‘l
2054 1090 2469 1146 Necessarium
2501 1095 2699 1146 autem
2752 1088 3095 1145 existimavi
3134 1083 3515 1159 Epaphrodi—

1852 1184 1978 1234 tum
2060 1181 2347 1250 fratrem,
2410 1188 2873 1251 cooperatorem,
2936 1184 2993 1235 et
3057 1177 3513 1236 commilitonem

1850 1284 2063 1338 meum,
2096 1275 2356 1326 vestrum
2404 1277 2602 1327 autem
2652 1270 3009 1340 apostolum,
3073 1273 3127 1323 et
3172 1266 3513 1322 ministrum

1851 1361 2218 1415 necessitatis
2248 1376 2411 1429 meae,
2446 1362 2680 1416 mittere
2710 1360 2791 1416 ad
2821 1375 2920 1415 vos
2966 1356 3254 1429 (Philipp.
3286 1360 3369 1421 ιι).
3427 1352 3514 1409 Si-

1850 1449 1971 1506 lam
1995 1467 2239 1524 quoque
2263 1456 2318 1507 et
2339 1451 2556 1507 ludam
2583 1451 2660 1506 ab
2691 1447 2977 1522 apostolis
2999 1445 3303 1519 apostolos
3322 1442 3513 1499 nomi-

1850 1545 2026 1595 natos
2052 1538 2417 1597 invenimus.
2451 1540 2783 1610 Anglorum
2821 1537 2983 1594 enim
3013 1535 3276 1593 Ecclesia
3320 1548 3512 1606 usque

1850 1629 2142 1685 hactenus
2166 1630 2584 1686 beatissimum
2608 1628 2974 1698 Gregorium,
3009 1640 3191 1698 quem
3221 1640 3334 1681 nos
3376 1637 3516 1678 con-

1850 1718 2135 1773 fessorem
2168 1718 2447 1785 dicimus,
2484 1718 2799 1791 proprium
2826 1731 3005 1771 suum
3036 1712 3379 1787 apostolum
3409 1727 3513 1767 no-

42 1818 259 1874 quam
290 1804 686 1860 sanctissimis
718 1804 1007 1878 exemplis
1046 1822 1183 1878 quae
1214 1821 1481 1861 messem
1514 1806 1615 1861 Dei
1653 1804 1739 1860 ia-
1777 1818 1815 1871 Β
1852 1805 2059 1861 minat.
2088 1806 2344 1864 Romani
2384 1807 2721 1881 pontiﬁces,
2752 1804 2897 1879 quia
2924 1803 3050 1859 vice
3081 1800 3333 1875 apostoli
3382 1799 3513 1855 fun-

49 1892 231 1947 ciant
261 1896 322 1948 et
341 1892 657 1949 laetiticent.
694 1895 810 1950 Cur
838 1894 999 1949 enim
1032 1895 1175 1951 talia
1206 1895 1580 1968 suscepimus
1606 1910 1740 1966 pro-

50 1981 379 2053 palabunt
410 1982 699 2054 subjecta.
732 1983 1117 2039 Beatissimus
1149 1984 1394 2058 quidem
1443 1983 1737 2049 Martialis,

53 2070 221 2127 sicut
241 2070 307 2127 in
331 2072 511 2143 gestis
538 2074 668 2145 ejus
693 2074 1047 2146 reperimus,
1077 2073 1327 2131 docente
1388 2074 1621 2130 Christo
1676 2074 1740 2129 in

52 2160 306 2217 mundo
338 2166 396 2218 et
419 2162 819 2236 praecipiente,
860 2180 897 2219 a
922 2166 1088 2220 Petro
1118 2163 1531 2237 apostolorum
1580 2162 1739 2236 prin-

55 2250 198 2323 cipe
229 2250 574 2323 baptizatus
601 2257 712 2323 est,
735 2257 791 2308 et
813 2257 980 2309 tanto
1008 2254 1196 2310 sancti
1221 2254 1468 2328 Spiritus
1498 2255 1634 2323 igne
1656 2253 1741 2308 in-

56 2339 426 2396 ﬂammatus
455 2346 515 2397 ut
546 2357 618 2397 ex
648 2358 719 2397 eo
750 2341 1043 2398 derelictis
1067 2344 1417 2416 parentibus
1466 2342 1575 2399 soli
1626 2343 1738 2416 ipsi

60 2430 209 2486 Filio
238 2430 344 2487 Dei
374 2432 593 2488 servire
623 2432 885 2502 eligeret,
920 2439 976 2490 et
1000 2434 1161 2489 hunc
1188 2435 1527 2503 Magistrum
1554 2439 1610 2489 et
1633 2436 1738 2490 Do-

59 2520 330 2588 minum,
374 2524 542 2578 Petro
572 2523 847 2595 apostolo
900 2524 1318 2593 conﬁrmante,
1378 2525 1551 2595 cujus
1605 2540 1737 2579 san-

61 2610 251 2680 guine
277 2616 475 2667 cretus
518 2616 663 2679 erat,
722 2612 1131 2668 desideraret:
1192 2612 1359 2685 quod
1407 2618 1464 2669 et
1509 2613 1735 2669 factum

62 2703 173 2755 est.
209 2703 365 2756 Nam
389 2700 452 2757 in
478 2701 929 2771 resuscitatione
962 2701 1158 2758 Lazari
1190 2718 1455 2774 praesens
1507 2702 1731 2769 aderat,

64 2790 129 2845 in
170 2805 348 2845 caena
375 2789 657 2860 interluit,
685 2790 744 2845 in
776 2789 1078 2846 lavatione
1099 2791 1325 2863 pedum
1355 2791 1729 2846 ministravit.

62 2882 204 2935 Post
228 2878 575 2951 passionem
602 2895 764 2949 vero,
796 2880 1046 2952 quando
1094 2881 1390 2953 putabant
1446 2897 1507 2935 se
1562 2881 1733 2953 spiri-

62 2971 197 3022 tum
230 2967 453 3034 videre,
487 2968 733 3041 palpare
765 2985 983 3025 manus
1018 2974 1075 3025 et
1101 2968 1259 3024 latus
1298 2970 1590 3026 Thomam
1646 2969 1733 3024 vi-

66 3057 173 3112 dit.
210 3056 466 3122 Quando
496 3058 783 3130 apostolis
812 3057 1040 3114 dictum
1074 3063 1164 3115 est
1196 3078 1208 3114 :
1251 3060 1478 3115 Euntes
1535 3060 1736 3117 docete

68 3163 269 3202 omnes
316 3154 538 3217 gentes,
575 3149 944 3218 baptizantes
976 3165 1068 3204 eos
1094 3151 1157 3204 in
1215 3151 1448 3206 nomine
1503 3150 1731 3220 Patris,
1767 3176 1807 3231 ρ

70 3242 125 3292 et
155 3237 319 3307 Filii,
349 3244 402 3293 et
432 3238 695 3307 Spiritus
723 3240 922 3294 sancti
944 3240 1177 3297 (illatth.
1209 3240 1436 3312 xxvm),
1469 3245 1579 3297 etc.
1622 3243 1735 3297 Ac-

71 3328 250 3396 cipite
281 3329 574 3396 Spiritum
603 3335 919 3398 sanctum;
951 3346 1204 3401 quorum
1236 3333 1577 3388 remiseritis
1598 3348 1733 3402 pec-

72 3422 233 3482 cata,
266 3418 657 3472 remittuntur
696 3419 797 3487 eis,
822 3424 878 3473 et
908 3434 1161 3489 quorum
1210 3421 1597 3490 retinueritis,
1648 3438 1735 3477 re-

75 3510 240 3560 tenta
266 3512 405 3562 sunt
464 3507 660 3575 {Joan.
713 3510 836 3573 xx),
882 3506 1126 3563 audivit.
1182 3509 1617 3565 Ascendentem
1671 3510 1732 3565 in

75 3594 294 3651 coelum
315 3594 483 3660 vidit,
520 3595 802 3668 Spiritum
830 3601 1105 3652 sanctu-m
1158 3597 1218 3653 in
1266 3598 1457 3668 igneis
1513 3599 1732 3669 linguis

75 3684 542 3740 descendentem
566 3690 622 3740 et
648 3685 794 3742 vidit
825 3690 882 3741 et
911 3686 1159 3759 accepit,
1189 3687 1594 3760 omnibusque
1623 3686 1731 3741 lin-

78 3774 207 3843 guis
238 3779 322 3828 est
348 3791 510 3829 usus.
550 3774 771 3830 Deinde
800 3776 1054 3849 principi
1086 3777 1503 3848 apostolorum
1531 3776 1730 3831 adhae-

78 3863 167 3930 sit,
200 3868 398 3935 utpote
425 3881 602 3919 carne
633 3865 1011 3937 propinquus
1054 3870 1111 3920 et
1156 3865 1516 3939 baptismate
1546 3865 1728 3937 ﬁlius,

78 3970 115 4008 a
144 3970 280 4026 quo,
310 3954 689 4027 praecipiente
722 3955 949 4011 Christo
976 3955 1055 4010 ad
1104 3955 1559 4027 przedicandum
1589 3972 1730 4028 pro-

79 4043 285 4099 vinciis
314 4044 637 4101 Galliarum
667 4049 758 4101 est
781 4045 1131 4113 destinatus,
1164 4045 1268 4101 ubi
1296 4045 1597 4101 inﬁnitum
1626 4063 1731 4119 po-

83 4133 294 4205 pulum
321 4133 541 4189 acultu
599 4134 898 4190 idolorum
952 4151 1289 4203 removens,
1338 4135 1565 4191 Christo
1620 4152 1732 4192 sua

81 4222 341 4279 doctrina
369 4223 666 4280 dedicavit
698 4242 711 4290 ;
744 4240 932 4297 quam
965 4224 1132 4297 piam
1161 4228 1576 4298 sanctamque,
1607 4230 1730 4282 tam

85 4314 357 4384 gravitate
388 4317 446 4370 et
473 4313 690 4386 pietate
736 4330 999 4385 morum,
1049 4330 1237 4388 quam
1284 4315 1730 4372 resuscitatione

83 4406 466 4473 mortuorum,
497 4404 871 4461 recuratione
902 4404 1279 4475 claudorum,
1323 4422 1619 4462 caecorum
1670 4406 1732 4461 il-

82 4491 479 4565 luminatione,
511 4497 567 4549 et
596 4493 868 4550 omnium
898 4494 1263 4551 mirabilium
1293 4494 1729 4567 perpetratione

86 4579 482 4636 conﬁrmabat.

156 4669 290 4725 Huic
310 4670 491 4725 modo
544 4670 795 4743 quidam
851 4675 1207 4743 vestrorum,
1248 4676 1314 4729 ut
1362 4672 1725 4741 audivimus,

90 4758 381 4815 detrahere
411 4765 811 4831 praesumunt,
845 4761 1022 4833 quasi
1049 4761 1197 4817 nihil
1227 4761 1300 4817 sit
1328 4761 1379 4817 ei
1405 4777 1727 4818 commune

92 4865 219 4903 cum
243 4848 543 4920 apostolis,
579 4848 686 4904 sed
712 4849 1175 4906 confessoribus.
1212 4851 1283 4906 Hi
1311 4867 1453 4907 vero
1477 4866 1598 4907 non
1638 4851 1727 4907 lo—

93 4937 205 5009 qui,
238 4937 337 4992 sed
364 4936 625 4993 insanire
648 4937 944 5005 videntur,
981 4939 1121 5010 quia
1176 4939 1406 5008 gravati
1459 4939 1727 4996 fascibus

94 5030 473 5097 peccatorum,
507 5026 567 5083 in
598 5026 759 5083 caelis
784 5027 1053 5097 judicare
1079 5028 1467 5084 contendunt.
1490 5032 1725 5085 Petrum

94 5113 330 5184 denique
358 5120 653 5183 nostrum,
687 5115 783 5171 cui
812 5114 1010 5171 claves
1042 5116 1330 5172 oculorum
1387 5116 1725 5173 commissae

96 5206 237 5273 sunt,
265 5203 659 5261 confessorem
691 5204 946 5261 dicimus
973 5205 1116 5277 quia
1148 5206 1443 5262 Christum
1489 5207 1724 5262 confes-

98 5310 187 5347 sus
213 5296 311 5363 est,
341 5291 593 5349 dicens:
652 5297 737 5350 Tu
764 5311 821 5351 es
872 5296 1146 5351 Christus
1197 5297 1391 5351 Filius
1445 5298 1556 5353 Dei
1608 5298 1728 5353 vivi

98 5380 308 5451 (Matth.
338 5382 476 5451 xvi),
509 5385 566 5437 et
595 5382 936 5454 apostolum
993 5383 1270 5451 dicimus,
1304 5384 1446 5456 quia
1484 5385 1563 5441 ab
1591 5385 1723 5459 ipso

101 5467 322 5525 Domino
357 5468 434 5524 ad
465 5470 953 5542 praedicationem
984 5475 1076 5528 est
1103 5471 1359 5540 missus;
1394 5478 1724 5547 martyrem

100 5556 473 5627 nominamus,
494 5558 639 5630 quia
668 5559 1056 5631 praedicando
1082 5560 1402 5632 Christum,
1434 5564 1722 5636 martyrio

104 5645 263 5700 vitam
288 5644 518 5711 ﬁnivit;
575 5646 908 5720 principem
953 5650 1368 5722 apostolorum
1418 5652 1719 5708 credimus

102 5734 227 5807 quia
250 5733 540 5807 apostolos
562 5737 883 5811 constituit,
915 5740 1065 5796 sicut
1105 5746 1193 5797 est
1240 5744 1468 5798 Marcus
1522 5742 1720 5815 bapti-

106 5828 269 5882 smate
293 5823 464 5895 illius,
489 5828 545 5882 et
568 5826 811 5885 Mathias
856 5833 1011 5887 sorte
1050 5829 1290 5900 electus,
1326 5834 1511 5889 Lucas
1541 5832 1718 5893 disci-

1850 1902 2090 1967 guntur,
2122 1899 2435 1973 apostolici
2463 1900 2872 1956 nominantur.
2890 1900 3036 1954 Cum
3054 1895 3234 1966 igitur
3255 1891 3511 1966 apostoli

1848 2002 2072 2043 nomen
2104 2004 2227 2044 non
2259 1988 2332 2044 sit
2357 1988 2615 2056 numeri,
2658 1988 2763 2044 sed
2817 1984 3110 2055 suffragii,
3163 1982 3509 2057 quicunque

1848 2076 2150 2133 revelante
2186 2080 2305 2133 Deo.
2330 2077 2411 2134 ad
2454 2077 2911 2151 praedicandum
2967 2074 3236 2143 mittitur,
3295 2076 3352 2128 et
3398 2086 3511 2128 sua

1847 2164 1949 2238 pia
1979 2165 2390 2222 exhortatione
2419 2171 2475 2223 et
2504 2165 2780 2239 exemplo
2838 2163 3231 2220 commissum
3261 2160 3374 2218 sibi
3426 2159 3511 2216 di-

1848 2253 2066 2310 vinitus
2094 2254 2393 2328 populum
2425 2271 2461 2312 a
2492 2260 2781 2328 potestate
2819 2252 3044 2309 diaboli
3100 2251 3331 2320 liberat,
3384 2252 3509 2306 non

1844 2342 2175 2413 incongrue
2232 2344 2542 2417 apostolus
2593 2344 2711 2401 dici
2756 2348 2970 2418 potest,
3014 2341 3159 2415 quia
3200 2339 3510 2413 apostolus

1845 2434 2055 2488 missus
2094 2434 2328 2491 dicitur.

1916 2524 2033 2577 Nos
2057 2538 2218 2587 vero,
2248 2523 2309 2578 in
2331 2523 2509 2578 ﬁrma
2537 2527 2705 2596 petra
2728 2521 3027 2589 aediﬁcati,
3054 2521 3217 2577 hunc
3264 2518 3339 2575 de
3386 2533 3508 2591 quo

1842 2609 2149 2683 loquimur
2177 2612 2529 2678 Martialem,
2557 2618 2759 2668 utrum
2791 2612 2943 2667 inter
3000 2609 3400 2679 confessores,
3431 2622 3510 2663 an

1843 2698 1994 2755 inter
2023 2701 2349 2773 apostolos,
2375 2704 2543 2757 Jesus
2575 2700 2838 2758 Christus
2880 2699 2980 2756 Dei
3009 2698 3206 2765 Filius,
3239 2696 3333 2755 cui
3384 2712 3508 2751 cor—

1842 2789 2131 2861 poraliter
2160 2789 2434 2850 adhaesit.
2467 2794 2524 2846 et
2561 2790 2733 2861 cujus
2763 2788 3017 2860 gloriam
3046 2787 3197 2845 vidit
3238 2790 3295 2842 et
3322 2786 3505 2842 bene-

1843 2879 2101 2936 dictione
2133 2885 2221 2937 est
2250 2897 2416 2950 usus,
2461 2884 2854 2948 annumeret;
2916 2877 3259 2951 apostolum
3315 2874 3506 2932 nomi-

1842 2968 1974 3025 nari
2002 2985 2183 3042 posse
2214 2970 2561 3035 deﬁnimus,
2592 2974 2649 3026 et
2671 2985 2842 3042 aeque
2872 2966 3202 3042 apostolica
3228 2965 3425 3027 ofﬁcia
3444 2965 3505 3021 in

1843 3058 2060 3114 divinis
2087 3060 2386 3131 mysteriis
2413 3059 2679 3116 exhiberi
2709 3058 2822 3115 sibi
2850 3072 3165 3114 censemus
3196 3075 3209 3112 :
3271 3071 3382 3115 nec
3430 3054 3506 3111 de

1842 3148 1998 3204 illius
2026 3148 2396 3205 beatitudine
2425 3148 2699 3205 dubitare
2728 3163 3100 3221 quemquam
3120 3161 3297 3220 posse
3328 3145 3509 3202 conﬁ-

1843 3237 2069 3307 dimus,
2102 3238 2205 3311 qui
2237 3237 2350 3294 sibi
2378 3238 2779 3311 respondente
2809 3237 3053 3294 nomine
3084 3236 3267 3297 sacris
3319 3235 3508 3307 operi-

1844 3326 1962 3382 bus
1993 3327 2390 3400 apostolicam
2421 3328 2776 3397 dignitatem
2806 3326 3160 3384 subtrahere
3215 3324 3508 3384 invidiose

1843 3421 2117 3473 conatur.
2154 3420 2222 3474 Ut
2251 3422 2453 3474 autem
2501 3416 2831 3474 reverentia
2889 3420 2948 3472 et
3005 3415 3315 3475 celebritas
3362 3414 3509 3470 tanti

1842 3505 2098 3577 apostoli
2127 3506 2188 3561 in
2218 3510 2336 3563 toto
2366 3511 2658 3562 terrarum
2685 3506 2829 3561 orbe
2861 3505 3150 3565 excelsius
3188 3504 3503 3573 recolatur,

1842 3594 2210 3651 aediﬁcatum
2239 3600 2296 3651 et
2317 3595 2662 3651 dedicatum
2683 3598 2775 3651 est
2795 3610 2831 3650 a
2860 3593 3037 3650 nobis
3065 3593 3125 3653 in
3147 3593 3278 3664 ejus
3318 3593 3505 3648 hono-

1840 3700 1967 3739 rem
1991 3683 2465 3757 pulcherrimum
2496 3683 2682 3739 altare
2719 3683 2781 3738 in
2809 3682 3057 3738 basilica
3112 3681 3309 3741 Sancti
3356 3681 3505 3737 Petri

1841 3772 2095 3844 apostoli
2130 3775 2332 3828 Romae
2362 3772 2441 3828 ad
2466 3772 2867 3828 meridianam
2917 3770 3121 3844 templi
3180 3774 3415 3846 partem
3446 3786 3504 3826 ιιι

1840 3862 1980 3916 Idus
2002 3861 2268 3928 Maii,ubi
2289 3861 2554 3935 quotidie
2575 3862 2763 3934 ipsius
2795 3861 2981 3917 sancti
3002 3860 3296 3920 memoria
3324 3860 3504 3916 devoo

1840 3952 2064 4007 tissime
2095 3956 2434 4022 veneratur,
2464 3956 2521 4007 et
2546 3952 2847 4025 praecipue
2871 3951 2931 4006 in
2953 3951 3048 4007 die
3078 3949 3326 4009 natalitii
3351 3950 3500 4021 ejus,

1839 4041 2005 4114 quod
2036 4045 2126 4097 est
2151 4041 2343 4114 pridie
2373 4041 2673 4098 Kalendas
2693 4041 2897 4110 Julias,
2924 4040 3248 4114 quotannis
3269 4038 3503 4097 dulcius

1841 4131 2139 4189 recolitur.

2606 4224 2737 4277 XVI.

1839 4313 2093 4368 Joannis
2124 4312 2277 4368 XIX
2303 4313 2554 4382 epistola
2575 4313 2655 4368 ad
2678 4314 2742 4367 S.
2801 4312 3110 4368 0dilonem
3144 4310 3500 4369 Cluniacen-

1912 4418 2031 4459 sem
2061 4402 2355 4459 abbatem.
2386 4433 2454 4442 —
2475 4402 2808 4470 Redarguit
2831 4400 2991 4472 quod
3044 4400 3501 4471 Lugdunensem

1910 4492 2491 4560 archiepiscopatum
2516 4492 2903 4547 recusaverit.

2466 4582 2657 4652 (Anno
2694 4582 2877 4651 lOBl.)

2252 4672 2472 4742 [MANSI,
2517 4672 2746 4727 Concil.
2780 4674 2908 4739 XIX,
2936 4673 3087 4735 418.]

1908 4765 2152 4819 Jmmss
2175 4760 2515 4833 episcopus,
2545 4777 2753 4817 servus
2775 4776 3086 4816 servorum
3118 4758 3238 4829 Dei,
3269 4762 3498 4817 ODILONI

1837 4850 2062 4919 abbati,
2097 4850 2349 4907 salutem
2382 4850 2799 4907 charissimam
2818 4850 3233 4907 benedictione
3264 4854 3500 4922 aposto-

1834 4939 1967 4995 lica.

1909 5032 2166 5085 Docente
2192 5029 2540 5085 beatissimo
2558 5030 2860 5101 Gregorio,
2892 5030 3081 5088 multa
3100 5029 3376 5089 videntur
3399 5029 3499 5085 bo-

1834 5134 1932 5188 na,
1968 5122 2025 5173 et
2053 5133 2175 5174 non
2195 5121 2784 5175 sunt.Verumtamen
2801 5136 2939 5175 cum
2964 5118 3216 5185 dicatur,
3236 5119 3495 5188 sirogas,

1834 5206 2074 5275 audies;
2110 5207 2214 5279 qui
2239 5207 2446 5264 omnia
2467 5211 2571 5264 tua
2587 5225 2723 5280 quae
2748 5208 3109 5266 videbantur
3121 5208 3305 5276 bona,
3333 5209 3497 5266 bona

1832 5311 1956 5351 non
1976 5311 2104 5351 esse
2137 5296 2453 5352 sentimus.
2487 5297 2642 5362 Quid
2673 5297 2835 5354 enim
2882 5297 2945 5354 in
3002 5299 3306 5355 monacho
3355 5299 3495 5356 obe-

1832 5384 2054 5441 dientia
2081 5385 2389 5442 sanctius?
2415 5386 2563 5452 Quid
2586 5386 2646 5441 in
2676 5387 3011 5444 Christiano
3028 5388 3494 5461 acceptabilius?

1832 5478 1958 5531 Non
1985 5491 2060 5531 ne
2091 5477 2303 5532 melior
2325 5482 2409 5533 est
2434 5477 2791 5546 obedientia,
2815 5480 3132 5552 sacriﬁcio,
3158 5480 3495 5537 secundum

1829 5564 2250 5637 propheticum
2275 5565 2571 5637 judicium
2602 5568 2629 5621 ‘?
2659 5571 2716 5623 et
2745 5585 2887 5624 voce
2910 5568 3219 5627 Dominica
3238 5570 3453 5631 dicitur
3478 5587 3489 5624 :

1834 5655 2241 5712 Obedientiam
2274 5658 2430 5726 volo,
2465 5663 2521 5713 et
2567 5674 2687 5714 non
2743 5660 3126 5729 sacriﬁcium.
3190 5663 3494 5726 Quantum

1828 5760 1966 5801 vero
1994 5744 2206 5803 beatus
2237 5746 2588 5803 Benedictus
2615 5764 2750 5804 eam
2782 5749 2904 5805 suis
2946 5749 3262 5824 praeconiis
3308 5748 3511 5806 extol-c

1833 5833 1934 5904 lat,
1966 5850 2091 5897 non
2108 5835 2473 5909 estdignum
2500 5836 2598 5895 hic
2623 5837 2905 5907 inserere,
2942 5857 3080 5898 cum
3133 5844 3190 5895 te
3239 5855 3362 5897 non
3412 5836 3493 5892 1a-
