3944 6452
417 358 551 421 1151

415 576 837 650 Lugdunensis
869 576 1122 649 petentis
1145 580 1198 633 te
1225 576 1286 633 in
1326 577 1701 650 conjugium,
1743 578 1887 652 quia
1918 593 2081 635 com-

414 666 660 739 petebat
686 684 698 721 :
730 665 825 721 cui
854 665 1034 721 etiam
1061 664 1311 722 salivam
1360 666 1422 722 in
1452 665 1601 724 faeie
1626 667 1841 739 jecisti.
1901 667 2081 723 Omit-

414 754 595 811 timus
616 754 900 825 injuriam
932 759 1155 811 sancta:
1175 756 1389 829 plebis,
1427 757 1600 829 cujus
1627 757 1917 829 regimen,
1944 771 2081 831 par-

414 841 606 899 cendo
632 842 740 899 soli
763 842 894 899 vitae
925 846 1062 913 tuae,
1087 843 1375 915 refugisti,
1400 850 1457 902 et
1503 845 1744 918 refugis.
1791 849 2081 903 Taeemus

412 931 581 1005 quod
622 931 1038 989 auctoritatem
1090 938 1396 991 tantorum
1453 935 1782 1010 praesulum
1834 950 2083 992 monen-

412 1021 586 1089 tium,
618 1026 675 1078 et
703 1022 1047 1092 rogantium
1080 1023 1158 1079 ad
1183 1024 1586 1099 episcopalem
1604 1025 1957 1095 dignitatem
1984 1040 2080 1081 ac-

414 1109 648 1182 cedere,
676 1110 1097 1183 posthabuisti,
1125 1112 1294 1185 quod
1315 1117 1534 1169 sanctae
1557 1116 1842 1170 Romanae
1886 1113 2081 1169 Eccle-

414 1198 520 1255 siae
550 1203 607 1255 et
634 1198 812 1256 nobis
840 1198 1283 1257 inobedientem
1309 1207 1363 1259 te
1384 1202 1716 1273 reddidisti,
1745 1206 1803 1259 et
1822 1201 2078 1258 inultum

412 1288 749 1362 relinquere
775 1304 886 1345 nec
911 1289 1227 1359 debemus,
1257 1308 1367 1348 nec
1397 1307 1744 1365 possumus,
1778 1291 1889 1348 nisi
1929 1291 2077 1349 forte

412 1375 759 1434 obedientia
813 1376 1005 1434 diluat
1057 1394 1196 1452 quia
1254 1380 1665 1437 inobedientia
1733 1380 2074 1448 maculavit,

414 1466 817 1523 satisfactione
840 1472 1129 1540 purgetur
1149 1470 1315 1542 quod
1344 1470 1825 1542 transgressione
1880 1468 2076 1543 inqui-

411 1562 626 1614 natum
656 1563 763 1628 est,
795 1558 857 1613 id
886 1564 994 1629 est,
1053 1559 1167 1615 nisi
1234 1560 1564 1634 expetitum
1617 1561 1891 1632 regimen
1945 1562 2075 1633 jam

411 1646 587 1703 dictae
619 1646 911 1715 Ecclesiae,
938 1649 1105 1721 quod
1135 1649 1541 1707 inobediendo
1567 1667 1758 1725 usque
1786 1652 2077 1707 hactenus

414 1736 689 1812 sprevisti
734 1736 1084 1794 obedienter
1132 1740 1498 1813 susceperis;
1532 1740 1680 1815 quid
1732 1739 2078 1796 amaritudi-

410 1826 528 1894 nis,
586 1826 680 1883 vel
734 1828 1063 1885 severitatis
1111 1845 1255 1900 erga
1306 1830 1550 1887 meritos
1608 1830 1758 1887 sciat
1808 1833 2080 1887 Romana
2117 1859 2158 1914 Β

419 1915 683 1972 Ecclesia
710 1915 972 1988 injicere,
1006 1917 1244 1975 senties.
1274 1922 1422 1975 Nam
1451 1920 1567 1976 hoc
1624 1935 1865 1975 sacrum
1924 1917 2079 1991 regi-

412 2020 557 2061 men
585 2006 737 2062 sicut
766 2023 803 2063 a
831 2006 997 2062 nullo
1021 2012 1113 2063 est
1143 2012 1363 2064 temere
1393 2008 1841 2081 usurpandum,
1873 2008 1955 2065 ita
1983 2024 2083 2082 pe-

416 2099 576 2152 tente
605 2096 865 2153 Ecclesia
886 2111 923 2152 a
950 2096 1118 2152 nullo
1138 2102 1242 2153 tuo
1273 2096 1449 2154 simili
1480 2102 1569 2153 est
1588 2096 2083 2158 vitandum.Quo-

412 2184 581 2241 niam
612 2188 917 2241 tantorum
942 2185 1294 2259 perditionis
1339 2202 1475 2242 reus
1526 2186 1661 2253 eris,
1714 2190 2083 2259 quantorum

417 2272 597 2329 saluti
625 2273 903 2348 exemplo
932 2279 987 2330 et
1017 2274 1289 2331 doctrina
1301 2275 1589 2349 prodesse
1610 2275 2082 2349 potuisses.Nota

413 2360 740 2433 loquimur,
763 2367 819 2417 et
835 2377 968 2435 quas
993 2367 1049 2418 te
1072 2362 1220 2418 scire
1246 2364 1497 2436 pleniter
1513 2362 1897 2419 confidimus.
1924 2363 2085 2419 ldeo—

415 2465 537 2522 que
560 2453 750 2506 taceat
782 2450 912 2522 jam
944 2452 1173 2519 charta,
1202 2458 1260 2508 et
1289 2452 1499 2523 lingua
1535 2453 1839 2526 loquatur,
1867 2468 2082 2509 verum

414 2537 681 2612 episcopi
733 2539 1061 2607 Gaudfridi,
1113 2541 1209 2597 cui
1253 2541 1386 2598 luce
1439 2541 1659 2598 clarius
1710 2542 2082 2600 voluntatem

414 2643 620 2685 meam
673 2630 1065 2687 reserandam
1124 2635 1248 2688 tam
1302 2631 1428 2698 tibi,
1463 2647 1649 2705 quam
1680 2630 2081 2688 confratribus

416 2717 555 2787 tuis,
585 2722 645 2776 et
671 2719 838 2777 omni
863 2720 1139 2778 Ecclesiae
1164 2721 1600 2779 commisimus.
1632 2721 1771 2778 Vale
1802 2722 1901 2793 (2).

1166 2812 1330 2869 XVII.

415 2899 661 2957 Litterae
687 2898 1081 2958 absolutionis
1106 2902 1356 2972 Hugoni
1386 2901 1903 2958 Antissiodorensi
1937 2902 2085 2971 epis-

772 2987 918 3043 copo
943 2988 982 3030 a
1000 2974 1236 3031 Joanne
1255 2972 1407 3030 XIX
1432 2988 1687 3031 concess.

1046 3063 1241 3131 (Anno
1275 3061 1454 3133 1032.)

842 3150 1067 3222 ωηιξη,
1095 3151 1325 3208 Concit.
1351 3152 1651 3224 ΧΙΧ,419.]

1711 361 2003 423 ῘΟΑΝΝῐδ
2029 362 2141 423 XIX
2158 364 2386 423 ‘PAPE.

412 489 556 544 teat.
587 486 953 560 Percipimus
983 486 1162 558 igitur
1189 486 1473 560 injuriam
1532 491 1754 545 sanctte
1807 485 2082 544 Ecclesiae
2113 491 2162 546 Α

3726 369 3872 429 1152

2937 494 3121 549 XVIII.

2189 599 2443 658 Joannis
2469 601 2617 658 XIX
2630 616 2812 672 papa?
2830 601 2913 659 ad
2938 601 3279 660 Burdonem
3335 603 3868 676 archiepiscopum

2659 692 3082 763 Moguntinum
3114 693 3388 763 epistola.

2826 823 3019 888 (Anno
3057 820 3233 891 1032.)

2548 924 2795 995 [Gronau
2831 925 2977 984 Cod.
3022 926 3271 996 diplom.
3308 929 3349 994 l,
3390 926 3501 998 15.]

2258 1052 2503 1107 .IOANNES
2554 1053 2894 1126 episcopus,
2931 1069 3136 1110 servus
3195 1069 3506 1111 servorum
3561 1052 3685 1123 Dei,
3722 1069 3876 1111 con-

2188 1137 2354 1196 fratri
2380 1144 2438 1197 et
2477 1142 2839 1217 coepiscopo
2899 1145 3167 1210 BARDONI,
3220 1149 3441 1200 sancta:
3494 1143 3867 1214 Moguntina:
3896 1130 3926 1169 "

2188 1228 2517 1287 venerabili
2546 1230 3024 1306 archiepiscopo,
3073 1237 3431 1306 perpetuam
3487 1231 3547 1289 in
3598 1233 3876 1291 Domino

2189 1317 2464 1375 salutem.

2260 1424 2413 1482 Licet
2434 1426 2719 1483 omnibus
2750 1427 3095 1485 Christianis
3125 1428 3578 1486 sitconvcniens
3600 1427 3879 1486 charita-

2187 1515 2305 1571 tem
2335 1514 2544 1572 Christi
2567 1515 2810 1589 scqui,a
2833 1533 2955 1590 quo
2983 1534 3207 1574 nomen
3234 1518 3483 1583 ducunt,
3514 1517 3619 1591 qui
3649 1517 3713 1574 in
3739 1522 3881 1573 tan-

2187 1605 2314 1658 tum
2344 1619 2458 1659 nos
2490 1603 2693 1661 dilexit
2722 1609 2786 1662 ut
2803 1607 3045 1679 proprio
3059 1608 3713 1681 sanguineapotestate
3740 1605 3883 1662 dia-

2185 1691 2309 1747 boli
2336 1691 2636 1762 liberaret,
2667 1711 2782 1751 nos
2812 1698 3133 1771 praecipue,
3156 1696 3259 1770 qui
3286 1695 3648 1752 sacerdotali
3665 1695 3877 1766 digni—

2188 1784 2306 1838 tate
2332 1781 2662 1854 fungimur,
2694 1785 2775 1841 ita
2805 1801 2912 1858 per
2942 1785 3149 1842 omnia
3180 1785 3352 1858 sequi
3382 1784 3737 1842 cliaritatem
3767 1784 3878 1839 de-

2187 1869 2405 1927 bemus
2430 1876 2498 1929 ut
2523 1874 2860 1930 secundum
2883 1874 3156 1930 divinum
3172 1873 3481 1946 eloquium
3510 1874 3877 1947 proximum

2190 1957 2343 2015 sicut
2370 1976 2482 2017 nos
2510 1962 2675 2035 ipsos
2705 1962 2950 2033 diligere
2980 1963 3486 2020 demonstremus.

2262 2068 2433 2132 Quod
2463 2074 2781 2142 sequentes
2814 2069 3179 2126 sanctissimi
3208 2075 3618 2127 antecessores
3646 2073 3877 2142 nostri,

2191 2156 2377 2213 decus
2408 2159 2902 2225 sacratissimum,
2936 2159 3316 2231 singulariter
3371 2159 3435 2216 in
3493 2160 3636 2216 sede
3692 2159 3874 2218 beati

2190 2246 2341 2303 Petri
2395 2247 2651 2320 apostoli
2692 2248 3158 2321 prcesulantibus
3214 2249 3421 2305 divina
3488 2248 3879 2323 providentia

2191 2337 2606 2406 adinventum,
2653 2339 2906 2413 pallium
2966 2340 3208 2407 scilicet,
3264 2340 3625 2410 gestandum
3704 2340 3875 2397 inter

2191 2427 2515 2484 missarum
2549 2428 2845 2485 solemnia
2886 2429 3195 2501 dignitatis
3251 2435 3308 2485 et
3351 2430 3681 2487 sanctitatis
3712 2430 3871 2487 insi-

2192 2532 2307 2587 gne
2333 2522 2390 2573 et
2417 2518 2495 2575 ad
2551 2518 2971 2575 universorum
3020 2519 3414 2576 honestorum
3468 2535 3713 2576 morum
3742 2518 3879 2575 cul-

2191 2611 2322 2663 tum
2351 2607 2483 2664 aliis
2515 2609 2910 2682 coepiscopis,
2942 2626 3097 2682 quos
3124 2609 3392 2681 benigna
3417 2625 3603 2682 opera
3631 2610 3873 2665 caeteris

2193 2696 2475 2755 clariores
2500 2698 2911 2768 reddiderunt,
2957 2699 3267 2770 indulgere
3315 2701 3637 2757 honestum
3660 2700 3869 2756 visum

2192 2792 2281 2843 est
2310 2788 2484 2844 certis
2514 2788 2953 2845 festivitatibus.
3008 2792 3128 2846 Hoc
3157 2806 3297 2847 vero
3327 2790 3474 2864 quia
3536 2789 3702 2863 petiit
3745 2788 3871 2845 fra-

2193 2878 2441 2934 ternitas
2469 2884 2687 2945 vestra,
2717 2883 2773 2935 et
2803 2883 3256 2936 antecessorum
3299 2886 3638 2937 vestrorum
3691 2879 3866 2936 ducit
3920 2948 3925 2955 ‘

2192 2968 2471 3041 exemplo
2493 2967 2880 3040 gestandum,
2911 2968 3086 3026 vobis
3117 2968 3291 3025 certis
3335 2968 3771 3037 festivitatibus,
3802 2973 3866 3025 et

2191 3057 2478 3130 subjectis
2510 3057 2920 3125 concedimus,
2948 3057 3222 3115 videlicet
3246 3058 3306 3115 in
3329 3059 3427 3115 die
3480 3058 3699 3116 Natalis
3748 3062 3867 3115 Do-

2190 3146 2360 3217 mini,
2391 3146 2453 3203 in
2492 3147 2848 3220 Epiphania,
2875 3147 2938 3203 in
2968 3146 3063 3202 die
3104 3149 3299 3203 Coena:
3326 3148 3583 3216 Domini,
3640 3148 3703 3205 in
3760 3147 3863 3203 die

484 3237 731 3295 Jomnes
760 3239 953 3310 gratia
976 3240 1075 3297 Dei
1102 3243 1385 3298 Romanae
1403 3240 1560 3298 sedis
1578 3240 1918 3316 episcopus,
1948 3241 2081 3298 uni-
2121 3226 2161 3281 (ἶ
2192 3242 2400 3294 sancto
2428 3238 2695 3307 Pascbie,
2725 3242 2783 3293 et
2817 3236 2880 3292 in
2920 3236 3284 3293 Ascensione
3340 3237 3595 3303 Domini,
3643 3238 3708 3294 in
3760 3237 3863 3294 die

414 3329 610 3385 versis
630 3327 692 3385 in
722 3329 868 3386 orbe
898 3334 1193 3388 terrarum
1225 3331 1495 3389 Ecclesiae
1526 3330 1686 3388 ﬁliis.

484 3417 724 3476 Nullum
751 3419 814 3476 in
844 3419 1105 3476 Ecclesia
1128 3420 1422 3478 catholica
1459 3421 1660 3493 majus
1710 3426 1906 3496 potest
1950 3438 2081 3478 esse

411 3507 582 3565 nefas
609 3524 801 3582 quam
831 3510 1170 3567 existimare
1196 3510 1451 3583 alicujus
1486 3527 1731 3568 naavum
1788 3511 2078 3581 criminis,

412 3597 714 3671 praecipue
744 3598 1107 3672 paenitentis,
1138 3598 1307 3672 quod
1332 3616 1460 3657 non
1511 3603 1695 3674 queat
1751 3599 2081 3658 dissolvere

413 3702 701 3744 concessa
724 3690 892 3745 Petro
929 3704 966 3745 a
1020 3688 1275 3745 Domino
1319 3688 1526 3747 clavis.
1559 3689 1860 3746 Debemus
1918 3690 2079 3747 enim

411 3780 550 3833 ante
586 3775 795 3833 oculos
815 3776 1033 3834 mentis
1062 3790 1343 3835 revocare
1388 3776 1634 3850 lapsum
1680 3776 1870 3851 ipsius
1900 3776 2080 3850 primi

409 3865 669 3938 pastoris
699 3866 805 3939 qui
841 3866 991 3923 dum
1019 3867 1365 3937 Magistrum
1392 3867 1661 3938 negavit,
1715 3867 1990 3941 protinus
2016 3870 2080 3923 ut

409 3954 711 4028 paenituit,
735 3971 861 4012 non
883 3955 1081 4012 solum
1105 3957 1385 4027 gradum,
1419 3957 1513 4017 vel
1547 3957 1901 4029 dignitatem
1930 3972 2078 4031 apo-

416 4043 610 4101 stolici
638 4044 917 4101 culminis
947 4060 1073 4101 non
1102 4046 1324 4118 amisit,
1367 4046 1477 4102 sed
1506 4046 1706 4120 potius
1766 4047 1862 4103 sui
1907 4046 2080 4104 ovilis

412 4132 755 4190 custodiam
782 4134 1047 4191 Christus
1083 4135 1165 4192 illi
1196 4135 1592 4208 postmodum
1624 4135 1960 4193 evidentius
1989 4153 2082 4193 as-

413 4223 692 4295 signavit.
739 4225 914 4292 Quod
952 4224 1100 4282 nihil
1151 4225 1338 4297 aliud,
1394 4230 1459 4283 ut
1509 4226 1832 4297 credimus,
1891 4244 2079 4301 quam

409 4314 723 4387 lapsorum
751 4315 1053 4373 medicina
1082 4316 1209 4372 fuit.
1256 4315 1508 4373 Proinde
1539 4316 1706 4374 fratri
1735 4321 1943 4374 nostro
1970 4321 2081 4375 Hu-

411 4403 556 4475 goni
606 4404 1119 4462 Antissiodorensi
1154 4405 1427 4479 praesuli,
1488 4408 1609 4464 Deo
1668 4411 1725 4463 et
1749 4407 1926 4465 nobis
1970 4424 2080 4465 sua

411 4498 664 4568 peccata
701 4494 1307 4570 conﬁtenti,seseque
1363 4496 1729 4570 culpabilem
1779 4498 2075 4567 reddenti,

409 4583 748 4658 plenariam
769 4601 806 4641 a
842 4585 964 4642 Deo
994 4585 1311 4659 pollicente
1349 4587 1759 4660 promittimus
1788 4587 2079 4661 consequi
2110 4588 2153 4643 D

410 4673 797 4745 indulgentiae
841 4676 1105 4747 veniam,
1138 4676 1475 4733 secundum
1505 4676 1895 4750 sponsionem
1924 4678 2079 4748 ejus-

409 4765 573 4835 dem,
605 4783 729 4840 quo
757 4766 907 4824 dixit
938 4785 950 4823 :
978 4769 1119 4824 Non
1152 4773 1286 4825 veni
1314 4783 1531 4825 vocare
1556 4770 1772 4839 justas,
1805 4769 1909 4825 sed
1948 4784 2079 4839 pec-

408 4863 644 4915 catores
675 4857 758 4914 ad
774 4859 1193 4927 penitentiam
1221 4858 1463 4929 (Matth.
1492 4861 1595 4925 ιι).
1646 4857 1909 4931 Ideoque
1964 4873 2077 4915 no-

408 4945 504 5004 bis
529 4945 711 5003 debet
760 4946 914 5003 eﬂici
960 4946 1373 5014 charissimus,
1405 4946 1550 5019 quia
1580 4946 1681 5003 Dei
1709 4946 1919 5004 timore
1951 4964 2076 5005 cor-

409 5040 636 5110 reptus,
670 5040 926 5109 apparet
954 5035 1352 5101 humillimus,
1379 5040 1437 5093 et
1456 5035 1603 5109 quia
1629 5036 1693 5093 in
1738 5036 1957 5095 talibus
1988 5054 2078 5095 re-

409 5126 665 5200 quiescit
693 5129 848 5185 Deus
871 5129 966 5201 (3).

483 5305 561 5377 (2)
589 5306 761 5379 Quod
812 5307 896 5365 ait
951 5310 1121 5379 Hugo
1182 5304 1664 5379 Flaviniacensis,
1699 5306 2012 5366 Odilonem
2041 5326 2078 5369 a

416 5377 696 5455 Gregorio
724 5380 795 5435 Vl
821 5377 1205 5462 nominatum
1232 5395 1375 5462 esse.
1394 5377 1860 5462 Lugdunensem
1883 5384 2077 5462 archi-

416 5449 787 5525 episcopum,
818 5450 962 5507 satis
998 5452 1113 5507 hae
1164 5451 1410 5508 Joannis
1466 5449 1718 5524 epistola
1770 5451 2071 5538 refellitur.

419 5516 640 5571 Deinde
668 5525 898 5577 certum
926 5526 1018 5578 est
1044 5523 1338 5579 honorem
1358 5522 1520 5578 hunc
1547 5520 1819 5579 oblatum
1842 5524 2076 5582 0dilon1

417 5589 561 5666 post
583 5588 991 5666 Burchardum
1043 5594 1567 5666 archepiscopum,
1599 5593 1704 5665 qui
1743 5609 1905 5652 anno
1940 5598 2073 5655 1033

419 5654 585 5711 obiit.
619 5659 1037 5735 Quotempore
1065 5654 1264 5720 adhuc
1309 5654 1563 5722 sedebat
1597 5654 1876 5723 Jbannes.
1928 5671 2073 5725 Rem

418 5733 667 5805 narrant
705 5732 919 5789 Glabei'
944 5732 1098 5805 libro
1127 5751 1186 5803 v,
1214 5751 1347 5805 cap.
1376 5738 1429 5801 4,
1460 5740 1521 5792 et
1580 5735 1754 5801 Hugo
1783 5738 1844 5794 in
1898 5739 2076 5796 Chro-

419 5801 600 5887 13139::
612 5801 865 5887 Uterque
894 5803 1151 5887 missum
1173 5801 1415 5887 'O_di_loni
1445 5806 1776 5887 apontiﬁee
1805 5811 2073 5868 maximo

420 5865 670 5937 pallium
697 5865 1079 5933 et‘annulum
1128 5878 1392 5943 testatur,
1447 5865 1743 5948 virimque
1793 5865 2074 5939 sanetiim

2191 3332 2400 3384 sancto
2429 3329 2822 3394 Pentecostcs,
2850 3324 2913 3381 iu
2941 3324 3360 3382 festivitatibus
3388 3331 3611 3383 sanctae
3639 3327 3859 3395 Mariae,

2189 3418 2251 3474 in
2282 3415 2567 3474 Natalltiis
2621 3414 3057 3488 apostolorum,
3108 3415 3168 3470 in
3238 3415 3560 3472 festivitate
3646 3417 3845 3474 sancti

2190 3506 2419 3565 Martini
2459 3508 2516 3561 et
2571 3509 2918 3560 sanctorum
2978 3503 3296 3573 Lamberti,
3348 3504 3584 3573 Albani,
3645 3506 3856 3577 Sergii,

2190 3595 2389 3667 Baebi,
2415 3594 2591 3651 Aurei
2618 3598 2675 3650 et
2703 3596 2972 3663 Justinae,
2999 3592 3061 3649 in
3121 3592 3507 3650 Ordinatione
3566 3595 3861 3665 suifraga-

2186 3703 2445 3743 neorum
2490 3690 2735 3742 tuorum
2781 3684 3210 3758 episcoporum
3259 3687 3317 3740 et
3355 3684 3732 3753 clericorum,
3793 3686 3853 3743 in

2187 3777 2283 3834 die
2367 3774 2589 3833 Natalis
2670 3775 2849 3831 vestri
2921 3779 2981 3831 et
3034 3773 3098 3831 in
3145 3772 3529 3832 Dedicatione
3587 3775 3854 3832 ecclesiae

2187 3872 2419 3924 vestrae.

2260 3980 2510 4034 Crucem
2543 3978 2681 4031 ante
2711 3989 2821 4030 vos
2860 3972 3225 4046 portandum
3252 3971 3601 4029 fraternitati
3644 3976 3854 4029 vestrae

2188 4065 2598 4137 concedimus,
2624 4063 2756 4120 etin
2783 4061 3140 4119 stationibus
3165 4060 3390 4118 festivis
3417 4077 3597 4135 super
3625 4078 3852 4135 equum

2187 4154 2497 4229 equitandi
2527 4151 2829 4210 licentiam
2859 4151 3100 4208 damus.
3132 4153 3198 4206 Et
3229 4150 3275 4205 si
3305 4149 3456 4223 quid
3500 4150 3563 4206 in
3595 4149 3853 4206 Ecclesia

2186 4250 2405 4313 vestra,
2437 4243 2533 4300 vel
2586 4241 3108 4313 suffraganeorum
3156 4245 3494 4296 vestrorum
3548 4238 3849 4309 acciderit,

2186 4334 2354 4409 quod
2378 4331 2677 4405 judicium
2734 4329 3135 4405 apostolicum
3160 4329 3255 4385 vel
3306 4327 3617 4403 apostolici
3671 4327 3850 4399 legati

2186 4423 2569 4498 pra-sentiam
2586 4425 2994 4495 competenter
3003 4422 3325 4493 expetat,et
3342 4423 3504 4475 tanta
3518 4419 3848 4475 necessitas

2185 4530 2296 4571 vos
2315 4517 2525 4584 urgeat
2552 4516 2617 4568 ut
2643 4514 2990 4584 exspectare
3020 4509 3186 4565 nulla
3206 4510 3435 4565 ratione
3454 4508 3727 4580 valeatis,
3744 4524 3849 4565 no.

2188 4608 2310 4661 stre.
2333 4605 2461 4658 vice
2484 4601 2825 4666 terminare,
2848 4616 2958 4655 vos
2976 4597 3311 4673 apostolica
3326 4597 3676 4655 auctoritate
3694 4596 3849 4668 judi-

2186 4712 2418 4759 camus,
2451 4698 2687 4749 servata
2714 4699 2916 4747 tamen
2946 4690 3007 4746 in
3036 4691 3172 4759 hoc,
3204 4694 3261 4746 et
3289 4689 3350 4746 in
3402 4704 3586 4762 supra
3616 4687 3846 4761 scriptis

2186 4801 2259 4843 ea
2287 4798 2573 4841 mensura
2598 4798 2721 4857 qua
2746 4786 3150 4838 antecessores
3179 4784 3410 4836 vestros
3429 4795 3571 4835 usos
3592 4794 3721 4835 esse
3742 4794 3847 4851 per

2184 4874 2497 4950 privilegia
2544 4871 3060 4929 sanctissimorum
3099 4874 3549 4925 antecessorum
3619 4872 3846 4924 nostro-

2185 4982 2323 5023 rum
2352 4963 2770 5037 cognoveritis.
2800 4964 3068 5029 Quarum
3098 4959 3457 5030 dignitatum
3488 4958 3684 5015 honor
3711 4974 3848 5015 cum

2184 5058 2462 5115 modesta
2477 5060 2722 5111 actuum
2746 5053 3047 5109 vivacitate
3069 5049 3403 5108 servandus
3414 5048 3845 5105 est.Hortamur

2185 5152 2392 5205 tamen
2408 5148 2473 5202 ut
2500 5144 2553 5200 ei
2576 5148 2791 5201 cuncta
2820 5157 3061 5199 morum
3103 5144 3439 5197 vestrorum
3492 5142 3845 5195 ornamenta

2184 5309 2479 5367 honorem
2504 5306 2772 5381 renuisse
2797 5324 2810 5374 ;
2836 5304 3089 5381 pallium
3115 5305 3319 5359 autem
3340 5304 3398 5358 et
3426 5299 3719 5381 annulum
3738 5315 3844 5381 ρετ

2187 5381 2439 5453 cepisse,
2468 5383 2541 5453 ut
2561 5378 2761 5453 futuro
2790 5370 3242 5453 archiepiscopo
3288 5377 3636 5453 reservaret.
3671 5370 3847 5429 Addit

2186 5447 2355 5521 litigo
2380 5467 2453 5507 ea
2484 5449 2746 5507 Cluniaci
2779 5447 2858 5504 ad
2888 5447 3329 5525 aetatem-suam
3352 5450 3585 5525 servata
3608 5459 3756 5525 esse.

2256 5515 2334 5593 (5)
2357 5526 2659 5593 Quantum
2686 5536 2759 5575 ex
2790 5519 2970 5586 gestis
3000 5516 3354 5593 pontiﬁcum
3375 5515 3843 5593 Autissiodoren-

2186 5586 2345 5668 sium
2364 5586 2689 5662 intelligere
2718 5586 3070 5663 possumus,
3086 5588 3313 5668 ideirco
3331 5586 3560 5668 absolvi
3585 5604 3647 5668 se
3675 5587 3841 5668 Hugo

2183 5667 2280 5723 hic
2310 5659 2774 5739 nosterapon't.
2810 5678 2971 5739 max.
3007 5660 3215 5739 voluit,
3253 5659 3397 5732 quia
3424 5663 3650 5739 cumet
3697 5659 3842 5729 cpis-

2185 5754 2375 5811 copus
2395 5730 2930 5811 Antissibdorcusis
2959 5737 3132 5811 esset,
3166 5736 3223 5811 et
3250 5730 3456 5787 eomes
3488 5730 3841 5811 Cabilonen-

2184 5804 2284 5877 sis',
2316 5807 2474 5866 bella
2499 5810 2842 5877 susceperat
2870 5804 3347 5876 eonfeceratque,
3382 5819 3453 5859 ex
3477 5818 3600 5875 quo
3620 5804 3840 5875 episco-

2182 5896 2298 5956 pus
2323 5880 2637 5951 ordinatus
2665 5880 2876 5935 fuerat.
