3888 6406
10 292 98 344 153

1176 288 1529 347 EPISTOLAE
1569 289 1654 345 ET
1690 286 2118 347 DIPLOMAT-A.

3222 291 3360 349 11545

1 411 316 476 onveniant,
343 413 641 484 quatenus
670 415 912 468 auctore
939 415 1058 469 Deo
1078 418 1239 471 recto
1269 414 1585 487 utrobique
1618 419 1661 472 Α
1702 430 1838 470 rum
1859 418 1914 470 et
1944 414 2294 472 clericorum
2322 419 2686 482 nostrorum,
2713 414 2922 471 sedem
2953 414 3363 489 episcopalem

0 500 150 556 ossis
176 515 295 555 esse
320 499 699 571 conspicuus.

29 595 218 661 Itaque
247 589 359 645 vita
388 593 488 644 tua
519 589 651 644 tiliis
681 589 795 645 tuis
839 591 912 646 sit
941 591 1148 657 regula
1178 611 1190 661 ;
1231 593 1292 648 in
1336 593 1492 665 ipsa,
1544 592 1592 646 si

7 696 75 733 ua
96 678 362 734 tortitudo
392 678 504 733 illis
535 678 753 749 injecta
781 685 890 747 est,
924 681 1202 750 dirigant,
1255 683 1314 738 in
1346 699 1416 738 ea
1447 682 1593 755 quid

0 769 243 823 nitentur
286 767 591 840 aspiciant,
648 769 709 824 in
769 770 902 842 ipsa
950 787 1010 825 se
1051 787 1288 844 semper
1318 772 1592 827 conside-

0 857 137 912 mdo
169 857 494 930 proﬁciant,
546 863 612 914 ut
649 863 816 915 tuum
874 866 1010 932 post
1061 864 1265 930 Deum,
1324 862 1594 917 videatur

0 963 79 1003 sse
105 947 322 1002 bonum
353 948 557 1020 quoad
586 948 856 1005 vixerint.
895 951 1007 1005 Cor
1036 967 1178 1021 ergo
1218 967 1412 1024 neque
1462 967 1596 1024 pro-

0 1053 120 1109 aera
158 1052 289 1109 quae
332 1038 738 1109 temporaliter
785 1039 1196 1107 blandiuntur,
1251 1057 1446 1114 neque
1486 1041 1594 1096 ad-

0 1143 117 1182 ersa
145 1126 435 1197 dejiciant,
470 1127 573 1183 sed
603 1127 900 1201 quidquid
939 1129 1084 1185 illud
1133 1130 1326 1198 fuerit,
1382 1131 1595 1186 virtute

0 1217 231 1274 atientize
263 1217 550 1274 vincatur.

20 1307 166 1361 Iram
190 1305 414 1376 judicio
440 1307 692 1374 refrena,
726 1312 782 1364 et
810 1326 1095 1366 mensura
1134 1310 1462 1382 disciplinae
1512 1311 1595 1366 sic

0 1410 99 1450 ere
129 1399 190 1450 ut
217 1400 273 1450 et
297 1394 508 1468 culpas
530 1396 730 1466 ferias,
770 1402 826 1453 et
874 1414 910 1453 a
952 1397 1265 1454 dilectione
1308 1415 1597 1471 persona-

0 1501 73 1538 im
102 1501 250 1556 quas
279 1485 526 1554 corrigis
557 1502 681 1542 non
712 1487 977 1543 recedas.
1034 1488 1469 1545 Misericordcm
1518 1493 1593 1557 te,

1 1579 111 1629 'out
140 1574 324 1630 virtus
346 1575 590 1647 patitur,
623 1576 995 1649 pauperibus
1028 1577 1263 1646 exhibe,
1294 1577 1597 1650 oppressis

0 1664 203 1720 EfODSlO
257 1669 361 1720 tua
421 1665 758 1731 subveniat,
801 1668 1280 1740 opprimentibus
1326 1668 1599 1724 modesta

1701 503 1775 559 de
1807 504 1935 560 Ziza
1964 505 2023 560 in
2055 505 2402 574 Nuemburg
2433 504 2753 561 transferre
2799 505 3231 562 concessimus.
3282 510 3366 562 ita

1700 609 1861 649 nunc
1890 611 2135 667 quoque
2161 595 2266 650 tibi
2296 595 2571 667 praesenti
2590 610 2728 650 cum
2746 593 2904 650 clero
2922 599 3024 650 tuo
3053 599 3111 651 et
3137 595 3368 666 dignio-

1700 684 1865 739 ribus
1889 685 1964 740 de
1992 685 2217 756 populo
2262 688 2318 740 et
2368 684 2592 740 nuntiis
2637 683 2906 757 praedicti
2952 683 3360 756 imperatoris,

1701 778 1757 828 et
1788 773 2224 846 archiepiscopi
2267 773 2516 829 consilio
2565 772 2918 828 eorumdem
2969 773 3366 846 archiepisco-

1701 878 1920 934 porum
1951 868 2006 918 et
2026 863 2376 926 clericorum
2400 867 2739 919 nostrorum
2766 862 2990 918 factum
3006 863 3362 934 probamus,

1702 956 1758 1006 et
1790 955 1912 1006 tam
1944 951 2048 1008 tibi
2077 968 2266 1025 quam
2297 952 2579 1008 omnibus
2609 951 3060 1006 successoribus
3089 951 3207 1007 tuis
3238 968 3368 1025 per-

1702 1046 1884 1113 petua
1913 1041 2231 1097 stabilitate
2263 1041 2719 1097 confirmamus.
2753 1039 2923 1106 Quod
2955 1040 3115 1096 enim
3157 1057 3366 1097 secun-

1703 1130 1851 1185 dum
1881 1147 2143 1187 canones
2175 1146 2286 1204 pro
2315 1131 2667 1188 necessitate
2699 1147 2857 1204 saepe
2903 1130 3130 1187 factum
3183 1129 3367 1187 fuisse

1701 1219 1976 1290 legimus,
2037 1221 2255 1276 nostris
2315 1236 2558 1293 quoque
2620 1219 2992 1292 temporibus
3049 1219 3180 1276 fieri
3242 1235 3368 1276 non

1702 1309 2115 1382 prohibemus.
2147 1310 2444 1376 Quoniam
2470 1310 2650 1380 igitur
2673 1309 2983 1380 canonice,
3014 1313 3072 1365 et
3099 1325 3369 1365 commu-

1703 1397 1764 1453 ni
1794 1415 2093 1454 consensu
2117 1398 2394 1454 omnium
2424 1398 2504 1454 ad
2531 1414 2686 1471 quos
2718 1397 3026 1464 attinebat,
3061 1398 3220 1454 sedis
3253 1403 3365 1454 tum

1703 1489 2008 1544 translatio
2050 1488 2206 1544 facta
2250 1493 2356 1556 est,
2404 1489 2636 1561 absque
2688 1487 2854 1543 omni
2900 1487 3367 1545 contradictione

1705 1579 1966 1634 universi
1994 1595 2372 1635 successores
2399 1579 2481 1634 tui
2507 1595 2544 1634 a
2573 1577 3050 1648 Nuemburgensi
3083 1577 3262 1646 clero,
3311 1582 3368 1634 et

1704 1669 1930 1742 populo
1969 1669 2284 1742 eligantur,
2317 1673 2497 1742 atque
2528 1668 2603 1725 ad
2633 1667 2915 1724 eumdem
2943 1667 3178 1724 titulum
3198 1683 3370 1738 regu-

0 1753 215 1810 irrectio
244 1754 637 1811 contradicat.
673 1755 896 1811 Nullius
927 1756 1141 1812 faciem
1184 1763 1391 1813 contra
1425 1757 1596 1828 justi-
1628 1778 1668 1831 Β
1704 1758 1904 1814 lariter
1930 1764 2374 1826 consecrantur,
2405 1764 2462 1819 et
2508 1757 3124 1828 Magdeburgensibus
3171 1758 3367 1814 archi-

0 1859 76 1898 im
103 1843 381 1916 accipies,
414 1843 650 1900 nullum
677 1850 1044 1917 quaerentem
1071 1847 1233 1917 justa
1277 1847 1594 1919 despicias.

2 1933 209 1990 istodia
238 1934 303 1989 in
350 1939 406 1989 te
438 1935 734 2007 aequitatis
777 1936 1042 2002 excellat,
1097 1941 1157 1992 ut
1200 1953 1310 1992 nec
1353 1937 1596 1992 divitem

0 2023 192 2079 itentia
218 2040 334 2080 sua
363 2023 597 2096 aliquid
626 2025 790 2098 apud
823 2042 928 2081 vos
962 2031 1128 2082 extra
1161 2027 1321 2082 viam
1351 2026 1600 2083 suadeat

3 2113 173 2168 tionis
204 2113 458 2182 audire;
505 2130 614 2170 nec
663 2131 994 2188 pauperem
1044 2117 1117 2172 de
1169 2133 1229 2171 se
1273 2133 1384 2173 sua
1425 2117 1602 2173 faciat

0 2203 231 2259 imilitas
257 2204 615 2276 desperare,
647 2209 946 2278 quatenus
974 2209 1092 2262 Deo
1120 2207 1438 2263 miserante
1470 2207 1602 2263 talis

0 2292 116 2346 ssis
147 2293 410 2349 existere
458 2293 701 2366 qualem
752 2311 923 2351 sacra
966 2295 1139 2352 lectio
1182 2297 1470 2368 praecipit,
1511 2297 1600 2351 di-

0 2398 106 2436 ris:
153 2383 414 2452 Oportet
461 2385 796 2453 episcopum
846 2387 1426 2454 irreprehensibilem
1463 2403 1599 2443 esse.

0 2470 34 2524 ί]
66 2471 128 2526 in
158 2471 252 2526 his
281 2472 580 2528 omnibus
613 2473 697 2528 uti
730 2473 1046 2530 salubriter
1089 2475 1330 2547 poteris,
1383 2476 1429 2530 si
1474 2491 1604 2531 ma-

0 2564 165 2616 .tram
216 2561 588 2617 charitatem
628 2561 943 2630 habueris;
994 2581 1181 2635 quam
1233 2565 1337 2636 qui
1368 2570 1605 2620 secutus

0 2649 109 2718 erit,
143 2666 181 2705 a
211 2655 387 2706 recto
415 2650 746 2724 aliquando
779 2653 1011 2708 tramite
1035 2669 1156 2708 non
1185 2653 1424 2710 recedit.

0 2742 153 2807 Ecce,
188 2739 384 2796 frater
407 2741 783 2808 charissime,
812 2742 964 2798 inter
990 2743 1180 2800 multa
1205 2743 1320 2800 alia
1336 2743 1447 2799 ista
1471 2749 1607 2800 sunt

0 2829 262 2900 :erdotii,
300 2830 424 2886 ista
460 2835 598 2887 sunt
626 2831 810 2904 pallii,
864 2837 919 2888 et
962 2833 1384 2904 przedictarum
1432 2835 1610 2890 virtu-

0 2936 35 2974 n
71 2937 83 2974 :
111 2937 259 2992 quae
305 2920 360 2975 si
393 2920 666 2976 studiose
698 2923 1041 2989 servaveris,
1076 2923 1241 2994 quod
1269 2923 1408 2978 foris
1439 2941 1607 2980 acce-

7 3026 67 3064 se
98 3009 484 3078 ostenderis,
541 3011 699 3066 intus
756 3011 1033 3068 habebis.
1092 3016 1309 3068 Sancta
1359 3015 1608 3070 Trinitas

0 3097 365 3154 ternitatem
433 3103 603 3154 tuam
657 3099 858 3170 gratim
913 3118 1034 3156 suae
1092 3102 1458 3174 proiectione
1503 3103 1610 3158 cir-

0 3187 152 3243 ndet
180 3207 192 3255 ;
232 3193 438 3260 atque
469 3187 530 3243 in
562 3188 793 3244 timoris
836 3189 928 3244 sui
955 3190 1116 3245 viam
1145 3207 1258 3246 nos
1283 3191 1520 3261 dirigat,
1547 3197 1613 3248 ut

0 3280 38 3332 st
60 3277 199 3333 vitae
234 3278 444 3348 hujus
479 3278 964 3347 amaritudinem,
1011 3280 1088 3336 ad
1119 3285 1404 3338 mtcrnam
1436 3282 1613 3338 simul

0 3367 226 3422 'venire
257 3367 669 3424 dulcedinem
696 3385 1060 3426 mereamur.

0 3456 294 3528 icriptum
332 3474 456 3530 per
482 3474 702 3514 manus
731 3459 915 3528 Sergii
954 3460 1168 3516 notarii
1196 3460 1516 3531 regionarii
1558 3465 1616 3517 et

0 3546 200 3603 iniarii
236 3552 490 3603 sanctae
522 3550 804 3605 Romanis
831 3549 1125 3618 Ecclesiae,
1164 3566 1368 3606 mense
1395 3552 1614 3607 Janua-

0 3681 3 3692 .
34 3636 406 3694 indictione
435 3637 649 3710 quinta
677 3638 934 3695 decima.

723 3732 849 3786 ΧΙΧ.

0 3834 168 3876 ηιιηρε
228 3819 408 3875 XIX
449 3818 644 3877 sedem
694 3821 1085 3890 episcopalem
1143 3822 1285 3878 Ciza
1331 3822 1614 3878 Nunbur-

0 3927 105 3966 um
173 3911 589 3967 translatam
641 3917 858 3982 rogatu
911 3912 1286 3968 Hildiwardi
1360 3912 1618 3981 episcopi

0 4002 337 4070 υκίῖφηπαι.

596 4088 792 4159 (Anno
823 4092 999 4161 1032).

140 4181 410 4253 [MANSI,
456 4178 709 4247 Concil.,
742 4183 886 4236 tom.
918 4183 1046 4250 XIX,
1079 4179 1192 4237 col.
1219 4182 1364 4253 481].

0 4288 215 4326 amns
251 4270 644 4343 episcopus,
677 4285 884 4325 servus
915 4285 1222 4326 servorum
1255 4270 1374 4338 Dei,
1403 4269 1618 4327 dilecto

2 4361 220 4416 hristo
251 4359 405 4416 ﬁlio
443 4361 816 4415 “ILDIWARDO
849 4364 1069 4418 sancite
1109 4360 1620 4430 Nuemburgensis

4 4451 162 4507 esiae
191 4450 558 4524 episcopo,
586 4453 641 4505 et
672 4449 958 4506 omnibus
1004 4450 1455 4508 successoribus
1504 4451 1620 4507 tuis

0 4546 266 4597 ietuam
299 4540 380 4595 in
417 4538 684 4594 Domino
719 4538 992 4596 salutem.

0 4631 271 4687 invenit
337 4627 699 4701 apostolico
748 4627 1145 4686 moderamini
1185 4629 1286 4703 pia
1337 4628 1620 4699 religione

0 4721 244 4776 ntibus
288 4717 628 4775 benevola
676 4719 1095 4791 cooperatione
1131 4735 1495 4787 succurrere,
1552 4734 1620 4775 ac

0 4811 295 4867 tentiam
345 4806 597 4865 animis
628 4807 810 4864 alacri
848 4807 1164 4866 devotione
1218 4809 1504 4881 impertiri
1534 4825 1624 4866 as-

2 4919 150 4958 um.
191 4904 298 4968 Ex
335 4899 488 4954 hoc
513 4897 674 4954 enim
715 4897 865 4954 lucri
893 4899 1276 4971 potissimum
1305 4898 1625 4972 praemium

0 4990 280 5047 nclitore
319 4986 637 5044 omnium
666 4987 786 5047 Deo
837 4987 1046 5060 procul
1087 4987 1276 5044 dubio
1325 5003 1626 5060 promere-

0 5124 6 5143 ,
49 5081 106 5135 si
145 5073 597 5136 venerabilia
621 5075 755 5133 loca
783 5081 1121 5149 opportune
1157 5077 1432 5133 ordinata
1463 5081 1519 5132 et
1549 5077 1626 5133 ad

0 5187 189 5228 )rem
227 5183 374 5243 per
405 5180 535 5221 vos
569 5165 786 5222 fuerint
832 5171 1052 5223 statum
1101 5167 1410 5240 perducta.
1470 5167 1628 5223 Sicut

0 5307 10 5330 ,
53 5257 512 5317 charissime
536 5254 639 5323 fili,
669 5255 775 5311 tibi
807 5255 1040 5312 absenti
1068 5261 1281 5326 rogatu
1307 5256 1412 5312 ﬁlii
1436 5256 1629 5313 nostri

0 5345 439 5408 :tianissimi
482 5343 860 5418 imperatoris
893 5346 1174 5418 Conradi,
1225 5351 1282 5402 et
1315 5346 1627 5403 confratris

0 5445 28 5498 'i
66 5435 452 5498 Hunfredi
493 5435 1015 5506 Magdeburgensis
1045 5437 1498 5510 archiepiscopi,
1518 5453 1628 5494 nec

0 5533 298 5590 'lforum
364 5522 508 5598 qui
545 5524 952 5582 heereditatem
992 5542 1167 5583 suam
1193 5526 1458 5583 ecclesiae
1489 5543 1629 5583 con-

0 5627 146 5694 ωε,
197 5613 559 5676 videlicet
607 5613 932 5670 Hermanni
985 5614 1374 5685 marchionis,
1421 5620 1478 5672 et
1502 5632 1629 5686 ger-

19 5709 140 5768 sui
176 5701 613 5775 Ekkihardi,
665 5707 720 5758 et
765 5703 1030 5760 maxime
1080 5720 1190 5776 pro
1244 5720 1473 5774 magna
1523 5705 1630 5761 uti-

19 5807 93 5862 et
133 5791 554 5858 securitate
583 5790 858 5854 Ecclesiae
883 5796 999 5854 tuae
1025 5791 1274 5856 consilio
1313 5793 1626 5872 episcopo-

1707 1848 2023 1921 episcopis,
2055 1865 2318 1922 quorum
2349 1849 2658 1904 dioecesim
2692 1847 2996 1903 translatio
3026 1863 3148 1903 non
3201 1863 3370 1903 exce-

1707 1938 1811 2008 dit,
1840 1943 2044 2011 utpote
2072 1937 2545 2011 metropolitanis
2575 1937 2697 1993 suis
2729 1937 2893 1993 omni
2923 1937 3158 2010 pietatis
3187 1937 3368 1994 devo-

1706 2028 1864 2083 tione
1892 2028 2007 2083 sint
2037 2028 2310 2099 subjecti.
2345 2031 2463 2084 Hoc
2492 2042 2735 2099 quoque
2762 2027 3208 2082 communicato
3234 2043 3372 2083 con-

1708 2117 1840 2173 cilio
1897 2117 2092 2190 placet
2147 2118 2391 2186 addere,
2438 2117 2606 2190 quod
2650 2116 2910 2172 Ecclesia
2962 2116 3268 2172 Citicensis
3308 2117 3373 2172 in

1707 2207 2001 2263 honorem
2059 2207 2377 2264 beatorum
2429 2205 2844 2279 apostolorum
2893 2207 3043 2260 Petri
3099 2210 3157 2260 et
3209 2205 3376 2261 Pauli

1708 2301 2060 2353 consecrata
2088 2313 2213 2353 non
2245 2295 2615 2352 omnimodis
2644 2294 2999 2366 negligatur,
3031 2294 3138 2350 sed
3161 2294 3222 2349 in
3241 2294 3376 2351 loco

1710 2385 2062 2442 clericorum
2108 2386 2171 2441 in
2225 2385 2572 2455 Nuemburg
2610 2383 3048 2441 transeuntium
3092 2383 3378 2441 monachi

1708 2475 1804 2531 vel
1831 2475 2105 2532 canonici
2135 2476 2590 2543 substituantur,
2615 2473 2727 2546 qui
2756 2474 3044 2543 integrius
3069 2473 3376 2547 stipendiis

1711 2565 1986 2636 ejusdem
2017 2565 2278 2620 ecclesia:
2306 2564 2454 2620 inibi
2485 2567 2603 2620 Deo
2636 2563 2916 2632 serviant,
2947 2567 3004 2618 et
3033 2563 3184 2618 sicut
3209 2563 3376 2635 pacis

1712 2655 1815 2710 ﬁlii
1845 2655 2020 2710 matri
2051 2672 2170 2710 suae
2198 2653 2675 2724 Nuemburgensi
2709 2652 2976 2708 Ecclesiae
3019 2653 3080 2707 in
3121 2653 3374 2708 Domino

1714 2761 1950 2817 semper
1977 2745 2190 2800 devote
2221 2744 2524 2800 obediant.
2561 2743 2615 2800 Si
2643 2742 2778 2815 quis
2806 2747 3030 2808 autem,
3071 2741 3236 2814 quod
3267 2741 3378 2797 mis

1712 2834 1874 2890 nime
1915 2835 2238 2903 credimus,
2292 2832 2606 2889 temeraria
2653 2831 3121 2904 praesumptione
3171 2835 3379 2887 contra

1714 2925 1830 2980 hoc
1860 2928 2129 2979 nostrum
2157 2923 2552 2996 apostolicum
2584 2921 2962 2993 privilegium
3011 2920 3229 2987 venire,
3277 2923 3384 2976 aut

1715 3015 1774 3070 in
1808 3014 2010 3087 aliquo
2041 3013 2334 3070 contraire
2359 3011 2833 3086 praesumpserit,
2863 3027 2969 3066 seu
2996 3009 3248 3066 violator
3287 3025 3384 3065 ex-

1719 3103 1945 3171 stiterit,
2008 3103 2156 3160 sciat
2201 3120 2286 3173 se,
2341 3101 2687 3158 auctoritate
2731 3101 2833 3156 Dei
2874 3099 3304 3172 omnipotentis
3330 3103 3388 3156 et

1720 3194 1878 3250 beati
1905 3179 2319 3266 apostolorum
2349 3191 2638 3265 principis
2670 3191 2840 3260 Petri,
2874 3207 2944 3247 ac
2993 3194 3198 3246 nostra
3246 3205 3389 3246 ana-

1721 3283 1998 3339 thematis
2026 3283 2267 3339 vinculo
2297 3298 2426 3338 esse
2455 3281 2836 3351 innodatum,
2887 3285 2945 3336 et
2991 3297 3028 3336 a
3065 3295 3254 3351 regno
3285 3277 3390 3335 Dei

1723 3373 2009 3438 alienum,
2042 3377 2221 3446 atque
2249 3389 2387 3428 cum
2417 3371 2571 3427 Juda
2600 3371 2882 3426 traditore
2927 3369 3164 3426 Domini
3200 3366 3391 3425 nostri

1721 3466 1857 3518 Jesu
1888 3463 2099 3520 Christi
2126 3461 2357 3517 socium
2389 3461 2657 3516 futurum
2686 3459 2940 3527 inferno,
2980 3457 3392 3515 excommuni-

1723 3552 2062 3623 cationique
2094 3551 2425 3622 subjaceat,
2470 3550 2662 3605 donec
2718 3548 3073 3621 resipiscens
3126 3547 3205 3604 ad
3254 3547 3391 3603 sati-

1725 3642 2074 3698 sfactionem
2124 3645 2181 3697 et
2224 3655 2556 3710 congruam
2600 3638 3088 3695 emendationem
3132 3634 3416 3693 reverta?

1725 3737 1836 3788 tur.
1891 3732 2001 3797 Qui
2056 3747 2197 3786 vero
2255 3746 2366 3785 suo
2421 3729 2636 3784 intuitu
2682 3731 2920 3784 curator
2957 3732 3014 3783 et
3042 3726 3389 3783 observator

1724 3822 1904 3891 hujus
1932 3819 2119 3876 nostri
2157 3818 2472 3892 apostolici
2518 3818 2812 3891 privilegii
2861 3817 3164 3886 exstiterit,
3215 3815 3392 3872 bene-

1724 3910 2000 3967 dictionis
2054 3909 2330 3980 gratiam,
2379 3909 2692 3980 vitamque
2741 3912 3049 3975 zeternam,
3099 3911 3157 3963 et
3192 3904 3396 3962 aeterni

1723 4002 1893 4069 regni
1951 3999 2175 4070 gaudia
2221 4016 2259 4056 a
2307 3999 2560 4055 Domino
2617 3997 2926 4071 percipere
2979 4001 3280 4054 mereatur
3334 3995 3396 4051 in

1727 4089 1945 4147 saecula
1976 4089 2361 4146 saeculorum.
2391 4091 2605 4146 Amen.

1729 4271 2004 4340 Epistola
2031 4270 2284 4328 Joannis
2313 4269 2467 4324 XIX
2641 4267 3004 4325 monasterio
3045 4266 3107 4324 S.
3140 4266 3394 4324 Joannis

2382 4359 2746 4427 Angeriaco.

2264 4449 2458 4519 (Anno
2512 4450 2696 4504 10244
2709 4448 2856 4519 033).

1973 4536 2200 4612 [Gallia
2227 4537 2601 4606 Christiana,
2633 4539 2778 4591 tom.
2813 4539 2877 4603 ll,
2905 4550 2964 4607 p.
2998 4534 3148 4606 466).

1801 4630 2045 4692 ιῐοΑΝΝιῑδ
2076 4627 2418 4699 episcopus,
2454 4640 2661 4681 servus
2700 4639 3012 4680 servorum
3058 4622 3180 4690 Dei,
3227 4619 3395 4678 urbis

1731 4720 1934 4773 Romae
1963 4715 2222 4773 vicarius
2249 4715 2567 4772 beatorum
2594 4713 2744 4770 Petri
2792 4717 2849 4769 et
2891 4711 3054 4768 Pauli
3101 4710 3399 4784 apostolo-

1732 4822 1890 4878 rum,
1922 4805 2208 4862 omnibus
2235 4803 2703 4879 archiepiscopis
2732 4807 2790 4860 et
2835 4801 3136 4876 episcopis
3180 4799 3397 4857 Gallina-

1733 4913 1868 4954 rum
1923 4896 2302 4970 degentibus,
2357 4913 2498 4953 cum
2552 4898 2854 4951 WILLELMO
2909 4891 3190 4964 religioso
3245 4890 3399 4946 duce

1736 4987 2195 5060 Aquitanorum.
2226 4991 2283 5044 et
2313 4990 2604 5043 Gorrneoo
2645 4985 2862 5042 comite
2913 4982 3269 5054 Engolismaa
3322 4975 3402 5038 ci-

1733 5077 1930 5132 vitatis
1961 5076 2400 5143 commoranti;
2452 5091 2562 5131 nec
2605 5090 2728 5130 non
2757 5076 2892 5128 Em
2939 5071 3154 5128 comite
3208 5071 3401 5125 Petra~

1736 5166 1951 5236 goricaa
2009 5165 2176 5221 urbis
2232 5165 2490 5236 degenti,
2545 5163 2843 5235 simulque
2918 5160 3053 5216 filiis
3135 5157 3406 5229 Hugonis

1735 5261 1930 5312 castro
1963 5255 2266 5312 Leziniaco
2290 5253 2702 5310 habitantibus
2733 5269 2746 5319 ;
2786 5252 3048 5323 itemque
3096 5253 3401 5305 WILLELMo

1736 5344 1810 5399 de
1839 5344 2208 5415 Paterniaco,
2241 5348 2299 5398 et
2322 5342 2438 5399 alio
2464 5345 2766 5397 WILLELMO
2799 5341 2873 5396 de
2896 5339 3267 5411 Talamonte,
3291 5355 3402 5412 pa-

1735 5433 1872 5489 riter
1921 5449 2059 5488 cum
2096 5434 2398 5487 WILLEI.MO
2450 5428 2796 5485 vicecomite
2851 5427 2975 5484 ﬁlio
3025 5427 3270 5484 Kalonis
3328 5427 3404 5484 de

1737 5520 2256 5592 Castello-Oniaco,
2308 5524 2579 5576 AIMERICO
2636 5518 2712 5574 de
2759 5517 3117 5589 Taleburgo,
3147 5519 3404 5574 WiLLEL-

1736 5628 1811 5668 ΜΟ
1827 5611 1900 5666 de
1919 5610 2228 5681 Surgeriis,
2244 5613 2301 5666 et
2317 5612 2589 5676 ALBUINO,
2616 5607 3023 5682 omnibusque
3040 5607 3401 5676 senioribus,

1719 5701 2142 5758 .minoribusve
2171 5699 2504 5774 Aquitaniae
2542 5699 2816 5772 partibus
2858 5697 3398 5768 commorantibus,

1736 5790 1988 5853 salutem
2015 5789 2430 5853 beatissimam
2451 5804 2591 5850 cum
2608 5787 3029 5852 benedictione
3047 5784 3414 5870 apostolica.-
