3888 6410
393 291 558 356 1155

1769 279 2056 338 JOANNIS
2093 279 2204 334 XIX
2239 279 2463 334 PAP/E.

3736 276 3848 332 11.52}
3871 203 3878 408 ί

488 426 790 493 Rogamus
818 433 926 474 vos
951 428 1179 482 omnes,
1228 407 1613 484 suprascripti
1672 405 1954 471 seniores,
2005 406 2062 459 et
2097 405 2140 458 A
2173 401 2440 459 divinam
2465 403 2840 460 vocationem
2883 403 2956 459 de
2985 403 3099 460 hac
3129 403 3260 460 luce
3307 401 3766 476 deportaberis
3792 401 3880 457 ab?

419 513 524 586 qui
547 513 643 568 hic
672 509 914 567 nomine
961 512 1132 563 tenus
1178 517 1302 558 non
1355 504 1492 556 su‘nt
1519 497 1714 572 positi,
1762 495 2059 568 vestrique

421 585 813 667 successores,
845 611 1036 668 usque
1063 593 1126 648 in
1152 595 1508 666 perpetuum
1539 587 1833 644 custodire
1879 585 2061 655 hujus

418 695 634 746 nostrae
661 691 875 747 textus,
904 682 1176 740 videlicet
1202 686 1268 736 ut
1295 677 1724 736 monasterium
1762 673 2060 732 sanctissi-

418 779 501 834 mi
528 795 596 835 ac
625 774 950 833 beatissimi
988 770 1372 846 praecursoris
1417 772 1475 824 et
1529 766 1806 838 martyris
1854 762 2061 822 Christi

417 867 680 934 Joannis,
713 868 770 921 et
793 861 1148 920 confessoris
1175 858 1406 916 domini
1448 855 1794 922 Reverentii,
1841 853 2063 926 posito-

416 974 553 1014 rum
581 957 644 1012 in
671 955 804 1012 loco
824 954 930 1027 qui
957 952 1169 1008 dicitur
1187 948 1536 1019 Angeriaco,
1564 946 1641 1003 ab
1669 946 1782 1001 hac
1804 958 2062 1017 praesen-

419 1047 460 1103 ti
489 1046 584 1104 die
612 1042 742 1102 Kal.
767 1044 1070 1109 Maiarum,
1097 1038 1436 1107 defendere,
1468 1052 1539 1092 ac
1576 1035 1833 1105 benigne
1861 1037 2064 1089 tracte-

417 1136 490 1192 tis
517 1152 656 1194 cum
684 1132 962 1203 religioso
991 1130 1216 1186 domno
1240 1125 1550 1199 Aymerico
1581 1123 1851 1196 ejusdem
1897 1125 2062 1177 Patre

418 1225 553 1288 loci,
584 1231 720 1280 cum
746 1225 961 1278 cuncta
983 1225 1217 1276 caterva
1253 1215 1690 1273 monachorum
1737 1229 1774 1269 a
1797 1214 1917 1268 Deo
1949 1209 2063 1266 sibi

419 1314 659 1381 credita,
690 1312 772 1368 ita
795 1309 1083 1376 venerari,
1114 1309 1264 1364 sicut
1286 1307 1455 1362 decet
1480 1309 1541 1361 in
1585 1303 1887 1374 omnibus,
1937 1317 2062 1358 ma-

416 1404 574 1459 xime
626 1408 826 1458 tamen
879 1415 988 1472 pro
1041 1414 1112 1454 eo
1163 1397 1328 1470 quod
1379 1394 1652 1464 regulam
1705 1390 2063 1449 sanctissimi

417 1494 600 1549 Patris
629 1487 920 1546 Benedicti
942 1486 1352 1544 inviolabiliter
1382 1483 1724 1540 audivimus
1757 1480 2057 1538 custodiri.

418 1582 789 1654 Quapropter
817 1577 1036 1634 obnixe
1065 1591 1383 1649 precamur
1406 1579 1463 1630 et
1485 1571 1884 1646 praecipiendo
1913 1586 2062 1643 prte-

416 1670 669 1742 cipimus
699 1671 764 1724 ut
789 1666 988 1723 nullus
1018 1666 1090 1721 sit
1113 1665 1191 1721 ab
1230 1664 1342 1720 hac
1389 1663 1540 1718 hora
1582 1661 1822 1717 inantea
1875 1675 2060 1730 usque

2167 492 2394 562 angelis
2425 493 2663 559 sanctis,
2697 499 2981 549 aeternam
3021 493 3249 550 habeas
3295 492 3620 566 requiem.
3696 492 3850 557 Quod
3880 493 3888 547 Ρ

2169 582 2216 638 si
2241 598 2363 638 non
2391 583 2692 655 pel-egeris
2725 583 3058 639 secundum
3087 583 3255 656 quod
3284 583 3392 638 tibi
3423 598 3547 655 per
3599 597 3852 654 praesen-
3885 585 3888 588 ’

2168 676 2286 728 tem
2317 672 2632 745 epistolam
2654 672 3118 744 transmisimus,
3160 689 3234 728 ex
3277 671 3670 728 auctoritate
3721 673 3849 726 Petri
3879 677 3882 704 '

2169 761 2422 834 apostoli
2448 761 2601 818 scias
2630 765 2683 817 te
2723 777 2851 816 esse
2900 760 3532 828 excommunicatum,
3587 760 3680 815 ita
3721 763 3787 814 ut
3812 745 3880 826 in}

2169 849 2480 906 ecclesiam
2509 866 2632 906 non
2660 849 3036 920 ingrediaris,
3087 865 3284 923 neque
3332 847 3849 906 communionem

2169 938 2446 1012 accipias.
2481 939 2634 996 Vale.

2909 1031 3060 1085 XXII.

2167 1119 2416 1174 Joannis
2447 1119 2591 1173 XIX
2603 1120 2852 1188 epistola
2879 1133 2999 1190 qua
3026 1133 3224 1175 omnes
3270 1140 3297 1168 ‹‹
3333 1119 3575 1174 bonum
3629 1117 3850 1187 facien-

2243 1213 2323 1262 tes
2356 1229 2383 1256 »
2411 1209 2631 1264 ercitat
2657 1214 2720 1262 ut
2749 1209 2813 1263 in
2856 1181 3284 1264 restituendam
3334 1208 3683 1263 ecclesiam
3732 1206 3848 1260 Ma-
3885 1181 3888 1278 ι

2239 1299 2735 1369 galonennensem
2764 1298 3134 1354 incumbant.

2712 1316 2735 1354 ἰ
2764 1298 3134 1354 incumbant.
3884 1285 3888 1514 1

2712 1388 2908 1457 (Anno
2941 1388 3278 1459 1024-1033).

2712 1476 2895 1514 ὝηιηρίΙ
2956 1481 3074 1514 Inm
3105 1479 3208 1514 YIY
3265 1475 3356 1514 nnl
3417 1476 3559 1514 εςτηῖ

2434 1479 2655 1547 [ΜΑΝει,
2689 1476 2914 1532 Concil.
2956 1481 3078 1532 tom
3105 1479 3231 1544 XIX,
3265 1475 3379 1531 col.
3415 1476 3582 1546 570].

2237 1568 2484 1621 JOANNES
2515 1566 2851 1638 episcopus,
2885 1581 3092 1620 servus
3131 1581 3450 1620 servorum
3495 1564 3638 1633 Dei,
3674 1564 3853 1619 omni—

2167 1655 2281 1710 bus
2306 1655 2536 1710 bonum
2574 1654 2926 1710 facientibus
2981 1654 3040 1710 in
3101 1653 3360 1709 Ecclesia
3404 1652 3850 1722 Magalonensi,

3878 761 3888 1120 ἱ

414 1759 476 1814 in
523 1755 740 1814 saecula
778 1755 1133 1812 saeculorum
1170 1769 1264 1808 res
1311 1751 1576 1825 praedicti
1613 1747 1954 1805 monasterii
1983 1752 2062 1803 te-
2097 1756 2138 1812 Β
2169 1745 2246 1800 ad
2274 1745 2566 1800 honorem
2595 1744 3004 1817 apostolorum
3036 1744 3182 1798 Petri
3203 1742 3556 1798 etdoctoris
3580 1742 3850 1811 gentium

414 1863 644 1903 merare
669 1845 919 1917 [ausus],
951 1848 1008 1899 et
1031 1841 1196 1916 quod
1225 1841 1411 1897 absit!
1463 1838 1688 1911 aliquid
1718 1836 1930 1893 exinde
1960 1852 2061 1892 au-

413 1936 561 1992 ferre
615 1937 958 2008 praesumat,
1012 1932 1125 1988 nisi
1165 1929 1584 1987 tantummodo
1633 1943 1706 1983 ex
1765 1942 2063 1982 consensu

412 2025 681 2097 ejusdem
711 2023 822 2079 loci
849 2022 1032 2078 Patris
1062 2026 1118 2076 et
1165 2019 1436 2076 omnium
1483 2017 1753 2073 fratrum.
1813 2017 1870 2072 Si
1925 2014 2060 2087 quis

414 2120 613 2170 autem
654 2113 810 2168 hanc
864 2116 1133 2166 nostram
1181 2108 1571 2164 assertionem
1618 2104 1914 2162 custodire
1961 2120 2062 2159 vo-

413 2203 604 2268 luerit,
631 2201 849 2256 habeat
880 2199 1354 2255 benedictionem
1385 2213 1422 2252 a
1449 2195 1586 2251 Filio
1629 2197 1684 2251 S.
1714 2193 1903 2251 Marias
1933 2198 1989 2248 et
2025 2208 2061 2248 a

414 2303 778 2366 praecursore
803 2288 1073 2360 ejusdem
1103 2285 1334 2342 Domini
1359 2285 1542 2341 nostri
1574 2285 1710 2339 Jesu
1742 2282 1973 2345 Christi,
2006 2286 2061 2337 et

415 2377 725 2433 absolutus
754 2377 826 2432 sit
850 2393 885 2433 a
916 2379 974 2431 Β.
1009 2379 1175 2431 Petro
1201 2373 1493 2447 apostolo,
1526 2377 1584 2429 et
1608 2389 1644 2428 a
1664 2388 1760 2427 me
1785 2370 2061 2442 ejusdem

413 2467 670 2540 pastoris
699 2465 937 2533 vicario,
957 2466 1035 2521 ab
1064 2465 1344 2520 omnibus
1376 2467 1758 2535 peccatorum
1787 2460 2057 2531 vinculis,

413 2560 521 2613 etc.
550 2558 663 2611 Vos
689 2560 889 2612 autem
919 2554 1110 2611 valete
1141 2558 1197 2609 et
1226 2569 1334 2625 pro
1364 2568 1460 2609 me
1485 2557 1666 2609 orate.

1171 2645 1298 2699 XXI.

505 2734 778 2804 Epistola
805 2734 1056 2789 Joannis
1085 2733 1231 2787 XIX
1247 2746 1428 2800 papm
1457 2732 1537 2787 ad
1567 2731 1951 2787 Guillelmum

1084 2822 1371 2877 comitem.

939 2909 1130 2981 (Circa
1186 2925 1285 2965 an.
1349 2909 1524 2980 1030).

408 3001 693 3072 [Histoire
717 2999 995 3070 generate
1015 2999 1098 3053 du
1121 2998 1478 3067 Languedoc
1502 3001 1645 3052 tom.
1681 2998 1747 3065 II,
1774 2997 2051 3052 Preuves.

2172 1832 2333 1887 Pauli
2386 1831 2659 1887 dedicata
2707 1835 2764 1886 et
2814 1831 3173 1899 dedicanda,
3241 1830 3507 1886 salutem
3572 1829 3853 1886 charissi-

2169 1937 2356 1992 mam,
2389 1938 2526 1976 cum
2552 1920 2961 1975 benedictione
2989 1919 3318 1992 apostolica
3340 1925 3399 1974 et
3428 1918 3851 1974 absolutione.

2242 2008 2656 2081 Supradictam
2687 2007 3168 2076 Magalonensem
3196 2006 3548 2072 ecclesiam,
3583 2007 3854 2078 peccatis

2168 2097 2558 2166 exigentibus,
2640 2096 2718 2152 ad
2777 2095 3028 2151 nihilum
3078 2096 3388 2151 redactam
3463 2095 3854 2158 audivimus,

2168 2187 2327 2242 unde
2353 2186 2526 2242 valde
2551 2185 2843 2252 dolemus,
2890 2185 3034 2257 quia
3083 2184 3494 2240 Ecclesiarum
3545 2183 3855 2238 desolatio

2167 2275 2632 2331 Christianorum
2661 2274 3083 2330 detrimentum
3129 2290 3261 2330 esse
3301 2272 3732 2343 dignoscitur.
3780 2273 3856 2328 Ob

2166 2364 2279 2419 hoc
2329 2363 2572 2435 quidem
2631 2368 2754 2419 tam
2808 2362 3074 2418 Ecclesiae
3126 2362 3498 2435 supradicta:
3551 2378 3768 2435 quam
3811 2366 3857 2416 et

2167 2453 2450 2509 omnibus
2488 2452 2870 2508 circumcirca
2897 2451 3255 2522 degentibus
3299 2467 3645 2521 suggerere
3691 2451 3861 2507 volu-

2167 2559 2304 2597 mus
2328 2542 2668 2599 Christianis
2700 2546 2764 2597 ut
2791 2541 2850 2596 in
2879 2541 3309 2597 restauratione
3339 2541 3528 2612 hujus
3576 2540 3857 2597 ecclesiae

2165 2632 2436 2688 laborent
2469 2653 2482 2687 :
2512 2635 2891 2704 peccatorum
2921 2646 3186 2703 namque
3213 2647 3465 2686 suorum
3500 2631 3783 2686 veniam
3813 2636 3860 2684 et

2164 2721 2596 2792 indulgentiam
2624 2721 2947 2794 promereri
2991 2737 3026 2775 a
3050 2722 3216 2791 justo
3235 2720 3440 2791 judice
3493 2721 3858 2793 apostolica

2166 2812 2508 2868 auctoritate
2539 2810 2925 2883 spondemus,
2958 2809 3306 2882 quicunque
3335 2809 3411 2865 de
3441 2810 3724 2882 propria
3749 2810 3860 2865 hze-

2163 2901 2407 2956 reditate
2460 2900 2552 2956 vel
2606 2899 2680 2955 de
2727 2898 2982 2972 propriis
3027 2898 3207 2954 bonis
3235 2898 3583 2964 offerendo,
3636 2904 3762 2954 aut
3790 2899 3856 2953 de

2164 2989 2463 3045 beneﬁciis
2493 2988 2818 3056 reddendo,
2859 2988 3171 3044 ecclesiam
3219 2987 3656 3060 supradictam
3714 2988 3858 3044 rele-

477 3104 619 3162 pag,
655 3091 861 3158 185,ex
886 3086 1175 3144 Chronico
1205 3103 1316 3141 ms.
1339 3085 1698 3157 Amymerici
1724 3085 1798 3140 de
1826 3088 2052 3160 Peyrat,
2094 3100 2134 3152 ο
2162 3095 2303 3135 vare
2329 3079 2494 3134 nisus
2523 3078 2715 3133 fuerit.
2740 3079 2886 3133 Nam
2909 3093 3094 3132 unam
3122 3083 3179 3132 et
3198 3076 3459 3132 similem
3481 3078 3857 3133 mercedem

479 3176 753 3232 Biblioth.
782 3175 1054 3245 Colbert].

476 3267 718 3321 Joannes
739 3265 1077 3337 episcopus,
1093 3279 1297 3319 servus
1323 3279 1630 3319 servorum
1655 3263 1774 3330 Dei,
1806 3263 2053 3318 domino

409 3356 722 3410 GUILLELMO
753 3352 1010 3424 glorioso
1057 3352 1278 3421 comiti,
1337 3351 1749 3408 charissimam
1801 3351 2051 3408 salutem

406 3447 463 3500 et
487 3442 880 3516 apostolicam
909 3440 1406 3497 benedictionem.

475 3531 747 3588 Mittimus
776 3530 854 3587 ad
883 3535 1047 3587 tuam
1085 3529 1512 3599 benignitatem
1555 3528 1736 3585 veluti
1789 3529 1868 3585 ad
1916 3530 2052 3587 clla-

401 3621 709 3678 rissimum
751 3620 961 3688 ﬁlium,
1021 3623 1086 3675 ut
1131 3618 1344 3676 audias
1390 3623 1660 3675 nostram
1697 3619 2050 3676 exhortatio-

401 3724 561 3779 nem,
609 3713 666 3764 et
715 3707 1056 3764 benefacias
1112 3706 1473 3762 monasterio
1533 3706 1722 3763 sancti
1775 3707 1924 3763 Petri
1973 3707 2047 3764 de

401 3797 749 3868 Moyssiaco,
780 3800 845 3851 ut
872 3796 999 3867 ipse
1024 3794 1235 3851 beatus
1264 3798 1484 3865 Petrus,
1513 3795 1617 3868 qui
1647 3799 1734 3852 est
1761 3800 1969 3868 pastor
1993 3801 2048 3852 et

400 3884 654 3940 nutritor
708 3883 978 3939 omnium
1007 3882 1294 3953 ﬁdelium,
1345 3883 1679 3940 benefaciat
1724 3884 1798 3939 de
1823 3887 1878 3940 te
1907 3901 2046 3940 cum

403 3987 440 4028 a
467 3972 744 4044 praesenti
767 3971 888 4027 vita
931 3971 1310 4029 subtraxeris.
1361 3971 1659 4028 Arnaldus
1707 3973 1877 4029 Oddo
1918 3973 2045 4029 vice

401 4076 602 4116 comes
627 4060 948 4130 Gasconiaa,
980 4060 1148 4116 miles
1172 4065 1330 4130 tuus,
1362 4061 1627 4134 possidet
1644 4061 1861 4132 injuste
1889 4062 2042 4120 duas

400 4150 677 4207 ecclesias
739 4167 874 4224 quae
926 4151 1218 4223 pertinent
1264 4151 1394 4222 jam
1459 4150 1616 4206 dicto
1681 4153 2042 4210 monasterio

402 4241 597 4297 Sancti
623 4241 771 4296 Petri
796 4259 809 4309 ;
839 4257 963 4297 una
990 4245 1080 4296 est
1107 4231 1510 4296 tediﬁcata‘ad
1533 4241 1823 4297 honorem
1853 4243 2041 4299 sancti

397 4329 641 4396 Martini,
659 4329 720 4385 in
743 4329 877 4386 loco
907 4330 1010 4402 qui
1033 4329 1246 4386 dicitur
1276 4328 1536 4397 Orriolo;
1585 4329 1702 4385 alia
1722 4331 1910 4387 sancti
1943 4333 2042 4388 Sa-

2163 3168 2410 3240 accipiet
2437 3167 2540 3239 qui
2568 3166 2811 3239 propria
2841 3165 3065 3234 offeret,
3097 3171 3152 3221 et
3179 3165 3285 3238 qui
3314 3165 3633 3222 beneﬁcia
3669 3167 3860 3222 eccle-

2164 3258 2396 3314 siastica
2425 3256 2632 3312 reddet
2660 3256 2720 3311 in
2752 3271 3093 3322 commune,
3123 3259 3180 3311 et
3207 3255 3652 3312 benedictione
3702 3257 3864 3330 pari-

2160 3353 2322 3404 teret
2351 3346 2724 3403 absolutione
2751 3344 3079 3418 apostolica
3107 3345 3353 3401 fruetur.
3398 3345 3589 3411 Quod
3643 3347 3704 3402 si
3763 3347 3864 3402 ali-

2159 3437 2295 3510 quis
2344 3437 2681 3509 episcopus,
2733 3433 2823 3491 vel
2874 3435 3166 3507 cujusque
3209 3433 3526 3505 dignitatis
3579 3436 3861 3502 honore,

2159 3525 2323 3598 quod
2351 3524 2575 3581 ibidem
2605 3523 2871 3580 ablatum
2910 3523 3101 3591 fuerit,
3147 3539 3338 3597 pravo
3389 3523 3662 3593 ingenio
3719 3526 3865 3582 alie-

2157 3631 2320 3686 nare,
2353 3630 2647 3687 usurpare
2671 3613 2759 3670 vel
2789 3613 3048 3669 vendere
3077 3613 3352 3683 voluerit,
3393 3613 3862 3673 maledictione

2156 3704 2551 3761 anathematis
2580 3703 2948 3776 percellatur,
2989 3702 3407 3776 habeaturque
3433 3709 3798 3762 extraneus
3829 3723 3861 3760 ει

2156 3794 2621 3852 Christianorum
2666 3792 2962 3849 consortio
3009 3795 3066 3848 et
3094 3807 3279 3861 regno
3341 3791 3464 3848 Dei.
3519 3791 3664 3851 Hoc
3706 3812 3862 3852 vero

2154 3883 2460 3939 decretum
2489 3881 2714 3937 ﬁrmari
2739 3881 2816 3936 ab
2861 3880 3142 3936 omnibus
3176 3880 3461 3936 volumus
3495 3883 3860 3956 episcopis,

2153 3988 2306 4045 quos
2332 3970 2631 4028 Arnaldus
2661 3969 3014 4037 invitaverit,
3077 3969 3228 4026 sicut
3273 3985 3389 4026 nos
3433 3970 3672 4029 fecisse
3705 3974 3865 4029 infe-

2151 4062 2276 4118 rius
2334 4064 2694 4131 cognoscent
2748 4073 2821 4128 at.
2881 4062 3034 4115 Bene
3086 4059 3302 4116 valete.
3362 4059 3707 4118 Aldericus
3757 4064 3864 4118 Dei

2152 4152 2341 4222 gratia
2369 4149 2750 4206 Vercellencis
2779 4149 3120 4222 episcopus.
3163 4149 3522 4222 Reynaldus
3551 4153 3671 4209 Dei
3721 4170 3861 4224 gra-

2149 4241 2230 4298 tia
2255 4240 2556 4314 Papiensis
2587 4240 2925 4312 episcopus.
2951 4242 3175 4310 Petrus,
3205 4255 3393 4312 quem
3440 4241 3678 4299 dicunt
3736 4245 3862 4316 epi-

2150 4347 2401 4403 scopum
2453 4336 2670 4386 sanctae
2728 4328 2995 4400 Ruﬁinze,
3074 4329 3467 4385 subscribens
3542 4331 3860 4390 ﬁrmavit.

397 4417 635 4490 turnini,
660 4418 722 4474 in
751 4417 1148 4508 Flamalingis.
1181 4417 1394 4508 Manda
1432 4418 1695 4475 ArnaJdo
1733 4423 1799 4475 ut
1828 4420 2038 4478 reddat
2075 4455 2119 4508 Ι)
2150 4419 2455 4508 Oldericus
2473 4418 3247 4508 episcopusAurelianensis
3270 4419 3560 4508 {Ecclesiae
3581 4437 3666 4488 φεμ.
3692 4430 3867 4496 Bay-

397 4512 601 4564 sancto
629 4510 796 4565 Petro
825 4507 977 4564 duas
1020 4506 1298 4563 ecclesias
1347 4522 1484 4563 cum
1539 4508 1821 4564 omnibus
1867 4511 2044 4582 perti-

395 4597 608 4653 nentiis
656 4596 913 4665 illarum,
962 4599 1028 4652 ut
1065 4595 1273 4652 fratres
1320 4601 1760 4653 commorantes
1802 4598 1860 4658 in
1892 4607 2039 4672 praeL

395 4685 552 4742 dicto
602 4685 964 4743 monasterio
1027 4684 1293 4742 habeant
1345 4686 1420 4742 de
1493 4686 1719 4742 eisdem
1773 4688 2038 4744 ccclesiis

391 4775 556 4848 quod
585 4779 814 4832 rectum
841 4778 947 4843 est,
975 4777 1031 4830 et
1057 4780 1298 4847 propter
1330 4779 1497 4832 tuam
1539 4775 1805 4832 animam
1849 4777 2041 4850 quoti-

392 4861 485 4918 die
515 4863 849 4936 supplicent
876 4862 1108 4920 Domini
1155 4863 1549 4932 clementiam,
1608 4869 1692 4935 ut,
1743 4881 1880 4920 cum
1932 4882 2039 4939 per

2147 4507 2412 4564 mundus
2436 4506 2751 4580 episcopus
2777 4505 2850 4562 de
2875 4507 3093 4562 Rende.
3137 4505 3442 4563 Deodatus
3497 4512 3869 4588 episcopus

2149 4597 2434 4653 Lunensis
2461 4595 2740 4654 ﬁrmavit.
2772 4595 3013 4652 Alcuius
3042 4595 3304 4651 Astensis
3331 4595 3644 4658 ﬁrmavit.
3703 4607 3870 4662 Van-

2147 4685 2324 4741 dinus
2345 4684 2721 4741 Taurinensis
2749 4683 3024 4741 ﬁrmavit.
3061 4684 3399 4740 Bernardus
3431 4690 3866 4760 Aggenensis

2144 4775 2420 4831 ﬁrmavit.
2461 4774 2756 4830 Deodatus
2803 4773 3124 4846 episcopus
3166 4773 3585 4833 Tholonensis
3637 4783 3872 4840 ﬁrma-

2144 4864 2242 4920 vit.
2275 4866 2475 4919 Petrus
2500 4863 2818 4936 episcopus
2844 4862 3222 4919 Massiliensis
3249 4862 3546 4924 ﬁrmavit.

398 5011 3856 5041 ____.__.____________________________________________

1017 5122 1576 5210 EPISTOL/E
1634 5122 2365 5212 DIVERSORUM
2423 5123 2566 5208 AD
2623 5121 3159 5212 JOANNEM.

386 5362 657 5438 Epistola
679 5373 748 5430 S.
773 5369 1097 5445 Gyillelmi,
1144 5373 1373 5445 abbatis
1419 5375 1482 5445 S.
1524 5374 1784 5445 Benigni
1828 5377 2028 5432 Divia-

457 5446 670 5515 nensis,
702 5441 800 5515 ad_
807 5443 1094 5500 Joannem
1125 5443 1289 5500 XIX.
1321 5477 1390 5486 —
1419 5443 1617 5502 Monet
1647 5441 1776 5501 enm
1822 5463 1895 5502 ne
1922 5447 2032 5501 Ec-

457 5512 693 5572 clesium
753 5512 1475 5584 Constantinopolitanam
1519 5518 1880 5574 Universalis
1930 5532 2030 5572 no-

457 5600 586 5641 men
615 5584 731 5640 sibi
751 5583 1076 5640 attribuerc
1092 5583 1390 5655 patiatur.

627 5673 902 5747 (Manius,
931 5672 1086 5728 Acta
1112 5672 1214 5747 SS.
1234 5674 1462 5747 _Ben_ed.
1484 5676 1623 5747 Vlll,
1650 5677 1796 5747 335).

459 5740 653 5808 Gratia
681 5741 786 5801 Dei
809 5743 864 5806 et
886 5743 1212 5807 reverentia.
1233 5742 1393 5806 beati
1428 5745 1578 5806 Petri
1603 5740 1730 5807 ἑρθῶ
1757 5740 1838 5812 'in
1882 5743 2028 5806 orbe

2147 5307 2436 5358 terrarum
2492 5301 3000 5358 excellentissima:
3057 5303 3302 5376 indepto
3352 5319 3546 5378 papae
3610 5315 3868 5376 JDASSI,

2136 5395 2492 5462 WILLELMUS,
2548 5391 2738 5447 crucis
2787 5391 2999 5448 Christi
3049 5409 3277 5460 servus,
3341 5395 3577 5456 sedem
3621 5403 3865 5473 judice-

2137 5495 2271 5535 cum
2306 5481 2590 5551 apostolis
2619 5485 2675 5536 et
2697 5495 2984 5536 coronam
3015 5482 3201 5551 regni.

2207 5568 2461 5638 Magistri
2485 5569 2751 5639 gentium
2772 5569 2944 5625 dictis
2976 5570 3328 5627 instruimur
3349 5575 3709 5640 seniorem
3739 5602 3863 5642 non

2135 5658 2590 5730 increpandum.
2633 5657 2795 5713 Idem
2846 5663 3048 5714 tamen
3096 5659 3243 5716 alias
3299 5661 3448 5719 dicit
3483 5683 3498 5719 :
3541 5691 3574 5716 ‹‹
3616 5673 3864 5733 Factus

2138 5762 2272 5807 sum
2301 5745 2612 5822 insipiens,
2641 5761 2751 5807 vos
2779 5761 2874 5807 me
2905 5747 3246 5820 coegistis.»
3271 5749 3779 5832 Idcircoigitur
3801 5771 3867 5825 ﬁ.
