3944 6394
84 298 231 350 “57

1346 268 1702 347 EPISTOL/E
1739 284 1825 343 ET
1863 288 2285 352 DIPLOMATA.

3399 316 3537 372 H58

78 419 351 475 liationis
410 418 719 487 diligentia
786 418 1101 476 hortamur
1172 432 1560 475 communem
1635 430 1763 511 ves-
1792 416 1841 469 Α
1872 418 2166 490 surripere
2197 424 2562 483 auctoritatis
2607 432 2839 502 vestrae,
2871 432 3289 493 celsitudinem
3338 444 3539 511 petere

77 516 245 565 tram
311 508 729 582 paternitatem
784 514 851 564 ut
924 510 985 565 in
1040 525 1163 565 uno
1218 507 1530 565 imitemini
1601 503 1763 575 cogi-

77 600 341 654 tationes
372 598 691 653 hominum
737 598 1150 670 pervidentem
1199 598 1521 655 Dominum
1566 595 1765 652 Salva-

76 694 300 754 torem,
336 692 399 741 ut
451 686 661 742 dicatis
710 686 787 742 ad
838 687 1107 759 aliquem
1156 688 1330 742 vobis
1390 684 1762 749 unanimem,

74 777 611 850 quemadmodum
632 782 688 832 et
718 780 844 849 ipse
878 781 1045 832 Petro
1072 796 1082 831 :
1118 801 1143 825 ‹‹
1172 777 1325 842 Quid
1347 776 1555 831 dicunt
1574 773 1768 829 homi-

76 885 192 923 nes
242 868 317 923 de
366 868 567 923 me?»
624 868 680 923 Si
728 884 871 923 vero
923 884 1291 939 responsum
1350 868 1480 937 ejus
1525 882 1599 921 ex
1647 862 1765 917 tide

74 958 282 1030 fuerit,
332 958 791 1014 animadvertite
840 958 1096 1030 qualiter
1145 957 1446 1013 sonuerit:
1498 955 1547 1010 si
1588 954 1763 1020 clare,

75 1047 381 1104 custodite
439 1062 513 1102 ne
594 1046 979 1115 obfuscetur;
1038 1047 1087 1102 si
1138 1064 1281 1102 vero
1322 1046 1607 1113 obscure,
1664 1044 1767 1099 lux

77 1137 306 1193 mundi
350 1137 582 1193 oranda
615 1142 721 1205 est,
769 1137 1025 1211 qualiter
1078 1138 1157 1193 ita
1189 1136 1485 1206 fulgeatis,
1519 1140 1584 1191 ut
1632 1134 1766 1189 uni-

72 1229 275 1284 versis
326 1228 385 1284 in
441 1228 669 1298 gremio
736 1228 1009 1284 Ecclesiae
1072 1228 1408 1284 constitutis
1470 1226 1549 1283 ad
1603 1226 1766 1281 viam

76 1317 518 1373 mandatorum
546 1318 643 1373 Dei
662 1318 1059 1388 gradiendam
1081 1318 1284 1374 lumen
1308 1313 1768 1390 przebeatis.Sed

80 1412 174 1463 est
207 1407 375 1464 fama
407 1410 512 1472 rei,
544 1425 681 1481 quae
714 1425 907 1481 nuper
937 1408 1102 1482 apud
1134 1425 1237 1465 vos
1272 1408 1506 1476 accidit,
1538 1407 1612 1462 de
1642 1421 1767 1478 qua

78 1498 227 1569 quis
261 1498 490 1563 adiens,
517 1498 562 1552 si
593 1514 715 1553 non
740 1498 1472 1565 scandalizantur,noverit
1498 1514 1557 1551 se
1587 1495 1765 1566 longe

84 1586 166 1641 ab
192 1603 399 1643 amore
422 1603 684 1659 superno
707 1588 1329 1661 disparari.Quoniam
1352 1586 1485 1643 licet
1504 1591 1765 1659 potestas

84 1676 366 1731 Romanii
383 1676 779 1749 imperii,quaa
804 1677 946 1733 olim
969 1677 1029 1732 in
1049 1677 1191 1732 orbe
1220 1682 1511 1733 terrarum
1529 1692 1767 1731 monar-

1874 507 2022 563 velle
2049 526 2060 575 ;
2093 516 2392 582 quatenus
2437 522 2684 589 accepta
2714 534 2750 575 a
2778 520 2952 577 vobis
2995 522 3231 582 licentia
3262 507 3539 585 eae—mete-

1874 596 2029 653 rium
2060 606 2332 659 nostrum
2363 604 2440 660 ad
2487 622 2547 661 se
2579 607 2935 665 transferant
2963 611 3023 667 in
3055 614 3385 672 castellum.
3425 618 3541 673 Sci-

1877 688 1947 743 tis
1978 694 2177 747 autem
2219 694 2384 765 quod
2416 695 2463 750 si
2492 696 2595 768 qui
2626 698 2939 771 antiquam
2990 705 3225 759 Patrum
3256 708 3541 764 constitu-

1876 779 2099 836 tionem
2129 788 2363 839 mutare
2389 784 2616 857 volunt,
2648 803 2771 843 non
2796 806 2931 861 qute
2976 792 3098 861 Dei,
3124 792 3229 848 sed
3259 811 3393 866 quze
3431 814 3542 854 sua

1877 874 2035 940 sunt,
2068 878 2347 943 quaerunt
2382 893 2393 941 ;
2426 891 2713 946 rogamus
2753 895 2894 949 ergo
2945 888 3187 955 propter
3234 887 3421 941 Deum
3464 903 3540 943 ne

1877 960 2241 1032 concedatis,
2273 967 2328 1019 et
2375 980 2488 1021 nos
2531 972 2867 1040 opportune
2916 973 3271 1030 memoriam
3322 977 3541 1034 servitii

1876 1050 2255 1109 habebimus.

2663 1132 2750 1189 ιν.

1876 1217 2150 1285 Epistola
2175 1218 2437 1275 Jordani
2462 1218 2725 1289 episcopi
2760 1220 3186 1281 Lemovicensz’s
3225 1226 3307 1283 ad
3348 1229 3537 1286 Bene-

1947 1309 2171 1365 dictum
2200 1324 2425 1378 papam
2462 1309 2623 1378 VIII,
2658 1310 2731 1367 dc
2752 1329 2869 1369 non
2892 1316 3172 1383 ponendo
3200 1319 3260 1373 S.
3285 1318 3539 1375 Martia-

1952 1400 1997 1453 li
2025 1401 2085 1453 in
2116 1415 2361 1455 numero
2395 1400 2799 1469 apostolorum
2831 1404 2927 1474 (4).

2089 1489 2273 1558 [GalL
2308 1489 2532 1545 Christ.
2571 1490 2651 1557 II,
2680 1489 2968 1563 append.,
3002 1507 3140 1565 pag.
3180 1496 3321 1566 161.]

1948 1580 2180 1634 Domno
2206 1594 2275 1634 ac
2315 1577 2660 1649 venerabili,
2695 1582 2813 1635 Deo
2844 1585 2900 1636 et
2926 1581 3273 1638 hominibus
3298 1583 3535 1657 dilecto,

1875 1685 2051 1742 papze
2099 1673 2305 1725 nostro
2355 1672 2678 1738 Bexemcro,
2720 1672 3007 1727 Roeeercs
3050 1672 3151 1728 Dei
3197 1673 3387 1743 gratia
3433 1692 3538 1731 rex

77 1767 223 1820 ches
258 1765 462 1834 viguit,
492 1781 651 1820 nunc
679 1783 785 1838 per
813 1765 1050 1821 diversa
1084 1771 1373 1821 terrarum
1416 1766 1551 1821 loca
1580 1766 1756 1820 innu-
1797 1766 1837 1820 Β
1872 1767 2256 1827 Francorum,
2306 1761 2623 1815 GriLELucs
2668 1759 2793 1815 dux
2850 1761 3309 1833 Aquitanorum,
3340 1764 3535 1820 archi-

76 1854 262 1909 mcris
284 1858 525 1923 regatur
556 1855 825 1927 sceptris,
850 1854 1079 1923 ligandi
1106 1854 1495 1927 solvendique
1518 1856 1577 1909 in
1600 1854 1749 1909 cmlo

77 1950 135 1998 et
160 1944 222 1998 in
248 1949 401 1999 terra
422 1948 685 2016 potestas
708 1944 1000 1999 incumbit
1022 1943 1363 2013 magisterio
1388 1944 1749 2016 Petri.Atque

78 2034 305 2088 idcirco
350 2032 463 2089 ista
492 2033 777 2101 diximus,
812 2038 877 2089 ut
899 2033 1388 2089 animadvertatis
1432 2049 1554 2089 non
1583 2034 1753 2089 aliter

80 2128 318 2178 Griecos
335 2139 521 2195 quam
539 2123 893 2195 cenodoxia,
915 2125 1029 2179 hoc
1047 2124 1213 2196 quod
1230 2123 1572 2179 audivimus
1590 2123 1755 2196 apud

78 2230 192 2269 vos
224 2212 545 2284 requirere,
570 2213 999 2285 impetravisse.
1030 2216 1106 2268 De
1139 2219 1350 2269 eretero
1378 2229 1622 2285 quoque
1644 2229 1751 2285 op-

82 2308 305 2372 tamus,
336 2304 420 2357 uti
446 2303 850 2359 universalem
873 2302 1041 2359 decet
1065 2304 1406 2372 antistitem,
1429 2320 1534 2358 vos
1556 2303 1753 2357 acrius

80 2393 141 2447 in
188 2393 559 2464 correptione
591 2398 647 2448 et
691 2392 1012 2465 disciplina
1062 2399 1278 2449 sanctae
1310 2399 1366 2448 ct
1415 2392 1756 2465 apostolicae

80 2482 359 2537 Ecclesiae
401 2482 616 2555 vigere,
640 2487 979 2555 aeterneque
1028 2488 1085 2539 ct
1128 2483 1370 2539 feliciter
1422 2481 1481 2537 in
1528 2481 1755 2537 Christo

80 2571 305 2628 valere.

892 2664 957 2719 Il.

81 2752 369 2821 Ejusdem
402 2752 483 2809 ad
515 2753 803 2808 eumdem.
836 2784 905 2792 -——
933 2752 1250 2807 Invenitur
1278 2754 1338 2808 in
1367 2752 1755 2809 Simoniacos.

513 2844 791 2912 [M.\BILL.,
826 2843 968 2897 ibid.
1002 2858 1143 2914 pag.
1176 2844 1323 2913 330.]

156 2931 397 2995 Parcite,
429 2947 655 3003 quaeso,
690 2931 933 3003 parcite,
953 2932 1057 3003 qui
1089 2931 1358 2987 dicimini
1390 2932 1479 2988 sal
1512 2936 1679 2987 terrae
1704 2935 1759 2987 et

80 3000 184 3077 1ιιΧ
216 3000 468 3076 mundi:
489 3000 753 3076 Sufﬁciat
783 3000 1134 3076 hominibus
1171 3022 1299 3092 jam
1330 3021 1515 3078 semel
1564 3022 1757 3078 Chris—

1859 1850 2179 1922 episcopus
2268 1846 2665 1918 Bituricensis,
2745 1850 3235 1923 archiepiscopus
3312 1852 3534 1908 Burde-

1859 1940 2138 2011 galensis,
2200 1937 2689 2010 archiepiscopus
2747 1941 3127 2008 Turonensis,
3198 1959 3534 2016 omnesque

1859 2045 2069 2085 eorum
2146 2026 2534 2096 suffraganei,
2595 2043 2699 2082 nec
2754 2044 2877 2083 non
2936 2034 3277 2087 ISEMBERTI’S
3353 2032 3537 2087 Picta-

1858 2119 2083 2187 vensis,
2137 2122 2434 2173 ARNALDUS
2478 2117 3021 2187 Petroguoricensis
3058 2139 3070 2186 ;
3101 2123 3326 2188 Jesom,
3389 2124 3530 2190 Roo,

1861 2207 2172 2279 caeterique
2225 2222 2435 2261 eorum
2486 2204 2835 2274 confratres,
2875 2209 3159 2264 Jonnuts
3210 2210 3532 2282 episcopus

1863 2296 2320 2363 Lemovicensis,
2376 2296 2480 2368 qui
2538 2296 2697 2351 hanc
2771 2296 3041 2353 chartam
3102 2298 3359 2355 scribere
3411 2301 3537 2370 jus-

1863 2388 1954 2454 sit,
1987 2387 2049 2443 hi
2080 2402 2292 2443 omnes
2323 2385 2551 2442 domno
2581 2386 2909 2459 apostolico
2955 2387 3211 2445 salutem
3254 2393 3309 2444 et
3356 2388 3535 2445 dilec-

1865 2473 2109 2530 tionem.

1936 2565 2260 2621 Dominum
2290 2568 2565 2621 nostrum
2605 2567 2806 2621 Jesum
2849 2566 3144 2623 Christum
3200 2567 3422 2622 scimus
3476 2572 3537 2623 et

1866 2654 2165 2712 credimus
2209 2653 2531 2710 duodecim
2577 2654 2689 2709 sibi
2739 2654 2988 2723 elegisse
3031 2655 3359 2727 apostolos,
3403 2656 3532 2728 qui-

1864 2741 1979 2797 bus
2024 2739 2188 2796 dedit
2234 2743 2590 2812 potestatem
2634 2738 2858 2809 ligandi
2901 2744 3080 2811 atque
3122 2739 3431 2807 solvendi;
3460 2756 3533 2795 ex

1865 2829 2087 2903 quibus
2117 2828 2326 2885 cecidit
2354 2844 2512 2883 unus
2545 2827 2787 2883 nomine
2811 2827 3014 2893 ludas,
3044 2828 3105 2885 in
3133 2830 3304 2899 cujus
3330 2829 3531 2885 locum

1868 2920 2062 2976 caeteri
2092 2918 2345 2991 apostoli
2374 2918 2680 2988 elegerunt
2710 2917 2893 2973 alium
2943 2918 3186 2974 nomine
3228 2919 3531 2984 Mathiam,

1866 3015 1933 3066 ut
1960 3009 2314 3065 duodenum
2358 3012 2760 3064 restaurarent
2783 3023 3104 3063 numerum
3134 3027 3147 3075 ;
3179 3008 3240 3063 in
3270 3025 3531 3080 quorum

82 3116 211 3164 tum
242 3110 421 3166 fuisse
452 3110 763 3166 venditum
793 3126 903 3183 pro
944 3112 1253 3167 communi
1297 3111 1488 3167 salute
1521 3111 1756 3166 univer-
1798 3124 1838 3179 ο
1868 3101 2236 3157 consortium
2260 3098 2548 3155 Dominus
2574 3102 2772 3153 noster
2794 3098 2943 3153 alios
2974 3098 3351 3172 septuaginta
3376 3099 3532 3154 duos

82 3216 309 3254 sorum.
343 3202 473 3254 lam
505 3199 661 3254 enim
695 3199 920 3270 refugaa
948 3200 1071 3256 veri
1100 3200 1366 3271 luminis,
1400 3200 1529 3257 solo
1560 3201 1761 3256 nomi-

81 3305 156 3343 ne
186 3293 481 3360 pastores,
539 3288 695 3344 ovile
729 3289 961 3357 Christi,
990 3290 1113 3345 imo
1161 3291 1436 3347 membra
1466 3290 1641 3356 illius,
1676 3291 1757 3345 vi-

81 3379 215 3433 dete
234 3383 367 3450 post
387 3396 490 3434 vos
519 3395 641 3451 quo
669 3383 832 3435 eunt.
852 3380 908 3436 Si
927 3380 1099 3450 juxta
1125 3382 1351 3437 fontem
1379 3386 1535 3453 tepet
1564 3381 1757 3448 rivus,

82 3467 141 3521 in
191 3466 592 3540 longinquum
650 3468 827 3524 fetere
876 3468 1022 3525 nulli
1072 3470 1330 3526 dubium
1379 3476 1486 3526 est.
1534 3470 1758 3525 Idcirco

82 3573 227 3612 cura
278 3557 647 3629 quibusdam
705 3558 982 3613 venditur
1051 3559 1128 3614 ad
1184 3575 1362 3615 suum
1430 3560 1753 3615 interitum.

82 3647 223 3703 Volo
255 3664 365 3703 vos
398 3652 669 3721 pastores
713 3665 783 3705 ac
813 3648 1129 3721 pontifices
1157 3665 1367 3705 omnes
1400 3649 1459 3704 in
1491 3665 1760 3705 commu-

79 3754 155 3794 ne
176 3737 396 3809 judicis
429 3739 684 3795 securim
713 3738 1017 3809 gestantis,
1038 3743 1173 3794 ante
1200 3739 1455 3809 januam
1483 3738 1758 3794 assisten-

84 3827 152 3882 tis
184 3843 504 3882 memores.

866 3921 957 3973 lll.

79 4008 416 4064 Halinardi
490 4007 721 4064 abbatis
794 4008 993 4063 sancti
1040 4007 1305 4077 Bcnigm'
1368 4007 1615 4076 epistola
1677 4007 1759 4062 ad

543 4099 835 4153 Joannem
866 4112 1091 4167 papam
1126 4098 1287 4152 XIX.

202 4186 481 4256 [MABII.L.,
514 4187 741 4242 Annal.
776 4186 999 4242 Bencd.
1042 4186 1137 4253 IV,
1170 4185 1443 4258 Append.
1480 4186 1629 4257 728.]

153 4276 407 4332 Domino
439 4282 647 4331 sancto
676 4275 853 4331 totius
891 4275 1055 4331 orbis
1088 4275 1401 4343 magistro,
1433 4278 1632 4331 JOANNI
1676 4276 1759 4332 vi-

78 4365 310 4436 delicet,
352 4364 677 4420 universali
721 4380 919 4438 papae,
966 4369 1021 4420 et
1050 4364 1293 4420 humilis
1326 4364 1518 4422 abbas
1561 4369 1757 4439 potes-

80 4456 213 4512 tatis
281 4454 479 4511 Sancti
552 4454 815 4525 Benigni,
872 4470 1011 4509 cum
1083 4460 1203 4510 tota
1276 4456 1738 4526 congregatione
1775 4481 1819 4536 ι)

84 4548 429 4600 sanctorum
459 4542 660 4598 ﬁdelia
691 4543 1030 4599 orationum
1062 4544 1320 4600 servitia.

152 4637 361 4689 Totum
393 4648 512 4687 non
545 4632 685 4688 latet
712 4631 1011 4688 mundum
1044 4636 1331 4689 Romamre
1377 4633 1618 4690 Ecclsize
1646 4651 1757 4708 pa-

83 4728 301 4779 storem
332 4720 665 4793 apostolica
699 4720 823 4776 vice
862 4720 943 4777 ita
972 4720 1160 4791 fungi,
1206 4726 1270 4777 ut
1310 4722 1476 4795 quod
1523 4722 1650 4795 ipse
1697 4724 1757 4779 in

81 4810 445 4869 eclesiastico
500 4809 710 4865 ordine
757 4809 1150 4882 constituerit,
1180 4814 1399 4879 ratum,
1431 4812 1645 4869 stabile
1702 4817 1758 4869 et

83 4892 419 4956 inviolabile
450 4902 831 4971 permaneret
855 4898 918 4953 in
947 4915 1167 4955 tevum.
1204 4900 1465 4969 Dignum
1492 4917 1634 4971 ergo
1667 4918 1760 4975 est

83 4995 148 5045 ut
176 4988 489 5045 resolutori
517 4988 737 5044 civium
763 4988 1167 5062 philosogiam
1198 4989 1509 5056 virtutum,
1535 4990 1758 5047 scilicet

84 5078 500 5134 discretionem
520 5094 756 5150 semper
771 5077 991 5134 habeat
1008 5094 1234 5148 secum,
1248 5095 1323 5135 ne
1344 5079 1614 5136 videlicet
1634 5081 1751 5149 ille,

87 5169 178 5225 cui
202 5172 464 5241 potestas
488 5168 877 5225 ecclesiarum
905 5167 1071 5238 data,
1089 5168 1205 5225 hoc
1234 5169 1585 5239 ignoranter
1612 5185 1752 5243 pro-

84 5264 213 5333 pter
239 5274 594 5315 susurrones
624 5259 962 5326 constituat,
990 5259 1157 5331 quod
1190 5275 1331 5315 cum
1358 5276 1567 5317 veram
1599 5261 1751 5317 auti-

85 5348 371 5421 quitatem
388 5348 627 5403 noverit
646 5348 949 5404 destruere
976 5363 1101 5404 non
1133 5348 1383 5405 dubitet.
1408 5352 1527 5406 Hoc
1550 5356 1749 5407 autem

86 5440 262 5509 patet,
284 5434 420 5490 ideo
444 5440 705 5491 vestram
727 5436 1211 5509 praeoccupando
1231 5436 1446 5493 faciem
1468 5438 1746 5507 dicimus,

88 5524 226 5597 quia
258 5524 530 5580 notitioni
577 5529 796 5580 nostraa
828 5525 1208 5583 enucleatum
1238 5531 1345 5597 est,
1369 5528 1594 5584 vicinos
1637 5544 1747 5584 no-

90 5620 235 5671 stros
281 5614 605 5671 canonicos
656 5616 1062 5673 monasticam
1105 5616 1400 5675 honorem
1448 5617 1746 5675 inhiantes

1870 3192 1983 3247 sibi
2030 3190 2222 3260 elegit,
2254 3205 2410 3261 quos
2440 3193 2496 3244 et
2523 3186 2849 3260 discipulos
2900 3188 3155 3258 vocavit,
3188 3203 3259 3243 ex
3307 3187 3530 3261 quibus

1868 3282 2080 3338 beatus
2128 3284 2331 3337 Petrus
2386 3279 2666 3352 princeps
2714 3276 3125 3351 apostolorum
3177 3294 3368 3333 unum
3418 3278 3533 3335 sibi

1870 3372 2045 3442 elegit
2072 3370 2316 3427 nomine
2346 3368 2690 3433 Martialem,
2722 3368 2824 3439 qui
2858 3384 2979 3424 una
3026 3384 3165 3423 cum
3208 3367 3287 3423 ilo
3326 3367 3534 3425 aderat

1869 3468 2004 3517 ante
2043 3459 2421 3533 praesentiam
2481 3457 2715 3512 Domini
2764 3457 2948 3512 nostri
2986 3459 3125 3511 Jesu
3167 3456 3423 3526 Christi;
3477 3462 3533 3513 et

1869 3550 1948 3606 ad
1978 3565 2213 3605 coenam
2244 3552 2299 3603 et
2330 3546 2671 3617 ubicunque
2717 3545 3004 3600 Dominus
3043 3549 3247 3600 noster
3286 3545 3531 3617 aliquod

1870 3638 1991 3693 suis
2022 3635 2307 3710 apostolis
2336 3634 2691 3690 ostendebat
2719 3633 3099 3699 miraculum,
3132 3633 3342 3689 beatus
3383 3636 3529 3690 Mar-

1867 3727 2020 3783 tialis
2064 3742 2203 3781 cum
2254 3726 2309 3780 S.
2358 3726 2525 3778 Petro
2568 3720 2845 3776 interfuit.
2902 3721 3016 3777 Sed
3071 3726 3207 3794 post
3258 3726 3531 3778 sanctam

1868 3814 2103 3872 Domini
2163 3812 2660 3870 resurrectionem
2717 3827 2787 3866 ac
2849 3811 3262 3866 ascensionem
3318 3811 3529 3867 beatus

1867 3905 2159 3971 Martialis,
2187 3903 2293 3977 qui
2320 3902 2428 3958 fuit
2447 3919 2519 3958 ex
2547 3900 2925 3975 septuaginta
2951 3901 3191 3957 duobus
3218 3901 3527 3974 discipulis

1865 4011 2043 4061 unus,
2076 3994 2253 4049 beato
2304 3995 2471 4048 Petro
2525 3989 2907 4057 adhaerebat;
2968 4006 3152 4063 quem
3206 3989 3529 4047 Martialem

1866 4086 2079 4142 beatus
2109 4086 2310 4138 Petrus
2340 4098 2480 4137 cum
2527 4079 2768 4135 duobus
2797 4078 3163 4151 presbyteris
3212 4079 3529 4152 Alpiniano

1866 4180 1923 4232 et
2002 4171 2459 4229 Austricliniano
2536 4169 2819 4226 Gallicam
2896 4174 3133 4239 gentem
3203 4169 3530 4241 praedicare

1865 4262 2213 4320 transmisit.
2286 4260 2372 4316 Illi
2439 4275 2582 4315 vero
2652 4260 2760 4314 iter
2839 4263 3174 4330 carpentes,
3242 4262 3531 4315 venerunt

1867 4355 2101 4422 Elsam;
2156 4353 2240 4408 ibi
2288 4355 2561 4407 mortuus
2615 4353 2701 4405 est
2747 4347 3242 4404 Austriclinianus
3273 4362 3429 4402 unus
3456 4363 3529 4403 ex

1865 4442 2252 4518 presbyteris.
2306 4440 2447 4497 Inde
2502 4439 2698 4495 statim
2730 4438 2943 4493 beatus
2975 4436 3251 4493 Martialis
3292 4436 3529 4492 rediens

1838 4540 2134 4605 -Romam,
2167 4534 2375 4587 sancto
2415 4528 2691 4601 apostolo
2731 4542 2920 4582 unum
2951 4542 3023 4582 ex
3053 4525 3371 4582 comitibus
3406 4526 3528 4581 suis

1867 4628 2175 4682 mortuum
2232 4619 2563 4683 nuntiavit;
2606 4617 2701 4673 cui
2754 4615 3061 4690 apostolus
3111 4615 3237 4671 ait:
3288 4638 3315 4663 «
3348 4617 3527 4672 Sume

1867 4716 1971 4772 tibi
1999 4712 2285 4771 baculum
2328 4710 2528 4777 istum,
2562 4712 2619 4765 et
2648 4724 2787 4763 cum
2818 4705 3133 4779 pervenias
3178 4705 3257 4761 ad
3286 4722 3523 4778 corpus,

1868 4814 2045 4879 tange
2098 4804 2256 4862 istud
2286 4803 2400 4859 isto
2431 4817 2568 4857 meo
2615 4797 2853 4867 baculo,
2884 4802 2941 4854 et
2983 4796 3078 4852 dic
3114 4814 3125 4850 :
3159 4798 3232 4851 In
3290 4798 3529 4853 nomine

1866 4901 2011 4955 Dom
2022 4899 2107 4953 ini
2127 4896 2316 4952 nostri
2333 4898 2465 4949 Jcsu
2488 4891 2717 4949 Christi
2734 4886 3526 4958 surge,Austricliane,Deus

1867 4989 1974 5045 erit
2003 5003 2205 5043 comes
2236 4982 2458 5040 itineris
2490 4982 2591 5037 tui.
2626 5004 2651 5029 ››
2698 4982 2908 5034 Beatus
2948 4975 3219 5033 Martialis
3244 4975 3415 5045 jussa
3467 4978 3521 5032 S.

1866 5076 2121 5151 apostoli
2168 5073 2455 5147 implevit,
2503 5070 2689 5140 tetigit
2717 5083 2935 5140 corpus
2978 5064 3437 5135 Austricliniani,
3470 5070 3527 5123 et

1864 5168 2063 5226 statim
2086 5182 2273 5222 sanus
2303 5164 2547 5219 effectus
2578 5165 2685 5227 est;
2704 5157 2841 5214 inde
2872 5154 3523 5230 proﬁciscentes,vene-

1861 5262 2002 5315 runt
2050 5254 2427 5313 Lemovicam
2476 5250 2792 5306 civitatem.
2848 5245 2932 5301 lbi
2983 5244 3341 5300 invenerunt
3400 5246 3523 5302 Ste-

1860 5349 2135 5422 phanum
2156 5345 2373 5401 ducem
2394 5357 2534 5399 cum
2555 5343 2677 5396 tota
2702 5335 2929 5393 familia
2951 5349 3063 5391 sua
3082 5333 3244 5391 idola
3268 5334 3526 5391 adoran-

1859 5445 2000 5507 tem,
2028 5453 2211 5511 quem
2233 5436 2429 5491 statim
2452 5427 2805 5500 evangelicis
2831 5423 3181 5500 praedicavit
3200 5424 3418 5498 verbis,
3444 5423 3523 5482 ad

1861 5526 2357 5586 Christianitatem
2389 5520 2694 5587 convertit,
2738 5521 2793 5574 et
2822 5533 2961 5573 cum
2992 5519 3114 5572 tota
3142 5514 3371 5572 familia
3412 5531 3523 5571 sua

1857 5616 2198 5692 baptizavit.
2232 5618 2295 5670 In
2337 5629 2409 5670 eo
2440 5616 2641 5670 autem
2671 5608 2894 5683 templo
2922 5606 3027 5665 ubi
3056 5606 3184 5682 ipse
3213 5606 3339 5665 dux
3383 5609 3519 5665 ante

158 5798 231 5875 tt)
256 5798 483 5858 Interea
512 5795 827 5863 Benedicto
853 5768 1343 5881 papa‘defuncto,
1375 5798 1639 5879 epistolae
1669 5797 1915 5869 Jordani
1938 5798 2253 5879 respondit
2279 5798 2541 5861 Joannes
2567 5796 2693 5861 XIX.
