3888 6416
364 297 498 387 i159

1368 320 1771 386 GODEHARDI
1799 317 2115 382 EPISCOPI‘
2135 318 2753 385 HILDESHEIMENSIS

3704 327 3840 381 “60

362 451 657 510 adorabat
678 452 838 509 idola
858 467 1011 510 vana
1032 455 1089 508 et
1110 450 1313 522 surda,
1339 451 1551 508 beatus
1574 449 1849 509 Martialis
1872 464 2009 505 cum
2040 450 2086 502 Α
2114 450 2494 518 Francorum,
2552 451 2965 520 Alvernorum,
3024 454 3403 517 Vasconum,
3478 448 3835 521 Aquitano-

361 541 605 598 duobus
636 542 758 597 suis
785 540 1144 615 presbyteris
1169 540 1483 614 Alpiniano
1514 545 1570 597 et
1597 539 2007 608 Austricliano,

363 630 680 701 adjuvante
710 630 862 686 duce
896 630 1215 702 Stephano,
1243 629 1552 687 basilicam
1582 630 1927 697 construxit,
1955 632 2011 684 et

361 720 421 776 in
450 721 673 775 honore
702 720 764 775 Β.
810 719 1091 792 Stephani
1132 720 1309 792 primi
1345 720 1623 792 martyris
1666 719 1962 775 dedicavit
1994 734 2006 787 ;

358 810 442 865 ibi
469 809 672 865 divina
694 807 1012 865 celebravit
1033 809 1335 882 mysteria,
1352 808 1892 879 admonuit,docuit
1911 825 2009 863 us-

359 913 473 970 que
492 896 641 954 dum
657 901 843 954 totam
857 897 1270 966 Aquitanicam
1287 904 1523 969 gentem
1541 897 1684 954 avia
1700 899 1911 954 erroris
1932 896 2011 953 ad

359 1002 563 1043 veram
590 986 799 1057 vitam,
821 1002 955 1060 quae
979 987 1238 1045 Christus
1259 986 1679 1060 est,perduxit;
1704 987 1911 1043 tandiu
1928 985 2011 1042 ibi

359 1076 681 1133 missarum
738 1074 1029 1132 solemnia
1085 1076 1397 1133 celebravit
1444 1092 1637 1149 usque
1679 1077 1826 1132 dum
1875 1081 2009 1132 ante

360 1165 560 1237 ipsum
584 1165 768 1222 altare
793 1165 1244 1238 protomartyris
1266 1165 1546 1238 Stephani
1566 1164 1774 1231 ﬁnivit,
1794 1169 1850 1220 et
1873 1181 2011 1220 cum

361 1270 585 1324 magna
606 1254 956 1326 angelorum
971 1255 1299 1311 reverentia
1315 1255 1581 1311 animam
1600 1257 1718 1311 Deo
1734 1253 2007 1310 reddidit.

363 1345 489 1399 Dux
530 1356 670 1399 vero
729 1343 1062 1416 Stephanus
1105 1360 1243 1399 cum
1276 1360 1497 1414 magno
1527 1344 1755 1400 honore
1793 1359 2011 1416 corpus

359 1431 513 1487 illius
546 1430 707 1487 foras
750 1431 1043 1488 civitatem
1087 1432 1367 1506 sepelivit,
1394 1432 1453 1488 in
1480 1448 1549 1488 eo
1575 1432 1708 1488 loco
1746 1431 1851 1488 ubi
1882 1433 2012 1505 ipse

361 1525 599 1576 sanctus
627 1520 899 1578 Martialis
945 1520 1256 1577 ecclesiam
1296 1522 1355 1578 in
1385 1522 1613 1577 honore
1646 1523 1700 1578 S.
1737 1521 1889 1577 Petri
1921 1521 2012 1577 sui

359 1608 627 1679 magistri
655 1606 988 1666 aediﬁcavit.
1024 1611 1079 1667 S.
1112 1609 1461 1666 Aurelianus
1493 1626 1800 1665 successor
1833 1609 2007 1679 illius,

360 1714 540 1770 quem
568 1698 694 1770 ipse
728 1700 782 1756 S.
833 1698 1108 1755 Martialis
1136 1699 1210 1754 de
1257 1699 1488 1756 inferno
1534 1699 1730 1770 traxit,
1766 1699 2007 1768 Ebulus,

2116 540 2272 604 rum,
2304 555 2441 595 cum
2470 541 2691 613 quibus
2732 557 2843 612 ego
2872 540 2957 596 fui
2984 540 3243 608 locutus,
3278 537 3739 613 comprobant
3786 536 3834 595 εἰ

2119 627 2477 686 confirmant
2502 631 2948 687 sanctissimum
2999 630 3424 686 confessorem
3490 627 3833 685 Martialem

2116 731 2238 770 non
2265 717 2480 773 debere
2512 719 2715 775 tollere
2757 719 2831 775 de
2862 719 2962 775 illo
3007 719 3143 775 loco
3192 718 3297 775 ubi
3355 717 3589 775 sancti
3636 720 3831 773 Patres

2117 807 2171 858 et
2198 807 2379 862 nostri
2410 813 2814 864 antecessores
2843 825 2982 864 eum
3023 812 3389 880 posuerunt,
3428 812 3499 863 et
3534 822 3676 862 non
3708 823 3833 862 esse

2117 894 2514 965 apostolatum
2562 896 2677 952 nisi
2734 896 3081 953 auctoritate
3140 896 3681 969 comprobatum.
3740 900 3834 952 Ta-

2116 981 2234 1038 lem
2286 983 2491 1040 dicunt
2544 985 2835 1042 rationem
2883 1003 2896 1041 :
2960 1009 2987 1036 «
3040 986 3097 1042 Si
3150 1001 3264 1055 ego
3322 988 3385 1042 S.
3454 984 3825 1055 Martialem,

2117 1070 2220 1143 qui
2249 1070 2357 1128 fuit
2381 1088 2453 1128 ex
2483 1074 2859 1145 septuaginta
2888 1073 3149 1140 duobus,
3177 1074 3234 1129 in
3271 1089 3566 1130 numero
3600 1089 3828 1147 ponam

2118 1160 2547 1232 apostolorum,
2576 1161 2657 1216 illi
2686 1178 2896 1218 omnes
2943 1162 3331 1236 septuaginta
3363 1162 3549 1219 duos
3606 1163 3674 1218 in
3726 1180 3826 1218 nu-

2117 1263 2283 1303 mero
2311 1253 2545 1320 ponunt
2571 1250 3002 1323 apostolorum,
3036 1256 3091 1306 et
3132 1250 3239 1305 ubi
3270 1266 3508 1307 eorum
3570 1266 3828 1324 corpora

2120 1337 2500 1411 condiuntur,
2532 1338 2731 1412 ipsum
2760 1339 2960 1396 locum
2992 1356 3103 1413 pro
3133 1340 3510 1414 apostolatu
3540 1347 3778 1397 tenere.
3805 1368 3824 1390 ει

2119 1427 2251 1482 Tibi
2297 1444 2458 1491 vero,
2510 1444 2621 1499 ego
2667 1430 2983 1498 Jordanus,
3040 1429 3151 1486 has
3204 1430 3451 1486 litteras
3513 1433 3707 1487 mitto
3764 1433 3827 1486 de

2118 1522 2285 1589 parte
2315 1517 2563 1574 istorum
2591 1519 3034 1592 praedictorum,
3063 1519 3222 1591 regis
3272 1520 3527 1576 scilicet
3564 1520 3823 1588 Boberti,

2119 1605 2405 1662 Guillelmi
2458 1606 2626 1663 ducis
2672 1607 3131 1680 Aquitanorum,
3182 1609 3821 1683 archiepiscoporum

2119 1696 2409 1763 omnium,
2460 1695 2735 1753 videlicet
2781 1698 3236 1770 catholicorum,
3292 1698 3407 1772 qui
3466 1700 3641 1756 mihi
3689 1717 3822 1757 con-

358 1786 572 1855 Alicus,
628 1789 1093 1858 Ermogevianus
1152 1788 1368 1861 aliique
1426 1789 1555 1860 ejus
1634 1804 2009 1844 successores
2047 1798 2087 1852 Β
2118 1785 2414 1841 tradicunt
2460 1802 2535 1842 ne
2579 1791 2853 1842 sanctum
2898 1787 3223 1844 Martialem
3273 1788 3335 1844 in
3390 1804 3692 1846 numero
3737 1807 3825 1862 po-

359 1891 547 1948 usque
574 1875 810 1946 triginta
854 1894 975 1933 sex.
1010 1880 1131 1948 Ego
1160 1894 1299 1934 vero
1344 1878 1634 1952 septimus
1682 1878 1785 1951 qui
1833 1894 2016 1933 vocor

357 1965 670 2036 Jordanus,
701 1966 974 2023 omnium
1021 1967 1284 2024 intimus.
1319 1968 1387 2023 Hi
1438 1984 1650 2024 omnes
1683 1983 1793 2040 pro
1838 1982 2013 2023 sanc-

359 2054 584 2111 tissimo
624 2055 960 2112 confessore
991 2073 1130 2113 eum
1171 2056 1532 2113 habuerunt.
1565 2057 1837 2115 Similiter
1882 2073 2014 2113 om-

357 2158 464 2199 nes
493 2142 759 2200 abbates'
772 2144 834 2200 in
863 2146 992 2217 ejus
1041 2146 1404 2201 monasterio
1432 2145 1774 2201 habitantes
1823 2162 2014 2217 usque

357 2232 420 2288 in
446 2232 804 2290 hodiernum
835 2233 1014 2291 diem.
1050 2238 1160 2290 Iste
1207 2234 1418 2301 abbas,
1450 2233 1554 2306 qui
1583 2250 1744 2290 nunc
1771 2239 1880 2301 est,
1909 2250 2014 2290 no-

356 2321 534 2378 vitate
564 2320 869 2396 deceptus,
898 2323 1180 2397 superbia
1209 2323 1419 2395 elatus,
1449 2324 1611 2379 venit
1655 2324 1732 2379 ad
1759 2340 1875 2391 me,
1909 2316 2015 2396 qui

359 2427 492 2466 sum
535 2410 702 2468 vilior
742 2412 893 2468 meis
940 2412 1435 2478 antecessoribus,
1468 2412 1796 2486 deprecans
1845 2417 1910 2468 ut
1949 2415 2011 2468 in

359 2498 605 2556 consilio
632 2516 789 2569 meo,
822 2505 880 2557 et
924 2500 986 2556 in
1017 2500 1252 2574 synodo
1299 2501 1743 2558 sanctissimum
1781 2502 2010 2558 confes-

358 2603 553 2644 sorem
582 2586 643 2644 in
673 2604 925 2646 numero
951 2605 1239 2659 ponerem
1266 2590 1697 2663 apostolorum,
1728 2591 1893 2664 quod
1923 2591 2009 2646 fa-

358 2693 488 2733 cere
513 2676 698 2734 nolui.
723 2674 819 2735 llle
846 2694 1235 2752 perseverans
1267 2678 1455 2747 dictis,
1479 2680 1662 2736 ﬁdem
1691 2697 1878 2753 quam
1902 2681 2009 2737 ha-

356 2765 505 2836 buit,
541 2778 679 2823 cum
726 2766 1045 2823 duodecim
1098 2768 1407 2823 monachis
1445 2767 1599 2824 illius
1643 2770 2007 2840 monasterii,

355 2856 503 2911 mihi
531 2856 801 2929 promisit
827 2860 893 2912 ut
923 2873 1060 2912 cum
1091 2856 1435 2913 auctoritate
1461 2857 1523 2913 in
1567 2858 1731 2914 omni
1762 2858 2007 2914 consilio

357 2959 455 3000 me
492 2943 853 3001 defenderet.
914 2944 1038 3000 Hoc
1076 2944 1267 3002 facere
1332 2961 1454 3002 non
1509 2947 1702 3020 potuit
1754 2946 1817 3002 in
1873 2963 2010 3003 con-

361 3029 493 3085 silio
559 3030 848 3087 Guillelmi
912 3031 1343 3104 Aquitanorum
1427 3034 1596 3090 ducis
1630 3079 1644 3104 ,
1730 3035 2006 3091 audiente

2121 1891 2265 1930 nam
2307 1876 2733 1948 apostolorum.
2766 1879 2850 1933 Tu
2899 1882 3100 1933 autem
3148 1877 3196 1932 si
3246 1894 3451 1934 ausus
3507 1895 3583 1935 es
3638 1880 3821 1936 facere

2121 1965 2286 2037 quod
2341 1982 2462 2021 non
2508 1966 2774 2022 fecerunt
2823 1968 3009 2023 sancti
3065 1967 3146 2023 tui
3193 1973 3650 2025 antecessores
3701 1973 3824 2026 Gre-

2123 2054 2340 2124 gorius,
2394 2055 2681 2122 Clemens,
2725 2055 3083 2124 Bonifacius,
3112 2064 3168 2113 et
3217 2057 3394 2114 multi
3432 2057 3574 2130 alii,
3614 2064 3687 2115 ut
3729 2076 3823 2132 po-

2119 2150 2327 2199 nerent
2375 2144 2746 2200 confessores
2798 2145 2948 2201 inter
2998 2146 3332 2219 apostolos,
3378 2147 3437 2203 si
3486 2156 3819 2221 peccatum

2121 2238 2225 2301 est,
2258 2238 2426 2289 tuum
2470 2230 2583 2302 sit;
2616 2251 2728 2304 ego
2771 2251 2871 2290 ero
2916 2235 3069 2291 liber
3116 2252 3153 2292 a
3200 2236 3409 2310 culpa,
3446 2253 3679 2311 neque
3727 2240 3820 2295 ini-

2120 2322 2337 2395 quitas,
2358 2339 2552 2395 neque
2572 2328 2884 2396 peccatum
2908 2340 3107 2381 meum
3137 2344 3150 2394 ;
3175 2326 3507 2383 voluntate
3531 2330 3817 2384 omnium

2118 2412 2550 2484 Aquitanorum
2582 2412 2682 2467 tibi
2705 2413 3078 2482 monstrabo,
3101 2415 3247 2488 quia
3269 2415 3368 2471 ille
3392 2416 3621 2474 abbas
3657 2419 3819 2475 sedu-

2119 2505 2245 2557 ctor
2271 2500 2435 2556 nulla
2464 2501 2580 2556 alia
2610 2517 2794 2557 causa
2822 2502 2935 2557 hoc
2964 2502 3122 2575 facit,
3156 2503 3270 2560 nisi
3315 2505 3476 2577 quia
3535 2507 3685 2564 vult
3724 2508 3815 2564 de-

2120 2595 2340 2646 struere
2367 2591 2572 2646 sedem
2604 2590 3007 2664 episcopalem
3027 2593 3206 2666 primi
3228 2596 3566 2668 martyris,
3596 2603 3660 2654 et
3688 2614 3817 2671 apo-

2120 2679 2399 2736 stolatum
2433 2682 2487 2736 S.
2520 2680 2668 2735 Petri
2699 2680 2984 2738 advilare.
3020 2685 3126 2737 Per
3150 2682 3323 2739 istius
3354 2684 3616 2741 chartae
3648 2686 3815 2760 porti-

2117 2772 2305 2824 torem
2330 2768 2549 2823 litteras
2578 2767 2724 2823 mihi
2754 2768 2937 2838 mitte,
2970 2774 3028 2825 et
3074 2786 3182 2843 per
3231 2771 3453 2828 omnia
3514 2778 3705 2830 tuam
3730 2791 3816 2829 vo-

2115 2858 2404 2914 luntatem
2434 2858 2580 2913 mihi
2610 2858 2853 2915 manda.
2889 2861 3011 2930 Ego
3043 2860 3119 2915 ad
3170 2876 3453 2933 praesens
3486 2867 3715 2920 tecum
3741 2864 3809 2919 lo

2115 2945 2218 3018 qui
2248 2961 2369 3002 non
2400 2951 2624 3018 potero,
2656 2946 2758 3001 sed
2794 2952 3021 3019 quanto
3051 2948 3224 3005 citius
3254 2950 3409 3005 mihi
3449 2952 3581 3008 erit
3613 2969 3805 3027 posse,

2113 3035 2320 3091 limina
2347 3035 2535 3091 sancti
2565 3035 2712 3091 Petri
2745 3036 2945 3092 adibo.

359 3116 807 3193 archiepiscopo
846 3119 1212 3189 Bituricensi,
1253 3122 1574 3179 lsemberto
1632 3124 2001 3193 Pictaviensi,
2045 3146 2084 3200 ρ
2185 3126 2330 3180 Vare
2384 3122 2643 3193 viriliter,
2671 3139 2779 3194 age
2824 3126 2997 3195 jussa
3042 3128 3307 3196 Patrum,
3346 3127 3485 3184 noli
3519 3135 3806 3203 praevari-

359 3204 705 3280 caeterisque
742 3224 950 3264 eorum
1011 3209 1424 3281 suﬂ‘raganeis.
1467 3214 1685 3268 Omnes
1746 3212 2007 3286 episcopi

355 3382 1414 3418 m

2116 3229 2269 3269 care.

1674 3545 1845 3598 ANNO
1873 3544 2093 3599 DOMINI
2121 3544 2439 3598 MXXXVIII

734 3729 1724 3957 SANCTUS
1867 3734 3394 3965 GODEHARDUS

1506 4074 1914 4142 EPISCOPUS
1934 4077 2390 4142 HILDESHEIM
2400 4078 2610 4145 ENSlS

1242 4323 1522 4430 VITA
1580 4325 1803 4435 SAN
1818 4328 2014 4434 CTI
2072 4329 2786 4437 GODEHARDI

747 4552 1043 4623 Auctore
1069 4551 1428 4639 WOLFEno,
1460 4555 1608 4646 ejus
1637 4557 1887 4648 aquah‘
1914 4565 1977 4627 et
2010 4556 2359 4649 dzlsczpulo,
2392 4558 2689 4648 ejusdem
2717 4558 3010 4629 ecclesia;
3034 4562 3364 4631 canonico

1013 4747 1289 4827 (MARILL.
1323 4749 1460 4814 Act.
1493 4750 1751 4831 Bened.,
1778 4754 1926 4831 VIII,
1958 4754 2097 4831 395,
2123 4771 2199 4818 ex
2230 4756 2366 4821 cod.
2400 4772 2516 4821 ms.
2549 4756 3080 4839 Compendicnsi.)

1412 4948 1959 5039 OBSERVAT]
1975 4949 2102 5040 ΟΝ
2108 4950 2223 5042 ES
2279 4951 2701 5043 ΡΡιλἘἮῘΕ

423 5147 634 5224 Praeter
661 5151 935 5224 sanctum
956 5147 1405 5224 Bernwardum,
1425 5152 1597 5224 cujus
1616 5153 1807 5209 Vitam
1838 5168 2019 5224 supra
2041 5169 2268 5211 annum
2304 5158 2438 5214 1023
2469 5155 2769 5224 dedimus,
2792 5156 3090 5214 habemus
3110 5158 3229 5214 hoc
3249 5162 3488 5219 saeculo
3522 5165 3779 5223 alterum

352 5213 623 5273 Ecclesiae
651 5219 1013 5276 Germanicae
1030 5219 1264 5301 lumen,
1294 5213 1461 5348 (pilod
1486 5213 1660 5304 nobis
1692 5213 2034 5297 suppeditat
2061 5213 2582 5285 Hildesheimensis
2612 5213 2887 5284 Ecclesia.
2922 5233 2974 5283 1s
3003 5213 3095 5285 est
3122 5213 3777 5307 coaeiiéi-‘ahg’ﬁlj'ﬁ's'

352 5289 486 5341 acta
513 5287 592 5342 ab
617 5295 855 5347 auctore
880 5305 1045 5348 trram
1068 5296 1126 5348 et
1150 5308 1326 5348 {equa
1398 5300 1634 5348 scrmta.
1669 5296 1895 5348 Surius.
1919 5300 2263 5348 Brouverus.
2296 5315 2367 5348 ac
2392 5298 2632 5348 tandem
2662 5298 3028 5348 Bollandiani
3060 5300 3217 5348 tvnis
3241 5303 3501 5348 edidprp
3569 5310 3652 5348 nn
3679 5310 3777 5348 hu.

352 5287 592 5365 actaah
617 5295 859 5365 auctore
880 5290 1045 5360 gravi
1068 5296 1126 5348 et
1150 5287 1326 5365 aequa

1398 5294 1634 5372 scripta,
1669 5294 1895 5372 Surius,
1918 5300 2263 5372 grouverus,
2296 5315 2367 5372 ac
2392 5298 2633 5372 tandem
2662 5298 3030 5372 Bollandiani
3060 5300 3217 5372 typis
3241 5303 3524 5363 edidere.
3556 5294 3654 5364 'De
3678 5294 3777 5364 hu-

346 5356 450 5438 ius
476 5356 613 5412 Vitae
642 5356 992 5438 auctcritate
1012 5378 1189 5438 nemo
1219 5356 1487 5435 ambigit,
1512 5356 1792 5438 quamvis
1817 5356 1893 5423 de
1923 5367 2074 5424 illius
2105 5356 2359 5425 auctoris
2404 5369 2645 5425 nomine
2692 5385 2814 5426 non
2854 5370 2926 5424 sit
2951 5356 3774 5435 unauomniumﬂs'ente'ntia.

353 5429 1376 5520 bfguggrl‘lsgugippeetSu‘riuseam
1389 5429 1670 5520 :arnéldo
1698 5438 1936 5520 cuidam
1969 5438 2316 5520 attribuunt,
2348 5439 2567 5520 ex__f_ide
2601 5440 2875 5520 codicum
2894 5440 3134 5520 aliquot
3160 5458 3307 5497 mss.
3339 5459 3419 5520 ex
3447 5429 3775 5520 qiﬁﬁl—sns-é

352 5511 489 5585 eam
508 5496 885 5585 descripsisse
900 5505 1202 5585 testantur.
1220 5510 1290 5585 ᾼῑ
1310 5496 2388 5585 Bollandiani,cteteriquerecentiores
2411 5511 2728 5566 Wmferum
2749 5512 2800 5579 ej
2811 5527 2877 5585 us
2894 5511 2953 5565 Vi
2963 5496 3044 5585 tae
3054 5496 3238 5585 fuisse
3264 5496 3569 5585 Fit-{£5313
3572 5496 3775 5576 333:2;-

349 5582 490 5666 £9.91
509 5566 1584 5666 iiﬁt‘iéiut‘fz.33311393103994?“
1614 5566 1954 5666 Greciensis.
1983 5581 2258 5666 evntis.-
2288 5584 2572 5666 Praeterea
2583 5587 2763 5666 19"}?
2779 5566 2883 5665 "VII
2920 5582 3047 5666 Maii
3077 5582 3141 5666 in
3167 5566 3561 5666 areis:
3583 5566 3773 5648 ’ἕιῖίῐιῖι

348 5639 494 5721 item
522 5636 787 5722 codicem
815 5636 1584 5722 laudantBainbergensem
1611 5636 1959 5722 scilicet,ubi
1984 5650 2142 5706 idem
2172 5636 2307 5708 Vita;
2330 5636 2903 5722 auctorﬁll’ol‘fverz‘zis
2922 5636 3151 5708 diserte
3168 5636 3562 5716 dic'itu—rT-(Et‘ii

3635 5668 3772 5719 oste-

346 5708 1421 5805 Ξίρξξᾼξθρξθῐξίξξξξςὶξεὶἓξξςξλμῐὶφᾷτ,
1445 5718 1493 5772 si
1523 5708 1881 5776 concedatur
1908 5722 2065 5805 hanc
2094 5722 2303 5805 Yitam,
2338 5738 2475 5796 quae
2516 5738 2553 5804 a
2576 5708 3138 5805 Wolferonprimitus
3169 5708 3767 5805 conscripta:

345 5783 558 5861 postea
579 5780 658 5845 ab
684 5779 945 5844 Arnoldo
968 5779 1248 5842 reiectam
1278 5779 1473 5857 fuisse,
1497 5804 1534 5848 a
1556 5805 1678 5865 quo
1706 5792 1998 5852 nonnulla
2025 5779 2334 5864 miracula,
2356 5779 2490 5869 quae
2518 5793 2581 5852 in
2608 5793 2788 5869 priori
2818 5779 2945 5852 Vita
2973 5779 3771 5881 ἀθείαθιιεὼέιῆἐιῖἰιζεῐᾶῐέᾶἓ
