3888 6406
96 254 221 304 1161

89 374 351 427 fuerunt.
386 371 530 426 Illud
561 386 715 442 qus
746 369 1040 442 Wolferus
1061 369 1365 442 magistro
1377 383 1490 442 suo
1522 366 2018 442 Albuinonuncu

89 383 351 427 luerunt.
387 383 530 426 Illud
561 386 715 442 opus
748 383 1032 424 wouerus
1061 383 1350 438 magistro
1381 383 1490 423 suo
1522 383 1784 422 Alnumo
1812 383 2206 494 nuncupant,
2232 383 2406 495 guoa
2434 383 2731 425 arnomus
2761 383 2984 444 pariter
3010 383 3372 443 Mengnardo
3421 383 3511 430 in-

45 453 66 494 ς-
87 444 344 524 scripsit.
380 443 547 524 [Iride
577 440 800 524 factum
827 445 913 524 est
944 439 1092 524 utin
1117 439 1422 524 nonnullis
1449 437 1893 524 exemplaribus
1922 439 2036 495 Wo
2063 439 2166 495 feri
2193 456 2227 524 a
2284 439 2650 524 .Albuin‘um,
2685 441 2745 498 in
2777 441 2906 498 aliis
2940 459 3105 515 vero,
3156 449 3211 501 et
3263 445 3511 518 quidem

10 548 50 583 ί.
88 509 387 594 plurimis,
421 513 554 594 licet
584 511 1032 594 recentioribus,
1066 511 1310 594 a‘rnoldi
1339 510 1412 566 ad
1449 509 1876 594 Mengbardum
1906 516 2255 592 nuncupata
2280 512 2634 594 inveniatur.

1708 244 1883 298 VlTA.

3372 255 3510 307 1162

2066 368 2206 451 avit,
2238 369 2406 451 quod
2434 368 2731 451 Arnoldus
2761 371 2984 451 pariter
3010 372 3372 451 Menghardo
3391 339 3512 451 _in-

159 592 210 640 2.
243 576 476 668 'Verum
502 586 626 638 lnec
657 583 975 668 ditlicultas
999 576 1232 668 nullum
1262 582 1553 668 facessere
1581 576 1758 668 debet
1788 576 2133 663 negotium;
2147 583 2445 655 siquidem
2474 599 2684 668 omnes
2715 584 2982 668 fatentur
3017 587 3284 668 primum
3330 588 3512 660 hujus

11 669 23 675 "
44 651 60 679 ί
86 658 288 729 operis
321 661 626 729 auctorem
659 661 867 710 sancto
897 654 1253 729 (lodehardo
1275 651 1807 729 aequalemfuisse,
1841 669 1910 707 ac
1938 653 2156 725 saepius
2185 651 2324 729 cum
2340 671 2431 720 eo,
2457 659 2512 710 et
2531 656 2778 727 quidem
2800 651 3150 714 familia-rius
3167 660 3348 715 fuisse
3375 651 3514 715 con-

19 733 38 767 -ἰ
89 723 420 807 versatum,
451 726 616 807 quod
642 742 717 807 cx
748 731 867 807 toto
884 723 1400 807 pperisﬂcontext—u
1429 723 1816 807 manifestum
1845 729 1951 807 est,
1985 723 2059 778 ex
2089 741 2211 806 quo
2242 725 2421 807 etiam
2453 723 2706 807 apparet
2734 727 3007 807 ejusdem
3044 730 3302 785 auctoris
3334 737 3391 786 et
3420 732 3510 786 in-

25 827 54 860 --_
88 799 412 872 scribendo
445 793 770 872 sinceritas,
803 802 859 850 et
883 793 948 872 in'
971 796 1141 872 factis
1171 795 1598 872 discernendis
1618 793 1885 872 solertia._
1901 793 2278 872 canonicum
2309 793 2730 854 fuisse'c'xinde
2760 793 3073 872 colligitur,
3105 801 3270 872 quod
3299 803 3513 858 referat

43 915 48 920 .
88 888 149 926 se
185 870 450 944 audiisse
483 869 852 944 Gunther-um
887 868 1170 944 abbatem
1194 867 1488 944 fratribus
1512 865 1634 944 suis
1665 866 1723 920 in
1756 865 2016 944 capitulo
2062 867 2715 944 concionantem,_cum
2747 865 2948 926 tamen
3004 865 3143 944 ipse.
3185 889 3323 928 cum
3381 874 3514 930 aliis

19 945 58 1015 }_'_'
86 947 258 1015 extra
285 940 615 1015 capitulum
647 940 1008 1015 esseuquod
1046 938 1270 1015 nemini
1299 938 1357 993 in
1390 937 1608 1015 habitu
1633 937 2286 1015 canonicocapitulum
2338 939 2569 1008 ingredi
2610 940 2712 1015 lex
2762 937 3507 1015 monasticapermitteret.

86 1014 250 1068 Alias
278 1008 480 1069 tamen
509 1012 753 1066 innuere
786 1008 1016 1065 videtur
1046 1026 1107 1065 se
1140 1010 1322 1065 vitam
1355 1008 1752 1081 monasticam
1783 1008 2131 1081 amplexum
2182 1010 2382 1079 fuisse,
2416 1028 2553 1066 cum
2586 1027 2646 1066 se
2699 1013 2758 1067 in
2792 1008 3156 1069 monasterio
3209 1015 3511 1072 Altahensi

15 1097 38 1131 -ετ
86 1085 414 1140 educatum
447 1083 916 1158 proti_t._eatur._.ct
946 1081 1227 1158 abbatem
1256 1079 1906 1158 suumultthclbertum—
1930 1081 2588 1158 _appellet:__Czeteru_m
2644 1083 2815 1158 hanc
2860 1084 3048 1158 Vitam
3101 1101 3142 1158 _a
3195 1088 3512 1158 posteriori

31 1188 42 1210 -.
87 1161 336 1229 auctore
352 1151 636 1229 nonnihil
667 1153 1098 1224 amplificatam
1126 1153 1305 1229 fuisse
1328 1151 1701 1229 conjicimus,
1731 1151 1896 1224 quod
1926 1151 2311 1229 in’n’onnullis
2343 1153 2651 1209 codicibus
2675 1154 2858 1226 paulo
2901 1151 3216 1229 prolixior-
3235 1174 3424 1229 quam
3450 1159 3512 1216 in

20 1279 32 1284 _
86 1227 320 1282 czeteris
350 1226 660 1297 habeatur.
697 1222 991 1297 lat—egrum
1022 1223 1292 1297 vero‘hic
1314 1239 1448 1278 eam
1475 1222 1850 1297 exhibemus,
1885 1222 1997 1297 sed
2021 1223 2102 1278 ita
2132 1228 2196 1279 ut
2221 1240 2292 1297 ea
2321 1241 2457 1297 quae
2488 1241 2609 1280 non
2641 1222 2851 1281 omnes
2883 1222 3119 1282 codices
3151 1222 3374 1286 habent
3427 1229 3515 1286 in-
3579 1243 3582 1248 ‘

19 1307 44 1374 '_
87 1298 414 1425 (clludgntuﬁ'
443 1296 692 1422 pnsplis,
721 1301 785 1350 ut
815 1296 1010 1368 quivis
1041 1294 1210 1350 facile
1236 1294 1573 1350 discernere
1597 1294 1785 1365 possit
1811 1294 1958 1366 quid
1985 1295 2044 1349 in
2076 1294 2379 1364 omnibus,
2409 1297 2630 1368 quidve
2655 1297 2715 1352 in
2747 1297 2976 1370 aliquot
3007 1299 3394 1357 solummodo
3417 1318 3513 1357 co-

27 1399 50 1406 ~-
135 1387 208 1425 iu
265 1387 334 1424 us
409 1387 444 1424 a
473 1385 561 1423 tea
589 1383 677 1422 ur.

87 1370 334 1425 dicibus
365 1370 677 1424 habeatur.

167 1448 219 1497 3.
264 1441 400 1496 Vitae
436 1438 787 1516 subjicimus
821 1437 1139 1516 Historiam
1167 1435 1571 1516 translationis
1601 1435 1872 1516 ejusdem
1905 1437 2092 1492 sancti
2123 1437 2248 1505 viri,
2276 1453 2462 1510 quam
2490 1444 2696 1516 auctor
2722 1441 2900 1516 etiam
2921 1440 3512 1516 oculatusconscrip—

19 1541 46 1572 ,τ
88 1513 167 1568 sit
197 1529 209 1566 :
242 1529 352 1567 nec
383 1507 734 1584 enim'licuit
762 1509 1030 1584 omittere
1063 1507 1408 1584 tantipretii
1431 1512 1933 1584 monumentum,
1956 1523 2029 1564 ex
2057 1524 2180 1581 quo
2209 1507 2428 1584 nempe
2460 1510 2804 1584 multa‘crui
2823 1517 3076 1584 possunt
3101 1512 3178 1568 ad
3202 1507 3512 1571 historiam

86 1583 562 1639 ecclesiasticam
594 1580 1030 1635 illustrandam.
1065 1582 1143 1634 Ex
1175 1578 1266 1634 his
1296 1578 1584 1634 discimus
1603 1578 2119 1635 canonizationem
2151 1578 2696 1637 sancti'Godehardi
2726 1583 2787 1638 in
2818 1578 3066 1638 concilio
3099 1586 3370 1641 Remensi
3399 1587 3512 1642 sub

21 1659 28 1667 “
92 1655 444 1731 Innocentio
476 1657 518 1708 ll
550 1668 791 1731 summo
817 1652 1118 1731 pontifice,
1151 1649 1960 1731 ubiipsepraeerat,factam
1985 1726 1994 1731 Δ
2021 1651 2220 1731 fuisse,
2275 1653 2448 1731 cujus
2505 1653 2684 1709 etiam
2714 1653 3018 1731 decretum
3049 1655 3315 1712 refertur.
3371 1659 3512 1722 Quae

17 1737 44 1773 εἰ
87 1725 349 1800 quidem
374 1725 434 1780 in
462 1724 744 1800 omnibus
775 1720 1162 1800 conciliorum
1185 1720 1546 1800 editionibus
1575 1720 2093 1778 desiderabantur.
2131 1723 2281 1800 llinc
2331 1720 2530 1800 etiam_
2563 1730 2725 1800 patet
2779 1725 3104 1800 synodum,
3140 1743 3291 1800 quae
3345 1720 3513 1800 apud

13 1829 42 1864 ;.
88 1793 384 1852 IIeodium
417 1796 528 1869 sub
561 1794 773 1869 eodem
800 1795 1079 1869 pontifice
1110 1793 1317 1869 habita
1349 1798 1456 1863 est,
1489 1795 1842 1869 Remensem
1869 1794 2262 1869 praecessisse,
2287 1793 2866 1869 quamvis—Remen'si
2888 1797 3118 1869 primus
3139 1793 3308 1854 locus
3337 1793 3514 1855 datus

23 1921 36 1941 λ
85 1870 168 1924 sit
198 1885 238 1941 a_
267 1867 654 1924 conciliorum
684 1864 1029 1941 editoribus,
1057 1865 1160 1937 qui
1193 1864 1261 1941 in_
1280 1865 1394 1919 hoc
1427 1865 1612 1941 sancti
1646 1864 1923 1941 Bernardi
1954 1864 2435 1941 Vitaeauctorem
2477 1867 2711 1923 incaute
2744 1864 2928 1924 secuti
2953 1873 3109 1935 sunt,
3144 1874 3208 1925 ut
3237 1870 3513 1926 animad-

83 1939 268 1996 vertit
297 1941 652 2016 Brouverus.
686 1940 973 2016 Caeterum
1010 1935 1340 2016 lter-nardus
1370 1935 1708 2016 episcopus,
1733 1936 1904 2016 cujus
1935 1937 2235 2016 praecipue
2265 1953 2448 2016 opera
2481 1944 2726 2016 sanctus
2758 1939 3148 2016 Godehardus
3180 1941 3239 1996 in
3282 1947 3518 1998 sancto-

702 3098 1227 3187 EPISTOLA

84 2027 232 2067 rum
259 2011 601 2079 catalogum
623 2008 917 2079 ascriptus
948 2007 1074 2073 fuit,
1106 2007 1803 2079 insignemonasterium
1832 2007 1893 2062 in
1923 2007 2196 2079 ejusdem
2220 2007 2580 2064 sanctissimi
2605 2010 2882 2065 antistitis
2909 2011 3202 2066 honorem
3223 2013 3510 2068 condidit.

5 2133 30 2140 ρ
84 2083 199 2139 Cui
224 2077 577 2161 aedificando
597 2077 1178 2161 primum‘im‘posuit
1202 2077 1467 2161 lapidem
1497 2093 1668 2161 anno.
1718 2077 1874 2161 ltili},
1907 2078 2214 2161 advoqatis
2235 2096 2334 2161 “ex
2391 2081 2756 2161 monasterio
2814 2081 3089 2161 Fuldensi
3122 2083 3516 2161 Benedictinis

84 2154 431 2219 monachis,
466 2152 564 2224 qui
595 2147 676 2224 ibi
707 2149 819 2224 sub
847 2147 1138 2224 Friderico
1179 2147 1395 2224 abbate
1426 2147 1692 2215 instituti,
1725 2148 2046 2224 hodieque,
2080 2153 2198 2206 Deo
2230 2150 2916 2224 favente,4perseverant.
2952 2153 3150 2224 Sancti
3181 2154 3518 2210 Godehardi

83 2224 331 2280 obitum
361 2219 571 2280 omnes
602 2222 720 2276 fere
747 2221 824 2276 ad
856 2225 886 2275 4
915 2221 1041 2276 Maii
1073 2220 1233 2275 diem
1261 2219 1539 2292 referunt,
1572 2219 1848 2292 nonnulli
1877 2219 1957 2276 ad
1989 2225 2338 2292 sequentem
2371 2239 2384 2276 :
2417 2222 2505 2292 pri

4 2289 36 2322 ίΓ
83 2298 249 2352 riore
280 2295 492 2350 certior
520 2293 774 2372 videtur,
800 2291 1170 2372 praetulimus
1204 2309 1216 2356 ;
1252 2291 1356 2372 sed
1386 2290 1460 2371 de
1491 2305 1651 2346 anno
1682 2291 1879 2372 major
1916 2296 2005 2372 est
2032 2289 2371 2348 difﬁcultas.
2400 2289 2736 2372 Brouverus
2768 2295 2899 2372 ejus
2930 2289 3227 2372 oppiduin
3250 2312 3312 2372 _a

7 2377 38 2414 τέ
85 2385 244 2423 num
264 2372 411 2441 _lO37
437 2363 773 2441 revocavit;
801 2361 1100 2441 hoscum
1125 2361 1493 2441 Henselrenio
1510 2361 1798 2441 sequenti
1829 2363 2281 2441 consignamus,
2313 2365 2483 2441 quod
2513 2382 2585 2420 ex
2615 2365 2760 2441 actis
2779 2361 3113 2441 _l_1_i_c_relét_is
3136 2366 3382 2441 probari
3414 2384 3522 2441 ρος

87 2445 224 2494 test.
263 2439 405 2493 Item
432 2436 669 2491 disertis
708 2435 901 2490 verbis
928 2434 1181 2488 habetur
1213 2433 1273 2488 in
1305 2432 1597 2490 Chronico
1615 2432 1927 2489 ’Saxonico
1959 2451 2070 2488 ms.
2129 2439 2254 2489 tum
2309 2432 2368 2490 in
2426 2436 2718 2492 Chronico
2779 2432 3293 2503 Hildesheimensi,

19 2559 32 2564 -
87 2509 447 2566 Franciscus
505 2510 909 2572 Quercctanus
963 2511 1124 2560 tomo
1179 2509 1246 2559 Ill
1307 2503 1664 2576 scriptorum
1715 2504 1983 2576 Historias
2048 2505 2417 2561 Francorum
2466 2507 2668 2562 edidit.
2713 2507 2972 2564 Celebris
3031 2514 3119 2563 est
3170 2503 3520 2565 sancti-Go-

31 2587 36 2591 '
83 2580 348 2636 dehardi
407 2578 698 2651 memoria
746 2577 908 2651 apud
965 2592 1190 2651 omnes
1225 2575 1442 2651 fermef
1483 2575 1809 2651 Germania:
1858 2576 2174 2651 scriptores
2208 2577 2404 2651 cujus
2470 2593 2693 2651 nomen
2775 2583 3242 2651 repraesentant,
3290 2580 3518 2651 passim

83 2593 348 2636 (lenal'dl
407 2593 698 2634 memoria
746 2593 908 2649 apud
965 2593 1176 2632 omnes
1225 2593 1409 2630 rerme
1483 2593 1809 2630 uermanue
1858 2593 2174 2648 scriptores
2231 2593 2404 2646 cujus
2470 2593 2693 2633 nomen
2775 2594 2836 2634 re

2 2655 18 2688 '-‘
85 2651 250 2708 sacri
301 2650 695 2706 Ecclesiarum
751 2648 909 2717 fasti,
959 2652 1016 2702 et
1071 2647 1119 2701 si
1177 2647 1235 2701 in
1304 2645 1722 2717 Martyrologio
1772 2649 2043 2703 Romano
2097 2646 2480 2703 desideretur.
2543 2648 2763 2704 Colitur

2 2745 12 2780 :
82 2723 339 2800 dictino.
397 2725 645 2800 Sacrum
675 2720 804 2800 ej‘us
836 2716 1055 2800 corpus
1114 2717 1173 2800 in
1205 2722 1416 2800 crypta
1444 2716 1835 2800 subterranea
1856 2717 1977 2799 sub
2004 2719 2187 2800 choro
2213 2717 2864 2800 ecclesieecathedralis
2932 2724 3292 2800 asservatur,
3353 2721 3520 2793 quod

19 2829 32 2864 ε
85 2811 219 2850 non
250 2792 502 2920 impedi:
530 2791 856 2917 quominus
887 2787 1037 2851 alize.
1073 2794 1129 2844 et
1153 2787 1399 2860 quidem
1426 2787 1624 2844 multae
1657 2789 1945 2859 ecclesiae,
1974 2805 2036 2845 se
2071 2789 2298 2862 aliquot
2321 2790 2592 2861 ejusdem
2622 2790 2814 2846 sancti
2866 2791 3255 2863 reliquiarum
3281 2787 3286 2789 ’
3315 2787 3517 2864 partes

83 2883 264 2920 nossr
314 2881 410 2919 ore
441 2879 479 2920 ρ
503 2879 667 2919 orien
698 2879 786 2916 ur.

83 2879 410 2939 possruore
441 2879 786 2933 glorientur.

3368 2231 3518 2280 oste-

3419 2313 3522 2352 an-

1989 2225 2338 2301 seqqentem
2371 2239 2384 2276 :
2400 2223 2679 2301 priorem
2711 2223 3113 2301 sen_tentiam_,_
3135 2241 3271 2297 quae

3354 2439 3522 2510 quod

2879 2665 2910 2704 e
2966 2653 2998 2704 4
3048 2649 3177 2704 Maii
3231 2649 3311 2704 in‘
3337 2652 3520 2706 Bene-

1341 3095 1937 3185 WOLFREDI
2049 3099 2194 3185 AD
2304 3098 2909 3188 ALBUINUM'

168 3265 216 3315 1.
259 3261 524 3316 Summae
552 3255 890 3312 reverentiae
907 3253 1122 3309 decore
1139 3249 1482 3307 venerando
1504 3249 1753 3306 domino
1792 3255 1838 3307 Α
1869 3252 2228 3309 admirando
2255 3252 2615 3324 dedigneris,
2643 3253 2812 3326 quod
2842 3259 2905 3310 tu
2936 3253 3098 3310 solus
3138 3270 3209 3310 ex
3263 3253 3528 3324 generali

84 3365 231 3405 meo
263 3352 323 3403 et
349 3345 638 3415 magistro
664 3343 918 3400 Albuino
949 3343 1044 3413 (1),
1082 3345 1202 3396 toto
1229 3355 1466 3413 semper
1495 3339 1761 3395 devotio-

0 3446 23 3478 =
85 3439 185 3493 nis
215 3435 417 3493 studio
468 3433 742 3501 colendo,
797 3431 1084 3488 Wolferus
1138 3429 1348 3502 spiritu
1400 3433 1457 3484 et
1513 3443 1761 3500 corpore

83 3527 398 3592 modicus,
427 3522 726 3597 quidquid
749 3538 861 3595 pro
890 3518 1109 3592 plurali
1139 3515 1528 3589 subjectionis
1560 3514 1762 3570 debito

77 3617 224 3688 jure
248 3613 548 3688 proprius.
602 3611 917 3668 Historiam
973 3609 1047 3664 de
1104 3607 1226 3663 vita
1281 3610 1339 3662 et
1391 3603 1760 3661 institutione

78 3705 289 3761 beatae
319 3701 624 3759 memoriae
653 3699 837 3756 Patris
877 3715 947 3755 ac
1003 3695 1262 3770 pastoris
1325 3693 1515 3750 nostri
1571 3691 1760 3748 Gode-

80 3791 274 3850 hardi
303 3789 568 3864 episcopi
598 3788 946 3861 scripturus,
993 3784 1144 3841 inter
1197 3799 1369 3856 spem
1427 3786 1484 3838 et
1535 3784 1761 3836 metum

77 3881 317 3939 anxius
348 3879 452 3936 diu
468 3877 848 3949 multumque
873 3873 1265 3931 deliberando
1286 3869 1554 3927 dubitavi
1580 3887 1594 3937 ;
1617 3867 1764 3940 quia

76 3988 189 4028 me
219 3969 303 4026 ad
335 3974 456 4026 tam
488 3967 748 4023 arduum
779 3981 849 4021 ac
879 3963 1238 4038 praeclarum
1261 3977 1416 4034 opus
1442 3959 1760 4032 imparem,

73 4061 421 4133 minusque
450 4057 735 4114 idoneum
766 4070 891 4111 non
916 4051 1210 4124 ignoravi.
1258 4054 1407 4108 Nam
1463 4051 1763 4121 quantum

71 4168 196 4225 spe
225 4153 288 4206 et
314 4147 705 4205 delectatione
730 4145 1038 4211 virtutum,
1066 4158 1222 4215 quas
1256 4155 1364 4214 per
1423 4139 1594 4194 illum
1653 4135 1761 4192 do-

68 4241 300 4298 minus
357 4236 636 4306 ostendit,
690 4235 1017 4292 delectatus
1088 4229 1456 4300 advocabar,
1529 4229 1763 4284 tantum

71 4327 409 4400 multiplici
438 4325 696 4400 propriae
717 4321 1093 4393 negligentiae
1124 4317 1487 4376 conscientia
1517 4320 1573 4372 et
1599 4318 1763 4371 metu

69 4418 355 4486 territus,
383 4413 733 4471 retrahebar
765 4431 778 4480 ;
807 4412 998 4467 donec
1030 4408 1275 4467 tandem
1325 4409 1762 4479 praeceptorum

66 4525 150 4565 ac
181 4507 466 4573 fratrum,
499 4502 885 4574 maximeque
910 4499 1071 4556 beati
1110 4497 1216 4554 viri
1248 4500 1305 4552 et
1328 4495 1450 4552 veri
1484 4494 1584 4550 Dei
1639 4491 1761 4548 cul-

67 4597 239 4656 toris
268 4592 590 4651 Athelberti
617 4591 855 4650 abbatis
883 4588 1071 4646 nostri
1093 4586 1298 4659 jussis,
1331 4584 1552 4658 partim
1589 4597 1766 4656 spon-

66 4692 158 4752 te,
194 4683 427 4759 partim
459 4681 679 4739 invitus
714 4679 1024 4748 obediens,
1055 4677 1169 4734 tale
1226 4673 1538 4746 fastigium
1593 4671 1763 4729 attin-

64 4791 233 4849 gere
269 4771 507 4843 tentavi,
540 4774 779 4843 tuaeque
810 4766 1162 4836 clementiae,
1195 4781 1231 4821 ο
1271 4766 1607 4837 praeceptor
1663 4775 1766 4817 no-

62 4866 254 4932 bilis,
295 4861 582 4920 secretius
611 4860 989 4917 offerendum
1010 4854 1302 4914 aestimavi
1337 4873 1349 4923 ;
1383 4851 1552 4927 apud
1579 4866 1765 4925 quem

65 4961 133 5013 et
157 4969 286 5029 pro
339 4952 549 5010 erratis
606 4949 795 5007 facilis
851 4949 1022 5005 locus
1074 4950 1232 5003 esset
1271 4942 1482 5015 veniae,
1527 4946 1584 4999 et
1654 4956 1765 5013 pro

61 5042 413 5103 demendis
461 5041 554 5098 vel
606 5039 870 5096 addendi
924 5036 1259 5112 promptior
1319 5037 1376 5089 et
1449 5047 1572 5089 non
1631 5046 1765 5085 sus-

60 5138 270 5210 pecta.
352 5128 692 5200 benignitas
757 5125 1000 5184 cautelae
1027 5169 1041 5196 ,
1115 5123 1210 5180 vel
1265 5121 1476 5179 saltem
1532 5116 1766 5210 indiffa—

59 5207 262 5283 inata
306 5219 578 5277 celeritas
616 5216 1033 5275 taciturnitatis
1088 5218 1343 5271 aeternae.
1403 5214 1518 5267 Nec
1562 5207 1764 5278 etiam,

1869 3339 2243 3414 pontiﬁcum,
2277 3341 2566 3398 abbatum
2596 3358 2666 3398 ac
2697 3343 3015 3399 doctorum
3045 3343 3312 3416 collegio,
3353 3341 3529 3417 quasi

1870 3430 1950 3486 ad
1979 3447 2126 3486 mese
2169 3431 2526 3501 nugacitatis
2572 3431 3002 3504 inspe'ctionem
3063 3432 3396 3504 specialiter
3425 3433 3530 3489 eli-

1871 3520 2030 3590 garis
2063 3538 2077 3587 ;
2109 3536 2247 3576 cum
2279 3525 2336 3576 et
2364 3521 2480 3576 hoc
2509 3521 2776 3592 prudens
2805 3521 3073 3594 praedicti
3128 3520 3439 3576 monitoris
3475 3525 3532 3577 et

1869 3607 2212 3680 impulsoris
2241 3608 2360 3664 mei
2385 3607 2679 3664 industria
2705 3609 3047 3681 providerit,
3079 3609 3342 3665 maxime
3384 3610 3530 3681 quia

1869 3696 1976 3752 tibi
2000 3712 2110 3768 pro
2140 3696 2279 3752 fidei
2309 3701 2366 3753 et
2405 3696 2740 3753 dilectionis
2788 3701 2905 3752 tuae
2962 3697 3195 3767 merito,
3255 3697 3527 3768 ejusdem

1870 3784 2052 3840 Patris
2077 3785 2264 3840 nostri
2293 3784 2420 3840 Vita
2440 3789 2497 3841 et
2521 3789 2657 3842 ante
2685 3789 2741 3841 et
2768 3790 2906 3858 post
2941 3785 3348 3858 pontiﬁcalem
3392 3801 3528 3858 pro-

1870 3874 2197 3930 motionem
2222 3889 2345 3947 prae
2385 3874 2611 3931 caeteris
2644 3891 2882 3948 semper
2907 3874 3119 3931 claruit
3145 3878 3202 3931 et
3228 3875 3372 3948 quia
3399 3875 3529 3948 ipse

1871 3963 1976 4019 tibi
2022 3963 2302 4019 secretius
2359 3979 2430 4019 ac
2487 3964 2859 4031 familiarius,
2915 3963 3192 4036 exemplo
3221 3963 3432 4019 Christi
3459 3981 3530 4019 ac

1871 4053 2150 4126 discipuli
2178 4069 2362 4127 quem
2381 4053 2689 4124 diligebat,
2751 4054 2949 4110 cordis
3007 4054 3098 4109 sui
3147 4069 3370 4110 arcana
3408 4069 3532 4126 prie

1873 4143 2103 4200 cunctis
2134 4144 2385 4218 aperuit.
2420 4144 2678 4218 Ideoque
2708 4149 2764 4200 et
2815 4161 2933 4215 me,
2985 4148 3051 4200 ut
3105 4143 3377 4216 praedixi,
3428 4144 3535 4199 im-

1871 4249 2081 4306 parem
2121 4232 2442 4304 minusque
2473 4232 2759 4289 idoneum
2785 4233 2864 4288 ad
2893 4232 3053 4287 idem
3081 4247 3237 4303 opus
3287 4247 3536 4303 praeser-

1873 4321 1978 4376 tim
2007 4319 2262 4392 impulit,
2287 4319 2452 4393 quod
2481 4335 2590 4391 per
2617 4319 3033 4375 adolescentiae
3064 4335 3214 4374 meze
3260 4322 3533 4389 tempora

1871 4411 2022 4466 inter
2051 4408 2445 4464 Herveldense
2473 4412 2529 4463 et
2556 4407 2875 4463 Altahense
2933 4407 3299 4475 coenobium,
3353 4406 3534 4479 quasi

1873 4499 2059 4557 Orosii
2086 4500 2154 4570 ('2)
2187 4513 2352 4553 more
2378 4497 2906 4566 discursitaverim,
2951 4501 3008 4552 et
3061 4497 3349 4568 primaeva
3401 4496 3532 4566 ejus

1803 4609 1842 4661 Β
1871 4593 2036 4661 gesta
2067 4604 2104 4644 a
2134 4586 2342 4644 Christi
2362 4585 2640 4642 ﬁdelibus
2679 4590 2736 4641 et
2765 4585 3107 4657 frequenter
3135 4584 3450 4651 audierim,
3475 4588 3533 4640 et

1873 4679 2054 4735 etiam
2083 4693 2193 4750 pro
2224 4691 2414 4748 parva
2441 4674 2640 4730 adhuc
2665 4673 2948 4745 ingenioli
2977 4673 3305 4745 capacitate
3345 4673 3532 4728 liben-

1874 4772 1960 4826 ter
1982 4765 2347 4824 retinuerim.
2381 4766 2569 4820 Deum
2612 4779 2774 4835 ergo,
2827 4763 2932 4836 qui
2975 4766 3202 4819 secreta
3259 4761 3532 4818 cordium

1873 4856 2161 4914 intuendo
2185 4855 2455 4925 rimatur,
2489 4856 2684 4920 testor,
2718 4867 2814 4908 me
2836 4851 2984 4908 nihil
3011 4851 3072 4906 in
3123 4851 3255 4922 ejus
3309 4865 3534 4906 memo-

1873 4946 1973 5003 ria:
2003 4945 2182 5002 laude
2211 4943 2673 5016 descripturum,
2696 4941 2813 4997 nisi
2837 4939 3004 5013 quod
3033 4942 3137 4996 aut
3163 4940 3290 5012 ipse
3319 4938 3440 4995 vidi
3474 4943 3532 4995 et

1875 5035 2098 5104 audivi,
2158 5039 2259 5091 aut
2311 5051 2348 5090 a
2403 5047 2541 5089 vere
2590 5030 2868 5086 veridicis
2915 5036 2972 5086 et
3028 5029 3208 5085 etiam
3260 5028 3531 5102 probatis

1875 5125 2114 5196 agnovi.
2143 5123 2390 5181 Maxime
2419 5126 2621 5179 tamen
2659 5137 2798 5176 cum
2846 5118 3059 5176 Altaha
3115 5117 3295 5174 studii
3347 5134 3535 5174 causa

1874 5213 2232 5280 exsularem,
2280 5209 2601 5282 cujusdam
2639 5206 2904 5264 veterani
2952 5206 3308 5280 presbyteri,
3362 5206 3534 5276 Regi-

57 5317 266 5371 Palel'
314 5306 696 5376 venerabilis:
755 5310 860 5362 θιιη
911 5302 1301 5374 άθάίϐηᾶῐὶάο
1374 5297 1605 5356 mireris
1664 5298 1769 5352 ant
1875 5304 2036 5362 noldi
2069 5305 2147 5374 (3)
2173 5301 2438 5366 nomine,
2470 5314 2655 5371 quem
2677 5301 2804 5354 ettu
2826 5296 3040 5353 melius
3067 5313 3344 5368 noveras,
3366 5297 3535 5353 fami-

147 5457 242 5527 (ι)
279 5445 1248 5527 Βνριιγενιιεθι,θι1ίὶ,Μθη91φςῖνιζρ,
1277 5438 1768 5527 etinfraﬂmof-
1873 5446 2160 5505 discendi.
2198 5445 2288 5500 Sic
2320 5441 2540 5497 missus
2572 5445 2662 5497 est
2689 5441 2768 5496 ab
2810 5439 3146 5510 Augustino
3199 5440 3277 5496 ad
3331 5440 3534 5496 Hiero-

59 5511 235 5593 du‘s;
265 5529 330 5579 ut
351 5521 582 5578 dictum
602 5524 690 5593 est
707 5520 771 5577 in
792 5511 1317 5593 observationibus
1331 5511 1590 5593 praeviis:
1617 5513 1769 5565 Non—
1875 5533 2148 5593 nymum.

277 5581 1768 5660 codicesexhibentsolummodoprifnamlitteram
1916 5581 2022 5659 '(3)
2053 5590 2182 5643 Mss.
2210 5589 2264 5654 2,
2297 5582 2461 5656 apud
2492 5581 2636 5639 Bon.
2664 5582 3042 5655 Ralmundi;
3097 5583 3196 5639 alii
3244 5583 3387 5640 duo.
3420 5585 3536 5640 Ru-

58 5671 418 5740 utriusque
443 5663 710 5740 nominis
731 5665 799 5740 M.
833 5667 897 5717 A.
1000 5733 1010 5740 .
1299 5729 1332 5740 η
1625 5737 1756 5740 mu
1877 5660 2078 5719 moldz‘.

149 5741 250 5814 (2)
282 5727 534 5795 O‘rosius
550 5734 865 5808 presbyter
887 5733 1055 5788 varia
1078 5729 1340 5802 suscepit
1353 5727 1564 5784 itinera
1583 5737 1768 5780 causa

609 5842 852 5895 ΡΑ-τιιοι.
894 5839 1068 5894 CXLI.
3045 5820 3111 5869 37
