3888 6418
403 260 551 328 4163
1370 271 1424 323 s.
1468 265 1872 324 GODEHARDI
1912 259 2226 316 EPISCOPI
2268 264 2865 327 HIDESHEIMENSIS.
3728 274 3849 326 uss

410 395 659 453 liaritate
688 396 745 450 et
768 392 1064 466 colloquio
1117 391 1332 464 saepius
1382 390 1610 457 utebar,
1671 392 1745 453 et,
1800 386 1848 441 si
1900 387 2054 440 Deus
2092 386 2138 438 A
2163 399 2271 440 nec
2297 392 2641 460 evangelica
2669 393 2768 449 illa
2794 395 3132 449 Chanantea
3159 395 3642 463 erubuerit,imo
3676 399 3741 449 et
3766 411 3849 464 ga-

413 484 780 558 quandoque
814 482 1179 552 dignaretur,
1241 478 1369 550 ejus
1411 478 1719 549 veriloqua
1774 472 2056 530 relatione
2166 474 2292 531 visa
2320 477 2392 535 sit
2418 496 2481 537 se
2514 499 2550 539 a
2575 482 2828 538 Domino
2850 483 3102 538 canibus
3131 484 3501 556 comparari,
3522 500 3653 539 nec
3677 484 3846 539 etiam

411 575 491 632 ad
518 575 631 630 hoc
658 573 858 645 ipsum
884 569 1234 626 instituebar
1265 586 1278 635 ;
1317 568 1422 640 qui
1451 572 1603 624 certe
1633 566 1684 621 ei
1716 564 1792 621 ab
1819 562 2056 636 ipsain-
2169 566 2415 622 Lazarus
2445 576 2677 642 spretus
2707 589 2742 628 a
2772 572 2951 627 divite
2980 572 3274 629 horruerit
3314 574 3406 628 his
3462 573 3849 643 ﬁngentibus

412 663 597 719 fantia
619 661 778 716 ﬁdeli
802 657 1130 715 ministerio
1157 674 1392 731 semper
1418 655 1780 721 adheerebat,
1798 668 2056 724 eumque
2164 656 2494 713 consolari!
2550 663 2694 715 Nam
2752 664 3047 732 quantum
3104 661 3294 716 brutis
3354 661 3844 718 excellentiores.

410 765 589 806 sacrae
647 747 991 804 eruditionis
1046 747 1267 803 litteras
1318 745 1548 819 primus
1598 743 1944 809 instruebat,
2000 745 2057 795 et
2164 744 2395 801 tantum
2452 747 2907 803 rationabilibus
2969 752 3107 805 sunt
3167 750 3687 823 propinquiores.
3746 753 3847 805 Nec

407 838 613 896 omnia
631 838 760 909 ejus
789 836 947 893 dicta
970 840 1027 893 et
1070 835 1226 893 facta
1277 851 1469 908 usque
1522 834 1601 891 ad
1639 829 2054 889 monachicam
2164 835 2371 892 saltem
2394 853 2575 908 super
2594 838 2706 893 hoc
2726 836 2993 893 ﬁdelium
3014 838 3271 911 quisque
3288 842 3662 907 moneatur,
3689 840 3844 910 quod

407 927 845 1001 professionem
872 930 929 983 et
956 929 1136 982 etiam
1168 925 1247 982 ad
1274 924 1679 998 pontiﬁcalem
1733 919 2055 994 promotio-
2162 942 2198 981 a
2227 926 2518 997 praedictis
2544 926 2887 982 illusoribus
2918 926 3167 983 fatuitati
3198 944 3347 983 meae
3366 928 3701 998 obiicitur,
3736 944 3845 983 non

406 1032 547 1072 nem
577 1017 703 1089 ipse
734 1014 949 1071 melius
978 1018 1245 1070 noverat.
2160 1014 2367 1069 decere
2390 1019 2511 1070 tam
2537 1015 2804 1087 praeclari
2833 1031 2902 1070 ac
2922 1015 3172 1086 insignis
3202 1016 3311 1071 viri
3339 1017 3526 1088 quasi
3560 1016 3843 1071 inﬁmam

476 1110 530 1161 2.
566 1105 681 1163 Sed
708 1109 766 1161 et
790 1120 901 1174 ego
929 1103 1102 1160 solito
1131 1103 1339 1176 priscae
1369 1100 1720 1157 obedientiaz
1778 1114 1963 1162 more,
2005 1096 2050 1151 si
2163 1103 2573 1172 genealogiam
2604 1108 2681 1172 (ι)
2712 1104 3043 1163 ditt‘amare.
3081 1105 3185 1160 sed
3214 1105 3435 1176 magis,
3474 1110 3545 1161 ut
3579 1105 3710 1177 ipsi
3742 1124 3840 1179 pu-

406 1194 552 1267 quid
574 1194 719 1250 forte
745 1193 835 1249 vel
864 1196 1072 1266 aptum
1100 1191 1192 1249 vel
1218 1192 1490 1264 ineptum
1503 1188 1826 1262 compilare
1845 1187 2049 1259 quive-
2164 1196 2305 1261 tant,
2329 1192 2390 1247 in
2417 1193 2659 1249 laudem
2684 1194 2813 1264 ejus
2847 1193 3078 1250 silendo
3110 1194 3301 1249 celare
3332 1212 3343 1248 :
3398 1211 3555 1250 cum
3590 1194 3844 1267 quilibet

405 1284 539 1349 rim,
566 1282 760 1355 primo
780 1281 1087 1351 sagacitati
1119 1285 1233 1337 tuae
1268 1279 1476 1335 merito
1529 1276 1902 1334 olferendum
1954 1275 2051 1330 de-
2161 1298 2373 1337 sanum
2399 1282 2694 1354 sapientes
2724 1298 2846 1337 non
2875 1282 3027 1338 adeo
3056 1282 3368 1338 attendant
3396 1299 3648 1339 vanam
3674 1299 3845 1353 gene-

408 1371 583 1438 CI‘CVi,
616 1375 680 1426 ιη
703 1376 855 1426 certe
886 1385 991 1442 Per
1038 1375 1092 1425 ίθ
1143 1373 1337 1425 errata
1380 1367 1768 1435 corrigantur.
1827 1364 2051 1419 hiantia
2159 1372 2415 1427 rositatis
2440 1372 2810 1443 jactantiam,
2842 1388 3029 1445 quam
3057 1372 3354 1428 utiliorem
3384 1374 3633 1428 divina:
3668 1373 3846 1445 inspi-

408 1458 819 1531 suppleantur,
843 1458 1146 1530 superﬂua
1161 1457 1531 1521 diradantur,
1558 1453 1894 1510 necessaria
1917 1468 2052 1524 sup-
2158 1460 2404 1515 rationis
2436 1460 2913 1532 praerogativam,
2944 1460 3165 1533 quibus
3195 1465 3350 1516 certe
3384 1478 3583 1517 nemo
3625 1462 3845 1517 nobilis

403 1552 724 1621 ponantur,
759 1551 815 1602 et
843 1547 946 1603 ubi
976 1545 1358 1612 deviaverim,
1382 1544 1547 1616 quod
1573 1543 1759 1599 fateor
1780 1540 1947 1597 facile
1964 1540 2047 1605 tit,
2158 1550 2389 1605 videtur
2416 1550 2527 1605 nisi
2549 1567 2730 1623 quem
2761 1551 2949 1607 virtus
2978 1551 3292 1607 nobilitare
3320 1552 3662 1624 probatur,
3711 1569 3842 1608 cum

404 1637 689 1693 stoliditas
721 1652 858 1692 mea
885 1635 1124 1691 veniam
1154 1637 1576 1705 consequatur,
1606 1631 1751 1703 quin
1799 1635 1854 1686 et
1908 1646 2050 1685 COD-
2160 1639 2443 1710 scriptum
2472 1640 2579 1694 sit:
2622 1640 2733 1694 Ubi
2756 1641 3017 1709 Spiritus
3046 1641 3307 1709 Domini,
3328 1642 3418 1695 ibi
3468 1641 3745 1696 libertas
3773 1643 3845 1707 (II

405 1730 492 1780 tra
516 1725 930 1781 insultantium
960 1724 1295 1779 irrisionem
1322 1721 1683 1777 auctoritatis
1724 1723 1899 1775 tantae
1951 1718 2050 1773 de-
2092 1734 2130 1787 Β
2160 1730 2295 1783 Cor,
2326 1732 2427 1794 ιιι),
2466 1731 2528 1782 Et
2569 1729 2862 1801 propheta
2891 1728 3032 1783 dicit
3083 1747 3095 1784 ε
3150 1730 3441 1784 Dominus
3489 1745 3840 1799 pauperem

401 1812 667 1869 fensione
697 1812 1017 1868 muniatur.
1053 1815 1199 1869 Cum
1222 1815 1440 1873 tamen,
1469 1810 1586 1864 Deo
1616 1812 1780 1879 teste,
1800 1824 1910 1880 pro
1935 1808 2047 1863 hoc
2156 1819 2305 1886 facit
2339 1824 2391 1873 ρε
2421 1818 2594 1887 ἀξίαι,
2627 1819 2873 1874 suscitat
2914 1817 2986 1873 de
3029 1820 3282 1886 pulvere
3331 1834 3627 1888 pgenum,
3698 1824 3754 1874 et
3781 1821 3844 1873 dp

402 1902 647 1958 minime
676 1918 942 1971 movear,
969 1901 1016 1956 si
1045 1900 1180 1973 quis
1206 1917 1303 1956 me
1330 1899 1535 1955 talium
1567 1898 1755 1953 elatus
1811 1895 2050 1951 irriserit
2156 1912 2412 1962 stercore
2431 1908 2601 1976 erigit
2630 1922 2976 1975 pauperem,
3009 1912 3073 1961 αι
3110 1907 3308 1962 sedeat
3339 1923 3479 1963 cum
3533 1909 3844 1977 μνίησίρί-

402 1990 496 2045 vel
518 1990 886 2046 inurbanum
913 1988 1249 2061 quidquam
1279 1987 1572 2044 conﬂasse
1602 1985 1914 2041 verbosius
1941 1983 2048 2039 ob-
2160 1996 2283 2063 bus,
2313 2001 2367 2052 ει
2394 1997 2606 2050 solium
2634 1997 2847 2065 ριονία»
2867 2000 3064 2050 teneat
3086 1996 3143 2061 (Ι
3164 1997 3306 2065 Reg,
3330 1998 3413 2066 ιι),
3441 1996 3631 2060 Quod
3655 1996 3724 2050 in
3750 1996 3844 2050 mo

397 2079 621 2150 jecerit,
643 2082 709 2135 ut
748 2082 982 2134 tantum
1029 2077 1307 2133 studiosis
1354 2080 1411 2131 et
1462 2079 1647 2130 Deum
1706 2073 2048 2129 timentibus
2157 2083 2441 2138 veraciter
2505 2083 2817 2155 impletum
2882 2098 3047 2153 esse,
3114 2087 3237 2138 tota
3300 2088 3519 2139 sancta
3612 2084 3795 2139 Eccie
3826 2116 3846 2124 -

404 2166 734 2239 simplicem
764 2166 1025 2221 veritatis
1083 2164 1435 2220 sententiam
1489 2162 1939 2232 construxerim,
1995 2164 2051 2216 et
2159 2173 2246 2228 sia
2274 2172 2868 2241 teste,describimus,
2900 2172 3043 2244 quia
3073 2188 3214 2227 eum
3243 2189 3350 2246 per
3390 2173 3527 2230 vias
3560 2190 3604 2229 θ,
3646 2176 3844 2228 Domi-

403 2254 495 2309 his
521 2254 625 2326 qui
654 2254 821 2323 forte,
856 2253 1102 2325 Spiritus
1126 2252 1357 2309 Domini
1381 2251 1764 2325 inspiratione
1780 2266 2049 2306 annuen-
2157 2277 2236 2316 uo
2256 2261 2581 2317 deductum
2600 2266 2811 2327 περίεις,
2839 2266 2895 2316 et
2914 2260 2974 2314 in
2996 2267 3324 2332 conspectu
3344 2277 3575 2331 regum
3596 2264 3843 2331 magni-

404 2348 479 2410 te,
510 2348 644 2415 post
672 2344 783 2399 hoc
822 2343 970 2398 dum
998 2343 1148 2398 livor
1172 2342 1405 2397 invidiae
1431 2341 1636 2397 nubila
1676 2339 2047 2411 praetendens
2157 2348 2423 2416 ﬁcatum,
2481 2365 2618 2405 cum
2669 2349 3035 2421 principibus
3080 2349 3335 2417 gloriose
3365 2350 3767 2413 consedisse,
3797 2357 3844 2406 et

404 2432 701 2498 occiderit,
724 2431 991 2503 praedicti
1020 2430 1292 2486 antistitis
1322 2433 1499 2484 Actus
1521 2432 1575 2483 et
1622 2429 1805 2482 Vitam
1854 2426 2054 2482 condi-
2159 2437 2308 2492 inter
2337 2438 2653 2509 principes,
2678 2436 3033 2508 sapientiam
3062 2436 3329 2492 locutum
3347 2453 3504 2503 esse,
3530 2442 3599 2493 et
3617 2438 3845 2493 solium

404 2536 525 2590 gna
553 2519 880 2576 reverentia
900 2519 1296 2574 condecorare
1317 2517 1589 2572 noverint
1631 2521 1688 2571 et
1740 2516 2049 2583 voluerint,
2161 2526 2360 2595 gloria;
2390 2526 2629 2582 fenciter
2657 2526 2913 2582 tenuisse
2947 2524 3220 2581 vidimus,
3256 2526 3422 2582 unde
3462 2531 3524 2582 et
3576 2543 3623 2585 ε,
3678 2528 3846 2583 nunc

403 2625 603 2664 rerum
623 2625 697 2664 ex
727 2613 1063 2681 temporum
1094 2612 1321 2663 certum
1347 2606 1617 2661 ordinem
1657 2604 2046 2677 depinxerim.
2160 2616 2428 2670 ﬁdelium
2456 2615 2759 2671 dubitatur
2786 2614 2947 2686 quod
2981 2614 3166 2670 modo
3193 2614 3253 2671 in
3282 2620 3661 2672 sanctorum
3687 2616 3845 2671 (mli-

405 2701 557 2753 More
588 2697 883 2769 siquidem
913 2695 1236 2766 sagacioris
1266 2694 1452 2762 canis,
1485 2693 1585 2766 qui
1636 2697 1934 2749 annuente

2315 2706 2637 2761 [cerdotum
2664 2720 2867 2759 coram
2895 2703 3124 2759 Christo
3154 2704 3365 2776 procul
3407 2706 3633 2761 dubio
3685 2707 3850 2761 laeta-

406 2789 632 2854 Πᾶῐοΐθ,
672 2784 767 2839 V61
791 2786 961 2850 Ilum,
993 2783 1086 2838 vel
1118 2782 1289 2851 Signo
1319 2781 1598 2843 emiSSUS~
1618 2784 1743 2835 ῑοῒὸ
1766 2779 1861 2834 die
1889 2779 2053 2833 inde'
2164 2800 2274 2850 tur.
2307 2795 2362 2850 Si
2384 2806 2524 2864 ergo
2548 2795 2677 2865 jam
2704 2792 2914 2849 frivola
2936 2792 3316 2865 loquacitatis
3343 2810 3503 2850 meae
3536 2797 3849 2851 sententia

408 2874 667 2929 sinenter
689 2876 748 2928 et
771 2871 945 2944 quasi
972 2869 1413 2939 infatigabiliter
1432 2868 1686 2936 laborat,
1715 2883 1837 2922 non
1851 2871 1915 2921 ut
1941 2887 1943 2917 ε

2312 2930 2317 2938 ,
2344 2883 2567 2939 licitum
2596 2882 2689 2937 vel
2712 2882 2997 2954 placitum
3020 2883 3493 2938 sermocinando
3512 2886 3847 2956 processit,

408 2962 813 3031 solummodo,
843 2960 1009 3033 quod
1056 2974 1165 3015 nec
1222 2957 1551 3030 praesumit,
1594 2957 1864 3029 praedam
1917 2972 1943 3011 a

2316 2972 2326 3026 l
2358 2975 2510 3027 certe
2530 2970 2813 3025 timiditas
2843 2970 3049 3025 omnia
3076 2970 3256 3025 etiam
3284 2974 3412 3027 tuta
3440 2972 3687 3028 timens
3722 2974 3851 3028 eﬂ'e-

409 3052 553 3124 piat,
586 3050 691 3106 sed
719 3055 785 3106 ut
805 3048 1070 3120 iubentis
1097 3048 1328 3103 domini
1355 3045 1651 3102 ludicram
1688 3046 1944 3101 voluntat

2317 3078 2354 3117 u
2381 3064 2549 3116 Pater
2576 3063 2632 3115 et
2661 3058 2869 3116 doctor
2892 3060 3146 3129 egregie,
3173 3061 3280 3130 qui
3309 3061 3427 3116 hoc
3461 3077 3598 3117 non
3652 3064 3852 3118 solum

409 3139 697 3213 PerﬁCiat:
720 3154 925 3194 rarum
956 3136 1174 3192 εοίῙίοθί
1201 3139 1258 3190 et
1276 3134 1578 3189 insontum
1619 3134 1908 3206 (Ιὶιίάάᾶ111
1965 3150 2058 3190 ϐδο-
2164 3148 2429 3222 praadicti
2459 3146 2727 3220 praesulis
2756 3147 3081 3216 memoriae,
3118 3147 3224 3202 sed
3249 3148 3302 3203 ei
3329 3153 3565 3204 nostra;
3596 3150 3855 3222 imperi-

411 3228 653 3301 Ρίθηάον
682 3226 843 3282 unde
871 3241 996 3281 non
1024 3225 1221 3280 30mm
1247 3222 1528 3279 dominus
1580 3239 1717 3279 cum
1773 3222 1897 3278 SUiS
1952 3223 2056 3279 (10-
2164 3240 2257 3294 tiae
2281 3242 2340 3293 et
2361 3236 2578 3291 debere
2608 3235 2864 3290 crederis
2878 3240 2936 3291 et
2962 3235 3109 3291 velle
3134 3254 3147 3303 ;
3179 3240 3265 3305 tu,
3292 3236 3588 3309 inquam,
3621 3239 3690 3294 in
3738 3256 3857 3311 quo

412 3315 670 3372 mesticis
690 3313 953 3370 festivius
976 3312 1222 3380 lzetetur,
1246 3312 1346 3367 sed
1372 3316 1429 3367 et
1449 3311 1890 3384 superventuris
1912 3312 2056 3367 forte
2165 3331 2251 3382 est
2270 3331 2325 3381 ει
2341 3323 2718 3397 approbandi
2740 3323 2951 3395 peritia
2991 3328 3050 3378 et
3089 3324 3481 3396 improbandi
3518 3328 3817 3398 potentia
3847 3346 3857 3386 ;

414 3405 622 3462 amicis
647 3402 914 3459 lautioris
946 3417 1132 3457 caena;
1150 3400 1897 3488 jucunditasreservetur;
1950 3402 2056 3455 hu-
2163 3413 2568 3488 quorumlibet
2639 3412 3017 3467 oblocutioue
3078 3417 3451 3485 contempta,
3538 3416 3861 3488 sapienter

408 3495 528 3565 i113,
557 3494 825 3565 inquam,
848 3505 1014 3546 more
1038 3506 1135 3545 me
1162 3488 1413 3545 libenter
1439 3487 1711 3543 Ῑδδοτᾶΐθ
1755 3488 2053 3560 Prome“,
2163 3487 2481 3576 provideas
2512 3503 2577 3555 ut
2603 3503 2662 3555 et
2706 3500 2907 3571 inepta
2931 3504 2990 3555 et
3006 3499 3241 3557 inutilia
3263 3504 3496 3557 interna
3530 3487 3857 3559 taciturni-

414 3598 536 3638 IlOIl
565 3586 630 3637 ιιι
651 3579 794 3635 mihi
825 3578 1089 3648 Ῑίὶῑὶάθων
1119 3593 1306 3649 quam
1335 3576 1397 3631 in
1422 3576 1535 3632 hoc
1560 3592 1681 3632 non
1703 3593 2055 3633 memm’nec
2162 3597 2281 3648 tate
2302 3591 2677 3663 sepeliantur,
2702 3594 2757 3645 et
2776 3588 3107 3661 profutura,
3124 3590 3380 3646 Domino
3403 3590 3858 3662 donante,sine

412 3673 649 3742 dignor,
672 3669 982 3742 acquiram
1015 3686 1029 3736 ;
1061 3667 1167 3724 sed
1191 3671 1256 3723 ut
1283 3665 1377 3723 vel
1398 3666 1700 3721 modernis
1729 3666 1815 3722 vel
1861 3671 2056 3738 poste-
2167 3678 2673 3737 adulationisfuco
2694 3678 3085 3749 proferantur.
3106 3678 3255 3743 Quia
3297 3678 3346 3733 si
3402 3679 3569 3750 quid
3613 3698 3659 3737 a
3719 3698 3857 3736 vero

412 3760 514 3829 ris,
538 3759 687 3815 sicut
712 3755 978 3829 praedixi,
997 3758 1280 3810 {sternam
1301 3752 1448 3824 justi
1474 3753 1827 3809 memoriam
1843 3769 1947 3825 qua

2324 3769 2431 3835 det,
2463 3783 2588 3822 non
2618 3781 2767 3821 mete
2798 3766 3107 3837 imperitiae
3164 3766 3267 3821 sed
3322 3771 3443 3822 tute
3504 3769 3859 3842 imputatur

388 3878 391 3881 -
414 3848 503 3904 vis
528 3846 769 3903 indocili
792 3844 1092 3901 taxatione
1115 3858 1471 3917 proponam.
1506 3845 1699 3908 Quare
1732 3858 1873 3912 ergo

2322 3859 2426 3913 riae.
2458 3856 2592 3926 Sed,
2620 3855 2669 3910 si
2697 3855 2843 3910 forte
2871 3854 3021 3924 quid
3050 3855 3249 3926 aptius
3277 3854 3412 3924 erit,
3469 3872 3615 3914 non
3670 3876 3819 3915 mea
3848 3878 3857 3924 ;

413 3936 660 3992 besem
712 3951 808 3990 me
875 3932 1148 4002 canibus:
1194 3932 1296 4006 (Ιιιί
1334 3935 1488 3989 certe
1541 3932 1834 4002 maiorem
1877 3936 1936 3988 et
1962 3947 2060 3987 θΧ-
2167 3948 2276 4005 sed
2294 3950 2399 4004 tua
2425 3961 2566 4019 pars
2593 3943 2720 4015 erit,
2748 3947 2814 3999 ut
2830 3943 3083 4015 quidam
3110 3959 3174 3999 se
3198 3944 3549 4001 humiliatus
3578 3947 3675 4004 ait
3708 3968 3724 4004 :

416 4025 816 4081 cellentiorem
895 4023 1045 4079 inter
1109 4022 1287 4079 bruta
1335 4021 1640 4089 animalia,
1698 4022 1861 4078 dono
1911 4025 2058 4094 puto

388 4146 391 4149 _
1189 4067 1868 4180 ᾙΞὴξᾶῗῖὲξωῖὧί
2308 4072 2377 4128 Si
2403 4069 2547 4143 quid
2574 4067 2648 4126 ab
2668 4082 2769 4124 ore
2777 4068 3003 4137 placet,
3038 4067 3171 4124 laus
3200 4068 3533 4126 monitoris
3567 4072 3719 4129 erit.

1790 4469 2414 4558 PROLOGUS.

481 4709 534 4759 3.
559 4703 708 4770 Quia
732 4699 1076 4771 evangelica
1101 4715 1244 4756 voce
1291 4700 1554 4758 Veritatis
1606 4701 1961 4776 praecipitur,
1991 4708 2056 4759 ut
2094 4713 2133 4767 (3
2162 4707 2392 4761 storum
2420 4702 2549 4773 ejus
2579 4698 2891 4773 probabile
2912 4697 3325 4768 magisterium
3360 4701 3574 4757 Deum
3600 4702 3864 4759 timenti

410 4793 654 4848 lucerna
673 4805 928 4848 accensa
947 4805 1070 4845 non
1102 4788 1216 4845 sub
1239 4789 1462 4861 modio,
1498 4792 1603 4847 sed
1630 4808 1809 4864 super
1834 4792 2052 4849 cande-
2161 4792 2276 4849 bus
2304 4806 2619 4864 exponere.
2656 4792 2798 4845 Vere
2828 4788 3009 4845 etiam
3038 4787 3366 4844 metuimus
3394 4803 3520 4844 nos
3543 4791 3759 4865 culpa
3784 4810 3867 4848 ne

408 4881 649 4937 labrum
671 4880 908 4953 (Matth.
941 4880 996 4951 γ)
1016 4878 1094 4935 ad
1109 4869 1603 4936 illuminationem
1618 4880 1887 4937 ﬁdelium
1916 4898 2054 4939 con-
2162 4881 2589 4952 gligentiaenon
2606 4877 2891 4948 carere,si
2909 4876 3211 4951 patiamur
3245 4892 3318 4933 ea
3342 4893 3491 4949 quae
3531 4879 3628 4936 ab
3648 4898 3734 4938 eo
3754 4883 3867 4937 lau-

409 4970 708 5036 stituatur;
728 4972 785 5025 et
802 4967 944 5042 quia
960 4970 1183 5024 secreta
1194 4982 1405 5037 regum
1421 4967 1596 5025 celari
1606 4970 1627 5039 j
1640 4969 2053 5044 ubentur,ope—
2160 4969 2385 5027 dabilia
2398 4973 2455 5025 et
2482 4967 2745 5024 vidimus
2763 4964 3173 5024 etaudivimus
3190 4964 3304 5020 sub
3346 4964 3611 5024 silentio
3658 4969 3865 5027 latere.

407 5074 475 5115 ra
486 5075 625 5115 vero
638 5057 739 5115 Dei
754 5056 1075 5114 revelanda
1093 5056 1256 5124 (Tob.
1270 5060 1373 5129 xu)
1392 5060 1448 5114 et
1467 5058 1910 5127 magniﬁcanda
1918 5060 2053 5131 jure
2162 5062 2350 5125 Quem
2367 5056 2527 5112 enim
2539 5056 2636 5127 Baj
2645 5056 2813 5111 oaria
2822 5053 2966 5110 olim
2983 5052 3061 5110 ab
3081 5053 3249 5109 initio
3260 5052 3437 5109 verbi
3452 5056 3574 5112 Dei
3613 5076 3865 5116 vomere

408 5147 771 5218 panduntur,
793 5146 927 5204 ideo
947 5145 1199 5215 dignum
1215 5148 1272 5200 et
1285 5145 1465 5201 etiam
1482 5146 1807 5217 gloriosum
1826 5149 2055 5221 putavi-
2160 5146 2413 5215 exculta,
2427 5149 2675 5202 etsacrae
2687 5143 2825 5199 ﬁdei
2844 5142 3069 5198 semine
3084 5140 3455 5198 sufﬁcienter
3486 5142 3863 5215 fecundam,

408 5250 542 5290 mus
558 5237 746 5292 Vitam
766 5234 923 5291 beati
946 5239 1003 5292 et
1014 5233 1341 5291 venerandi
1361 5234 1543 5291 Patris
1555 5235 1741 5293 nostri
1760 5237 2053 5297 Godehar-
2158 5252 2368 5292 verum
2380 5233 2678 5304 religionis
2695 5232 3076 5303 eruditorem,
3093 5230 3269 5286 nobis
3279 5230 3524 5303 quibus
3546 5250 3737 5309 Opus
3762 5253 3867 5295 era:

408 5320 768 5395 diepiscopi,
792 5327 1088 5395 quantum
1120 5320 1323 5379 divina
1358 5322 1669 5381 clementia
1718 5324 2048 5395 donaverit,
2157 5324 2412 5391 medico,
2444 5322 2805 5378 concedente
2831 5320 3079 5388 Christo,
3132 5320 3520 5389 transmisit;
3576 5341 3717 5383 nos
3782 5332 3867 5384 Sa.

405 5409 467 5464 in
493 5410 835 5482 exemplum
850 5408 1224 5467 moderniset
1237 5410 1488 5482 posteris
1502 5426 1858 5485 proponere,
1885 5419 1941 5470 et
1953 5429 2050 5484 ge-
2156 5427 2343 5468 xones
2367 5411 2458 5466 vel
2480 5414 2634 5467 certe
2665 5410 2991 5480 Saxigenee,
3017 5412 3077 5464 et
3095 5412 3164 5464 ut
3201 5423 3351 5465 vera
3406 5409 3645 5483 nobis,
3720 5417 3857 5489 pret-

476 5572 552 5640 (4)
583 5572 673 5625 Sic
702 5570 1050 5642 Bollandus,
1074 5573 1397 5642 etquidem
1432 5575 1641 5629 rectius
1673 5577 1745 5631 ad
1792 5577 2047 5633 auctoris
2157 5576 2445 5630 intimam.
2482 5578 2768 5631 Caeterum
2792 5590 2865 5627 ex
2895 5572 3008 5627 hoc
3038 5571 3172 5628 loco
3199 5572 3474 5642 rejicitur
3512 5579 3804 5638 Crantzii
3825 5590 3859 5631 et

406 5656 674 5726 pensum,
693 5640 794 5726 qui
810 5641 902 5694 hic
926 5640 1087 5726 de
1101 5639 1435 5726 .G‘ojiehardi
1447 5642 2046 5726 familiaeobseuritate
2157 5645 2409 5726 alio_rum
2431 5646 2837 5726 quorumdam
2893 5643 3203 5726 sententia,
3230 5639 3335 5725 qui
3358 5715 3377 5726 _
3397 5646 3857 5708 Godehardun:

406 5709 664 5781 loquitur
692 5709 1066 5774 {Brouverus
1098 5713 1295 5764 autem
1326 5715 1382 5765 et
1410 5713 1597 5768 codex
1617 5717 2047 5773 nosterhabent
2156 5732 2227 5772 ex
2256 5709 2516 5773 Bavariee
2548 5716 2888 5787 principum
2912 5713 3139 5772 familia
3156 5709 3506 5774 oriundum
3530 5728 3844 5794 putarunt
