3944 6432
140 286 284 342 H65

1770 282 1946 338 Vl'l'A.

3439 284 3578 339 1186

126 411 306 465 dolor
335 411 347 464 !
406 410 809 465 insultationis
836 410 1106 465 irrisione
1145 410 1442 479 objicitur,
1476 408 1660 462 verbo
1688 406 1783 461 Dei
1824 417 1868 469 Λ
1900 407 2175 476 gloriam,
2206 408 2539 466 domestica
2557 406 2794 465 desidia
2821 405 3182 474 obdurante,
3214 404 3444 465 silendo
3476 420 3577 463 ne-

126 501 236 555 diu
276 499 697 565 indomabiles,
756 498 1023 571 periculo
1070 517 1189 555 non
1223 515 1520 563 caremus,
1572 497 1619 551 si
1674 497 1805 566 ejus

1917 496 2220 564 gligimus.

147 656 3567 689 Μ

1366 808 1914 927 thijlT
1977 809 2363 929 VITA.

209 1044 262 1095 4.
296 1040 476 1105 Igitur
525 1039 1055 1112 septingentesimo
1108 1039 1578 1112 quadragesimo
1608 1039 1803 1111 primo
1844 1043 1886 1094 Α
1914 1040 2209 1117 jocularia
2257 1038 2667 1109 indignatione
2694 1053 2757 1093 se
2782 1036 3142 1095 nobiliorem
3174 1036 3457 1109 jactitans
3484 1054 3577 1096 re-

139 1129 573 1185 lncarnationis
619 1129 850 1185 Domini
895 1145 1079 1197 anno,
1109 1144 1234 1201 quo
1283 1129 1526 1184 Carolus
1570 1128 1806 1200 primus

135 1219 211 1286 (Si)
245 1216 401 1271 tilius
434 1216 663 1289 Pippini
696 1216 894 1289 primi,
924 1217 1027 1272 ﬁlii
1055 1217 1313 1282 Anchisi,
1350 1216 1449 1271 ﬁlii
1478 1216 1805 1273 Arnultiex

133 1307 252 1361 hac
274 1306 396 1361 vita
428 1306 797 1371 demigrans,
822 1305 955 1363 ﬁliis
978 1306 1101 1360 suis
1127 1305 1569 1361 (larolomanno
1596 1310 1653 1360 et
1682 1305 1808 1377 Pip-

133 1395 283 1465 pino
312 1410 570 1457 regnum
599 1394 981 1467 reliquit,quo
1003 1394 1181 1448 etiam
1208 1394 1477 1466 sequenti
1506 1409 1668 1449 anno
1699 1394 1805 1448 istc

132 1483 424 1555 Pippinus
454 1483 734 1538 Carolum
787 1487 1065 1551 Magnum
1098 1484 1322 1547 genuit,
1378 1484 1615 1538 initium
1648 1483 1805 1538 Alta-

130 1572 339 1627 hensis
366 1574 440 1643 (6)
476 1573 820 1628 monasterii
856 1590 891 1627 a
927 1573 1137 1628 Christi
1158 1572 1484 1628 cultoribus
1508 1572 1807 1644 sapienter

130 1661 488 1733 inemptum,
544 1666 599 1716 et
627 1661 687 1715 in
717 1661 1001 1731 religione
1030 1662 1400 1716 monachicre
1424 1660 1805 1715 institutionis

134 1751 379 1806 feliciter
407 1755 497 1805 est
524 1750 853 1822 perfectum
885 1758 986 1819 t7),
1012 1756 1149 1805 ante
1179 1750 1659 1805 distributionem
1686 1750 1806 1821 epi-

136 1840 507 1911 scopiorum,
538 1856 673 1911 qua!
727 1839 963 1894 decimo
994 1846 1134 1911 post
1182 1856 1344 1894 anno
1375 1840 1434 1894 in
1468 1840 1741 1908 Bajoaria
1770 1840 1806 1893 a

137 1933 353 1985 sancto
386 1930 685 1985 Bonifacio
707 1928 1158 2001 archiepiscopo
1179 1935 1267 1983 est
1296 1930 1547 1993 facta,ex
1568 1928 1806 1983 decreto

135 2018 444 2073 Zacharize
476 2035 646 2091 papae
673 2023 729 2073 et
754 2034 1052 2073 consensu
1086 2017 1312 2089 Pippini
1344 2017 1518 2083 regis,
1548 2017 1640 2071 cui
1670 2023 1806 2072 ante

134 2112 281 2162 tunc
297 2107 579 2178 temporis
590 2106 909 2161 triennium
926 2107 1103 2160 frater
1115 2105 1466 2161 Caroloman
1476 2120 1588 2158 nus
1602 2104 1805 2158 Romae

135 2199 485 2251 tonsoratus
516 2199 573 2249 et
605 2195 1056 2251 monacbizatus
1105 2193 1542 2248 hi'ereditariam
1575 2195 1805 2263 partem

134 2283 307 2346 regni
338 2287 397 2337 et
448 2283 826 2355 proprietatis
869 2282 1113 2347 dimisit,
1171 2281 1422 2354 quando
1462 2279 1807 2335 Willebaldo

136 2372 364 2435 Eistad,
418 2372 631 2427 Joanni
684 2371 1029 2439 Salzeburk,
1092 2371 1433 2425 Eremberto
1476 2369 1804 2437 Frisingge,

129 2460 429 2515 Gaibaldo
465 2460 824 2531 [Garibaldo]
860 2459 1202 2514 Radisbona
1233 2457 1714 2519 commendatur.
1747 2461 1803 2513 et

125 2550 467 2606 Christiana
520 2549 725 2617 religio
770 2548 993 2603 ibidem
1037 2548 1218 2614 digne
1272 2552 1389 2603 Deo
1446 2547 1802 2603 corrobora-

128 2639 248 2689 tur.
291 2639 351 2688 tn
382 2632 668 2706 praedicto
728 2637 883 2688 certe
916 2634 1192 2687 cirnobio
1252 2632 1548 2687 servimen
1595 2629 1803 2687 Christi

128 2724 213 2778 ab
241 2722 410 2777 initio
460 2721 702 2777 feliciter
746 2721 1060 2790 succrevit,
1111 2727 1167 2775 et
1222 2736 1328 2792 per
1368 2725 1651 2776 centenos
1689 2718 1805 2773 fere

129 2828 333 2867 annos
362 2812 419 2867 in
448 2810 806 2866 monachico
836 2809 1146 2882 proposito
1160 2808 1540 2865 laudabiliter
1560 2807 1807 2879 profecit

134 2915 332 2971 usque
383 2900 443 2955 in
498 2898 908 2954 detestabilem
952 2898 1115 2953 illam
1169 2897 1615 2953 dissensionem
1671 2912 1804 2966 quis

134 2988 322 3060 erepit
345 2988 496 3043 inter
524 2988 890 3043 Luilovieum
939 2988 1361 3059 imperatorem
1396 2986 1587 3042 tilium
1617 2983 1809 3041 Caroli

138 3078 335 3147 Magni
362 3082 418 3133 et
448 3077 602 3132 filios
632 3079 760 3147 ejus
795 3077 1180 3146 Ludovicum,
1248 3076 1589 3132 Lotharium
1618 3080 1676 3131 et
1706 3078 1808 3131 Ca-

137 3168 378 3234 rolum;
466 3183 537 3222 ac
604 3167 823 3223 deinde
878 3167 1231 3240 imperatore
1317 3166 1601 3222 defuncto
1658 3165 1810 3221 inter

139 3258 311 3329 ipsos
339 3256 689 3329 fratres.per
708 3256 930 3311 multos
953 3272 1165 3322 annos,
1195 3260 1258 3311 ut
1288 3256 1572 3311 chronica
1600 3258 1812 3310 testan-

144 3352 259 3411 tur,
286 3345 705 3417 permansit.ln
739 3363 811 3401 ea
839 3362 983 3413 ergo
1011 3350 1361 3417 tempestate
1389 3345 1655 3401 ecclesiae
1677 3344 1810 3415 plu-

141 3452 235 3489 res
256 3433 1061 3505 despoliabantur,crenobia
1091 3433 1625 3489 disturbabantur:
1660 3432 1812 3487 inter

138 3540 279 3595 qua:
310 3526 368 3577 et
394 3522 667 3592 ejusdem
697 3521 1030 3577 Altahensis
1058 3521 1329 3576 Ecclesiae
1350 3521 1681 3592 proprietas
1707 3519 1813 3575 ibi-

138 3613 284 3667 dem
313 3629 349 3668 a
378 3611 658 3667 ﬁdelibus
686 3611 984 3678 collata,et
1014 3616 1263 3665 eotenns
1290 3608 1810 3671 inconvulsa,diri-

140 3702 440 3773 piebatur,
466 3705 524 3756 et
550 3700 687 3754 huic
720 3698 926 3753 sceleri
952 3697 1367 3764 militantibus,
1397 3698 1569 3766 jtuta
1595 3696 1810 3752 debac-

135 3788 452 3846 chantium
469 3788 853 3854 voluntatem,
886 3784 1293 3841 beneficiiimo
1332 3784 1807 3840 maleficiicausa

138 3877 542 3934 dividebatur.
579 3875 699 3931 Hac
730 3875 891 3930 enim
922 3874 1271 3930 necessitate
1310 3873 1670 3929 monachica
1700 3872 1809 3929 ibi-

140 3969 286 4023 dem
313 3981 533 4024 norma
578 3964 824 4021 defecit:
857 3963 971 4020 sub
1001 3963 1210 4033 regula
1263 3966 1467 4019 tamen
1493 3962 1810 4019 canonico-

139 4072 283 4112 rum
308 4055 471 4111 idem
496 4055 666 4110 locus
712 4069 905 4126 usque
952 4053 1013 4108 in
1047 4059 1318 4124 tempora
1366 4052 1479 4125 piae
1505 4052 1810 4108 memoriae

142 4144 383 4201 Henrici
409 4146 486 4217 (8)
514 4144 707 4213 ducis,
753 4159 937 4215 quem
976 4146 1186 4215 postea
1221 4142 1642 4214 imperatorem
1668 4142 1814 4199 vidi—

142 4251 305 4303 mus,
334 4234 474 4290 item
497 4249 604 4306 per
632 4237 871 4289 centum
900 4248 1093 4288 annos
1122 4232 1389 4305 perstitit.
1412 4232 1585 4298 Quod
1609 4235 1812 4288 etOtto

142 4324 285 4396 pius
317 4339 440 4383 rex,
468 4322 627 4377 ﬁlius
653 4320 810 4389 regis
836 4320 1070 4377 Henrici
1102 4320 1587 4395 Saxonii,sazpius
1615 4321 1815 4378 decre-

146 4414 233 4471 vit
253 4412 315 4469 in
336 4411 637 4485 aliquibus
658 4411 803 4468 locis
825 4410 1361 4480 redintegrare,sed
1390 4410 1607 4483 plurali
1636 4412 1814 4467 infor-

147 4503 318 4561 tunio
347 4502 644 4565 obstante,
676 4500 939 4556 maxime
991 4503 1192 4556 tamen
1220 4499 1415 4556 fratris
1459 4499 1548 4555 sui
1580 4500 1814 4558 Henrici

145 4592 323 4649 ducis
374 4590 660 4662 Bajoarici
715 4589 1157 4647 machinatione
1217 4588 1641 4661 praepediente,
1690 4606 1814 4647 non

148 4680 344 4757 potuit
368 4680 672 4752 perﬁcere.
705 4680 815 4744 Qui
842 4683 996 4734 certe
1026 4677 1141 4733 cibi
1166 4677 1229 4733 in
1256 4677 1452 4749 prima
1504 4678 1688 4749 regali
1718 4696 1814 4735 or-

148 4771 460 4829 dinatione
484 4773 543 4824 in
572 4770 897 4844 praesentia
920 4767 1105 4842 patris
1152 4783 1223 4824 ac
1251 4768 1615 4841 principium
1641 4769 1817 4843 quasi

226 4948 447 5022 (5)7Hic
464 4952 672 5022 auctor
701 4946 980 5022 Carolum
997 4944 1324 5022 Martellum
1353 4946 1616 5019 appellat
1632 4951 1818 5022 ACaro-

149 5017 359 5090 lum'l,
411 5019 548 5077 licet
575 5019 740 5077 enim
780 5018 938 5088 regis
991 5017 1237 5090 nomine
1282 5017 1593 5075 usus'non
1622 5019 1816 5088 fuerit,

1914 1129 2076 1191 stitit,
2106 1132 2162 1184 et
2191 1128 2249 1184 in
2303 1127 2516 1185 eadem
2574 1143 2736 1183 vana
2766 1126 3069 1184 voluntate
3100 1141 3339 1199 semper
3371 1130 3581 1184 contra

1916 1220 2155 1273 fratrem
2189 1234 2389 1283 regem
2443 1216 2725 1289 privatim
2753 1220 2813 1271 et
2838 1214 3114 1284 subdole,
3154 1218 3363 1273 contra
3386 1214 3579 1273 ﬁlium

1912 1305 2067 1375 regis
2146 1306 2515 1362 Ludovicum
2582 1306 2718 1375 [alii
2773 1304 3139 1375 Ludolfum],
3189 1308 3255 1361 ut
3305 1304 3581 1376 Bajoaria

1912 1394 2111 1449 adhuc
2141 1399 2413 1461 testatur,
2446 1393 2684 1466 publice
2713 1393 2985 1467 perstitit.

2094 1484 2396 1539 Prteclarze
2450 1484 2631 1553 igitur
2680 1482 2901 1540 indolis
2954 1497 3127 1555 puer,
3180 1481 3578 1542 Godehardus

1912 1573 2177 1638 nomine,
2198 1574 2371 1643 juxta
2396 1572 2715 1629 Altahense
2741 1571 3176 1629 monasterium
3204 1587 3278 1628 ex
3302 1571 3575 1643 ejusdem

1916 1662 2186 1717 Ecclesia:
2220 1661 2465 1727 familia,
2516 1661 2576 1717 in
2605 1660 2747 1719 villa
2774 1660 3149 1718 Rithenbach
3171 1660 3446 1719 dioecesis
3472 1662 3578 1719 Ρα-

1913 1752 2213 1811 taviensis.
2259 1768 2295 1807 a
2325 1767 2462 1807 vere
2503 1750 2852 1809 Christianis
2902 1750 3017 1823 piis
3062 1753 3123 1807 et
3176 1749 3445 1809 honestis
3470 1765 3579 1823 pa-

1912 1841 2179 1896 rentibus
2212 1840 2451 1895 feliciter
2479 1844 2657 1896 natus
2677 1844 2765 1897 est
2788 1844 2846 1897 et
2881 1838 3213 1908 enutritus;
3250 1838 3462 1896 studiis
3489 1838 3577 1897 [ἣν

1912 1930 2176 1982 terarum
2209 1928 2407 1984 adhuc
2433 1928 2762 1985 infantulus
2781 1933 2992 1987 contra
3016 1927 3411 1987 intentionem
3427 1942 3578 2000 quo-

1912 2016 2245 2071 dammodo
2300 2022 2618 2089 parentum
2669 2034 2918 2077 suorum
2949 2033 3011 2074 se
3064 2016 3326 2076 tradidit.
3372 2018 3579 2088 [Erant

1914 2105 2135 2160 scholae
2160 2122 2313 2177 quas
2350 2106 2631 2173 visitavit,
2663 2122 2853 2179 prope
2882 2104 3316 2165 monasterium
3344 2104 3573 2173 Altach,

1914 2198 2078 2248 trans
2099 2195 2325 2250 llumen
2357 2194 2698 2251 Danubium
2722 2195 2981 2265 (9).Cum
3005 2198 3212 2251 autem
3234 2209 3415 2253 mane
3444 2208 3574 2251 sur-

1913 2298 2061 2350 gens
2089 2288 2333 2337 sanctus
2366 2299 2471 2354 per
2505 2282 2697 2352 gratia
2745 2281 3031 2340 visitandi
3060 2280 3301 2339 scholas
3353 2280 3580 2339 veniret

1848 2391 1889 2442 Β
1918 2387 2107 2443 prope
2131 2372 2492 2433 Danubium,
2519 2370 2687 2443 quod
2721 2386 2878 2443 pons
2900 2369 2986 2427 ibi
3013 2386 3138 2429 non
3165 2374 3315 2441 erat,
3344 2373 3412 2427 ut
3435 2384 3578 2443 pos-

1907 2463 1996 2515 set
2049 2460 2298 2516 ﬂuvium
2354 2460 2733 2533 pel-transire,
2790 2462 2911 2517 Deo
2961 2458 3166 2527 dante,
3212 2458 3443 2517 vadens
3494 2457 3578 2514 ad

1909 2548 2145 2604 scholas
2179 2554 2281 2605 aut
2304 2548 2445 2603 inde
2468 2548 2703 2605 rediens
2731 2547 3065 2620 quemdam
3087 2546 3307 2620 reperit
3331 2545 3439 2619 qui
3462 2545 3578 2603 sibi

1909 2654 2017 2709 per
2046 2638 2269 2693 flumen
2321 2636 2675 2693 continuum
2704 2640 2762 2692 et
2787 2652 3007 2693 sanum
3056 2635 3315 2709 praebuit
3342 2634 3574 2695 condit!-

1910 2732 2118 2790 ctum].
2151 2727 2215 2785 ln
2244 2726 2458 2784 eodem
2489 2725 2856 2783 monasterio
2901 2740 3052 2798 puer
3080 2724 3401 2798 praedictus
3424 2723 3572 2782 ﬁde-

1910 2816 2043 2872 liter
2077 2831 2114 2871 a
2145 2815 2496 2887 parentibus
2519 2814 2778 2882 oblatus,
2829 2830 2869 2872 a
2895 2814 3180 2872 fratribus
3230 2814 3446 2873 devote
3478 2830 3575 2871 su-

1913 2909 2170 2977 sceptus,
2224 2904 2489 2963 litteralis
2547 2904 2804 2962 scientiae
2859 2903 3153 2961 haustum
3182 2903 3439 2963 Domino
3482 2903 3578 2960 ω.

1911 2995 2132 3051 bnente
2156 2994 2535 3050 laudabiliter
2586 2993 2843 3061 imbibit,
2871 2997 2931 3051 et
2977 2992 3198 3051 divina
3252 2992 3403 3064 legis
3428 2991 3577 3051 noti~

1917 3085 2061 3141 tiam
2087 3100 2198 3156 pro
2216 3084 2472 3156 parvulo
2526 3083 2728 3140 adhuc
2756 3083 2949 3141 aetatis
2994 3082 3300 3154 ingeniolo
3326 3082 3579 3143 libenter

1915 3172 2145 3244 accepit
2166 3172 2363 3243 juxta,
2383 3171 2548 3245 quod
2574 3171 2817 3229 dicitur:
2846 3170 3154 3230 Facillime
3181 3170 3451 3241 discitur,
3471 3169 3580 3227 ubi

1917 3262 2168 3334 Spiritus
2199 3260 2301 3317 Dei
2338 3261 2548 3319 doctor
2578 3259 2768 3317 adest.
2797 3259 3012 3332 [C(epit
3036 3275 3307 3333 namque
3335 3261 3580 3318 sanctus

1917 3365 2067 3421 puer
2094 3349 2157 3405 in
2187 3349 2477 3420 primaevo
2506 3348 2722 3419 (etatis,
2766 3364 2873 3405 seu
2897 3348 3229 3419 juventutis
3257 3358 3382 3405 sua!
3410 3346 3577 3413 ﬂore,

1920 3439 2207 3495 vanitates
2232 3438 2531 3494 declinare
2590 3442 2771 3509 atque
2792 3436 3063 3495 levitates
3113 3437 3339 3497 evitare
3384 3434 3582 3507 magis

1916 3526 2143 3595 eligens
2166 3528 2384 3596 jugum
2415 3525 2512 3582 Dei
2529 3525 2730 3582 subire
2751 3524 3110 3583 etvirtutum
3133 3523 3580 3585 tramitesadire

1915 3632 2105 3687 quam
2158 3614 2520 3671 vanitatibus
2572 3613 2755 3684 hujus
2810 3613 3044 3682 mundi,
3092 3617 3158 3671 ut
3201 3612 3305 3675 illa
3339 3628 3580 3685 semper

1848 3744 1887 3798 ε
1917 3703 2144 3798 assolet
2167 3708 2348 3798 astas;
2374 3702 2674 3774 coepitque
2702 3700 2779 3759 de
2807 3701 2975 3798 bono
3002 3701 3068 3759 in
3086 3700 3325 3798 melius,
3352 3700 3433 3758 de
3454 3717 3579 3798 Ine-

1916 3792 2048 3848 liori
2098 3791 2161 3848 in
2213 3791 2515 3863 optimum
2563 3806 2689 3849 non
2712 3789 2970 3861 segniter
3016 3806 3083 3847 se
3120 3790 3457 3849 transferre.
3489 3789 3581 3849 0b

1918 3881 2032 3935 hoc
2055 3894 2292 3951 semper
2324 3878 2551 3935 terebat
2579 3877 2843 3935 ecclesias
2866 3876 3079 3936 limina
3102 3882 3166 3937 ut
3182 3878 3411 3937 ibidem
3432 3878 3585 3937 hau.

1919 3968 2058 4024 riret
2084 3983 2270 4024 sacrae
2297 3966 2443 4038 legis
2472 3965 2747 4035 ﬂumina,
2777 3970 2845 4025 ut
2868 3966 3085 4024 exinde
3110 3969 3376 4029 meritam
3405 3982 3582 4025 suam

1919 4057 2241 4114 inebriaret
2267 4056 2658 4115 sitibundam.
2710 4055 2931 4115 Aderat
2952 4056 3007 4113 ei
3027 4056 3131 4115 Dei
3160 4056 3355 4124 timor,
3379 4055 3584 4130 ipsum

1919 4147 2000 4204 ab
2029 4145 2199 4203 omni
2254 4146 2564 4204 retrahens
2617 4144 2867 4205 lascivia
2895 4145 3129 4218 puerili.
3190 4145 3285 4203 Sic
3310 4144 3491 4216 igitur
3520 4161 3584 4202 se

1918 4236 2202 4293 omnibus
2228 4235 2516 4308 exhibuit,
2567 4239 2630 4291 ut
2658 4250 2958 4307 organum
2981 4234 3295 4309 quoddam
3328 4234 3583 4307 Spiritus

1920 4326 2112 4384 sancti
2160 4341 2290 4382 esse
2320 4324 2632 4383 verissime
2668 4328 3004 4397 appareret.
3060 4323 3226 4381 Unde
3251 4327 3312 4381 et
3360 4322 3586 4380 factum

1921 4421 2011 4473 est
2035 4419 2103 4471 ut
2128 4414 2191 4470 in
2217 4413 2430 4470 habitu
2456 4413 2749 4481 saeculari,
2781 4428 2907 4486 quo
2931 4412 3083 4470 inter
3108 4412 3420 4484 religiosos
3461 4427 3589 4469 ma.

1920 4504 2124 4572 nebat,
2197 4502 2419 4558 multos
2474 4502 2549 4557 de
2605 4501 2895 4573 religiosis
2948 4502 3011 4557 in
3075 4501 3204 4559 vitae
3278 4498 3586 4557 sanctitate

1921 4592 2221 4668 pelliceret
2246 4590 2570 4649 evidenter.

1996 4684 2205 4739 6.Cum
2231 4684 2435 4738 autem
2453 4680 2683 4738 bonam
2707 4679 3100 4753 moribusque
3118 4676 3386 4741 honestis
3413 4676 3519 4748 huj
3529 4693 3590 4733 u-

1925 4770 2124 4828 smodi
2134 4769 2319 4827 vitam
2333 4768 2704 4827 laudabilem
2734 4768 2797 4824 in
2815 4768 2975 4827 dicto
2993 4766 3359 4825 monasterio
3377 4765 3590 4823 Altae]:

1926 4950 2295 5020 chiepiscopo
2316 4948 2488 5020 facta
2514 4954 2619 5006 est.
2650 4951 2961 5006 Ms.autem
2989 4945 3315 5020 Graeciense
3334 4944 3407 5020 in
3436 4943 3595 5020 notis

1929 5016 2199 5078 Bollandi
2217 5016 2551 5079 'sic'habet:
2584 5021 2659 5075 Α.
2685 5021 2750 5077 S.
2797 5020 3070 5076 Firmino
3094 5024 3149 5075 et
3179 5018 3418 5075 domino
3452 5016 3594 5072 0di-

150 5087 367 5152 omnia
397 5095 598 5148 tamen
658 5090 746 5163 ita
769 5087 955 5163 penes
984 5089 1186 5163 ipsum
1238 5095 1425 5163 erant,
1468 5087 1819 5163 utregnum
1860 5094 1903 5147 D
1932 5094 2065 5149 lene
2090 5092 2243 5147 duce
2263 5092 2629 5163 Bauvarico,
2686 5092 2940 5163 aliisque
2982 5090 3214 5147 Christi
3264 5087 3597 5163 cultoribas

150 5165 291 5223 ﬁliis
319 5162 444 5218 suis
477 5158 1025 5234 reliquerit—eodemw
1039 5158 1824 5234 modoadministrandum,

151 5237 351 5294 donec
408 5231 653 5307 tandem
712 5235 1094 5307 exauctorato
1148 5231 1498 5307 _C-h_ilderico,
1544 5231 1827 5307 Pippinus

153 5322 385 5387 nomen
414 5305 596 5387 regis,
622 5304 879 5387 quodre
906 5304 1034 5387 jam
1065 5301 1350 5387 habebat,
1381 5301 1725 5387 assumpsit.
1753 5322 1764 5335 ·

229 5378 305 5460 (6)
333 5372 757 5460 Monasteri'um
784 5372 1009 5457 Altahae
1065 5372 1367 5460 inferioris
1394 5375 1455 5460 in
1496 5372 1745 5460 Bavaria
1768 5376 1830 5433 in

154 5445 513 5531 episcopatu
552 5447 922 5531 Pataviensi,
971 5445 1139 5531 quod
1212 5450 1437 5520 perstat
1487 5448 1830 5504 etiamnunc

158 5517 277 5578 sub
306 5517 517 5589 regula
551 5520 605 5575 S.
641 5521 701 5574 P.
739 5521 803 5574 N.
835 5517 1153 5574 Benedicti.

232 5593 308 5661 (7)
339 5591 487 5673 Editi
502 5589 1117 5673 habent,_/.'e_liciterest
1142 5590 1833 5673 per/"eruunquindecim

1934 5164 2238 5234 sapienter
2261 5158 2621 5233 incoeptum,
2636 5168 2689 5218 et
2722 5163 2807 5234 in,
2836 5158 3117 5232 religiosa
3147 5161 3478 5234 monastica
3509 5158 3598 5234 in-

1935 5230 2240 5292 stitutione
2266 5230 2529 5304 feliciter
2555 5239 2636 5289 est
2660 5230 3025 5359 perfectum,
3054 5237 3196 5289 ante
3224 5230 3599 5288 distributio-

1936 5322 2070 5359 nem
2101 5306 2555 5359 enixeeniorum.
2584 5318 2719 5359 auo)
2789 5305 2970 5359 ecimo
3000 5310 3132 5359 post
3158 5319 3319 5359 anno
3346 5304 3409 5358 in
3440 5303 3599 5358 Bau-

1936 5322 2070 5364 nem
2101 5306 2555 5378 episcopiorum,
2584 5303 2719 5378 qua)
2745 5303 2970 5361 decimo
2995 5310 3132 5374 post
3158 5319 3319 5361 anno
3346 5304 3409 5358 in
3440 5303 3605 5358 Bau-

1938 5378 2112 5434 varia
2138 5392 2175 5433 a
2201 5382 2408 5433 sancto
2438 5377 2779 5447 Boni/acie,
2808 5380 2919 5432 etc.

2011 5449 2088 5520 (8i
2121 5448 2175 5502 Is
2225 5452 2319 5505 est
2370 5445 2653 5520 Henricus
2702 5464 2733 5503 e
2766 5445 3025 5505 Bavarise
3055 5446 3208 5504 duce
3254 5445 3604 5520 imperator,

1943 5519 2253 5576 sanctitate
2280 5519 2547 5576 celebris.

2016 5593 2095 5662 (9)
2123 5590 2248 5648 Hoc
2301 5591 2664 5649 miraculum
2695 5590 2862 5648 deest
2891 5589 2953 5662 in
2980 5594 3185 5648 nostro
3231 5606 3348 5648 ms.
3381 5586 3610 5655 codice,

158 5666 292 5735 fere
316 5664 517 5730 annis,
552 5667 694 5720 ante
718 5661 1197 5736 distributionem
1229 5664 1682 5731 episcopiorum,
1704 5678 1837 5733 quae
1946 5663 2100 5736 sicut
2123 5666 2181 5720 et
2211 5662 2330 5721 alia
2358 5664 2569 5733 multa,
2600 5680 2737 5736 quae
2766 5662 2888 5719 suis
2918 5661 3065 5719 locis
3099 5661 3487 5721 includuntur
3509 5669 3612 5713 an-

155 5733 297 5808 post
329 5749 557 5792 annum
618 5737 681 5790 in
714 5733 1005 5801 Bajoaria
1063 5747 1101 5789 a
1130 5740 1336 5789 sancto
1362 5735 1680 5804 Bonifacio
1733 5750 1835 5792 ar-

1948 5735 2111 5793 sulis.
