3980 6424
154 432 246 480 217

1152 427 1312 481 νιτΑ
1353 428 1407 481 S.
1450 426 1907 491 CUNEGUNDIS,
1952 426 2066 480 l'BI
2112 422 2199 479 DE
2241 426 2295 479 S.
2343 426 2675 480 llENRlCO.

3574 428 3676 480 218

153 549 453 619 Philippus
486 553 595 619 (81)
630 566 725 603 rex
760 553 993 619 propter
1013 549 1102 601 sui
1134 548 1656 615 confirmationem,
1708 548 1855 602 inte-
1897 552 1939 605 A
1969 549 2054 601 vel
2089 548 2258 602 verba
2288 548 2554 614 fundens,
2593 548 2785 601 cibum
2845 554 2946 601 aut
2978 552 3176 618 potum
3224 548 3313 601 vix
3365 549 3676 619 aliquando

150 638 256 690 rim
291 654 449 703 vero,
509 638 661 708 quod
700 637 881 707 magis
916 637 1166 690 favorem
1226 637 1330 689 sibi
1364 642 1635 707 priest-are
1664 637 1859 690 crede-

152 726 263 789 bat,
321 733 562 797 propter
623 726 1060 779 translationem
1123 726 1298 779 beatae
1350 726 1586 796 virginis
1629 725 1863 779 comitia

150 814 462 868 indixerat:
501 820 693 867 mutus
740 815 973 885 quidam
1032 815 1287 867 servulus
1320 814 1379 867 in
1424 815 1701 868 comitatu
1731 831 1859 885 pro-

153 904 430 956 babilium
489 903 742 955 virorum
801 903 869 955 de
931 904 1121 971 Pogen
1180 909 1543 968 convenerat,
1612 918 1861 973 quorum

154 1008 303 1059 vasa,
340 993 479 1060 quia
501 999 557 1045 et
590 992 697 1061 ipsi
722 992 1064 1061 pmnitentes
1097 996 1279 1059 erant,
1322 992 1605 1062 portabat.
1642 991 1862 1060 Regina

154 1082 219 1133 ad
254 1080 554 1134 ecclesiam
586 1097 943 1151 processura,
989 1096 1119 1133 cum
1152 1080 1219 1132 de
1266 1096 1423 1133 more
1463 1080 1801 1133 solemniter
1831 1097 1863 1133 a

153 1172 303 1222 clero
334 1170 666 1239 suscipitur,
699 1170 969 1223 confusus
1002 1169 1234 1222 interim
1273 1170 1620 1239 populorum
1650 1170 1864 1221 clamor

154 1259 430 1321 exoritur,
485 1275 600 1311 non
634 1259 841 1311 frustra
884 1257 1164 1310 morituro
1193 1257 1442 1327 denique
1492 1257 1735 1322 homini,
1764 1257 1863 1309 sed

154 1347 349 1399 laudes
372 1363 501 1399 cum
540 1346 760 1400 Christo
814 1363 918 1399 suo
944 1346 1066 1416 jam
1113 1346 1323 1398 viventi
1356 1345 1857 1398 conclamantium.

154 1437 355 1488 Testor
414 1435 702 1488 Christum
748 1439 804 1487 et
858 1434 982 1503 ejus
1038 1435 1347 1503 apostolos,
1392 1434 1495 1487 iste
1554 1434 1653 1503 qui
1702 1434 1861 1504 prius

156 1524 396 1587 nullam,
450 1528 647 1592 utpote
707 1528 920 1586 mutus,
984 1523 1237 1592 linguam
1302 1528 1560 1587 noverat,
1619 1522 1863 1592 singulis

153 1611 223 1664 ad
290 1612 643 1679 interrogata
719 1612 954 1681 propria
1032 1612 1232 1682 lingua
1308 1612 1553 1665 disertus
1636 1628 1864 1682 respon-

153 1700 345 1752 debat.

220 1791 313 1841 2U.
355 1790 533 1856 Lupus
566 1790 732 1842 mitis.
785 1818 855 1828 —-
901 1788 1044 1852 Quid
1101 1789 1345 1842 referam
1402 1790 1470 1843 de
1522 1790 1689 1843 bruto
1738 1789 1860 1842 ani-

152 1877 313 1939 mali,
369 1877 531 1946 cujus
586 1877 779 1930 innata
834 1877 940 1931 sibi
990 1877 1314 1948 rapacitatis
1369 1877 1675 1948 ingluvies,
1726 1879 1862 1931 dum

154 1965 413 2034 praedam
456 1966 669 2035 rapuit,
722 1966 885 2036 quasi
918 1983 1127 2019 nomen
1176 1968 1543 2037 Cunegundis
1574 1973 1775 2020 contra
1806 1984 1863 2019 se

152 2055 481 2106 invocatum
543 2054 830 2119 sensisset,
889 2072 923 2107 a
981 2072 1080 2107 suo
1148 2055 1340 2109 furore
1408 2056 1663 2126 quievit?
1724 2057 1865 2109 Nam

154 2142 327 2211 lupus
376 2142 513 2195 dum
546 2142 695 2196 circa
753 2142 941 2195 caulas
984 2142 1177 2195 ovium
1240 2143 1598 2213 vespertinus
1646 2150 1866 2197 natura:

154 2248 271 2285 suae
303 2231 545 2301 ingenio
599 2236 876 2297 versatur,
930 2233 1235 2302 parvulum
1268 2238 1401 2285 ante
1458 2233 1611 2285 fores
1643 2232 1867 2286 incaute

154 2321 421 2373 relictum
456 2320 648 2372 lustris
676 2320 791 2374 suis
840 2320 1054 2373 intulit.
1095 2321 1353 2375 Aliorum
1387 2326 1601 2388 autem,
1636 2322 1735 2392 qui
1760 2330 1867 2374 ter-

155 2408 247 2460 riti
271 2408 505 2460 fuerant
555 2424 657 2475 per
688 2407 911 2477 lupum,
946 2413 1128 2460 mater
1161 2408 1326 2477 pueri
1375 2410 1621 2462 clamore
1653 2410 1866 2461 excita-

155 2502 229 2561 ta,
291 2512 497 2548 omnes
554 2496 704 2549 cives
753 2513 885 2549 suos
936 2496 1203 2549 manibus
1255 2497 1560 2568 complosis
1636 2503 1867 2567 pectora

154 2585 430 2647 tondens,
502 2585 699 2637 multis
756 2585 1061 2654 ejulatibus
1116 2585 1173 2637 in
1214 2584 1474 2639 dolorem
1538 2586 1862 2639 commovit.

156 2674 437 2727 Omnibus
468 2674 708 2727 bestiam
738 2674 987 2743 insequi,
1031 2674 1167 2744 quia
1202 2690 1307 2727 nox
1360 2674 1627 2739 instabat,
1684 2674 1869 2727 incas-

158 2777 281 2814 sum
336 2761 755 2830 judicantibus,
806 2768 991 2814 mater
1035 2762 1105 2814 ad
1157 2761 1457 2814 ecclesiam
1505 2761 1863 2831 confugiens,

158 2850 334 2919 signis
366 2852 524 2904 velut
563 2856 790 2903 mortuo
832 2850 997 2903 tertio
1051 2852 1444 2921 compulsatis,
1505 2867 1608 2920 pro
1639 2867 1866 2903 conser-

158 2940 377 2991 vatione
412 2939 515 2992 lilii
545 2956 712 2992 aures
736 2939 972 3009 virginis
1018 2939 1132 2992 illic
1161 2956 1373 3008 pernox
1415 2940 1707 3009 appellare
1752 2956 1868 2992 non

157 3028 473 3081 desinebat.
509 3029 669 3081 Mane
700 3028 867 3094 factu,
898 3028 1171 3081 nutritius
1228 3028 1322 3081 ille
1359 3028 1500 3080 silva
1532 3045 1864 3098 erumpens,

157 3118 462 3185 parvulum
519 3133 692 3187 quem
749 3122 1035 3185 rapuerat,
1100 3117 1345 3169 illaesum
1387 3122 1661 3187 reportat,
1723 3118 1867 3172 etin

157 3205 307 3258 sulco
364 3204 462 3258 ubi
530 3206 700 3258 boves
743 3204 927 3275 pridie
977 3210 1296 3270 araverant,
1353 3206 1410 3259 in
1449 3206 1717 3275 pellicula
1766 3223 1867 3260 sua

1898 1837 1937 1890 Β

1903 3116 1942 3170 C

160 3292 470 3362 diligenter
518 3292 841 3347 involutum
871 3294 1138 3359 collocat;
1192 3294 1313 3365 ipse
1371 3300 1609 3365 propter
1666 3296 1867 3349 sedens
1920 3348 1921 3351 η

160 3381 444 3434 custodias
501 3382 779 3434 observat.
837 3381 940 3435 Ubi
1002 3398 1135 3435 vero
1195 3382 1469 3436 ruricolas
1520 3388 1576 3437 et
1606 3400 1867 3438 vomeres

156 3468 270 3536 jam
342 3470 814 3540 appropinquare
881 3470 989 3524 sibi
1055 3470 1226 3536 videt,
1288 3472 1450 3540 quasi
1514 3472 1584 3526 de
1648 3475 1870 3542 parvuli

162 3557 350 3627 quiete
410 3575 670 3623 securus,
723 3566 1056 3612 mansuetus
1113 3561 1370 3614 discedit.
1421 3560 1601 3623 Quem
1646 3563 1749 3627 illi,
1806 3568 1871 3616 ut

164 3664 282 3700 mos
336 3653 451 3713 est,
514 3648 765 3701 clamore
811 3654 1244 3719 persequentes,
1297 3665 1492 3702 servus
1541 3649 1641 3718 qui
1698 3650 1870 3704 boves

161 3737 507 3803 stimulabat,
554 3737 731 3806 pelles
779 3736 1088 3806 aspiciens:
1128 3755 1154 3786 «
1193 3739 1348 3803 Ecce,
1405 3738 1504 3805 ait,
1538 3743 1872 3808 tegumenta

162 3827 319 3895 pueri
347 3841 528 3897 quem
573 3826 744 3895 lupus
802 3825 1011 3895 rapuit.
1070 3846 1096 3875 ν)
1152 3828 1526 3879 Accurrentes
1575 3827 1870 3881 dormien-

163 3916 273 3964 tem
302 3913 614 3982 parvulnm
643 3912 945 3978 intactum,
970 3912 1132 3965 vultu
1155 3912 1517 3981 splendidum
1552 3913 1870 3982 reperiunt,

163 4006 214 4051 et
244 4017 360 4054 non
402 4000 530 4053 sine
584 4001 765 4053 multa
825 4000 1204 4053 admiratione
1257 4001 1379 4053 base
1424 4000 1869 4066 considerantes,

133 4088 371 4142 ~civibus
425 4094 485 4142 et
556 4088 726 4141 matri
778 4088 1064 4142 nuntiant.
1118 4090 1221 4142 llla
1269 4089 1569 4154 advolans,
1627 4096 1681 4143 et
1746 4106 1869 4160 prae

164 4178 364 4245 gaudio
403 4176 467 4230 in
528 4175 795 4229 lacrimas
844 4192 1250 4246 prorumpens,
1314 4176 1413 4229 ubi
1470 4185 1527 4229 et
1582 4180 1872 4247 quomodo

164 4266 375 4331 fuisset,
406 4264 672 4336 inquirit.
709 4265 806 4319 Ille
830 4266 1000 4334 juxta
1030 4269 1259 4319 aetatem
1310 4265 1676 4335 simpliciter:
1716 4287 1742 4318 ‹‹
1774 4270 1873 4323 Ca-

1970 654 2222 703 sumens,
2274 642 2663 708 permaneret.
2722 637 2778 691 Si
2808 637 3039 707 quando
3073 637 3153 689 illi
3203 636 3455 689 dormire
3499 636 3675 689 centi-

1970 727 2163 796 gisset,
2198 728 2315 779 solo
2346 728 2627 795 collapsus
2656 726 2827 779 modo
2874 732 3046 796 caput
3086 731 3318 791 terram,
3376 726 3541 777 modo
3572 741 3677 777 cce.-

1970 816 2091 869 lum
2124 818 2349 885 pulsare
2399 817 2647 882 videres;
2684 823 2739 869 et
2790 818 2941 887 quod
2974 817 3295 870 miserabile
3328 817 3502 882 dictu,
3537 818 3673 870 dum

1971 906 2041 957 ab
2100 905 2395 972 omnibus,
2455 912 2757 975 propterea
2790 908 2945 976 quod
2993 906 3285 959 horribilis
3337 906 3456 958 visu
3505 905 3671 969 foret,

1972 993 2290 1062 fingeretur,
2351 1010 2380 1046 a
2444 993 2680 1063 singulis
2753 994 2932 1047 videri
2996 994 3322 1065 optabatur.
3382 996 3489 1047 lste
3547 998 3676 1046 ante

1969 1080 2123 1133 fama
2154 1098 2327 1151 quam
2356 1088 2587 1151 aspectu
2620 1088 2805 1140 notus.
2870 1083 3006 1135 dum
3040 1083 3110 1135 ad
3147 1100 3249 1134 nos
3302 1082 3676 1151 pervenisset,

1970 1169 2175 1238 stipem
2210 1170 2359 1223 inter
2389 1170 2591 1223 domes
2644 1172 2951 1241 accipiens,
3019 1171 3355 1241 aliquandiu
3388 1176 3671 1223 sustenta-

1972 1262 2064 1309 tus
2109 1263 2207 1310 est.
2262 1259 2421 1311 llnnc
2464 1260 2952 1328 archisynagogus
3002 1260 3232 1311 videns:
3301 1281 3321 1307 ι
3375 1259 3433 1311 Si
3493 1264 3677 1311 vestra

1973 1346 2342 1415 Cunegundis
2386 1346 2453 1398 ad
2487 1347 2833 1401 Christianos
2880 1348 2981 1413 ait,
3028 1346 3200 1399 istum
3234 1346 3539 1408 curaverit,
3586 1362 3675 1397 me

1975 1434 2195 1487 Christo
2252 1452 2313 1488 ac
2386 1436 2517 1488 fidei
2577 1442 2776 1489 vestrae
2839 1435 3124 1504 applicare
3185 1435 3411 1505 poterit.
3462 1455 3482 1479 ι
3546 1432 3673 1496 Sed,

1973 1522 2130 1590 quod
2179 1522 2316 1575 dicit
2372 1524 2681 1592 Apostolus
2732 1524 2781 1593 (Ι
2826 1525 2945 1579 Cor.
3000 1541 3032 1587 ι,
3090 1522 3211 1591 2'2):
3272 1523 3450 1577 Judaei
3515 1524 3677 1591 signa

1974 1617 2242 1678 quaerunt,
2300 1611 2358 1664 in
2412 1612 2516 1664 hoc
2568 1612 2765 1665 Judzeo
2793 1619 3086 1666 ostensum
3119 1618 3222 1665 est.
3274 1613 3413 1664 Nam
3453 1609 3682 1680 patiens

1971 1699 2139 1753 tertia
2198 1699 2503 1753 Dominicze
2580 1701 3013 1753 resurrectionis
3071 1700 3232 1765 feria,
3304 1700 3442 1753 dum
3507 1713 3680 1767 super

1974 1788 2235 1856 sepulcro
2257 1788 2564 1841 salutiferas:
2594 1787 2831 1857 virginis
2864 1788 3078 1841 salubri
3108 1792 3467 1857 premeretur
3515 1802 3679 1854 sopo-

1974 1892 2056 1937 re,
2114 1892 2289 1928 manu
2342 1876 2614 1929 invisibili
2676 1876 2924 1946 quadam
2958 1881 3182 1941 tactus,
3234 1876 3367 1929 inde
3421 1878 3677 1938 sanatus,

1974 1982 2105 2019 cum
2160 1982 2384 2017 summa
2416 1966 2678 2018 omnium
2719 1965 3101 2018 admiratione
3151 1981 3215 2017 ac
3252 1964 3416 2018 laude
3450 1964 3680 2016 absces-

1976 2055 2067 2107 sit.
2090 2055 2323 2108 Judasas
2358 2070 2487 2106 vero
2514 2053 2706 2106 infelix
2737 2070 2769 2105 a
2808 2054 3051 2123 pertidia
3086 2069 3186 2106 sua
3217 2058 3462 2106 aeternos
3485 2068 3679 2122 passu-

1978 2160 2073 2196 rus
2094 2143 2255 2213 ignes
2288 2158 2406 2195 non
2434 2141 2685 2196 recessit.

2047 2278 2135 2328 22.
2170 2276 2216 2329 A
2250 2291 2399 2344 papa
2428 2276 2823 2344 approbantur.
2858 2305 2926 2313 --
2969 2275 3110 2328 lllud
3139 2280 3331 2328 autem
3363 2274 3421 2327 in
3453 2274 3677 2343 ultimo,

1978 2364 2130 2432 quod
2155 2369 2347 2416 tamen
2388 2364 2679 2433 signorum
2733 2364 2886 2417 illius
2918 2380 3035 2417 non
3067 2365 3334 2416 ultimum
3366 2363 3493 2426 fuit,
3547 2362 3681 2415 sub-

1977 2458 2223 2505 nectam.
2258 2453 2539 2515 Quoniam
2573 2457 2725 2505 terra
2745 2454 2892 2505 circa
2924 2453 3252 2522 sepulcrum
3285 2452 3407 2521 ejus
3435 2468 3468 2505 a
3498 2452 3682 2505 tideli-

1977 2542 2085 2595 bus
2136 2543 2393 2608 collecta,
2465 2542 2524 2595 in
2596 2541 2841 2612 speciem
2901 2538 3239 2595 lucidissimi
3318 2540 3524 2607 thuris,
3586 2543 3685 2593 aut

1978 2630 2152 2683 etiam
2183 2630 2547 2683 uiundissimi
2575 2632 2740 2700 grani
2772 2630 2879 2684 fuit
2928 2631 3259 2701 frequenter
3287 2630 3537 2683 redacta.
3578 2629 3684 2681 Su-

1977 2736 2081 2787 per
2110 2720 2217 2773 hoc
2250 2721 2615 2773 Innocentius
2652 2738 2801 2790 papa
2827 2722 2885 2773 in
2910 2736 3174 2773 sermone
3206 2720 3271 2772 ad
3311 2720 3591 2789 populum
3624 2718 3683 2770 in

1980 2808 2345 2861 Lateranensi
2411 2808 2621 2878 palatio
2686 2809 2904 2872 habito,
2976 2810 3107 2861 vita:
3155 2808 3310 2861 illius
3368 2806 3574 2859 merita
3630 2812 3688 2858 et

1978 2897 2389 2949 miraculorum
2442 2897 2705 2966 insignia
2771 2896 3283 2950 commemorando
3336 2893 3676 2948 subintulit:

1980 3004 2006 3035 (ί
2059 2987 2248 3052 Recte,
2310 2986 2512 3038 fratres
2558 2985 2899 3050 charissimi,
2961 2984 3147 3053 pulvis
3188 2984 3303 3048 ille,
3360 2999 3473 3052 quo
3521 2982 3687 3052 gleba

1980 3074 2151 3143 hujus
2177 3074 2549 3127 sanctissimae
2597 3073 2835 3143 virginis
2864 3074 3054 3127 debito
3086 3071 3461 3125 immanitatis
3494 3072 3681 3140 sepul-

1981 3163 2295 3232 tategitur,
2327 3162 2387 3215 in
2432 3163 2563 3215 thus
2590 3167 2761 3232 atque
2800 3177 3045 3228 granum
3092 3160 3391 3229 redigitur,
3443 3176 3571 3229 quae
3622 3174 3682 3212 se.

1978 3252 2081 3305 sub
2141 3268 2279 3304 sexu
2321 3250 2532 3321 fragili,
2583 3252 2722 3304 dum
2770 3250 3002 3316 viveret,
3047 3267 3080 3302 a
3138 3249 3304 3303 licitis
3351 3248 3677 3313 continens,

1979 3341 2049 3394 ab
2078 3340 2287 3393 illicitis
2333 3339 2643 3406 abstinens,
2687 3339 2968 3393 illibatum
3004 3337 3245 3392 Domino
3284 3339 3679 3391 holocaustum

1979 3430 2212 3495 obtulit;
2268 3434 2323 3482 et
2383 3429 2539 3483 dives
2606 3429 2851 3495 Christe,
2912 3444 3131 3499 pauper
3206 3426 3333 3493 sibi,
3406 3442 3687 3497 pauperes

1981 3518 2189 3571 Christi
2220 3520 2325 3571 sub
2374 3517 2581 3571 diversi
2613 3518 2833 3571 ordinis
2896 3523 3069 3587 atque
3117 3533 3282 3570 sexus
3333 3516 3685 3587 professione

1979 3606 2235 3678 quotidie
2265 3609 2464 3676 pascit.
2520 3604 2714 3660 Merito
2758 3622 2895 3674 ergo
2948 3606 3004 3657 in
3053 3606 3314 3673 catalogo
3359 3609 3684 3656 sanctorum

1981 3695 2091 3748 erit
2138 3694 2494 3759 ascribenda,
2534 3709 2661 3763 quae
2710 3695 2883 3745 vitam
2936 3698 3263 3746 sanctorum
3309 3708 3537 3761 semper
3566 3696 3685 3745 stu-

1982 3782 2109 3835 duit
2137 3781 2375 3835 imitari.
2427 3782 2731 3836 Collectam
2780 3780 2976 3850 itaque
3025 3798 3059 3833 a
3090 3780 3251 3833 nobis
3281 3778 3684 3848 conscriptam,

1981 3886 2111 3923 cum
2144 3870 2333 3923 efficio
2381 3871 2557 3923 totius
2582 3869 2769 3923 missze
2801 3869 2935 3922 huic
2977 3875 3172 3921 nostro
3205 3866 3456 3921 sermoni
3505 3882 3684 3936 appo-

1982 3960 2223 4025 suimus,
2266 3963 2325 4012 et
2373 3958 2685 4029 apostolica
2733 3958 3071 4011 auctoritate
3122 3956 3392 4010 omnibus
3436 3954 3688 4008 ecclesiis

1983 4048 2043 4101 in
2077 4049 2295 4101 honore
2328 4053 2497 4100 tantm
2531 4047 2770 4118 virginis
2801 4046 3092 4101 decantari
3124 4046 3458 4100 direximus.
3493 4066 3513 4092 ι

2052 4182 2141 4232 23.
2172 4178 2429 4232 Auctoris
2467 4178 2727 4247 epilogus.
2779 4206 2846 4215 —
2878 4176 3006 4230 Haec
3034 4176 3378 4247 paucissima
3412 4175 3478 4229 de
3510 4174 3687 4227 virtu-

1983 4266 2135 4320 tibus
2192 4272 2250 4320 et
2314 4267 2492 4337 signis
2548 4266 2915 4335 Cunegundis
2976 4265 3345 4318 sanctissimae
3427 4263 3687 4333 virginis,

164 4355 265 4417 nis,
311 4356 411 4420 ait,
468 4355 566 4407 ille
607 4354 708 4424 qui
765 4370 856 4407 me
889 4354 1223 4423 asportavit,
1280 4354 1487 4407 blande
1535 4370 1627 4409 me
1660 4357 1873 4426 perlin—
1906 4400 1946 4452 D
1985 4356 2449 4426 prudentissima:
2488 4355 2750 4408 cliaritati
2809 4358 3009 4407 vestras
3059 4354 3209 4405 inter
3242 4351 3690 4405 innumerabilia

164 4458 294 4513 gens
332 4446 394 4497 in
456 4443 593 4496 sinu
643 4459 745 4495 suo
784 4444 1169 4513 compositum
1228 4448 1347 4496 tota
1406 4447 1571 4496 nocte
1616 4444 1870 4499 dormire

165 4532 306 4586 fecit.
347 4554 372 4581 si

228 4624 314 4675 2t.
348 4620 638 4675 Miracula
670 4622 889 4673 omissa.
933 4650 1003 4659 —
1044 4621 1155 4673 Ista
1204 4636 1333 4690 qua:
1382 4620 1550 4673 modo
1586 4621 1871 4675 succincte

167 4710 435 4764 miracula
495 4708 766 4772 diximus,
800 4714 856 4761 et
896 4708 1007 4761 alia
1038 4708 1205 4777 plura
1236 4724 1364 4779 quas
1395 4707 1530 4761 vitio
1575 4709 1871 4778 prolixita-

170 4798 234 4850 tis
262 4798 602 4860 transimus,
638 4813 709 4849 ne
741 4813 897 4849 more
921 4796 1207 4849 hirudinis
1232 4798 1523 4861 lectorem,
1557 4813 1729 4867 quem
1762 4798 1873 4851 huc

171 4900 338 4955 usque
392 4885 720 4939 studiosum
775 4884 1088 4946 tenuimus,
1157 4886 1444 4938 effluendo
1515 4886 1872 4938 fastidiosum

168 4974 506 5038 occidamus,
552 4973 781 5042 signum
816 4974 873 5025 in
906 4974 1131 5025 servulo
1200 4973 1362 5044 quasi
1396 4990 1679 5026 annorum
1714 4974 1872 5027 sede-

170 5062 268 5115 cim
293 5063 488 5115 divina
520 5060 857 5131 operatione
890 5061 1101 5114 factum
1153 5077 1526 5131 exponamus.
1578 5061 1684 5124 Qui
1713 5066 1875 5113 crete-

173 5150 240 5202 ris
271 5151 551 5204 membris
587 5150 905 5202 secundum
947 5149 1209 5203 ordinem
1243 5154 1464 5203 natura:
1494 5150 1640 5202 bene
1677 5150 1873 5219 dispo-

174 5238 303 5303 sitis,
353 5241 414 5293 in
465 5238 797 5309 principali,
851 5238 1007 5308 quod
1042 5243 1129 5291 est
1157 5243 1350 5308 caput,
1403 5243 1564 5292 tanta
1612 5238 1876 5309 passione

174 5328 510 5395 agitabatur,
548 5331 611 5379 ut
668 5326 791 5379 sine
832 5325 1261 5393 intermissione
1319 5326 1548 5395 parieti,
1584 5326 1630 5379 si
1677 5326 1877 5396 proxi-

177 5430 291 5468 mus
320 5422 491 5482 esset,
544 5414 909 5468 allideretur:
956 5420 1153 5484 pectus
1186 5420 1378 5468 mento
1430 5416 1718 5482 tunderet,
1764 5432 1879 5469 sca-

177 5505 326 5570 pulas
352 5511 619 5575 tempore
651 5503 999 5571 verberaret,
1034 5519 1334 5575 nunquam
1365 5504 1423 5557 in
1472 5506 1674 5558 eodem
1705 5510 1875 5569 statu,

246 5614 345 5677 {8|}
393 5612 443 5664 ls
472 5609 766 5664 Friderico
834 5610 1155 5663 .Euebardo
1198 5614 1365 5663 natus
1426 5611 1666 5663 Henrico
1718 5611 1877 5663 fratri

181 5694 271 5731 suo
302 5682 596 5745 successit,
656 5682 870 5735 electus
901 5696 1054 5734 anno
1091 5683 1245 5746 1198,
1282 5680 1704 5752 refragantibus
1733 5697 1877 5734 non-

1986 4446 2195 4499 dixisse
2227 4444 2499 4509 sufficiat;
2535 4460 2663 4514 qua:
2709 4444 2757 4495 si
2807 4442 2936 4512 quis
2985 4442 3207 4494 evolute
3256 4440 3688 4509 perstringeret,

1980 4534 2143 4604 prius
2189 4534 2310 4604 ipsa
2362 4532 2575 4602 pagina
2606 4547 2780 4602 quam
2843 4530 3085 4583 materia
3129 4529 3413 4582 deficeret.
3472 4528 3515 4581 Ο
3565 4528 3692 4581 bea-

1983 4627 2124 4686 tam,
2156 4638 2189 4673 ο
2211 4620 2659 4691 ρτωὰἱεηῐιόειηι,
2695 4634 2824 4687 quas
2866 4633 3106 4686 regnum
3144 4616 3341 4669 mundi
3374 4620 3431 4668 et
3457 4630 3688 4669 omnem

1983 4714 2250 4761 ornatum
2290 4708 2480 4760 smeuli
2516 4722 2619 4776 pro
2674 4707 2914 4759 caelestis
2964 4710 3169 4758 ornatu
3202 4704 3489 4774 despexit!
3534 4704 3695 4759 Chri-

1984 4803 2134 4850 stum
2165 4796 2271 4849 sibi
2298 4811 2571 4865 spensum
2606 4795 2765 4864 regio
2808 4810 3018 4865 sponso
3067 4794 3330 4863 legaliter
3363 4810 3472 4847 non
3501 4810 3696 4847 carna-

1984 4885 2114 4938 liter
2167 4887 2432 4955 copulata
2465 4882 2706 4953 delegit!
2760 4899 2887 4953 quae
2921 4882 3311 4953 virginitatem
3346 4899 3505 4936 suam
3546 4882 3697 4935 inter

1987 4974 2205 5042 regales
2236 4973 2520 5026 thalamos
2572 4971 2889 5042 probando,
2922 4978 2984 5025 ut
3013 4972 3267 5025 infamia:
3316 4973 3533 5024 malum
3589 4970 3696 5023 sibi

1984 5062 2056 5115 ab
2107 5062 2315 5115 invidis
2347 5062 2635 5131 objectum
2666 5067 3031 5132 expurgaret,
3068 5061 3230 5131 ignes
3270 5060 3531 5114 calcavit!
3568 5076 3696 5129 qua:

1986 5151 2123 5203 dum
2156 5151 2376 5221 prolem
2410 5151 2752 5203 morituram
2810 5167 2924 5203 non
2958 5149 3326 5220 exspectavit,
3376 5148 3499 5216 ejus
3543 5153 3697 5198 casta

1986 5239 2280 5310 generatio
2322 5255 2623 5310 nunquam
2655 5254 2893 5308 passura
2948 5237 3324 5291 successionis
3376 5234 3685 5289 detrimen-

1988 5334 2111 5381 tum
2139 5328 2335 5396 durat;
2366 5328 2597 5399 quando
2656 5328 2905 5381 Ecclesia
2952 5326 3010 5380 in
3065 5326 3198 5379 ﬁliis
3242 5324 3355 5376 suis
3411 5338 3515 5391 per
3542 5322 3692 5375 elee-

1987 5432 2253 5487 mosynas
2302 5416 2481 5486 ipsius
2539 5416 2746 5469 divinas
2790 5415 2970 5468 laudis
3019 5428 3246 5481 semper
3293 5410 3498 5478 accipit
3526 5409 3700 5462 incre-

1988 5511 2279 5558 mentum:
2333 5521 2507 5575 quam
2539 5520 2669 5557 cum
2715 5505 2939 5559 Christo
2976 5518 3101 5566 suo,
3163 5515 3339 5568 quem
3367 5497 3601 5561 amavit,
3637 5498 3696 5550 in

1992 5610 2163 5683 nullis
2212 5610 2308 5681 qui
2364 5611 2628 5665 Ottonem
2674 5610 2991 5683 elegerunt.
3051 5606 3315 5683 Philippo
3349 5620 3499 5657 anno
3566 5606 3699 5658 1209

1989 5682 2202 5749 occiso,
2227 5697 2469 5749 regnum
2497 5697 2672 5752 penes
2702 5681 2967 5734 Ottonem
2995 5681 3297 5729 remansit.
