3888 6438
20 326 23 329 λ
98 341 231 395 1169

1709 325 1889 383 VITA.

3382 334 3529 390 H70

93 464 190 517 size
222 459 573 531 episcopum
606 453 891 509 vidimus.
929 454 1043 510 Sed
1073 454 1347 510 novellus
1401 469 1576 508 novae
1614 451 1749 507 reli-
1781 455 1828 507 Α
1869 470 2047 511 usum
2077 458 2341 514 utilitatis
2368 458 2516 514 inibi
2545 461 2666 513 Deo
2718 458 3104 513 servientium
3163 457 3527 514 reformavit.

20 542 21 545 “
94 550 286 622 gionis
318 548 430 603 tiro
461 544 783 616 adoptatus
809 543 1069 599 melioris
1098 544 1235 599 vita“:
1261 541 1552 609 tirocinio,
1581 546 1647 596 ut
1690 540 1752 596 in

96 638 273 713 priori
298 632 611 709 proposito
644 631 893 701 solebat,
926 636 1049 688 toto
1071 632 1268 687 cordis
1288 648 1357 688 ac
1398 631 1614 686 mentis
1666 630 1753 686 af-

92 730 244 783 fectu
265 725 342 782 ad
391 722 691 779 cmlestem
738 721 943 777 aulam
968 722 1311 788 anhelabat,
1345 721 1498 777 adeo
1546 724 1611 775 ut
1644 735 1753 775 no-

94 834 199 873 vus
224 816 557 889 praeceptor
580 826 741 866 novo
768 810 1048 878 auditori,
1073 811 1239 883 quod
1260 815 1413 866 certe
1446 810 1507 864 in
1538 808 1755 865 talibus

94 905 399 963 insolitum
419 906 529 971 est,
554 900 935 957 considerata
953 902 1085 971 ejus
1108 900 1529 973 probabilitate
1574 899 1754 969 [Bol.,

99 991 413 1069 probitate]
443 1006 688 1046 omnem
716 990 901 1045 divini
922 990 1093 1046 ovilis
1111 1006 1318 1046 curam
1339 994 1480 1063 post
1511 1006 1573 1044 se
1595 988 1757 1061 peni-

95 1091 187 1141 tus
214 1079 688 1149 commendaret,
713 1095 973 1151 eumque
993 1079 1104 1134 sibi
1119 1078 1181 1136 in
1212 1078 1491 1151 spiritalis
1544 1076 1760 1134 exerci-

94 1170 521 1230 tiitiliationem
552 1168 932 1238 singulariter
971 1172 1350 1240 prteoptaret.
1387 1170 1544 1239 [Erat
1599 1166 1758 1222 enim

96 1263 375 1319 charitate
399 1259 683 1327 fervidus,
710 1259 771 1314 in
794 1258 1001 1314 labore
1052 1263 1347 1325 strenuus,
1398 1259 1458 1313 in
1492 1257 1759 1313 oratione

93 1354 359 1417 devotus,
405 1348 791 1404 meditatione
842 1347 1199 1419 profundus,
1252 1346 1758 1418 contemplatione

98 1457 453 1516 suspensus,
487 1454 739 1511 corpore
762 1438 1072 1506 honestus,
1107 1438 1285 1493 corde
1332 1436 1618 1503 mundus,
1650 1436 1761 1491 sibi

94 1532 336 1601 rigidus,
366 1527 701 1583 defectibus
729 1526 985 1582 aliorum
1016 1526 1410 1598 compatiens,
1430 1523 1761 1579 humilitate

92 1620 450 1695 praecipuus,
470 1618 532 1672 in
553 1620 913 1690 paupertate
931 1615 1123 1684 laetus,
1147 1619 1203 1669 et
1249 1615 1309 1669 in
1358 1629 1500 1669 vera
1536 1611 1759 1667 nitidus

96 1709 395 1779 castitate]
431 1708 543 1773 Qui
578 1712 778 1763 tamen
825 1706 1146 1779 praedictus
1187 1705 1380 1760 abbas
1411 1708 1547 1777 post
1593 1702 1763 1758 trien-

1868 545 2128 614 Interim,
2166 552 2301 603 1002
2329 546 2762 603 Incarnationis
2786 546 3023 603 Domini
3070 562 3254 615 anno,
3314 547 3533 602 nobilis

1866 632 2191 707 imperator
2221 638 2351 692 Otto
2381 638 2582 692 tertius
2611 653 2685 691 ex
2710 636 2828 691 vita
2846 636 2962 691 hac
2992 636 3322 692 immatura
3344 640 3533 692 morte

1866 723 2158 793 discessit,
2182 726 2241 781 in
2274 727 2447 797 cujus
2476 741 2731 795 regnum
2753 726 3074 798 prazdictus
3101 725 3387 782 Henricus
3410 726 3535 781 dux

1868 813 2034 868 omni
2064 814 2280 886 pietate
2310 816 2664 887 perspicuus
2686 814 2989 870 successit.

1942 906 2026 958 10.
2062 906 2197 967 Erat
2226 904 2286 959 in
2312 904 2411 959 illo
2445 908 2710 975 tempore
2736 904 2799 959 in
2828 903 3211 959 Herveldensi
3259 903 3371 974 (16)
3401 918 3533 958 mo-

1867 992 2126 1047 nasterio
2161 994 2347 1049 sancti
2375 992 2704 1049 Wichberti
2733 993 2795 1049 B.
2830 992 3022 1048 abbas
3044 992 3534 1063 (f7)venerabilis

1871 1096 2084 1151 genere
2138 1088 2196 1139 et
2242 1083 2529 1152 dignitate
2582 1082 3011 1139 memorabilis.
3071 1081 3181 1147 Qui
3218 1087 3442 1148 tamen,
3471 1086 3535 1137 ut

1871 1170 2037 1227 salva
2069 1174 2195 1242 [al.,
2227 1172 2309 1243 in]
2340 1188 2487 1245 pace
2514 1172 2769 1239 dicatur,
2803 1171 2960 1227 ultra
2991 1171 3083 1226 sui
3114 1169 3408 1243 propositi
3439 1186 3535 1225 or-

1872 1259 2076 1315 dinem
2111 1261 2381 1317 humano
2412 1278 2577 1316 more
2604 1260 2913 1334 popularis
2947 1260 3122 1315 famae
3151 1259 3317 1314 laudi
3338 1258 3531 1315 inten-

1873 1352 1989 1417 tus,
2019 1350 2290 1419 ejusdem
2322 1350 2578 1406 cmnobii
2610 1350 2819 1405 fratres
2852 1348 2998 1404 forte
3053 1348 3385 1421 aliquando
3438 1346 3535 1402 de-

1870 1436 1995 1493 bita
2023 1440 2475 1495 conversatione
2509 1439 2654 1495 fovit
2681 1437 3112 1508 indulgentius,
3144 1437 3226 1493 ita
3255 1442 3320 1492 ut
3368 1452 3535 1492 more

1874 1526 2303 1582 canonicorum
2333 1528 2721 1601 proprietates
2750 1525 2863 1581 sibi
2885 1530 3012 1581 tam
3034 1525 3094 1581 in
3121 1524 3367 1597 privatis
3391 1523 3534 1579 aedi-

1873 1617 2022 1672 ficiis
2051 1633 2238 1689 quam
2271 1623 2326 1673 et
2352 1618 2413 1673 in
2440 1617 2631 1690 equis,
2666 1620 2722 1672 et
2751 1616 3097 1671 cultioribus
3113 1630 3357 1687 quoque
3400 1614 3535 1686 plu-

1876 1707 2041 1762 rimis
2092 1707 2479 1778 vestimentis,
2534 1723 2605 1763 ac
2649 1706 2873 1763 czeteris
2951 1705 3275 1761 mundanae
3332 1703 3535 1773 gloriae

95 1800 256 1854 nium
270 1796 1061 1866 velcausainﬁrmitatis,vel
1078 1794 1251 1851 taedio
1264 1811 1422 1849 curre
1437 1792 1759 1858 saecularis,
1796 1809 1836 1863 Β
1876 1797 2116 1869 pompis
2144 1797 2530 1866 vindicarent,
2554 1801 2610 1851 et
2638 1795 2938 1851 licentiam
2968 1810 3211 1867 quoque
3238 1792 3420 1848 dandi
3482 1796 3537 1848 et

96 1888 251 1942 idem
282 1887 555 1957 regimen
588 1886 842 1959 reliquit,
873 1891 930 1942 et
950 1886 1027 1941 ad
1055 1884 1385 1941 secretioris
1408 1884 1538 1938 vitae
1564 1882 1764 1937 solitu-

94 1978 292 2032 dinem
318 1977 377 2031 in
400 1978 732 2047 conspectu
766 1975 979 2031 interni
1035 1974 1250 2029 Arbitri
1300 1988 1516 2029 vacare
1564 1972 1766 2027 decre-

95 2067 193 2121 vit.

162 2162 211 2212 9.
245 2156 345 2211 His
368 2156 553 2211 etiam
576 2155 790 2210 diebus
806 2158 1309 2228 praememoratus
1335 2152 1618 2224 Bajoarize
1640 2151 1764 2206 dux

97 2246 255 2309 obiit,
289 2246 465 2316 cujus
491 2245 625 2300 loco
644 2245 779 2318 pius
813 2245 1101 2300 Henricus
1131 2244 1287 2299 ﬁlius
1312 2243 1441 2314 ejus
1490 2242 1763 2303 surrexit,

100 2351 217 2390 non
248 2334 435 2407 patris
465 2333 847 2389 insolentiam
878 2334 983 2389 sed
1014 2333 1249 2389 initium
1273 2332 1577 2404 sapientia:
1595 2331 1764 2387 timo-

98 2440 221 2478 rem
254 2422 496 2479 Domini
520 2423 772 2495 pleniter
802 2428 1059 2492 secutus,
1089 2422 1233 2494 quia
1262 2426 1388 2477 erat
1411 2421 1577 2478 omni
1619 2420 1764 2476 litte-

97 2528 294 2568 rarum
323 2512 528 2568 studio
554 2511 957 2584 principaliter
985 2512 1273 2579 imbutus,
1306 2515 1363 2567 et
1412 2515 1570 2566 totus
1620 2524 1762 2565 sane

98 2601 210 2656 ﬁde
240 2607 296 2657 et
326 2606 472 2658 actu
495 2600 838 2656 catholicus.
867 2602 976 2666 Qui
1009 2600 1208 2656 statim
1238 2600 1297 2655 in
1329 2599 1513 2655 divini
1566 2599 1761 2654 famu-

94 2689 327 2745 laminis
382 2689 552 2744 cultu
608 2706 953 2756 succensus,
998 2688 1505 2761 prrenominatum
1559 2704 1761 2743 coeno-

97 2778 261 2834 bium
320 2780 544 2835 iterum
594 2778 884 2851 spirituali
927 2779 1147 2851 privari
1207 2783 1441 2850 pastore
1489 2778 1758 2847 indoluit,

98 2875 151 2924 et
178 2871 466 2925 eumdem
498 2869 922 2923 Godehardum
959 2873 1097 2924 tunc
1128 2869 1547 2942 presbyterum
1578 2866 1761 2924 abba-

96 2963 211 3013 tem
232 2958 316 3013 ibi
336 2974 695 3031 prasponere
722 2958 949 3014 voluit:
1006 2959 1100 3013 cui
1153 2959 1248 3013 ille
1298 2974 1403 3030 per
1450 2957 1761 3013 biennium

94 3047 250 3116 justa
280 3048 424 3103 satis
450 3047 834 3103 excusatione
864 3047 1090 3115 restitit,
1122 3048 1265 3120 quia
1315 3047 1521 3103 sedem
1570 3051 1626 3102 et
1671 3046 1759 3102 lo-

1876 1886 2208 1958 accipiendi
2257 1904 2397 1942 cum
2454 1886 2665 1942 illicitis
2724 1902 2794 1942 ac
2852 1884 3171 1958 supcrﬂuis
3246 1881 3537 1938 conviviis

1876 1977 2224 2049 czeterisque
2256 1977 2474 2033 talibus
2504 1979 2883 2048 usurparent.
2915 1978 3042 2040 Quo
3073 1972 3293 2029 scilicet
3318 1971 3537 2027 abbate

1875 2066 2118 2121 biennio
2148 2070 2283 2122 ante
2316 2066 2501 2122 finem
2525 2065 2615 2121 sui
2645 2067 2991 2135 aegrotante,
3028 2067 3084 2119 et
3103 2061 3258 2117 ultra
3285 2060 3537 2116 Fuldam

1876 2158 2103 2211 flumen
2133 2155 2194 2210 in
2222 2159 2426 2211 monte
2456 2171 2578 2227 quo
2605 2154 2734 2226 ipse
2766 2152 3198 2208 monasterium
3240 2149 3304 2205 in
3352 2149 3540 2204 hono-

1875 2260 2004 2300 rem
2035 2245 2224 2300 sancti
2244 2244 2393 2299 Petri
2423 2242 2679 2316 apostoli
2706 2242 3056 2311 construxit,
3078 2256 3220 2295 cum
3250 2237 3538 2294 militibus

1877 2350 1945 2390 ac
1978 2334 2205 2390 creteris
2237 2334 2350 2389 sibi
2374 2332 2771 2389 familiaribus
2798 2330 3085 2400 refrigerii
3114 2329 3355 2385 lenitate
3381 2343 3541 2383 com-

1876 2429 2169 2490 morante,
2224 2424 2433 2479 fratres
2484 2421 2896 2492 indignatione
2948 2419 3205 2492 permoti
3262 2423 3319 2474 et
3364 2416 3539 2490 quasi

1875 2530 1911 2569 a
1940 2517 2107 2586 patre
2133 2512 2478 2585 contempti,
2519 2512 2597 2568 ad
2651 2527 2856 2581 regem
2888 2514 3010 2565 tam
3048 2525 3155 2580 per
3184 2507 3538 2579 semetipsos

1874 2619 2059 2674 quam
2092 2618 2198 2675 per
2217 2602 2440 2658 litteras
2473 2617 2543 2657 ac
2563 2601 2791 2671 legatos
2819 2598 3041 2671 saepius
3068 2597 3341 2652 diversas
3387 2612 3536 2667 que-

1872 2692 2161 2747 rimonias
2186 2691 2471 2761 dirigunt,
2506 2690 2617 2745 sibi
2646 2689 2837 2745 victus
2868 2692 2923 2743 et
2942 2687 3190 2744 vestitus
3249 2685 3535 2755 denegari

1871 2781 2228 2848 necessaria,
2262 2784 2317 2836 et
2346 2780 2460 2835 illis
2490 2796 2631 2835 cum
2661 2778 2885 2833 caeteris
2923 2775 3132 2833 Christi
3162 2773 3534 2847 pauperibus

1874 2871 2292 2937 esurientibus,
2319 2886 2413 2925 res
2441 2867 2874 2925 ecclesiasticas
2904 2882 3011 2938 per
3034 2880 3192 2921 vana
3224 2868 3281 2920 et
3302 2862 3535 2920 inutilia

1872 2978 2117 3033 prorsus
2146 2959 2445 3032 dissipari.
2470 2960 2663 3023 Quam
2694 2973 2904 3013 eorum
2934 2953 3377 3027 querimoniam
3426 2968 3533 3007 rex

1874 3050 2112 3123 sapiens
2134 3050 2309 3106 altius
2339 3066 2525 3122 quam
2557 3049 2675 3121 ipsi
2731 3046 3125 3120 opinarentur
3176 3042 3533 3113 intelligens,

100 3152 233 3192 cum
256 3136 521 3209 pastoris
556 3136 647 3191 sui
673 3136 805 3208 ipso
829 3137 1141 3208 superstite
1174 3152 1465 3208 usurpare
1496 3152 1617 3191 non
1661 3134 1759 3190 de-
1792 3167 1833 3222 ο
1875 3140 1981 3196 sed
2000 3144 2057 3195 et
2076 3139 2256 3195 vitam
2288 3138 2527 3194 illorum
2558 3154 2681 3194 non
2732 3135 3026 3201 nesciens,
3086 3132 3307 3189 diutius
3362 3130 3535 3187 dissi-

100 3224 240 3280 buit.
275 3226 389 3281 Sed
416 3229 747 3298 postquam
768 3225 960 3280 abbas
986 3242 1021 3280 a
1042 3225 1323 3281 fratribus
1356 3230 1411 3281 et
1445 3225 1623 3281 etiam
1682 3224 1761 3279 ab

101 3315 393 3388 episcopis
425 3320 677 3371 vocatus
707 3315 976 3369 revenire
1008 3315 1319 3382 recusavit,
1349 3315 1552 3386 eisque
1581 3314 1760 3369 licen-

102 3403 237 3459 tiam
258 3420 445 3477 quem
478 3404 541 3460 in
570 3403 770 3459 locum
802 3404 931 3474 ejus
961 3404 1176 3460 vellent
1206 3404 1560 3459 substituere
1587 3419 1759 3459 man-

100 3492 275 3562 davit;
296 3494 546 3550 tandem
564 3493 891 3566 episcopali
908 3495 1257 3550 auctoritate
1273 3499 1330 3549 et
1345 3494 1595 3550 fratrum
1614 3510 1761 3549 una-

100 3582 364 3640 nimitate
391 3584 583 3639 victus
607 3583 767 3639 idem
792 3583 1058 3655 regimen
1070 3584 1243 3655 juxta
1264 3584 1433 3639 ducis
1454 3584 1761 3639 decretum

100 3675 374 3747 suscepit.
406 3674 520 3740 Qui
550 3673 749 3729 statim
778 3674 838 3729 in
890 3674 1134 3730 exordio
1192 3692 1311 3730 suae
1368 3674 1761 3747 promotionis

98 3766 284 3819 totum
317 3779 382 3818 se
412 3762 643 3819 Christo
666 3762 979 3831 vigilanter
1007 3764 1394 3836 mancipavit,
1423 3769 1479 3819 et
1533 3763 1763 3818 distric-

98 3852 302 3908 tiorem
334 3852 631 3922 regularis
682 3852 815 3908 vitae
870 3853 1169 3909 tramitem
1220 3870 1359 3909 cum
1403 3853 1761 3909 consociatis

99 3941 209 3996 sibi
240 3942 531 3998 fratribus
562 3941 792 4010 ingredi
825 3942 999 3997 anxie
1027 3944 1275 4009 curavit,
1310 3947 1367 3998 et
1399 3944 1457 3997 in
1492 3943 1591 3999 tali
1645 3948 1761 3998 stu-

95 4030 192 4086 dio
220 4048 281 4087 se
311 4031 545 4087 ibidem
576 4047 684 4103 per
726 4036 859 4087 octo
916 4048 1109 4087 annos
1147 4032 1552 4088 indesinenter
1603 4049 1764 4088 exer-

97 4121 231 4187 cuit,
264 4126 321 4176 et
345 4127 564 4194 praeter
590 4121 705 4176 hoc
737 4125 939 4177 tamen
960 4122 1231 4177 manuali
1254 4122 1459 4178 labore
1480 4122 1762 4195 multipli-

95 4226 222 4266 cem
252 4211 521 4266 fructum
548 4226 618 4266 ac
649 4211 1049 4266 necessariam
1080 4211 1389 4267 utilitatem
1423 4212 1757 4284 acquisivit.

96 4301 203 4364 Qui
233 4305 291 4356 et
319 4300 407 4355 ibi
433 4302 495 4355 in
524 4305 727 4356 monte
754 4300 1045 4372 quodam,
1077 4301 1179 4373 qui
1208 4301 1763 4373 Helinhigeresberg

95 4390 204 4459 (15)
251 4390 492 4456 dicitur,
548 4389 857 4445 castellum
906 4390 1152 4446 firmum
1182 4395 1238 4446 et
1265 4391 1326 4446 in
1357 4408 1428 4447 eo
1450 4392 1760 4448 ecclesiam

93 4478 567 4548 pulcherrimam
598 4477 972 4534 inhonorem
1019 4484 1240 4535 sanctae
1293 4481 1500 4537 matris
1552 4480 1761 4537 Christi

95 4567 310 4634 Mariae,
342 4568 407 4622 in
440 4568 612 4637 cujus
671 4568 929 4639 speciale
977 4568 1274 4625 servimen
1326 4570 1558 4625 futurus
1610 4574 1756 4639 erat,

94 4672 230 4711 cum
287 4657 645 4713 condecenti
695 4657 947 4714 aediﬁcio
986 4659 1334 4724 construxit,
1394 4665 1449 4715 et
1505 4660 1758 4715 circum-

93 4760 358 4817 quaque,
390 4746 655 4801 maxime
684 4746 746 4801 in
777 4746 931 4801 saltu
970 4747 1265 4818 Boemico,
1286 4748 1389 4820 qui
1410 4748 1604 4804 eidem
1624 4765 1760 4821 pro-

94 4835 299 4889 vinciae
334 4836 612 4907 proxime
644 4839 816 4903 astat,
850 4836 929 4891 ad
979 4836 1215 4905 triginta
1268 4842 1324 4892 et
1352 4854 1442 4893 *eo
1501 4838 1760 4911 amplius

96 4936 345 4978 mansos
400 4922 606 4978 labore
666 4928 897 4979 tantum
951 4939 1246 4979 manuum
1292 4941 1430 4980 cum
1479 4925 1759 4981 fratribus

94 5012 433 5082 apostolico
492 5013 767 5087 exemplo
813 5013 970 5068 silvis
1024 5018 1081 5069 et
1135 5014 1414 5087 vepribus
1459 5016 1659 5085 erutis,
1682 5016 1760 5072 ad

90 5154 189 5234 qui
209 5155 445 5234 procul
475 5156 789 5234 dubio_hic
813 5162 1215 5234 memoratur:
1240 5174 1420 5214 nemo
1441 5159 1602 5213 enim
1628 5175 1760 5214 nes-

91 5228 166 5279 cit
195 5228 535 5283 Dietricum
562 5234 616 5284 et
647 5229 1065 5285 Theodericum
1088 5229 1249 5285 idem
1285 5247 1415 5285 esse
1442 5246 1681 5286 nomen.

126 5366 135 5376 .
166 5298 275 5377 (id)
309 5299 578 5377 Jacobus
611 5303 912 5377 Cretserus
938 5300 1015 5377 ad
1048 5301 1272 5377 calcem
1314 5302 1451 5357 Vitze
1501 5304 1562 5377 _S.
1609 5305 1759 5377 lien-

91 5368 213 5447 r‘i‘ci3
245 5368 306 5423 in
339 5368 497 5447 libro
526 5371 600 5425 de
621 5371 773 5447 divis
804 5372 1360 5447 Bambergensibus,
1389 5374 1554 5447 varia
1580 5372 1764 5447 edidit

92 5438 440 5509 diplomata
465 5441 523 5494 in
557 5442 810 5510 gratian
866 5438 1210 5498 monasterii
1259 5444 1612 5511 Altahensis,
1668 5444 1762 5499 cui

94 5514 234 5585 tunc
261 5514 319 5566 S.
352 5512 751 5585 Godehardus
782 5519 1053 5585 praeerat.
1080 5516 1358 5578 Quintum
1393 5520 1480 5571 est
1504 5516 1577 5570 de
1624 5515 1763 5571 villa

96 5582 603 5658 Helingrersbezjge
626 5582 835 5639 datum
857 5601 1017 5658 anno
1051 5590 1185 5641 1009
1201 5587 1374 5658 apud
1406 5587 1759 5655 Merseburg.

140 5655 279 5731 '(16)
314 5655 659 5731 Hersfeldite
683 5657 1111 5731 monasterium
1130 5655 1581 5731 celeberrimum
1610 5658 1764 5731 ordif

92 5724 186 5802 nis
218 5725 415 5802 nostri
449 5724 507 5802 in
542 5727 767 5802 l—lassia,
814 5727 915 5781 ubi
971 5744 1190 5802 corpus
1248 5730 1435 5789 sancti
1490 5728 1766 5799 Wigberti

92 5793 451 5868 depositum
480 5795 605 5854 fuit.

1872 3228 2162 3284 mulando
2190 3227 2457 3291 distulit;
2494 3226 2602 3282 sed
2636 3226 2714 3283 ad
2758 3228 3134 3298 postremum
3181 3219 3536 3294 importuni-

1873 3323 1988 3374 tate
2019 3334 2228 3373 eorum
2249 3316 2515 3373 devictus
2530 3315 2878 3371 modificato
2902 3327 3180 3368 sermone
3198 3309 3528 3382 respondit,

1872 3407 2123 3463 libenter
2148 3423 2209 3462 se
2239 3411 2473 3479 patrem
2501 3422 2733 3472 eorum,
2760 3403 2805 3459 si
2834 3402 2936 3457 Dei
2951 3402 3113 3458 dono
3141 3398 3529 3468 convaluerit,

1872 3498 1946 3553 de
1999 3496 2220 3552 talibus
2279 3494 2777 3560 admoniturum;
2837 3491 2929 3546 sin
2988 3506 3127 3545 vero
3185 3488 3416 3556 obierit,
3445 3488 3529 3543 eis

1870 3586 1993 3640 imo
2024 3588 2080 3640 et
2106 3584 2217 3639 sibi
2242 3584 2303 3638 in
2344 3580 2753 3655 praeponendo
2813 3583 3053 3653 pastore
3096 3577 3160 3632 in
3209 3576 3428 3631 divinis
3477 3580 3534 3631 et

1871 3674 2153 3730 humanis
2178 3672 2540 3744 sapientium
2571 3669 2818 3727 consilio
2862 3669 3034 3739 juxta
3084 3665 3362 3722 timorem
3415 3669 3531 3722 Do-

1871 3764 2017 3819 mini
2047 3762 2455 3835 provisurum.

1946 3860 2027 3909 11.
2062 3858 2130 3909 At
2162 3855 2494 3908 memorato
2522 3850 2740 3907 abbate
2798 3846 2981 3921 paulo
3034 3850 3175 3919 post
3225 3844 3528 3913 defuncto,

1871 3944 2223 4017 praedictum
2262 3939 2686 3997 Godehardum
2744 3938 2829 3993 eis
2884 3940 3118 4009 patrem
3175 3934 3533 4004 gubernato-

1870 4049 2119 4105 remque
2160 4031 2589 4104 episcoporum
2648 4026 2898 4083 consilio
2952 4023 3299 4099 praeposuit,
3349 4039 3532 4096 quem

1873 4122 2051 4177 etiam
2094 4125 2160 4175 ut
2209 4120 2270 4174 in
2314 4116 2598 4174 omnibus
2657 4116 2740 4171 eis
2789 4116 2963 4186 juxta
2993 4114 3270 4169 timorem
3299 4110 3534 4168 Domini

1873 4216 1930 4267 et
1984 4210 2406 4266 monachicam
2468 4206 2819 4276 religionem
2887 4202 3226 4276 provideret
3290 4201 3535 4258 solerter

1872 4298 2251 4372 praemonuit.
2287 4297 2397 4363 Qui
2427 4296 2566 4352 illuc
2593 4311 2699 4367 per
2724 4292 3087 4363 Willegisum
3142 4289 3536 4361 archiepisco-

1870 4406 2018 4462 pum
2049 4387 2391 4460 perductus,
2422 4390 2475 4442 et
2503 4401 2611 4459 per
2635 4400 2774 4440 eum
2804 4383 3006 4453 etiam,
3038 4381 3188 4437 sicut
3224 4383 3343 4436 Deo
3394 4395 3530 4449 gra-

1873 4479 1983 4535 tias
2004 4476 2227 4549 optime
2250 4479 2523 4543 noverat,
2558 4474 2638 4531 ad
2680 4471 3181 4530 benefaciendum
3235 4468 3531 4542 sapienter

1873 4568 2219 4635 instructus,
2252 4565 2313 4620 in
2364 4564 2562 4637 primo
2595 4564 2858 4621 adventu
2908 4560 3130 4632 gratias
3160 4558 3374 4615 divinas
3403 4557 3529 4631 pie-

1872 4657 1975 4714 tati
2002 4656 2282 4722 referens,
2342 4655 2593 4726 ejusque
2646 4652 3033 4709 directionem
3086 4650 3145 4705 in
3200 4647 3531 4721 praeteritis,

1870 4745 2265 4820 praesentibus
2289 4748 2346 4800 et
2369 4743 2583 4800 futuris
2614 4742 2859 4799 sollicite
2905 4755 3202 4814 quaerens,
3255 4737 3529 4811 primitus

1871 4837 1954 4893 eis
1994 4837 2167 4908 juxta
2221 4832 2493 4905 regulare
2551 4836 2922 4906 przeceptum
2975 4830 3219 4886 duriora
3265 4831 3322 4885 et
3367 4844 3535 4901 aspe-

1870 4926 2028 4982 riora
2057 4924 2347 4981 mandata
2389 4922 2724 4996 proposuit,
2783 4921 3087 4977 licentiam
3142 4920 3225 4977 eis
3280 4918 3358 4975 ad
3406 4934 3536 4991 pre-

1871 5032 1967 5072 ces
1998 5013 2464 5086 metropolitani,
2498 5016 2602 5069 aut
2630 5028 2835 5067 secum
2887 5012 3016 5066 hac
3062 5008 3405 5065 celebrandi
3434 5012 3538 5064 aut

1941 5162 2066 5240 (17)Δ
2089 5160 2180 5215 Sic
2199 5159 2391 5240 hujus
2421 5157 2913 5240 abbatisnn‘qmep
2943 5153 3408 5240 innco‘d'.nostro
3437 5169 3535 5209 ex-

1870 5224 2167 5304 primitur,
2199 5224 2531 5304 Brouverus
2560 5232 2615 5304 et
2646 5225 2913 5304 Bolland.
2971 5224 3368 5304 Berg‘holdum
3415 5240 3535 5304 .ap-

1914 5301 2096 5357 ellant
2128 5294 2363 5367 {codex
2397 5297 2769 5367 Graeciensis,
2803 5298 2867 5350 ut
2897 5298 3065 5349 notat
3086 5294 3529 5367 _Henscheniu_s,

1914 5320 2096 5357 euant
2128 5320 2141 5367 ;
2175 5320 2363 5356 coaex
2397 5320 2769 5367 urwcwusrs,
2806 5320 2867 5350 ιιι
2897 5320 3065 5349 ιιυιᾱι
3094 5320 3529 5361 Πυιιδυιιωιιυδ,

1870 5320 2318 5433 Ifarm[tardum,
2352 5368 2738 5441 qutepvidetur
2765 5380 3056 5441 germana
3084 5364 3275 5441 lectio.
3303 5366 3532 5441 Etenim

1874 5443 2234 5501 Chronicum
2289 5435 2650 5497 Saxonicum
2704 5454 2815 5493 ms.
2874 5437 3032 5491 hanc
3083 5435 3421 5492 Godehardi
3471 5437 3532 5491 in

1875 5512 2291 5570 Herveldensis
2374 5508 2718 5566 monasterii
2772 5506 3041 5570 regimen
3098 5506 3531 5563 institutionem

1874 5586 2141 5659 ipsismet
2168 5581 2514 5659 hujus‘Vitae
2546 5580 2768 5659 verbis“
2784 5578 3080 5659 referens,
3122 5578 3529 5659 Bern‘hanrizf‘m

1876 5646 2145 5714 dbbatem
2176 5646 2437 5779 appellat
2470 5669 2481 5716 ;
2516 5650 2709 5706 codex
2730 5649 2945 5706 Bodec.
2974 5648 3038 5704 in
3054 5650 3327 5722 Append.
3367 5646 3510 5704 Boll.

1876 5727 2056 5779 habet
2079 5729 2249 5779 Benn
2298 5738 2473 5779 emus.

1875 5727 2056 5787 habet
2079 5729 2171 5782 Ber
2188 5724 2473 5780 inherius.
