3888 6410
391 328 518 384 1171

1311 326 1368 379 S.
1410 322 1820 378 GOllEHARDl
1877 309 2180 371 EPISCOPI
2220 315 2858 371 HILDESHEIMENSIS.

3705 313 3834 363 “72

385 465 509 524 quo
536 447 751 506 vellent
775 447 1101 505 discedenti
1133 445 1466 502 contribuit.
1501 444 1608 510 Qui
1650 441 1847 498 statim
1877 453 2025 494 una-
2060 439 2102 492 Α
2139 436 2302 508 petiit
2334 437 2415 491 ab
2443 437 2660 492 abbate
2697 442 2760 492 ut
2783 443 2918 492 ante
2941 436 3386 524 professionem
3441 433 3678 524 liceret
3730 432 3832 486 sibi

389 537 626 596 nimiter
653 536 973 610 conspirati
1001 533 1178 590 simul
1207 547 1438 602 omnes,
1469 531 1674 604 paucis
1707 533 1904 586 tamen
1937 543 2028 580 se-

387 626 654 685 nioribus
683 627 776 682 vel
799 622 1065 698 puerulis
1093 621 1561 689 remanentibus,
1622 617 1866 688 egressi,
1926 631 2031 688 per

387 713 622 772 diversa
649 713 782 770 loca
806 711 963 769 varie
985 715 1124 768 sunt
1149 710 1406 783 dispersi
1434 729 1447 778 ;
1471 726 1623 783 quos
1655 714 1850 764 tamen
1889 719 2028 779 pos-

386 812 479 862 tea
507 803 729 862 saniori
753 800 1023 870 consilio,
1049 799 1470 856 eteorumdem
1493 815 1594 871 qui
1617 797 2029 853 remanserant

383 897 536 950 certe
560 891 920 949 industriam
949 891 1078 962 ejus
1129 903 1198 946 ac
1250 888 1770 944 mansuetudinem
1825 883 2028 939 intelli-

383 982 649 1054 gentiam
682 979 926 1050 auxilio,
957 977 1256 1052 quosdam
1287 975 1478 1043 citius,
1535 975 1829 1048 quosdam
1889 987 2028 1028 vero

383 1073 592 1142 serius,
613 1085 769 1145 pene
799 1083 1010 1126 omnes
1041 1067 1116 1124 ad
1142 1067 1295 1124 ovile
1317 1066 1632 1133 revocavit,
1663 1080 1883 1136 eosque
1915 1062 2027 1116 sub

381 1162 494 1218 levi
509 1163 659 1233 jugo
690 1155 898 1216 Christi
928 1157 1118 1222 facile,
1150 1156 1400 1212 Domino
1460 1155 1852 1224 gubernante,
1897 1167 2029 1206 coa-

382 1249 650 1306 dunavit.
675 1241 981 1305 Civitatem
1011 1259 1153 1300 vero
1178 1243 1374 1318 ipsam
1399 1247 1455 1299 et
1479 1242 1822 1298 claustrales
1855 1241 2029 1295 coha-

382 1333 698 1394 bitationes
725 1347 762 1392 a
783 1332 1098 1407 superﬂuis
1129 1335 1184 1388 et
1213 1331 1424 1405 ineptis
1455 1330 1726 1404 pluribus
1769 1327 2029 1383 aediliciis

379 1418 534 1481 illico
562 1421 862 1498 purgavit,
893 1425 951 1478 et
977 1419 1035 1478 in
1085 1419 1452 1490 condignam
1501 1418 1868 1474 monachicae
1926 1432 2028 1470 ne-

381 1513 664 1570 cessitatis
696 1509 1111 1568 habitudinem
1135 1509 1386 1566 honeste
1411 1508 1774 1576 reformavit,
1806 1511 1861 1562 et
1889 1521 2028 1562 cum

377 1600 523 1656 inibi
579 1599 830 1655 inventis
884 1600 940 1655 et
995 1596 1237 1654 aliunde
1298 1595 1608 1669 acquisitis
1636 1595 1914 1651 fratribus
1967 1595 2024 1649 in

378 1688 592 1744 eodem
620 1684 898 1743 coenobio
927 1701 1037 1760 per
1063 1689 1294 1758 septem
1325 1699 1519 1740 annos
1553 1687 1668 1739 Deo
1697 1683 1875 1748 digne
1918 1683 2025 1736 ho-

2141 527 2384 580 Romam
2404 529 2619 596 petere,
2652 530 2710 580 et
2736 524 3144 598 apostolorum
3175 523 3390 578 Christi
3426 521 3832 590 aliorumque

2141 617 2488 668 sanctorum
2520 613 3002 668 intercessionem
3035 627 3146 684 pro
3173 615 3510 666 transactm
3547 608 3702 664 vita:
3743 609 3832 662 de-

2137 700 2244 755 viis
2276 701 2331 756 et
2357 717 2468 773 pro
2496 717 2670 758 novre
2701 703 2973 771 ingressu
3029 716 3317 772 querere.
3375 700 3525 765 Quo
3589 697 3834 769 permit-

2138 793 2312 855 tente,
2371 790 2415 844 it
2469 793 2526 844 et
2572 791 2722 844 redit
2769 789 3133 861 tandemque
3184 793 3322 842 ante
3377 787 3594 843 altare
3643 789 3832 842 sancti

2137 877 2394 932 Mauricii
2425 878 2537 947 (21)
2567 878 2873 947 cingulum
2899 879 3229 949 deponens,
3255 881 3445 948 caput
3475 880 3546 930 et
3562 875 3832 930 barbam

2145 967 2410 1033 totondit,
2440 971 2497 1021 et
2525 968 2679 1021 facta
2696 967 2771 1020 de
2803 981 2966 1020 more
3024 965 3306 1037 petitione
3366 969 3724 1036 susceptus
3767 981 3831 1019 ac

2138 1054 2486 1126 aliquandiu
2513 1055 2859 1124 regulariter
2887 1054 3198 1127 probatus,
3224 1055 3302 1109 ab
3322 1056 3556 1109 eodem
3579 1060 3829 1126 pastore

2140 1145 2480 1198 monasticae
2513 1143 2644 1199 vitae
2672 1144 2940 1199 habitum
2974 1148 3063 1198 est
3085 1143 3361 1215 adeptus.

2216 1235 2296 1288 13.
2327 1235 2538 1288 Verum
2565 1238 2698 1306 post
2729 1239 2936 1288 votum
2973 1232 3363 1305 professionis
3411 1245 3552 1287 non
3617 1232 3830 1286 imme-

2140 1335 2271 1376 mor
2301 1337 2424 1376 suae
2452 1337 2637 1393 quam
2683 1321 3158 1394 priescripsimus
3206 1321 3546 1393 pactionis,
3611 1320 3831 1375 adiens

2138 1409 2419 1464 abbatem
2441 1410 2740 1465 licentiam
2767 1410 2910 1482 petit
2936 1410 3192 1482 patriam
3220 1410 3570 1482 repetenti,
3621 1415 3686 1464 et
3745 1410 3828 1464 lo-

2137 1513 2273 1552 cum
2296 1513 2478 1569 quem
2511 1497 2820 1570 pepigerat
2853 1498 3026 1566 juxta
3073 1497 3420 1552 condictum
3478 1497 3826 1553 incolendi.

2139 1583 2307 1650 Quod
2338 1586 2472 1657 pius
2529 1588 2694 1641 Pater
2744 1585 2977 1640 interim
3021 1585 3340 1651 consensit,
3403 1585 3644 1641 nolens
3686 1603 3825 1640 eum

2135 1674 2432 1729 obstinata
2462 1673 2927 1728 contradictione
2949 1674 3028 1728 ab
3050 1674 3269 1729 ail'ectu
3285 1675 3590 1746 quamvis
3607 1673 3824 1745 inique

377 1776 640 1833 minibus
709 1759 1087 1833 laudabiliter
1159 1773 1529 1830 ministravit.
1595 1771 2026 1828 Commendata
2067 1780 2104 1838 Β
2136 1761 2468 1832 Pl‘Ollibel'e,
2495 1762 2685 1816 donec
2712 1761 2937 1817 ratione
2983 1761 3242 1817 dictante
3295 1760 3507 1815 illicita
3566 1759 3824 1830 cupien-

378 1867 517 1922 sunt
544 1865 598 1921 ei
625 1869 683 1921 et
703 1864 820 1920 alia
848 1863 970 1920 duo
1002 1862 1384 1931 monasteria,
1427 1864 1757 1931 Degerensc
1787 1864 1839 1913 et
1899 1863 2024 1915 Cre-

376 1966 579 2010 meuse
608 1953 718 2025 (18)
744 1967 878 2026 quae
905 1952 1035 2026 pari
1060 1966 1304 2024 quoque
1349 1949 1652 2020 diligentia
1697 1950 1756 2004 in
1817 1947 2022 2003 Christi

377 2041 693 2101 servimine
725 2035 1098 2112 gubernavit.

451 2133 514 2186 12
544 2127 758 2186 Iisdem
788 2129 1159 2202 temporibus
1189 2127 1370 2184 fuitin
1401 2127 1734 2195 Thuringim
1756 2127 2022 2199 partibus

375 2213 734 2292 quidamvir
761 2216 1000 2283 nobilis,
1043 2215 1328 2286 dignitate
1374 2219 1431 2271 et
1483 2215 1703 2270 meritis
1760 2215 2017 2279 illustris,

375 2305 619 2362 nomine
649 2304 984 2362 Guntherus
1011 2305 1142 2376 (l9),
1172 2303 1273 2371 qui
1303 2318 1414 2376 pro
1444 2304 1671 2358 delictis
1695 2304 2020 2374 juventutis

375 2391 791 2462 ingemiscens,
819 2395 875 2449 et
898 2391 1270 2448 considerata
1301 2391 1638 2460 diligentius
1665 2398 1861 2447 actum
1889 2409 2019 2447 suo-

375 2494 508 2538 rum
540 2481 825 2556 qualitate
853 2481 1067 2538 faciem
1094 2481 1326 2538 Domini
1367 2481 1428 2536 in
1451 2482 1821 2536 confessione
1873 2497 2019 2554 prie-

373 2567 638 2639 veniens,
672 2569 778 2626 sed
804 2569 1062 2644 propriae
1092 2567 1370 2626 difﬁdens
1395 2570 1776 2626 imbecillitati
1807 2587 2016 2642 corpo-

371 2659 452 2714 ris
470 2661 526 2715 et
549 2657 735 2716 animi
765 2655 1160 2730 [lierveidiam
1177 2658 1254 2714 ad
1270 2672 1495 2714 novum
1521 2659 1800 2714 abbatem
1819 2659 2016 2728 digne,

371 2751 438 2804 ut
451 2749 660 2821 postea
686 2745 900 2820 patuit,
931 2747 1277 2821 pcenitendo
1307 2747 1557 2803 accessit
1611 2748 1784 2813 eique
1841 2763 2019 2803 omne

372 2837 665 2894 secretum
685 2835 883 2893 cordis
907 2847 978 2893 ac
998 2835 1316 2892 voluntatis
1339 2851 1460 2890 suae
1484 2837 1750 2892 funditus
1767 2838 2016 2909 aperuit.

371 2920 560 2989 Quem
590 2923 783 2981 abbas
812 2923 969 2996 juste
1001 2923 1061 2980 in
1093 2926 1211 2980 Deo
1237 2923 1571 2990 timoratus,
1604 2924 1831 2979 blanda
1877 2939 2018 2980 con-

371 3009 661 3068 solatione
677 3017 734 3068 et
753 3011 1056 3082 condigna
1080 3012 1260 3068 etiam
1283 3013 1622 3084 provisione
1634 3013 1891 3084 pmniten
1901 3018 2018 3069 tem

371 3098 652 3172 suscepit,
683 3102 740 3156 et
761 3100 840 3156 ad
868 3099 1289 3158 monachicam
1347 3113 1536 3171 usque
1587 3101 2015 3172 professionem
2046 3129 2087 3183 υ

371 3184 764 3244 saluberrima
815 3187 908 3244 sui
946 3186 1430 3250 commonitione,
1484 3189 1732 3244 Domino
1799 3203 2015 3261 coope-

367 3273 556 3347 rante,
587 3274 893 3332 convertit.
918 3274 1030 3342 Qui
1059 3273 1280 3346 statim]
1299 3275 1377 3331 ad
1397 3276 1633 3348 penitus
1676 3276 2018 3334 abdicantis

366 3373 744 3438 quascunque
772 3367 912 3420 sunt
940 3363 1162 3432 saeculi,
1182 3363 1572 3436 multiplicem
1607 3381 1730 3420 sua:
1777 3366 2016 3421 haeredi-

368 3451 502 3507 tatis
517 3451 940 3526 proprietatem
957 3461 1145 3524 quam
1159 3456 1469 3524 acceperat
1484 3468 1519 3508 a
1541 3453 2017 3524 progenitoribus

369 3539 575 3596 sancto
594 3538 948 3596 Vuichberto
963 3553 1103 3596 cum
1119 3553 1416 3596 consensu
1434 3541 1741 3597 bmredum
1768 3553 2016 3597 suorum

367 3625 542 3686 firma
563 3627 879 3686 traditione
898 3628 1216 3699 delegavit,
1247 3628 1520 3701 primitus
1538 3635 1735 3686 tamen
1769 3631 1882 3686 sub
1911 3637 2018 3687 tes-

367 3717 526 3774 tibus
549 3721 904 3774 testamento
924 3720 1138 3790 pactus
1159 3721 1216 3772 et
1261 3719 1598 3773 monachus
1646 3719 1838 3774 factus
1862 3735 2016 3789 ,ωο-

2135 1855 2249 1904 tem
2281 1850 2549 1906 animum
2588 1849 2876 1922 paulatim
2930 1854 3132 1922 posset
3184 1849 3484 1919 mitigare.
3543 1850 3824 1904 Venienti

2132 1939 2309 2006 igitur
2357 1939 2434 1994 ad
2487 1938 2689 1994 locum
2743 1939 2982 2006 Uelinge
3039 1937 3290 2000 dictum,
3339 1945 3400 1993 et
3451 1938 3824 2010 disponenti

2133 2029 2512 2084 necessitates
2556 2027 2778 2083 ibidem
2833 2027 3367 2094 commanentium,
3420 2045 3500 2082 ex
3557 2027 3824 2082 occultis

2134 2117 2434 2172 tentatoris
2459 2116 2707 2186 insidiis,
2735 2119 2872 2185 Deo,
2906 2121 2970 2172 ut
2991 2121 3146 2171 certe
3189 2116 3524 2182 credimus,
3580 2115 3673 2171 ad
3731 2132 3824 2169 ex-

2129 2207 2394 2280 emplum
2418 2207 2574 2262 beau'
2603 2207 2712 2262 Job
2739 2207 3133 2278 permittente,
3165 2208 3360 2263 multa
3416 2212 3479 2262 et
3529 2206 3718 2262 varia
3773 2208 3823 2260 ei

2129 2301 2512 2351 occurrerunt
2542 2296 2947 2365 incommoda,
2975 2313 3084 2368 pro
3109 2295 3334 2368 quibus
3358 2296 3518 2351 dum
3543 2296 3696 2368 ipse
3719 2297 3822 2350 sci-

2130 2385 2261 2440 licet
2281 2389 2454 2440 antra
2482 2385 2844 2456 paupertatis
2874 2402 2944 2440 ac
2974 2384 3195 2440 laboris
3231 2383 3504 2439 insolens
3557 2384 3650 2440 ad
3713 2385 3819 2438 ab-

2130 2474 2334 2530 batem
2365 2475 2585 2546 saepius
2616 2475 2974 2546 queritaudo
3003 2474 3370 2542 confugeret,
3401 2475 3455 2542 ej
3469 2491 3689 2546 usque
3709 2491 3820 2546 pro

2131 2564 2350 2620 talibus
2381 2563 2694 2619 consilium
2726 2570 2782 2618 et
2809 2564 3098 2619 auxilium
3155 2563 3334 2619 anxie
3394 2565 3820 2635 perquireret,

2131 2653 2413 2708 sollicitus
2446 2656 2610 2708 Pater
2637 2653 3086 2708 fluctuationem
3105 2653 3323 2708 mentis
3339 2653 3475 2722 ejus
3491 2653 3820 2724 profunde

2131 2740 2522 2813 prospiciens,
2553 2748 2610 2795 et
2638 2741 3099 2795 subsecuturam
3129 2739 3278 2795 forte
3308 2739 3511 2794 cordis
3539 2740 3822 2796 mutabi-

2128 2831 2352 2885 litatem
2395 2831 2770 2884 vehementer
2815 2829 3266 2900 pertimescens,
3321 2827 3567 2884 blanda
3625 2829 3820 2884 inter-

2129 2919 2278 2972 dum
2335 2917 2740 2972 consolatione
2791 2923 2847 2972 et
2904 2917 3264 2989 suaviloqua
3316 2917 3818 2973 commonitione

2132 3007 2474 3062 maestitiam
2497 3007 2626 3076 ejus
2665 3007 2992 3075 mitigans;
3051 3005 3353 3062 interdum
3403 3023 3583 3070 vero,
3631 3007 3818 3076 juxta

2130 3096 2502 3168 Apostolum,
2563 3096 2891 3164 arguendo,
2937 3094 3339 3164 obsecrando,
3391 3095 3819 3167 increpando,

2127 3189 2487 3256 opportune,
2559 3184 2897 3256 importune
2963 3187 3274 3239 nutantem
3327 3185 3462 3253 ejus
3515 3184 3819 3240 animum

2129 3273 2429 3343 castigans
2462 3275 2552 3344 (ιΙ
2580 3274 2725 3327 Tim.
2755 3289 2831 3338 iv,
2855 3277 2912 3342 2)
2941 3273 3020 3328 ad
3048 3272 3211 3328 viam
3244 3271 3455 3329 salutis
3503 3289 3666 3328 eum
3733 3292 3818 3328 re-

2126 3364 2341 3418 ducere
2369 3362 2616 3430 studuit,
2645 3362 2812 3435 quod
2840 3368 3038 3418 tamen
3069 3363 3270 3418 adhuc
3299 3363 3630 3418 modicum
3669 3380 3816 3433 pro-

2128 3452 2278 3508 fecit.
2341 3451 2454 3508 Sed
2483 3467 2621 3506 cum
2651 3451 2713 3506 in
2743 3452 2855 3507 hac
2909 3451 3289 3507 altercatione
3333 3451 3568 3523 saepius
3619 3451 3818 3508 lucta-

2125 3546 2346 3607 rentur,
2374 3545 2430 3595 et
2479 3540 2539 3594 in
2586 3539 2939 3608 huiusmodi
2977 3539 3248 3594 molestia
3287 3539 3477 3594 ambo
3517 3541 3814 3596 crebrius

2127 3630 2529 3697 fatigarentur,
2600 3628 2680 3683 illi
2745 3629 2958 3683 iterum
3021 3628 3289 3700 quadam
3359 3629 3458 3683 die
3492 3645 3632 3684 sua:
3691 3632 3812 3685 sol-

2125 3715 2444 3774 licitudinis
2499 3717 2807 3789 querelam
2860 3716 3218 3785 suggerenti,
3287 3716 3378 3772 vir
3436 3717 3540 3773 Dei
3596 3718 3814 3775 debito

368 3803 715 3874 nasterium,
773 3804 941 3878 quod
995 3805 1234 3875 Geiinge
1293 3807 1407 3876 (20)
1460 3806 1694 3875 dicitur,
1747 3810 1937 3864 victus
1963 3814 2019 3864 et
2121 3808 2359 3880 justitiaa
2380 3807 2502 3862 zelo
2528 3812 2859 3878 permotus,
2883 3813 3172 3876 turgente,
3203 3812 3268 3861 ut
3288 3807 3818 3880 aiunt,pulmone

367 3893 618 3951 vestitus
649 3893 840 3964 gratia
864 3893 992 3966 ipse
1036 3893 1384 3966 possideret,
1446 3911 1516 3952 ac
1573 3895 1850 3953 fratribus
1903 3899 2017 3953 illic

371 3981 600 4039 Christo
627 3981 1018 4039 servientibus
1047 3995 1248 4038 secum
1277 3982 1416 4040 inde
1444 3986 1782 4042 necessaria
1826 3987 2018 4058 provi-

370 4069 553 4127 deret.
587 4069 701 4128 Sed
729 4069 921 4128 abbas
950 4069 1230 4144 prudenti
1256 4075 1624 4144 pertractans
1651 4074 1898 4130 consilio
1917 4075 2021 4130 ho-

372 4158 519 4218 mini
547 4159 776 4217 naviter
785 4171 1072 4217 converso
1093 4160 1271 4216 talem
1291 4162 1631 4234 pactionem
1652 4157 1710 4218 in
1732 4164 1826 4218 vta
1849 4176 2020 4219 man-

373 4243 650 4306 datorum
676 4247 777 4304 Dei
801 4247 1067 4304 maximo
1093 4246 1354 4306 futuram
1367 4263 1495 4305 esse
1508 4249 1790 4321 periculo,
1813 4256 1870 4306 et
1884 4251 2021 4322 plus

373 4334 510 4394 inde
539 4349 646 4410 per
663 4335 790 4392 dies
815 4336 1031 4393 animae
1062 4337 1229 4393 nasci
1253 4337 1638 4410 dispendium
1664 4353 1850 4411 quam
1891 4354 2019 4395 cor-

373 4424 535 4524 poris
555 4426 620 4482 ut
631 4425 889 4524 putabat
907 4425 1528 4524 subsidium‘tinterlm
1558 4426 1732 4524 illum.
1769 4427 2022 4524 provida
2052 4467 2093 4524 Β

375 4512 573 4571 mente
594 4513 673 4571 ab
703 4513 962 4588 inccepto
995 4513 1308 4586 suspendit
1333 4518 1391 4570 et
1413 4512 1566 4570 laico
1595 4514 1801 4572 habitu
1822 4517 2020 4573 adhuc

376 4613 554 4660 usum
583 4602 662 4660 ad
692 4601 1010 4661 Altahense
1040 4603 1470 4658 monasterium
1493 4619 1696 4659 secum
1725 4606 2020 4677 perduxit.

377 4689 602 4750 ibidem
649 4692 739 4750 vir
788 4692 1110 4766 praedictus
1168 4691 1348 4748 corde
1406 4697 1577 4749 tenus
1625 4699 2022 4766 compunctus

447 4815 561 4888 (18)
586 4811 732 4872 Boil.
769 4811 1089 4888 Tegerense
1134 4818 1193 4888 e_t_
1235 4812 1643 4888 ςζινθτηξβηξρῑ
1701 4811 2024 4888 Utrumque

377 4877 556 4958 etiam
576 4897 739 4958 nunc
769 4877 1043 4958 superest
1067 4879 1260 4958 ordini
1280 4882 1663 4958 Benedictino
1693 4877 2020 4958 addicttfm.

377 4955 647 5012 Primum
676 4953 982 5026 Tegeinse,
1003 4953 1185 5025 vulgo
1215 4967 1250 5026 a
1269 4953 1416 5026 lacu
1441 4955 1639 5010 vicino
1661 4954 1931 5026 dictum.
1963 4957 2021 5012 in

379 5027 628 5100 Bavaria
652 5024 962 5100 superiori,
991 5024 1162 5097 cujus
1187 5024 1380 5082 abbas
1405 5025 1560 5100 inter
1571 5025 1880 5100 principes
1920 5028 2026 5100 im:

378 5097 525 5172 perit
544 5094 747 5172 locuni
773 5095 1006 5172 habuit,
1039 5094 1110 5172 ut
1129 5100 1290 5170 patet
1319 5111 1392 5151 ex
1416 5094 1722 5172 privilegio
1748 5094 2027 5172 lIudovici

379 5167 438 5240 iv
463 5181 623 5240 anno
657 5169 783 5225 1321
815 5167 957 5224 dato
991 5167 1286 5240 ;__altérum
1313 5167 1530 5240 veroin
1570 5167 1804 5240 .tustria
1858 5185 2028 5240 supe-

379 5236 520 5294 riori
550 5239 974 5308 Cremmimter
993 5237 1240 5305 dictum,
1268 5237 1348 5293 ob
1378 5237 1765 5293 azditiciorum
1801 5236 2027 5308 magni-

381 5305 702 5378 licentiam,
735 5307 868 5378 eto.,
911 5308 1384 5366 celeberrimum.
1429 5310 1789 5364 Monasterio
1837 5305 2035 5366 sancti

386 5377 624 5445 Quirini
643 5382 803 5450 quod
828 5377 1006 5437 situm
1032 5385 1118 5450 est
1148 5380 1360 5450 inloco
1389 5379 1496 5450 qui
1523 5381 1871 5450 nominatur
1927 5383 2027 5435 Te-

386 5395 619 5445 uumm
684 5395 801 5436 una
828 5395 1006 5437 suum
1032 5395 1118 5436 est
1148 5395 1210 5434 ιη
1234 5395 1360 5435 loco
1389 5395 1493 5450 qui
1523 5395 1871 5434 uomuntur
1927 5395 2027 5435 1e-

383 5450 604 5530 gri'use,
635 5395 790 5530 duos
812 5448 1250 5530 mansosdedit
1305 5451 1361 5506 S.
1421 5449 1699 5530 lienricus
1719 5450 1891 5530 “imp.
1952 5450 2029 5504 ad

385 5520 684 5593 petionem
717 5520 1134 5593 Chwujgundae
1164 5533 1286 5575 suis
1316 5520 1664 5593 conjugis-et
1713 5522 1872 5576 (ἔοικε
1901 5557 1928 5593 ξ.

385 5583 641 5656 abbatis,
667 5591 840 5660 cujus
859 5583 1130 5660 diploma
1169 5603 1329 5645 anno
1385 5583 1544 5660 iﬁlli
1573 5589 1802 5659 datum,
1846 5591 2031 5648 edidit

386 5663 686 5717 Gretserus
715 5657 792 5715 ad
823 5657 1044 5713 calcem
1069 5657 1206 5712 Vitae
1233 5660 1287 5714 S.
1321 5659 1570 5716 Henrici.

454 5732 570 5802 (t9)
599 5733 680 5785 De
707 5727 1006 5786 Gunthero
1035 5727 1341 5796 agendum
1365 5730 1520 5790 infra
1534 5730 1613 5786 ad
1634 5745 1864 5788 annum
1885 5735 2019 5788 1045

2127 3896 2434 3968 respondit
2465 3913 2478 3951 :
2512 3900 2616 3950 aut
2643 3897 2702 3949 in
2730 3894 3030 3966 promissa
3057 3893 3414 3949 obedientias
3471 3895 3817 3952 stabilitate

2133 3989 2247 4040 Deo
2294 3985 2566 4040 devotius
2597 3984 2856 4051 serviret,
2883 3989 2986 4038 aut
3013 3989 3168 4038 certe
3198 3984 3277 4039 ad
3299 3983 3546 4039 solitam
3603 3985 3818 4040 saeculi

2128 4073 2450 4128 vanitatem
2479 4071 2708 4144 laqueis
2738 4072 2949 4128 iterum
2979 4073 3214 4127 Satanae
3245 4071 3538 4138 irretitus,
3564 4073 3818 4145 abjecto

2129 4161 2358 4228 habitu,
2442 4159 2676 4216 rediret.
2743 4161 2830 4214 Ad
2901 4176 3085 4231 quam
3146 4176 3357 4215 vocem
3420 4162 3818 4233 stupefactus

2131 4249 2367 4306 auditor
2395 4248 2716 4314 intremuit,
2744 4253 2800 4303 et
2826 4248 3040 4304 erroris
3080 4249 3173 4304 sui
3225 4250 3614 4306 nimietatem
3679 4267 3817 4306 sero

2133 4339 2373 4395 tamtam
2388 4339 2842 4410 perhorrescens
2855 4338 3146 4406 ingemuit
3161 4341 3294 4409 (22),
3311 4339 3484 4393 omni
3509 4342 3818 4411 prwdicta

2134 4427 2406 4500 pactione
2437 4428 2615 4482 corde
2646 4432 2816 4481 tenus
2841 4426 3045 4496 oblita,
3085 4431 3142 4482 et
3198 4432 3316 4482 tota
3369 4429 3818 4502 cujuscunque

2133 4513 2501 4571 incommodi
2581 4514 2956 4586 querimonia
3033 4513 3259 4570 abolita
3327 4515 3406 4571 ad
3474 4516 3818 4573 Altahense

2133 4601 2563 4660 monasterium
2591 4645 2606 4671 ,
2690 4601 2790 4656 ubi
2859 4606 3000 4656 tunc
3081 4602 3194 4657 sub
3263 4603 3548 4673 ejusdem
3623 4607 3821 4662 Patris

2133 4708 2297 4759 cura,
2365 4694 2428 4747 ut
2483 4692 2544 4746 in
2606 4691 2794 4760 gratia
2853 4691 3126 4746 omnium
3179 4691 3420 4763 loquar,
3489 4693 3819 4764 singulare

2134 4809 2234 4868 ubi
2269 4811 2458 4867 Vitam
2489 4811 2616 4882 ejus
2645 4806 3080 4867 exhibebimus.

2205 4885 2318 4953 (20)
2339 4882 2597 4955 Gelliuge
2641 4883 3086 4955 [honestet-ium,
3141 4884 3302 4955 quod
3337 4883 3508 4955 olim
3571 4892 3721 4942 erat
3761 4889 3817 4942 in

2133 4954 2428 5022 'i‘uringia.
2462 4953 2882 5021 IbiArnoldus,
2923 4957 2978 5009 S.
3037 4953 3374 5009 Godéhardi
3427 4955 3489 5010 in
3553 4959 3818 5013 liersfei-

2133 5026 2305 5082 densi
2334 5023 2619 5093 regimine
2642 5040 2967 5089 successor,
3001 5024 3145 5080 obiit
3168 5041 3331 5079 anno
3361 5026 3488 5080 lO3l
3531 5043 3615 5082 ex
3643 5031 3821 5085 Lam-

2134 5097 2302 5153 berto
2333 5095 2853 5162 Scafnaburgensi.

2207 5170 2315 5236 (21)
2347 5166 2436 5220 Sic
2469 5165 2730 5220 Bolland.
2758 5166 2848 5220 cui
2881 5165 3172 5220 consentit
3203 5165 3330 5220 Vita
3386 5168 3592 5223 sancti
3654 5173 3821 5226 (iun-

2137 5238 2302 5293 theri.
2339 5236 2533 5291 Codex
2565 5241 2760 5292 autem
2793 5241 2995 5291 noster
3019 5251 3158 5290 cum
3211 5239 3518 5293 Brouvero
3571 5245 3641 5296 et
3688 5242 3821 5297 aliis

2136 5323 2280 5363 mss.
2307 5310 2364 5361 S.
2393 5308 2620 5362 Mariae.

2211 5379 2320 5447 (22)
2351 5377 2546 5433 Codex
2576 5377 2787 5432 Bodec.
2821 5377 2984 5448 apud
3017 5376 3157 5432 Boil.
3209 5377 3268 5432 in
3329 5380 3628 5448 Append.
3691 5383 3815 5440 Maii

2137 5447 2303 5502 addit
2334 5464 2346 5501 :
2378 5449 2493 5502 Sed
2522 5454 2574 5503 et
2602 5451 2758 5503 hanc
2779 5447 3014 5502 causam
3031 5451 3130 5516 pio
3152 5447 3513 5517 imperaturi
3537 5453 3817 5510 Henrico

2133 5561 2145 5587 ι
2179 5535 2241 5574 μιν
2261 5520 2524 5592 ωιςιὴιρτη
2557 5520 2738 5592 abbas
2769 5525 2950 5592 totum
2978 5521 3256 5592 secretius
3286 5523 3639 5592 intimam,
3683 5533 3814 5584 etc,

2135 5605 2284 5662 quae,
2324 5588 2620 5662 habentur
2667 5589 2728 5644 in
2777 5589 2909 5662 ipsa
2966 5589 3245 5662 Cuutheri
3297 5589 3423 5662 Vita
3463 5591 3550 5646 ab
3589 5588 3814 5651 eodem

2134 5659 2384 5734 Wolt‘cro
2422 5660 2670 5734 hujusce
2699 5659 3034 5734 Godehardi
3069 5660 3218 5734 Vita:
3272 5661 3576 5732 scriptore
3629 5668 3813 5734 edita,

2138 5746 2324 5803 quam
2353 5729 2507 5787 infra
2533 5729 2721 5788 habes
2748 5731 2826 5788 ad
2855 5747 2952 5788 an.
2988 5733 3142 5786 1045.
