3888 6392
79 294 208 345 1173

1683 289 1862 342 νιτΑ.

3355 287 3493 339 1174

70 413 249 468 divini
278 412 472 467 cultus
505 413 764 469 studium
800 413 1082 484 fervebat,
1117 433 1178 470 se
1222 416 1497 483 contulit;
1527 420 1581 469 et
1608 413 1719 468 illie
1755 414 1799 464 A
1835 416 1956 463 tum
1992 412 2297 483 placuerit,
2330 413 2386 467 in
2420 413 2602 468 finem
2633 411 2766 466 vitm
2799 427 2920 465 suae
2960 409 3020 464 in
3052 409 3254 465 debito
3283 412 3494 481 cmptre

74 503 344 557 fratribus
376 502 708 557 humillime
741 502 1064 572 subjectus,
1101 509 1155 559 et
1188 505 1244 558 in
1280 522 1463 560 sacrae
1497 504 1752 570 religio-.

71 592 157 645 nis
183 589 545 646 dictrictione
578 590 826 662 pleniter
851 591 910 646 in
941 592 1103 646 brevi
1129 599 1392 666 tempore
1421 593 1606 648 divini
1633 609 1724 646 r0-

70 680 144 732 ris
175 678 465 733 infusione
496 679 842 746 instructus,
873 680 1023 734 ultra
1056 681 1323 749 regulare
1357 687 1722 754 praeceptum

71 773 252 822 semet
281 769 456 822 etiam
491 767 748 840 praelatis
777 768 1220 825 admirantibus
1252 771 1477 827 afflixit.

142 914 220 966 l4.
263 909 450 965 Tertio
499 927 764 982 namque
819 928 941 966 suae
995 914 1398 969 conversionis
1446 929 1626 980 anno,
1663 915 1721 968 in

69 999 363 1073 praedicto.
397 999 668 1054 Boemico
700 1000 854 1055 saltu
885 1016 1153 1056 eremum
1186 1004 1368 1074 petiit,
1404 1004 1460 1058 in
1493 1020 1615 1074 qua
1645 1003 1720 1058 ad

71 1087 298 1151 triginta
326 1092 552 1158 septem
576 1090 686 1156 (23)
715 1103 906 1143 annos
935 1089 991 1143 in
1026 1091 1221 1144 studio
1250 1096 1469 1146 sanctae
1493 1091 1716 1158 religio-

67 1177 154 1230 nis
183 1181 236 1231 et
265 1175 322 1230 in
351 1193 592 1232 summa
629 1178 912 1232 veraciter
960 1179 1322 1235 districtione
1376 1187 1722 1252 spontanere

69 1265 448 1336 paupertatis,
477 1283 615 1320 cum
645 1266 754 1321 sibi
780 1269 1306 1324 commanentibus
1335 1271 1494 1325 vixit.
1527 1287 1723 1325 anno-

68 1371 140 1409 na
181 1355 440 1426 denique
493 1372 701 1410 eorum
742 1361 865 1412 erat
898 1359 1148 1430 simplex
1192 1366 1247 1414 ct
1293 1359 1550 1424 modica,
1585 1360 1722 1422 agili

67 1443 256 1497 studio
286 1445 400 1512 (24)
433 1462 468 1499 a
499 1461 635 1513 rege
670 1447 957 1513 Ungarico
988 1453 1042 1501 et
1073 1448 1145 1501 de
1182 1449 1458 1503 ltohemia
1484 1455 1538 1503 et
1564 1450 1724 1503 Polo-

67 1532 158 1587 nia
205 1548 312 1587 nec
360 1549 486 1588 non
539 1539 595 1588 et
642 1535 862 1589 caeteris
905 1536 1152 1590 diversis
1195 1537 1510 1608 provinciis
1545 1538 1721 1592 simul

65 1639 195 1676 cum
227 1622 442 1678 vestitu
477 1624 850 1695 conquisita:
885 1625 958 1678 de
1006 1631 1170 1695 potu,
1207 1632 1267 1681 ut
1298 1628 1580 1682 omnibus
1613 1645 1718 1682 no-

67 1716 184 1766 tum
216 1719 320 1781 est,
356 1712 502 1767 nihil
551 1729 797 1784 prorsus
833 1714 912 1768 ibi
945 1715 1055 1769 nisi
1085 1716 1211 1770 sola
1261 1733 1419 1787 aqua
1449 1717 1719 1772 habeba-

65 1805 170 1866 tur,
203 1805 259 1856 et
286 1801 417 1873 ipsa
449 1803 630 1856 etiam
657 1803 993 1874 hospitibus
1024 1804 1101 1858 ad
1137 1806 1574 1873 sullicientiam,
1610 1807 1720 1862 fra-

66 1888 244 1942 tribus
293 1905 432 1944 vero
483 1891 560 1945 ad
613 1907 959 1946 mensuram
1009 1892 1287 1948 dabatur.
1324 1898 1468 1949 Nam
1499 1895 1718 1951 litteras

62 1977 301 2032 omnino
349 1978 532 2033 frater
559 1979 651 2033 ille
682 1981 792 2034 nisi
825 1984 1057 2036 tantum
1093 1983 1378 2050 Psalmos,
1413 2000 1534 2038 non
1566 1984 1717 2038 didi-

64 2064 154 2132 cit,
212 2070 266 2120 et
323 2069 530 2121 tamen
579 2083 823 2122 omnem
881 2069 1174 2125 rationem
1237 2075 1292 2125 et
1357 2071 1717 2127 intellectum

67 2155 378 2223 Evangelii,
434 2157 601 2224 Legis
646 2162 703 2212 et
750 2158 1183 2230 Prophetarum
1236 2165 1289 2214 et
1333 2161 1717 2216 historiarum

61 2260 296 2316 quoque
327 2261 400 2300 ex
428 2247 639 2301 crebra
683 2247 935 2302 fratrum
970 2248 1257 2304 relatione
1289 2255 1345 2304 et
1374 2251 1549 2306 etiam
1601 2252 1720 2306 avi-

60 2330 217 2386 diore
248 2335 414 2390 verbi
451 2337 551 2391 llei
583 2337 959 2393 exauditione
1013 2340 1361 2394 mirabiliter
1413 2342 1675 2413 percepit
1703 2360 1716 2409 ;

61 2421 204 2476 adeo
237 2428 296 2478 ut
323 2425 652 2497 saepissime
684 2426 1038 2484 obscuriora
1069 2436 1176 2498 (2:3)
1213 2430 1477 2500 mystica:
1511 2431 1713 2486 intelli-

59 2512 260 2572 gentiae
309 2514 614 2570 interdum
655 2517 940 2586 jocando,
976 2517 1276 2573 interdum
1323 2537 1459 2575 vero
1503 2521 1714 2576 admo-

60 2599 250 2655 nendo
303 2604 686 2676 stupentibus
757 2605 1132 2660 auditoribus
1187 2608 1489 2678 proferret.
1543 2611 1714 2674 Quod

57 2704 160 2742 nos
207 2691 460 2762 quidem
509 2693 611 2765 qui
666 2710 805 2748 eum
855 2695 1206 2750 familiarius
1257 2697 1554 2761 novimus,
1610 2699 1716 2754 fre-

55 2784 298 2847 quenter
322 2782 692 2844 audivimus,
727 2785 1025 2856 praecipue
1057 2791 1254 2840 tamen
1296 2803 1433 2840 cum
1467 2788 1523 2840 in
1559 2805 1715 2844 sum-

56 2881 150 2920 ma
215 2885 324 2924 sua
379 2870 716 2934 festivitate,
768 2872 827 2926 in
895 2873 1198 2929 nativitate
1253 2874 1473 2930 scilicet
1526 2879 1712 2931 sancti

53 2957 288 3011 Joannis
342 2961 621 3031 Baptistze
675 2963 950 3032 specialis
1011 2963 1099 3017 sui
1142 2965 1398 3035 patroni,
1452 2968 1712 3022 sermoni

55 3043 176 3111 ejus
207 3046 538 3112 adfuimus,
567 3065 690 3120 quo
717 3051 776 3104 in
821 3051 1135 3122 capitulari
1162 3053 1473 3107 collatione
1501 3055 1712 3109 eodem

56 3222 229 3277 Patris
263 3225 384 3280 vita
434 3232 489 3280 et
540 3228 834 3293 moribus,
869 3229 1024 3284 victu
1058 3235 1112 3285 et
1162 3231 1342 3285 etiam
1395 3233 1626 3296 vestitu,
1660 3240 1716 3289 et

55 3314 329 3382 operibus
361 3316 443 3370 ad
475 3317 843 3388 paupertatis
894 3335 1014 3372 sua?
1069 3321 1320 3374 Domino
1370 3324 1488 3375 Deo
1536 3324 1715 3394 placi-

57 3403 170 3455 tam
217 3403 599 3460 tolerantiam
639 3405 986 3461 instruebat.
1026 3410 1238 3462 Verum
1271 3408 1428 3462 enim
1475 3409 1631 3477 dico,
1662 3416 1716 3464 et

55 3505 249 3546 coram
299 3495 424 3548 Deo
473 3510 595 3548 non
638 3495 914 3563 mentior,
963 3496 1106 3567 quia
1154 3512 1366 3550 omnes
1417 3513 1566 3568 pene
1611 3499 1712 3569 qui

55 3579 294 3636 aderant
343 3583 544 3639 eidem
586 3585 867 3650 sermoni,
903 3584 980 3640 ad
1021 3585 1387 3640 uberrimam
1422 3586 1713 3657 laeryma-

52 3682 179 3723 rum
203 3672 565 3727 effusionem
598 3673 760 3727 dono
791 3673 890 3727 Dei
923 3679 1062 3728 sunt
1089 3674 1453 3745 compuneti.
1480 3676 1715 3731 Assedit

52 3755 125 3811 ibi
156 3763 516 3818 venerabilis
546 3763 737 3818 abbas
772 3762 1110 3818 Altahensis
1155 3765 1526 3819 Ratmundus
1574 3783 1710 3821 cum

50 3845 320 3916 pluribus
377 3852 472 3905 sui
526 3851 785 3906 ccenobii
839 3851 1119 3906 fratribus
1177 3856 1233 3906 et
1285 3851 1412 3906 aliis
1467 3852 1712 3922 insuper

52 3936 242 3991 multis
287 3939 649 4012 hospitibus,
684 3945 896 4012 praeter
949 3955 1058 3994 nos
1103 3957 1256 4012 quos
1310 3940 1369 3994 in
1419 3941 1711 3996 canonico

47 4021 250 4081 habitu
281 4027 424 4082 illuc
452 4028 683 4096 ingredi
713 4029 919 4096 religio
947 4029 1152 4097 vetuit,
1187 4046 1341 4100 quos
1375 4035 1572 4084 tamen
1604 4029 1712 4084 fra-

47 4117 198 4170 trum
231 4117 606 4173 familiaritas
638 4124 694 4172 et
725 4118 985 4173 maxime
1035 4118 1271 4173 abbatis
1319 4119 1554 4174 licentia
1599 4119 1710 4173 cir-

45 4220 433 4279 cumquaque
466 4208 542 4263 ad
573 4208 882 4276 fenestras,
916 4209 1336 4263 concionatore
1377 4210 1710 4277 ignorante,

46 4292 320 4350 clanculo
355 4295 689 4352 collocavit.
727 4299 862 4352 Erat
891 4298 1070 4362 enim,
1107 4302 1170 4353 ut
1197 4297 1271 4352 de
1305 4304 1510 4353 sancto
1541 4301 1714 4354 Rene-

43 4381 196 4439 dicto
227 4385 473 4456 dicitur,
503 4403 686 4458 quem
713 4391 851 4460 post
878 4390 1063 4442 Deum
1096 4387 1212 4443 vita
1237 4393 1293 4443 et
1317 4388 1589 4443 moribus
1621 4406 1709 4442 se-

43 4473 364 4542 quebatur,
401 4479 457 4530 et
484 4475 732 4532 scienter
760 4476 1000 4531 nescius
1025 4481 1080 4531 et
1107 4477 1407 4548 sapienter
1435 4478 1709 4533 indoctus
1736 4481 1784 4538 υ

44 4562 116 4622 (8.
151 4564 329 4620 Gneo.
363 4569 404 4620 Ι.
441 4582 499 4632 u,
529 4567 861 4636 Dialogor.,
896 4582 1029 4638 cap.
1066 4567 1121 4636 ι).

113 4691 196 4741 15.
233 4691 454 4744 Beatus
474 4689 650 4758 igitur
673 4689 1063 4745 Godehardus
1086 4691 1252 4745 senio
1281 4694 1336 4745 et
1365 4690 1569 4746 labore
1582 4692 1709 4762 jam

43 4775 233 4831 fessus
259 4783 320 4833 et
350 4778 530 4834 etiam
556 4778 733 4834 tredio
777 4779 1081 4836 saecularis
1116 4795 1273 4834 curae
1300 4781 1579 4852 repletus,
1609 4797 1711 4836 an-

41 4872 259 4922 nuente
291 4883 434 4938 rege
468 4868 883 4935 Herveldense,
913 4870 1179 4937 regimen
1213 4869 1418 4924 illustri
1448 4871 1574 4925 viro
1605 4876 1708 4926 Ar-

40 4954 220 5010 noldo
245 4971 360 5010 suo
384 4957 548 5028 prius
575 4974 646 5011 eo
667 4957 779 5012 loci
804 4958 1148 5029 praeposito,
1175 4964 1232 5014 et
1256 4960 1574 5014 Bertholdo
1597 4965 1710 5031 (26)

41 5059 208 5114 aeque
225 5045 558 5101 venerabili
577 5063 686 5101 suo
697 5047 1036 5118 primicerio
1059 5052 1395 5117 Dagarense
1409 5066 1713 5105 commen-

39 5131 220 5204 davit,
257 5135 465 5206 sicque
496 5135 574 5191 ad
607 5136 818 5192 Altaha
847 5139 1152 5204 remeavit,
1185 5137 1309 5203 ubi,
1348 5138 1394 5193 si
1430 5141 1546 5194 Deo
1581 5145 1711 5195 tan-

106 5331 222 5415 (23)
265 5332 437 5388 Idem
463 5335 652 5390 codex
681 5339 738 5390 et
758 5336 1098 5404 Bomberg.,
1121 5339 1313 5406 ferme
1340 5339 1588 5408 triginta
1610 5353 1714 5393 ser

39 5416 236 5460 annis.

109 5475 216 5542 (24)
261 5476 360 5530 Sic
392 5475 573 5531 iidem
620 5494 762 5533 mss.
798 5479 918 5545 alii,
953 5487 1082 5535 erat
1130 5481 1302 5535 varia
1353 5482 1520 5535 vario
1560 5487 1716 5536 certe

37 5547 254 5623 studio.
281 5549 578 5623 _B_r0uver,
602 5555 667 5623 Aet
698 5549 833 5605 eod.
860 5551 1190 5621 Compend.
1217 5551 1391 5622 infra,
1419 5554 1712 5621 Ungariro

38 5617 108 5669 de
137 5619 382 5674 Bac/ain
411 5625 460 5674 et
497 5621 730 5677 Peliam
763 5629 814 5676 et
848 5617 1098 5676 ueteris.

106 5689 223 5756 (25)
267 5688 420 5745 Cod.
451 5691 793 5760 Bamberg.,
822 5705 881 5748 ut
909 5710 1340 5765 nonnunquam
1367 5695 1714 5750 obscuriora

36 5776 308 5831 quaeque.

1834 499 2129 566 religionis
2163 501 2358 554 studio
2391 515 2768 572 perseverare
2818 498 3099 552 decrevit.
3134 497 3295 552 Idem
3335 497 3494 552 enim

1833 589 2262 644 monasterium
2294 590 2457 644 omni
2491 588 2830 658 devotione,
2863 591 2926 642 ut
2970 587 3061 641 vel
3099 587 3279 642 hodie
3324 587 3406 642 ibi
3433 587 3498 642 li-

1833 683 1992 748 quet,
2018 679 2310 733 adornarc
2344 678 2640 745 studebat,
2669 677 2836 732 libris
2871 675 3089 731 scilicet
3114 681 3169 731 et
3199 677 3499 749 pretiosis-

1835 767 2000 820 simis
2033 768 2396 835 inissalibus,
2438 767 2822 834 indumentis,
2857 765 3209 837 ueterisque
3236 765 3414 822 variis
3442 770 3498 821 et

1838 856 2076 910 utilibus
2108 857 2515 912 ecclesiasticis
2547 856 2945 923 ornamentis;
2980 855 3242 910 maxime
3267 859 3494 925 tamen,

1835 944 1998 1015 quod
2051 944 2104 999 et
2141 945 2358 1017 ubique
2392 946 2770 1001 notissimum
2810 949 2917 1013 est,
2948 943 3243 1016 plurimos
3290 944 3350 998 in
3401 960 3496 1000 eo-

1835 1034 1972 1088 dem
2007 1035 2281 1090 cmnobio
2313 1036 2520 1090 fratres
2555 1035 2802 1090 scientia
2845 1040 2901 1089 et
2938 1033 3210 1088 moribus
3240 1033 3494 1089 illustres

1833 1124 2130 1192 enutrivit,
2186 1141 2336 1197 ques
2389 1130 2598 1196 postea
2647 1124 2797 1180 inter
2840 1115 3078 1178 diversa
3126 1125 3497 1179 monasteria

1833 1215 2027 1268 Patres
2060 1220 2112 1268 et
2143 1214 2415 1269 doctores
2449 1215 2602 1283 regis
2631 1231 2700 1270 ac
2749 1215 3170 1286 episcoporum
3214 1213 3496 1285 petitione

1831 1301 2179 1374 dispertivit.
2217 1303 2327 1359 Sed
2361 1320 2499 1358 cum
2525 1302 2655 1372 jam
2685 1302 2744 1357 in
2783 1301 3109 1370 laboriosa,
3145 1301 3258 1356 sibi
3291 1305 3494 1356 tamen

1833 1391 2071 1462 placita,
2105 1392 2203 1448 illa
2236 1410 2345 1448 sua
2389 1392 2585 1464 quiete
2619 1407 2724 1463 per
2753 1391 2961 1446 decem
2997 1406 3190 1445 annos
3224 1390 3285 1444 in
3316 1390 3494 1461 huju~

1833 1481 2027 1534 smodi
2078 1481 2275 1535 stu-lio
2324 1485 2623 1552 pausat-et,
2660 1484 2898 1552 totaque
2938 1479 3134 1534 cordis
3167 1479 3493 1534 intentione

1831 1569 1888 1622 in
1921 1570 2161 1635 regione
2195 1569 2465 1624 vivorum
2520 1569 2772 1624 Domino
2820 1568 3054 1640 placere
3085 1567 3316 1622 diurnis
3350 1583 3494 1622 noc-

1835 1659 2139 1731 turnisque
2196 1659 2463 1731 suspiriis
2518 1663 2890 1731 praeoptaret,
2929 1657 3200 1713 mirabile
3250 1657 3494 1714 tandem

1754 1768 1792 1818 Β
1836 1749 2138 1803 somnium
2185 1749 2348 1814 vidit,
2385 1755 2445 1804 ut
2498 1749 2624 1821 ipse
2680 1747 2855 1803 nobis
2910 1747 3128 1818 saepius
3177 1747 3490 1814 intimavit,

1830 1844 1962 1909 post
1992 1855 2179 1910 quam
2209 1844 2362 1894 certe
2395 1839 2689 1894 visionem
2737 1854 2800 1892 se
2830 1838 2904 1892 de
2948 1838 3062 1893 hoc
3106 1836 3338 1892 mundo
3367 1853 3492 1908 quo

1834 1931 1982 1982 Deus
2003 1929 2266 1997 jusserit,
2301 1929 2607 1984 obiturum
2637 1944 2758 1984 non
2783 1927 3082 1982 dubitavit
3111 1928 3244 1996 (27).

1906 2022 1986 2072 16.
2031 2018 2304 2082 Quadam
2335 2018 2512 2086 igitur
2542 2023 2734 2086 nocte,
2763 2022 2828 2073 ut
2857 2032 3096 2088 semper
3123 2032 3229 2088 per
3254 2015 3494 2086 triginta

1822 2107 1951 2176 jam
1980 2123 2171 2162 annos
2203 2109 2526 2173 consuevit,
2557 2111 2693 2178 post
2727 2107 2986 2179 primam
3027 2109 3260 2161 tantum
3299 2105 3492 2160 noctis

1829 2196 2090 2267 quietem
2122 2196 2437 2250 ecclesiam
2486 2196 2847 2264 ingrediens,
2880 2193 3234 2266 psalmodiae
3267 2194 3491 2248 caeteri—

1831 2302 1978 2356 squc
2006 2285 2224 2340 talibus
2257 2286 2465 2340 officiis
2515 2285 2794 2354 intentus,
2826 2282 3255 2357 pernoctabat;
3306 2282 3411 2338 sed
3440 2287 3496 2340 et

1831 2379 1965 2444 post
1991 2375 2318 2430 matutinas
2346 2375 2402 2429 in
2425 2375 2684 2446 incmpto
2705 2373 2943 2430 decreto
2974 2372 3315 2445 perstabat;
3341 2373 3496 2443 jam-

1827 2480 1942 2535 que
1977 2481 2194 2519 aurora
2239 2465 2580 2530 irradiante,
2615 2463 2850 2520 modice
2880 2463 3215 2518 dormitans
3247 2462 3492 2517 cubicu-

1827 2553 1950 2608 lum
1982 2553 2242 2622 intravit,
2279 2570 2462 2625 seque
2495 2569 2674 2626 super
2705 2568 3026 2608 scamnum
3066 2555 3298 2608 tantum
3326 2551 3492 2606 incli-

1826 2660 1978 2698 nans
2028 2644 2377 2714 hujusmodi
2431 2643 2734 2698 somnium
2783 2641 2948 2697 vidit.
2983 2645 3130 2697 Nam
3174 2640 3330 2696 oliva
3359 2641 3489 2713 pul-

1824 2735 1980 2787 chrte
2027 2733 2478 2801 magnitudinis,
2511 2732 2592 2788 ibi
2622 2732 2682 2787 in
2727 2731 3028 2788 claustrali
3075 2730 3225 2787 atrio
3267 2731 3486 2800 stabat,

1823 2828 1878 2877 et
1908 2823 2160 2894 putabat
2201 2841 2264 2878 se
2314 2823 2427 2878 sub
2470 2821 2685 2877 eadem
2718 2821 2929 2879 arbore
2975 2820 3242 2877 lectionis
3288 2820 3486 2875 studio

1825 2913 2048 2977 sedere,
2068 2917 2123 2966 et
2154 2912 2232 2966 ad
2265 2930 2324 2965 se
2351 2912 2651 2984 quasdam
2678 2913 2985 2981 graviores
3013 2915 3069 2964 et
3092 2910 3331 2979 ignotas
3359 2926 3489 2981 per-

1827 3019 2010 3056 sonas
2045 3003 2343 3066 accedere,
2380 3019 2515 3074 quae
2547 3018 2608 3056 se
2653 3018 2690 3057 a
2719 3017 2856 3070 rege
2881 3000 2980 3056 illo
3009 3000 3225 3056 missas
3259 3016 3485 3055 assere-

57 3089 689 3188 “;‘I‘gmfff‘f"’w‘f‘”
1162 3089 1712 3178 "””““":"’,°‘:“C“'
1749 3132 1787 3182 Β
1825 3098 1972 3156 rent,
2005 3098 2066 3146 ut
2091 3093 2368 3146 eamdem
2399 3091 2622 3146 olivam
2667 3092 2986 3146 sull'ossam
3038 3089 3153 3144 sibi
3196 3089 3258 3144 in
3290 3089 3487 3157 regale

55 3148 142 3185 (κ’
226 3140 384 3190 aue”
418 3154 560 3192 θυοδ
591 3138 960 3194 admonebat
983 3182 994 3194 -
1027 3141 1175 3195 dum
1207 3158 1311 3196 eos
1343 3142 1415 3195 dc
1443 3144 1713 3212 θΙΠδίὶθΠ]
1826 3182 2118 3212 “mnam”.
2165 3181 2455 3212 ,ιηιιηυηηηι
2519 3185 2627 3212 \im.
2662 3197 2823 3212 mm...
2884 3185 2946 3212 ιιι
2992 3180 3101 3212 om:
3149 3179 3466 3212 υςιιιιηνιθιι..

1826 3182 2123 3236 servimcn
2163 3181 2478 3240 deferrent.
2517 3185 2628 3236 Nec
2660 3197 2850 3248 mora,
2884 3185 2949 3236 ut
2992 3180 3102 3234 sibi
3149 3179 3486 3250 videbatur,

1825 3289 2060 3325 secures
2087 3277 2142 3325 et
2173 3271 2422 3325 fossoria
2453 3270 2744 3343 arripiunt
2770 3286 3025 3341 eamque
3059 3285 3301 3324 summa
3335 3268 3488 3324 festi-

1823 3360 2060 3413 natione
2110 3358 2435 3430 exstirpare
2486 3359 2874 3414 contendunt.
2908 3357 3021 3413 Sed
3051 3362 3281 3429 quanto
3305 3357 3484 3412 altius

1820 3449 2138 3515 infodiunt,
2183 3453 2343 3504 tanto
2395 3448 2736 3504 densiorem
2785 3448 3058 3504 radicum
3109 3447 3486 3503 tenacitatem

1821 3538 2150 3593 inveniunt.
2187 3537 2351 3601 Quod
2403 3537 2514 3608 ipsi
2546 3537 2838 3605 videntes,
2872 3535 3266 3590 festinationis
3299 3552 3487 3592 causa

1820 3629 2076 3683 admotis
2108 3627 2416 3682 securibus
2444 3627 2674 3681 radices
2707 3626 2964 3682 secando
2995 3625 3346 3696 praecidunt,
3375 3626 3484 3680 sic-

1819 3733 1936 3788 que
1983 3715 2251 3771 evulsam
2308 3715 2586 3770 arborem
2641 3731 2846 3770 secum
2896 3713 3233 3770 auferentes
3289 3713 3482 3768 disce-

1820 3807 1990 3874 dunt,
2021 3813 2075 3863 et
2107 3808 2325 3873 statim,
2362 3812 2425 3861 ut
2456 3807 2811 3877 aestimabat,
2842 3822 2913 3860 ex
2955 3805 3159 3860 relicta
3207 3803 3480 3859 radicum

1820 3897 2110 3951 densitate
2143 3897 2459 3951 innumera
2489 3901 2544 3950 et
2577 3895 2849 3968 speciosa
2887 3893 3144 3962 virgulta
3171 3907 3481 3947 succreve-

1822 3990 1978 4053 runt,
2007 4001 2141 4056 qua:
2173 3985 2350 4039 etiam
2385 3989 2572 4040 totum
2602 3983 2821 4040 atrium
2853 3998 2963 4037 sua
2992 3980 3483 4054 multiplicatione

1821 4074 2217 4146 repleverunt,
2248 4074 2330 4129 ita
2365 4079 2425 4129 ut
2455 4078 2509 4130 et
2541 4073 2758 4143 vulgus
2797 4071 3016 4128 diversi
3045 4089 3225 4128 sexus
3255 4075 3311 4127 et
3341 4076 3483 4127 aeta-

1822 4164 1891 4218 tis
1919 4165 2232 4219 accesserit
2256 4169 2312 4219 et
2341 4164 2415 4220 de
2448 4164 2659 4220 iisdem
2691 4163 2953 4219 fructetis
2981 4162 3279 4234 plantaria
3310 4162 3485 4234 plura

1820 4252 2078 4308 evellens
2120 4269 2224 4324 per
2271 4268 2411 4307 rura
2461 4257 2516 4307 et
2568 4252 2830 4324 compita
2873 4249 3377 4308 disseminaverit.
3409 4252 3485 4307 At

1819 4341 1914 4396 ille
1947 4341 2233 4409 evigilans
2271 4341 2587 4395 ecclesiam
2639 4341 2838 4397 statim
2883 4339 3140 4407 intravit,
3173 4342 3482 4409 totumque

1820 4447 1970 4498 sese,
2002 4431 2326 4499 cogitatum
2377 4445 2557 4484 suum
2597 4429 2659 4484 in
2691 4428 2942 4485 Domino
2969 4429 3226 4500 jactans,
3259 4426 3480 4481 divina;

1819 4520 2144 4576 clementiae
2193 4518 2472 4575 attentius
2526 4517 2993 4584 commendavit,
3042 4517 3189 4590 quia
3235 4531 3296 4569 se
3343 4519 3482 4587 post

1817 4610 1979 4665 idem
2011 4609 2313 4664 somnium
2358 4607 2770 4663 discessurum
2816 4606 3032 4662 certius
3075 4607 3188 4676 (28)
3219 4607 3478 4660 aestima-

1817 4700 1938 4754 bat.
1973 4699 2142 4764 Quod
2175 4704 2376 4754 tamen
2418 4697 2659 4771 sapiens
2709 4697 2966 4769 quisque
3011 4695 3129 4751 alia
3174 4693 3479 4750 evidenter

1818 4789 2171 4862 pertendere
2195 4791 2467 4860 patenter
2494 4787 2780 4858 intelligit,
2814 4786 2918 4858 qui
2947 4783 3337 4856 multiplicem
3368 4783 3478 4839 do-

1819 4875 2018 4930 ctrinae
2065 4874 2218 4929 illius
2251 4873 2740 4929 numerositatem
2789 4870 3032 4927 sollicite
3074 4867 3474 4943 perpenderit,

1818 4969 1871 5018 et
1923 4963 2037 5018 illic
2084 4965 2143 5018 in
2175 4963 2387 5036 prioris
2437 4963 2739 5031 religionis
2785 4960 3060 5016 exercitio
3099 4958 3390 5029 relictam,
3421 4961 3480 5014 et

1817 5059 2026 5125 postea
2075 5054 2295 5127 ubique
2343 5069 2450 5125 per
2496 5053 2734 5109 diversa
2783 5051 2967 5107 divini
3010 5049 3158 5107 roris
3189 5048 3480 5118 dogmata

1818 5142 2132 5198 salubriter
2156 5141 2512 5214 dispersam.

1892 5340 2000 5408 (26)
2041 5337 2240 5393 Codex
2271 5336 2614 5408 Graeciensis
2634 5334 2825 5408 habet
2847 5352 2862 5408 :_
2884 5334 3265 5408 Purchardo.
3286 5334 3352 5390 In
3373 5351 3480 5408 no-

1821 5414 1940 5465 stro
1971 5406 2171 5480 autem
2201 5407 2533 5480 exemplari
2555 5407 2751 5479 prima
2780 5406 2976 5463 solum
3005 5407 3188 5477 hujus
3215 5407 3480 5480 nominis

1821 5481 2008 5536 littera
2038 5478 2467 5552 B.liabebati1r,
2492 5478 2642 5534 sicut
2666 5482 2721 5533 et
2741 5494 2928 5552 supra
2952 5495 3061 5552 pro
3087 5479 3382 5552 Arnoldo,
3407 5481 3476 5552 Α.

1894 5555 1996 5621 (27)
2039 5550 2379 5619 Bamberg.,
2408 5557 2659 5619 propter
2689 5550 2848 5620 quod
2886 5550 3045 5607 se'de
3117 5551 3226 5607 hoc
3254 5551 3478 5606 mundo

1824 5625 2223 5678 transiturum
2253 5622 2579 5678 certissima
2611 5622 2832 5678 visione
2855 5624 3116 5692 putavit.

1895 5696 2004 5763 (28)
2046 5692 2275 5761 Bamb,
2307 5693 2449 5764 quia
2495 5693 2821 5749 secundum
2872 5695 3033 5751 illud
3077 5694 3368 5749 somnium
3417 5707 3475 5746 se

1821 5766 1957 5822 inde
1984 5765 2380 5821 discessurum
2411 5764 2586 5820 citius
2616 5765 2999 5824 existimavit.
