3888 6418
367 319 501 373 H75

1290 319 1344 373 S.
1388 317 1789 373 GODEHARDI
1834 312 2139 369 EPISCOPI
2178 312 2841 373 HILDESHEIMENSIS.

3679 315 3815 366 H76

439 446 523 496 17.
566 440 1065 514 Quandoquidem
1115 439 1272 495 beati
1329 439 1437 494 viri
1488 440 1600 511 (29)
1643 438 1835 495 Vitam
1887 450 2009 492 non
2043 437 2089 490 Α
2120 435 2243 491 rius
2273 442 2511 495 vacaret
2539 444 2595 495 et
2623 439 2847 509 fragilis
2877 439 3011 495 vitaz
3034 438 3215 493 tinem
3248 438 3308 493 in
3342 436 3530 492 solita
3563 434 3817 490 dilecta-

365 530 611 604 propria
660 530 923 600 scientia,
951 545 1085 601 quae
1116 533 1269 583 certe
1316 527 1482 584 nulla
1534 532 1638 596 est,
1667 526 1772 584 sed
1814 525 2015 582 divina
2104 541 2239 597 ~que
2269 525 2379 581 sibi
2408 532 2759 601 paupertate
2790 528 3055 584 securius
3097 531 3499 599 exspectaret.
3541 528 3815 598 Impera-

370 620 680 675 clementia
708 618 963 688 favente,
995 617 1073 672 ab
1102 616 1347 673 exordio
1377 618 1665 674 hactenus
1693 633 1799 689 per
1827 614 2016 671 multa
2122 618 2215 670 tor
2241 632 2383 672 vero
2409 632 2517 690 per
2544 617 2861 691 episcopos
2890 617 3088 672 cordis
3113 616 3243 687 eius
3281 615 3593 671 duritiam
3622 612 3816 667 emol-

366 707 695 765 laudabilia
745 706 1181 779 descripserim,
1214 707 1435 776 gratias
1480 724 1590 780 pro
1639 707 1785 763 scire
1815 704 2017 761 condi-

371 812 520 866 gnas
545 796 738 851 eidem
767 794 1093 851 clementiae
1122 795 1332 864 refero,
1356 793 2018 869 tuumque,venerande

369 889 555 953 Pater,
587 883 899 956 auxilium,
926 900 1111 957 quem
1140 900 1177 941 a
1222 883 1340 940 ﬁne
1388 901 1579 957 usque
1633 884 1695 940 in
1740 883 1922 939 ﬁnem
1958 882 2019 938 in

370 972 655 1029 omnibus
684 977 741 1028 et
769 971 830 1027 in
858 972 973 1027 hoc
1019 970 1318 1045 praecipue
1355 971 1594 1041 negotio
1638 970 2018 1036 eruditorem,

372 1061 746 1116 defensorem
796 1065 1306 1133 correctoremque
1354 1060 1648 1132 praeelegi,
1700 1064 1891 1128 tuum,
1939 1057 2025 1113 in-

372 1166 581 1224 quam,
618 1150 820 1221 tuique
867 1149 1149 1204 similium
1200 1149 1488 1205 auxilium
1531 1154 1588 1204 et
1627 1149 2025 1205 interventum

376 1238 454 1294 ad
486 1241 670 1293 Deum
699 1236 974 1308 imploro,
1007 1240 1072 1291 ut
1102 1236 1384 1309 deinceps
1413 1236 1646 1307 majora
1670 1240 1727 1291 et
1750 1233 2026 1291 laudabi-

374 1326 525 1381 liora
554 1324 708 1379 illius
742 1322 1062 1378 directione
1094 1323 1217 1378 sine
1258 1323 1555 1379 mendacii
1584 1323 1718 1379 fuco
1744 1321 2028 1378 veraciter

378 1419 434 1470 et
462 1428 723 1482 congrue
752 1411 1113 1468 describam.
1147 1416 1318 1467 Anno
1364 1411 1543 1482 igitur
1570 1416 1709 1484 post
1737 1409 2029 1466 incarnati

377 1500 555 1557 Verbi
584 1501 681 1556 Dei
711 1500 1063 1573 mysterium
1096 1505 1252 1570 1022,
1273 1500 1443 1571 regni
1461 1517 1603 1556 vero
1630 1499 1862 1556 domini
1882 1501 2029 1554 Hen-

377 1591 481 1648 rici
532 1590 817 1661 vigesimo
864 1590 1078 1663 primo,
1119 1590 1352 1662 imperii
1395 1595 1596 1647 autem
1633 1596 1815 1657 non’o,
1847 1587 2031 1644 felicis

378 1679 680 1736 memoriae
712 1680 822 1749 (30)
851 1678 1246 1734 Bernwardus
1275 1678 1632 1735 venerabilis
1667 1683 1884 1734 nostrae
1925 1679 2031 1732 Ec-

380 1767 569 1823 clesiae
599 1767 846 1823 antistes
876 1782 948 1822 ex
977 1766 1089 1823 hac
1110 1766 1232 1823 vita
1253 1766 1331 1823 ad
1360 1771 1712 1840 perpetuam
1732 1764 2030 1835 migravit,
2061 1788 2102 1842 Β

384 1857 555 1927 cujus
586 1859 739 1911 certe
768 1855 966 1911 obitus
986 1859 1171 1911 totam
1200 1855 1505 1924 regionem
1534 1856 1796 1911 maxime
1825 1852 2035 1909 contri-

382 1944 570 2000 stavit.
606 1947 741 2000 Erat
764 1943 943 2011 enim,
976 1948 1042 1999 ut
1070 1943 1407 2000 festinando
1448 1960 1692 1999 omnem
1730 1943 1864 1998 vitae
1906 1942 2035 2013 ejus

380 2033 691 2089 historiam
720 2036 1145 2100 transcurram,
1168 2032 1231 2088 in
1256 2036 1470 2089 cuncto
1500 2031 1714 2087 divinae
1746 2029 2037 2086 servitutis

384 2127 603 2178 sanctae
634 2120 830 2176 studio
864 2121 1021 2191 juste
1052 2120 1310 2176 fervidus
1340 2125 1397 2177 et
1437 2120 1499 2176 in
1545 2125 1668 2176 tota
1710 2119 2037 2175 mundanae

386 2210 649 2267 utilitatis
685 2208 1003 2279 sagacitate
1040 2208 1337 2280 sapienter
1379 2208 1685 2281 providus,
1718 2213 1924 2264 contra
1952 2223 2038 2263 re-

386 2296 574 2351 belles
618 2300 674 2352 et
714 2296 1025 2352 induratos
1066 2296 1199 2367 jure
1230 2312 1491 2366 severus,
1523 2312 1665 2365 erga
1694 2295 2039 2351 obedientes

390 2388 446 2438 et
475 2383 778 2439 modestos
807 2383 911 2439 rite
940 2388 1315 2450 mansuetus,
1339 2383 1400 2438 in
1426 2383 1821 2454 eleemosynis
1851 2386 1907 2438 et
1927 2380 2037 2437 mi-

388 2472 682 2528 seratione
712 2471 1082 2544 compatiens
1125 2476 1183 2528 et
1209 2472 1435 2542 largus,
1461 2471 1695 2541 vigiliis,
1719 2470 1960 2541 jejuniis
1985 2474 2043 2526 et

391 2559 763 2615 orationibus
818 2559 1233 2617 convenienter
1288 2560 1565 2615 intentus.
1625 2558 2041 2615 Monasterium

391 2652 503 2718 (3t)
555 2652 827 2704 nostrum
880 2648 1080 2720 itaque
1137 2647 1323 2718 libris,
1355 2648 1560 2714 serico,
1612 2663 1781 2709 auro,
1833 2662 2041 2716 argen-

392 2743 471 2802 to,
513 2737 785 2807 gemmis,
836 2736 1084 2809 picturis
1130 2735 1378 2809 aliisque
1418 2735 1825 2792 ecclesiasticis
1872 2750 2044 2791 orna-

391 2824 607 2879 mentis
638 2824 912 2896 pluribus
951 2824 1230 2880 decenter
1257 2823 1577 2894 redimivit,
1607 2823 1851 2879 clericos
1880 2821 2043 2879 auxi-

390 2912 571 2969 liante
600 2914 719 2967 Deo
750 2912 970 2968 multos
1000 2917 1057 2968 et
1084 2912 1262 2968 etiam
1286 2912 1348 2967 in
1377 2911 1581 2967 divino
1608 2911 1843 2967 servitio
1873 2911 2043 2966 utiles

393 3000 689 3056 enutrivit.
754 3000 1095 3057 Venerabile
1143 3000 1430 3073 templum
1496 3000 1685 3056 sancti
1750 2999 2044 3057 Michaelis

394 3090 638 3163 proprio
667 3088 873 3146 labore
912 3094 1315 3145 constructum
1348 3105 1579 3162 suaque
1608 3088 1947 3145 haereditate
1989 3092 2046 3145 et

397 3178 792 3250 acquisitione
840 3177 1196 3233 sufﬁcienter
1226 3178 1497 3234 dotatum
1523 3178 1584 3233 in
1626 3177 2043 3233 monachicam

396 3266 748 3336 religionem
790 3267 908 3321 Deo
943 3265 1329 3321 consecravit.
1363 3266 1580 3320 Turres
1609 3281 1751 3321 vero
1785 3265 2046 3321 munitis-

398 3355 587 3409 simas
619 3358 675 3409 et
706 3354 884 3410 etiam
936 3354 1297 3409 honoriﬁcas
1345 3370 1482 3410 cum
1511 3354 1846 3410 adhaerente
1872 3370 2045 3409 muro

396 3443 455 3499 in
488 3442 756 3499 orientali
785 3447 842 3499 et
868 3442 1219 3498 occidentali
1251 3447 1419 3515 parte
1449 3446 1667 3499 nostrae
1694 3442 1967 3515 civitatis,
1984 3443 2047 3498 in

398 3533 705 3589 tuitionem
724 3532 943 3588 civium
973 3533 1320 3588 construxit.
1348 3531 1633 3589 Ecclesias
1664 3532 1883 3589 multas
1908 3550 2046 3589 cum

396 3622 572 3678 variis
622 3626 679 3678 et
723 3620 967 3677 utilibus
1015 3620 1275 3676 aediﬁciis
1324 3638 1431 3693 per
1468 3621 1734 3677 diversas
1762 3620 2048 3694 episcopii

397 3716 590 3766 curtes
620 3709 958 3778 aediﬁcavit,
982 3714 1039 3765 et
1058 3709 1224 3765 omni
1254 3726 1498 3781 prorsus
1524 3709 1879 3783 pontiﬁcalis
1907 3725 2047 3782 pro-

396 3798 641 3853 visionis
683 3798 989 3853 honestate
1032 3796 1094 3852 in
1137 3796 1354 3853 divinis
1396 3802 1450 3855 et
1497 3797 1778 3854 humanis
1808 3796 2049 3853 solerter

399 3886 746 3955 invigilavit.

475 3977 559 4029 t8.
603 3973 821 4030 Eodem
863 3977 1131 4047 tempore
1158 3974 1481 4047 imperator
1518 3978 1756 4032 Gruona
1781 3974 2046 4041 sedebat,

400 4066 457 4118 et
504 4066 934 4133 praemoratum
982 4062 1265 4118 abbatem
1311 4063 1483 4119 solito
1534 4078 1771 4143 semper
1819 4063 2051 4136 pietatis

401 4164 568 4205 more
622 4165 829 4206 secum
876 4150 1156 4207 habebat.
1216 4150 1574 4208 Adveniente
1630 4151 1809 4221 igitur
1855 4152 2050 4222 legato

402 4254 540 4294 cum
591 4238 704 4294 hac
757 4238 998 4309 lugubri
1052 4239 1367 4310 legatione,
1426 4239 1750 4312 imperator
1811 4240 2051 4296 ﬁdelem

404 4326 612 4383 Christi
668 4327 878 4400 suique
930 4328 1224 4396 amicum,
1280 4328 1581 4398 condigno
1645 4344 1900 4385 maerore
1953 4328 2051 4384 de-

402 4414 582 4485 ﬂevit,
623 4420 679 4471 et
718 4416 885 4489 piam
924 4416 1054 4488 ejus
1101 4416 1368 4473 animam
1417 4417 1536 4473 Deo
1589 4421 1645 4473 et
1691 4416 1910 4473 sanctis
1950 4417 2051 4473 Dei

2122 702 2227 759 lire
2250 705 2514 776 tentavit,
2542 721 2765 778 eosque
2789 705 2863 761 de
2896 704 3111 760 talibus
3141 702 3312 759 illum
3338 700 3701 778 convenire
3727 717 3818 755 ro-

2127 792 2319 863 gavit;
2352 792 2413 849 in
2442 770 2703 867 quorum
2723 793 2818 850 ille
2838 792 3138 866 colloquio
3168 791 3343 848 solita
3371 770 3625 848 ﬁdhcia
3656 790 3824 845 resti-

2127 879 2212 950 tit,
2245 884 2301 936 et
2332 898 2396 937 se
2427 883 2670 939 tandem
2701 882 2750 938 si
2777 883 2891 938 hoc
2922 886 3123 939 tamen
3153 881 3403 938 nomine
3451 879 3709 950 dignus
3742 878 3820 932 eis

2128 968 2445 1041 videretur,
2479 972 2669 1029 donec
2720 971 3066 1028 Radisbona
3111 974 3216 1026 aut
3258 969 3515 1027 Patavia
3547 970 3821 1035 vacaret,

2136 1057 2235 1113 ubi
2264 1075 2387 1115 non
2435 1060 2550 1116 sibi
2593 1061 2701 1117 sed
2744 1059 2865 1115 suis
2901 1064 3130 1116 tantum
3156 1058 3454 1132 prodesse
3487 1056 3731 1130 possit,
3761 1055 3821 1111 1i-

2131 1146 2368 1202 beutius
2413 1152 2755 1221 exspectare
2800 1148 3014 1203 retulit.
3046 1147 3258 1219 Sicque
3288 1145 3528 1201 ibidem
3590 1160 3715 1217 per
3753 1150 3824 1198 to-

2133 1236 2256 1288 tam
2285 1235 2733 1292 hebdomadam
2780 1234 2855 1290 de
2897 1236 3012 1290 hoc
3049 1234 3202 1290 inter
3227 1250 3331 1289 eos
3362 1248 3570 1289 causa
3602 1236 3824 1287 tracta-

2133 1319 2330 1393 batur,
2363 1321 2468 1378 sed
2492 1322 2587 1378 ille
2618 1338 2854 1395 semper
2883 1321 2942 1377 in
2972 1320 3185 1377 eadem
3216 1337 3342 1377 suae
3375 1318 3723 1377 sententias
3754 1323 3827 1374 te-

2135 1409 2391 1466 nacitate
2421 1409 2805 1466 renitebatur.

2212 1553 2295 1605 19.
2336 1550 2599 1605 Tandem
2648 1550 2708 1606 in
2738 1550 2960 1620 Vigiliis
3001 1551 3193 1606 sancti
3231 1549 3494 1605 Andreas
3533 1546 3827 1621 apostoli,

2137 1655 2272 1711 quae
2316 1643 2455 1695 tunc
2502 1638 2564 1695 in
2594 1640 2804 1712 quinta
2854 1640 3000 1695 feria
3030 1644 3166 1695 ante
3197 1638 3553 1693 Adventum
3587 1636 3827 1691 Domini

2138 1731 2476 1797 evenerant,
2521 1726 2660 1782 item
2718 1727 3019 1782 somnium
3076 1725 3219 1781 vidit
3270 1724 3446 1797 quod
3504 1730 3668 1779 tunc
3730 1723 3829 1776 soli

2139 1814 2504 1887 imperatori,
2554 1819 2762 1888 postea
2808 1831 2949 1870 vero
2996 1820 3053 1870 et
3103 1813 3278 1870 nobis
3331 1812 3732 1884 gratulando
3784 1817 3833 1864 et

2141 1903 2321 1958 etiam
2347 1902 2740 1975 lacrymando
2773 1904 2991 1975 saepius
3027 1902 3339 1959 intimavit.
3372 1902 3649 1974 Aspexit
3679 1901 3833 1956 enim

2142 1991 2202 2046 in
2231 1991 2461 2047 visione
2486 1997 2621 2064 post
2651 1992 2857 2047 solitas
2889 1997 3212 2047 nocturnas
3245 1989 3488 2059 vigilias
3519 2006 3601 2045 ac
3626 2004 3835 2061 preces

2144 2079 2485 2148 matutinas,
2537 2084 2602 2135 ut
2653 2080 2760 2135 sibi
2820 2080 3152 2149 videbatur,
3204 2080 3265 2135 in
3319 2077 3482 2134 atrio
3549 2078 3837 2148 ejusdem

2144 2167 2423 2235 ecclesiae,
2475 2168 2536 2223 in
2600 2184 2721 2240 qua
2768 2174 2904 2241 post
2958 2168 3226 2224 triduum
3286 2170 3409 2222 Deo
3461 2180 3840 2221 consecrano

2145 2255 2258 2311 dus
2288 2260 2433 2322 erat,
2463 2255 2713 2311 nimiam
2743 2262 2895 2311 certe
2926 2255 3375 2311 multitudinem
3427 2254 3604 2310 inter
3653 2270 3718 2309 se
3754 2259 3836 2307 tu-

2147 2343 2542 2400 multuantem
2586 2351 2641 2400 et
2668 2344 2743 2401 de
2771 2344 3075 2417 episcopio
3116 2342 3727 2399 Hildenesheimensi
3760 2358 3838 2395 se-

2146 2432 2235 2488 rio
2264 2437 2724 2489 concertantem.
2753 2436 2914 2489 Tunc
2945 2433 3194 2489 accessit
3223 2432 3305 2489 ad
3344 2447 3495 2487 eum
3532 2431 3602 2487 in
3638 2431 3843 2486 media

2147 2520 2527 2577 multitudine
2558 2537 2696 2576 cum
2718 2520 2971 2593 pulchra
2993 2520 3335 2594 puellarum
3361 2525 3651 2585 caterva,
3683 2536 3843 2592 quai—

2148 2610 2292 2665 dam
2345 2613 2622 2665 matrona
2675 2608 3050 2677 venerabilis,
3101 2609 3272 2665 vultu
3330 2614 3390 2664 et
3446 2608 3686 2664 habitu
3736 2609 3842 2662 mi-

2147 2697 2374 2765 rabilis,
2404 2701 2461 2753 et
2509 2697 2886 2770 apprehensa
2928 2714 3116 2753 manu
3166 2699 3299 2768 ejus
3349 2696 3428 2752 de
3486 2696 3845 2770 frequentia

2148 2786 2460 2843 turbarum
2507 2802 2646 2842 eum
2698 2786 2759 2841 in
2806 2785 3086 2841 eamdem
3115 2785 3433 2841 ecclesiam
3467 2785 3841 2845 introduxit,

2148 2878 2205 2930 et
2232 2878 2468 2930 extenta
2514 2873 2722 2933 dextra
2768 2882 2917 2929 nutu
2961 2878 3192 2929 tantum
3225 2889 3367 2929 eum
3400 2874 3486 2929 ad
3520 2875 3841 2943 agendam

2150 2968 2285 3020 ante
2311 2962 2661 3019 cruciﬁxum
2689 2962 2928 3018 veniam
2960 2962 3278 3018 admonuit
3300 2964 3417 3033 (32)
3442 2981 3456 3025 ;
3496 2962 3845 3033 statimque

2149 3051 2281 3124 ipso
2334 3067 2396 3107 se
2438 3051 2516 3107 ad
2561 3066 2765 3122 preces
2815 3050 3160 3115 inclinante,
3189 3049 3323 3122 ipsa
3376 3037 3526 3105 cum
3582 3050 3847 3105 circum-

2073 3131 2114 3183 C
2154 3139 2447 3196 stantibus
2473 3138 2632 3195 clara
2655 3155 2803 3194 voce
2837 3142 2952 3194 Deo
2982 3138 3063 3194 ita
3083 3137 3338 3210 psallere
3366 3137 3563 3210 cmpit
3588 3157 3605 3193 :
3646 3138 3848 3193 Infun-

2153 3228 2228 3284 de
2259 3228 2600 3283 unctionem
2641 3232 2806 3283 tuam
2854 3227 3116 3282 clemens
3144 3226 3369 3281 nostris
3401 3226 3733 3282 sensibus.
3770 3225 3851 3281 Ad

2152 3332 2341 3389 quam
2370 3331 2577 3371 vocem
2610 3315 2735 3387 ipse
2762 3332 2797 3370 a
2836 3330 3050 3370 somno
3097 3313 3391 3386 evigilans
3434 3318 3495 3370 et
3555 3315 3852 3385 ejusdem

2151 3405 2400 3461 visionis
2446 3405 2730 3477 mysterio
2760 3407 3163 3476 cumpunctus
3195 3402 3521 3459 ecclesiam
3572 3403 3853 3463 intravit.

2153 3497 2211 3549 et
2239 3508 2444 3548 coram
2473 3491 2657 3548 altare
2707 3490 2940 3547 Domini
2987 3495 3322 3563 prostratus
3366 3490 3610 3545 uivinaa
3638 3491 3853 3563 pietah

2155 3598 2216 3637 se
2243 3596 2535 3653 suamque
2564 3580 2855 3635 visionem
2903 3578 3374 3635 commendavit.
3404 3579 3606 3635 Facto
3642 3586 3854 3636 autem

2155 3669 2250 3725 die
2280 3668 2699 3741 imperatorem
2726 3668 3005 3723 secretius
3036 3667 3336 3732 convenit,
3359 3671 3418 3723 et
3445 3667 3697 3723 mentis
3732 3684 3853 3722 suae

2157 3756 2482 3831 pertinacia
2530 3756 2802 3825 remissa,
2831 3756 3080 3811 visionis
3128 3756 3179 3811 ei
3221 3756 3439 3811 seriem
3484 3757 3776 3828 aperuit,
3809 3762 3857 3809 et

2159 3846 2403 3903 tandem
2454 3861 2515 3901 se
2557 3844 2774 3900 divina:
2805 3843 3318 3917 praedestinationi
3362 3848 3422 3900 et
3470 3845 3620 3915 ejus
3672 3846 3859 3901 etiam

2118 3982 2121 3985 .
2159 3934 2407 3991 consilio
2455 3949 2526 3989 ac
2578 3932 2870 3989 voluntati
2916 3932 3351 3989 obsecuturum
3395 3932 3692 3990 devovit.
3753 3937 3859 3989 Nec

2161 4038 2351 4089 mora,
2384 4020 2598 4077 eodem
2628 4020 2724 4076 die
2754 4020 2996 4076 diliculo
3027 4020 3222 4076 clerus
3274 4025 3482 4075 noster
3514 4037 3684 4077 cum
3720 4022 3863 4077 mih-

2161 4111 2241 4167 tia
2272 4109 2545 4167 advenit:
2595 4109 2817 4181 quibus
2862 4108 3009 4164 dum
3062 4110 3395 4181 imperator
3425 4125 3631 4165 suum
3669 4126 3862 4165 secre-

2163 4204 2309 4267 tum,
2337 4198 2460 4255 imo
2488 4196 2761 4253 divinum
2789 4198 3097 4253 decretum
3120 4197 3443 4267 intimavit,
3462 4202 3607 4254 tota
3642 4215 3862 4254 eorum

2162 4286 2527 4345 unanimitas
2578 4290 2879 4357 gratanter
2926 4288 3112 4342 Deum
3171 4285 3491 4341 laudando
3560 4288 3861 4361 suscepit.

2163 4376 2445 4450 quamvis
2496 4375 2692 4449 primo
2738 4374 2903 4448 quod
2941 4390 3052 4430 nec
3084 4374 3304 4429 mirum
3335 4378 3489 4437 erat,
3527 4375 3751 4449 aliqui
3782 4376 3863 4430 vel

402 4462 891 4574 ἔιὶέξίίξάὲἆῖέ
926 4462 1533 4562 “satagere;
1588 4462 2051 4562 ξδέξξιῖιῑαξίῑῖ
2080 4474 2128 4532 υ
2163 4466 2243 4567 9b
2271 4463 2717 4574 ίςιξοξέιωξίυῖ
2726 4462 3049 4574 Ἢν,νὲ
3069 4462 3702 4574 esserem
3727 4465 3867 4521 οιίω

403 4592 623 4648 Deinde
670 4593 953 4651 abbatem
1002 4598 1228 4650 secreto
1276 4594 1591 4667 soliloquio
1638 4595 1933 4666 convenit,
1976 4595 2053 4651 ei-

401 4696 520 4754 que
590 4697 713 4738 sute
796 4682 1120 4740 voluntatis
1206 4698 1497 4740 arcanum
1559 4682 1633 4738 de
1705 4682 2053 4757 episcopatu

402 4770 674 4840 ejusdem
722 4771 880 4827 sedis
926 4772 1175 4843 aperuit.
1226 4771 1331 4827 Cui
1363 4771 1560 4828 statim
1598 4771 1693 4827 ille
1730 4771 1792 4827 in
1838 4771 2049 4830 faciem

400 4858 627 4929 restitit,
656 4865 712 4917 et
741 4877 803 4916 se
832 4858 1148 4929 indignum
1191 4863 1355 4916 tanto
1398 4876 1468 4917 ac
1510 4859 1613 4916 tali
1642 4859 1838 4916 ofﬁcio
1866 4865 1923 4917 et
1948 4861 2053 4917 ho-

401 4963 546 5003 nore
574 4948 899 5022 respondit.
927 4951 1114 5015 Quem
1138 4950 1281 5006 item
1301 4949 1562 5022 itemque
1587 4965 1656 5005 ex
1682 4949 2054 5007 abundantia

403 5036 597 5093 cordis
624 5038 897 5096 devotius
919 5038 1251 5095 admonuit.
1282 5038 1378 5094 Ille
1398 5054 1539 5095 vero
1568 5038 1629 5094 in
1659 5044 1854 5112 empta
1882 5055 2054 5095 excu-

404 5126 629 5183 satione
675 5128 922 5185 ﬁrmiter
964 5128 1237 5202 perstitit,
1267 5127 1493 5196 dicens,
1526 5131 1679 5184 certe
1728 5144 1791 5183 se
1821 5129 2055 5200 majora

404 5229 588 5272 onera
612 5216 951 5274 divitiarum
972 5217 1051 5273 ob
1076 5218 1190 5273 hoc
1218 5216 1518 5288 rejecisse,
1543 5221 1607 5274 ut
1635 5216 1742 5274 soli
1772 5220 1891 5274 Deo
1912 5217 2054 5275 libe-

480 5324 593 5396 (29)
624 5321 968 5396 Hic__incipi_t
1010 5321 1274 5396 secunda
1306 5338 1454 5396 pars
1484 5322 1620 5379 Vitae
1647 5324 1839 5396 sancti
1868 5323 2052 5396 Gode-
2120 5348 2135 5357 ι

404 5389 599 5465 hardi,
644 5391 861 5465 scilicet
883 5389 985 5449 'de
1043 5394 1173 5462 ejus
1225 5389 1593 5465 episcopatu,
1641 5393 1702 5450 in
1746 5394 2049 5451 nonnullis

408 5459 541 5535 cod.
564 5465 621 5517 et
639 5462 816 5535 apud
833 5459 1223 5535 Brouverum,
1245 5459 1348 5519 tibi
1366 5459 1549 5535 hujus
1565 5459 1798 5521 numeri
1818 5464 2051 5521 initium

407 5529 485 5610 ad
526 5530 659 5610 haec
678 5529 901 5610 'verba.
953 5532 1149 5610 Anno,
1178 5529 1534 5610 etc:,_veluti
1572 5536 1838 5610 praefatio
1885 5551 2050 5608 quie-

406 5599 659 5682 dam.ad
681 5603 1060 5682 Defensorem
1090 5600 1443 5682 inscribitur.
1468 5609 1521 5660 Is
1542 5599 1743 5662 autem
1763 5599 2053 5682 alius-non

407 5675 495 5749 est
523 5671 600 5752 ab
627 5686 700 5752 eo
752 5668 845 5727 cui
891 5668 1154 5752 primam
1201 5678 1429 5742 partem
1479 5678 1847 5752 nuncupavit
1886 5681 1951 5733 ut
1978 5691 2052 5731 ex

408 5741 459 5808 ej
469 5755 536 5794 us
574 5741 818 5798 lectione
847 5741 1030 5814 patet.

2158 4554 2485 4627 juventutis
2516 4554 2645 4624 ejus
2684 4552 3049 4608 nimietatem
3091 4552 3170 4607 ad
3201 4556 3444 4624 tempus
3477 4568 3869 4626 expavesce-

2162 4647 2295 4700 rent
2323 4643 2555 4716 sibique
2602 4642 2715 4699 tale
2744 4642 2965 4715 aliquid
3001 4640 3521 4713 pertimescerent.
3566 4644 3868 4717 Sequenti

2161 4749 2305 4789 vero
2357 4732 2453 4789 die
2504 4732 2566 4789 in
2621 4731 2804 4788 natali
2857 4730 3127 4804 Apostoli
3184 4746 3323 4786 cum
3382 4746 3666 4789 summo
3738 4734 3866 4790 clem

2161 4821 2473 4896 plebisque
2523 4820 2783 4893 tripudio
2839 4819 3034 4875 eidem
3086 4818 3414 4891 pastoralis
3470 4836 3645 4877 cura
3714 4839 3870 4878 com-

2163 4910 2500 4978 mendatur,
2531 4910 2637 4983 qui
2684 4909 2960 4983 proxima
3002 4907 3309 4964 Dominica
3354 4907 3718 4967 Adventus
3774 4916 3871 4968 Do.

2162 4999 2305 5057 mini
2335 4998 2414 5055 ab
2440 4998 2696 5055 Aribone
2739 4996 3200 5070 metropolitano
3242 4998 3650 5065 Magontiaco
3688 5001 3870 5070 digne

2164 5092 2281 5145 Deo
2311 5091 2711 5145 consecratur.

2230 5219 2319 5270 20.
2364 5213 2475 5271 Sed
2508 5217 2708 5270 tamen
2735 5211 2798 5268 in
2830 5211 2961 5284 ipso
2987 5209 3261 5280 ejusdem
3284 5210 3581 5284 honoris,
3623 5216 3796 5285 sive,
3824 5224 3872 5269 ut

2231 5321 2344 5391 (30)
2381 5320 2580 5377 Sancti
2632 5318 2965 5375 Bernwardi
2998 5316 3189 5372 Vitam
3237 5318 3535 5391 superius
3583 5324 3872 5379 exhibui-

2159 5388 2294 5466 mus
2323 5388 2401 5466 ad
2429 5406 2657 5466 annum
2693 5394 2847 5458 1023,
2873 5404 3002 5466 quo
3032 5403 3192 5466 anno
3222 5388 3366 5466 eum
3398 5388 3666 5449 obiisse
3704 5395 3867 5466 eique

2160 5460 2583 5542 Qodehardum
2629 5457 2984 5516 succes'sisse
3043 5457 3217 5513 nobis
3270 5457 3481 5514 visum
3555 5471 3673 5520 est
3745 5457 3867 5520 ven.

2161 5531 2793 5673 Slﬁlllluﬁonasterium
2836 5605 3011 5656 vocat
3036 5599 3363 5655 ecclesiam
3392 5603 3865 5664 cathedralem.

2232 5672 2343 5743 (32⁷)
2383 5672 2445 5728 Id
2476 5677 2584 5742 est,
2617 5678 2683 5730 ut
2711 5673 2994 5729 inclinato
3022 5686 3275 5743 corpore
3325 5680 3792 5737 reverentiam
3833 5679 3868 5732 τ)

2161 5743 2483 5800 exhiberet.
3732 5794 3741 5800 .
