3888 6430
103 307 238 360 H77

1717 295 1896 350 VITA.

3387 311 3520 363 H78

95 410 216 481 ipse
243 406 496 478 putavit,
543 403 740 459 oneris
789 403 978 468 initio,
1005 371 1180 474 justis
1226 421 1262 459 a
1303 407 1440 470 Deo,
1502 408 1567 458 ut
1619 418 1751 457 vere
1787 405 1832 454 Α
1870 402 2091 474 cipum,
2128 406 2367 475 Osdago
2399 412 2614 464 octavo
2646 414 2782 480 post
2813 407 3126 463 Mtfridum
3152 414 3368 466 nostrae
3427 415 3525 467 Ec-

95 496 370 564 creditur,
405 492 836 566 praedestinata
865 508 988 548 non
1043 492 1226 548 defuit
1287 496 1549 547 tentatio.
1610 495 1755 545 Nam

95 584 283 640 isdem
317 581 447 652 ejus
477 585 859 636 consecrator
887 579 1067 636 Aribo
1093 580 1307 639 eodem
1339 580 1433 635 die
1464 583 1598 635 ante
1622 579 1758 633 lDlS-

98 688 295 728 sarum
321 669 616 725 solemnia
649 669 929 725 secretius
958 687 1096 724 eum
1129 686 1268 725 cum
1287 668 1581 742 episcopis
1615 683 1757 723 con-

97 761 271 827 venit,
305 759 479 832 eique
511 760 570 814 in
605 758 1169 815 Gandersheimensi
1201 761 1315 828 (33)
1365 759 1498 813 loco
1537 762 1594 812 et
1646 757 1756 811 eir-

99 849 454 921 cumjacenti
503 849 795 905 territorio
854 865 1097 904 omnem
1157 848 1520 920 pontificalis
1580 846 1756 903 ofﬁcii

97 937 504 1013 provisionem
549 937 734 994 banni
787 938 877 992 sui
928 937 1375 1010 interpositione
1430 935 1752 1011 prohibuit.

100 1032 283 1095 Quem
310 1027 559 1100 quidem
589 1027 863 1084 bannum
889 1027 1014 1100 ipse
1048 1044 1171 1082 suae
1205 1027 1596 1100 simplicitatis
1633 1042 1759 1081 mo-

97 1135 155 1174 re
186 1133 290 1172 nec
322 1116 688 1190 approbavit
718 1132 825 1172 nec
858 1115 1116 1183 retinuit,
1172 1116 1275 1170 sed
1309 1116 1504 1172 statim
1538 1115 1613 1171 ad
1645 1115 1756 1169 im-

97 1211 458 1279 peratorem,
491 1206 569 1261 ab
604 1221 675 1261 eo
700 1204 1086 1261 solummodo
1116 1205 1517 1276 patrocinium
1544 1204 1602 1258 in
1635 1203 1758 1258 tali-

98 1295 207 1349 bus
226 1286 526 1367 quaerens,
561 1293 848 1364 confugit.
882 1293 993 1360 Qui
1019 1293 1334 1349 confestim
1367 1293 1758 1364 archiepisco-

97 1399 174 1456 po
205 1399 344 1438 cum
394 1382 676 1438 fratribus
708 1381 1074 1438 familiariter
1114 1382 1423 1449 accercito,
1483 1386 1538 1437 et
1585 1380 1756 1435 dissi-

104 1471 325 1528 mulata
354 1472 553 1527 cordis
610 1472 701 1526 sui
760 1471 1053 1542 molestia,
1116 1471 1276 1526 hune
1336 1487 1563 1526 novum
1623 1487 1760 1525 con-

103 1562 325 1616 flictum
346 1560 554 1616 banno
589 1560 781 1616 soluto
836 1560 1135 1632 sapienter
1192 1559 1558 1632 paciﬁceque
1611 1559 1760 1614 dire-

108 1650 226 1705 mit.
253 1651 320 1705 Et
347 1650 431 1704 sic
461 1650 748 1722 praedicta
775 1649 1220 1704 consecratione
1252 1649 1449 1704 festive
1504 1648 1760 1704 celebra—

107 1745 181 1806 ta,
233 1738 512 1794 eamdem
563 1738 724 1794 diem
787 1737 847 1792 in
886 1737 1096 1793 timore
1129 1737 1230 1793 Dei
1256 1737 1618 1792 exsultantes
1643 1736 1758 1791 laeti

106 1923 255 1973 runt.

160 2007 245 2062 '2].
289 2010 416 2062 Non
444 2022 586 2076 ergo
642 2005 835 2072 vobis,
891 2023 926 2060 o
977 2006 1248 2074 lectores,
1304 2005 1758 2060 incommodum

104 2099 192 2150 vel
229 2095 608 2150 fastidiosum
660 2095 932 2151 videatur
990 2095 1039 2149 si
1091 2095 1397 2165 hujusmet
1449 2095 1759 2150 conflictus

103 2183 350 2254 initium,
387 2184 556 2240 vobis
589 2188 744 2239 certe
774 2184 836 2239 in
881 2184 1134 2256 posteris
1191 2184 1623 2252 necessarium,
1681 2183 1759 2238 al-

105 2274 212 2328 tius
244 2273 614 2330 necessitatis
645 2289 828 2329 causa
859 2278 1181 2345 repetatur.
1219 2273 1474 2339 Quidam
1503 2274 1624 2328 dux
1656 2277 1758 2329 Sa-

103 2363 348 2418 xonicus
384 2362 667 2418 Luitolfus
709 2363 954 2418 nomine
986 2379 1124 2418 cum
1157 2379 1266 2417 sua
1319 2363 1573 2432 conjuge
1633 2363 1760 2418 Oda

107 2455 226 2522 [al.,
262 2452 429 2523 Yda],
463 2469 602 2508 cum
634 2452 881 2508 consilio
909 2456 966 2507 et
986 2452 1222 2508 licentia
1253 2454 1442 2508 sancti
1499 2453 1761 2507 Altefridi

107 2544 209 2611 (34)
237 2541 436 2614 quarti
465 2546 686 2596 nostra:
714 2540 984 2596 Ecclesiae
1012 2540 1278 2614 episcopi
1304 2545 1554 2610 Romam
1576 2541 1758 2614 petiit,

105 2637 159 2687 et
181 2649 216 2687 a
240 2631 421 2687 beato
456 2631 658 2700 Sergio
689 2647 852 2703 papa
882 2631 1165 2703 reliquias
1201 2637 1545 2686 sanctorum
1615 2648 1762 2703 prte-

107 2719 300 2775 sulum
326 2721 623 2776 Anastasii
658 2725 712 2776 et
775 2719 1054 2776 lnocentii
1106 2720 1456 2793 impetratas
1509 2720 1760 2775 domum

107 2808 323 2864 detulit.
357 2809 421 2864 1n
443 2825 706 2882 quorum
726 2809 953 2864 honore
989 2809 1420 2864 monasterium
1455 2814 1511 2863 et
1567 2826 1763 2864 emno-

107 2896 267 2952 bium
301 2897 602 2968 virginum
633 2899 828 2970 primo
872 2897 933 2952 in
985 2898 1513 2969 Brunesteshuscn,
1545 2898 1760 2953 deinde

107 2992 317 3058 quarto
341 2992 482 3060 post
513 3003 673 3043 anno
702 2987 763 3043 in
795 2987 1223 3042 Gandersheim
1277 2989 1606 3042 construxit
1639 3007 1650 3042 :
1708 2994 1764 3043 et

111 3075 348 3131 easdem
371 3076 541 3132 villas
571 3093 712 3132 cum
765 3075 1077 3148 adjacente
1129 3077 1438 3146 territorio,
1486 3083 1541 3131 et
1598 3077 1763 3132 omni
1800 3109 1838 3163 ρ

109 3180 214 3219 sua
231 3165 574 3222 haereditate
613 3165 751 3221 illuc
784 3165 844 3220 in
881 3165 1188 3221 utilitatem
1234 3167 1461 3222 Christo
1511 3167 1764 3222 militan-

113 3252 249 3306 tium
279 3253 546 3323 contulit,
578 3259 635 3309 et
679 3253 865 3309 tiliam
921 3269 1096 3309 suam
1155 3255 1598 3310 Hathamudam
1633 3256 1758 3325 |al.,

112 3341 525 3408 Hademutam]
561 3342 932 3399 abbatissam
971 3342 1053 3398 ibi
1075 3343 1338 3415 primam
1396 3344 1610 3398 eodem
1642 3345 1762 3415 epi-

113 3445 286 3502 scopo
308 3432 623 3488 ordinante
652 3432 972 3488 constituit.
1010 3432 1222 3504 Sicque
1248 3437 1435 3488 totum
1461 3433 1619 3488 idem
1654 3439 1758 3488 ter-

109 3519 373 3575 ritorium
396 3520 474 3577 ab
501 3521 668 3576 initio
714 3537 951 3594 semper
1003 3521 1082 3576 ad
1141 3521 1759 3576 Hildenesheimenses

111 3608 418 3683 episcopos
434 3627 541 3683 per
563 3611 852 3667 ducentos
869 3611 1273 3684 quadraginta
1296 3614 1402 3683 (35)
1420 3629 1612 3667 annos
1636 3629 1763 3684 per-

110 3697 293 3766 tinuit,
321 3706 378 3756 et
406 3700 606 3756 nullus
624 3701 996 3770 Magontinus
1023 3700 1240 3773 praesul
1261 3701 1597 3773 quidquam
1622 3702 1761 3757 inde

112 3787 195 3841 vel
222 3788 334 3844 sibi
366 3789 458 3845 vel
489 3806 611 3845 sum
649 3790 916 3845 Ecclesiae
947 3790 1287 3860 vindicavit,
1329 3791 1519 3845 donec
1570 3807 1604 3844 a
1659 3794 1767 3845 Ra-

105 3875 262 3934 bano
294 3877 694 3934 duodecimus
717 3879 1044 3950 Willegisus
1097 3880 1594 3951 metropolitanus
1653 3883 1762 3937 Ma-

109 3967 450 4034 gontiacam
479 3969 828 4025 cathedram
854 3969 1068 4025 insedit
1101 3987 1113 4037 ;
1147 3971 1231 4024 vir
1279 3975 1430 4024 certe
1483 3969 1543 4023 in
1597 3971 1764 4024 omni

106 4055 401 4113 catholica
429 4057 646 4130 pietate
672 4058 1020 4130 praeclarus,
1057 4058 1161 4114 sed
1218 4059 1276 4112 in
1317 4058 1430 4112 hoc
1485 4058 1612 4112 solo
1641 4064 1763 4113 tan-

105 4148 229 4200 tum
256 4146 590 4218 periculose
613 4149 984 4218 temerarius,
1012 4151 1115 4220 qui
1146 4149 1452 4214 suadente,
1487 4154 1547 4203 ut
1571 4150 1766 4221 impu-

104 4248 175 4287 ne
203 4235 515 4291 veritatem
541 4235 777 4308 loquar,
810 4236 1058 4292 domina
1086 4237 1306 4309 Sophia
1335 4254 1535 4292 sorore
1574 4237 1763 4310 impe-

103 4323 314 4376 ratoris
346 4323 574 4380 Ottonis
609 4324 778 4390 tertii,
811 4340 946 4396 qua:
967 4325 1214 4394 juvenili
1236 4326 1525 4395 jactantia
1571 4331 1625 4381 et
1671 4342 1766 4395 ge-

104 4411 258 4466 neris
289 4413 578 4482 dignitate
610 4413 763 4470 elata
789 4430 824 4469 a
851 4413 1137 4485 Palligero
1185 4415 1291 4486 (36)
1326 4419 1553 4470 tantum
1581 4417 1764 4472 velari

107 4500 358 4569 gestivit,
394 4506 450 4557 et
479 4502 761 4558 eumdem
782 4503 986 4558 locum
1027 4503 1140 4557 sibi
1178 4520 1469 4575 usurpare
1501 4506 1761 4560 tentavit.

108 4589 245 4652 Quae
271 4594 479 4646 tamen
504 4591 869 4647 machinatio
889 4592 950 4646 in
981 4597 1306 4665 conspectu
1336 4593 1489 4661 regis
1533 4599 1587 4648 et
1608 4595 1766 4665 prin-

111 4800 119 4809 .
174 4733 537 4809 (33i_0t_1anti
583 4733 712 4809 jam
756 4733 976 4809 fuerint
1014 4734 1266 4809 excitati
1296 4734 1613 4809 tumultus
1657 4752 1764 4806 pro

99 4802 517 4869 jurisdictione
587 4802 654 4860 in
743 4805 1310 4861 Gandersheimensi
1378 4802 1764 4871 monasterio,

107 4887 290 4949 quam
309 4875 809 4949 archiepiscopus
846 4877 1225 4949 Moguntinus
1255 4877 1365 4931 sibi
1415 4883 1622 4933 contra
1665 4879 1765 4949 jus

112 4943 1293 5020 HildesheimensisAepiscopiarrogabat,
1323 4953 1486 5020 patet
1538 4967 1607 5003 ex
1643 4943 1766 5005 Vita

110 5017 291 5090 sancti
353 5017 721 5090 Bernward,‘
742 5018 842 5090 ubi
871 5017 1074 5074 'etiam
1144 5017 1410 5090 episcopi
1443 5020 1764 5075 Hildeshei-

110 5088 330 5159 mensis
348 5089 449 5159 jus
477 5094 634 5145 recte
656 5089 1033 5158 stabilitur,et
1066 5088 1196 5146 tota
1212 5092 1338 5145 haec
1352 5088 1767 5148 controversia

108 5156 297 5232 fusius
325 5156 662 5232 exponitur.

175 5230 288 5308 (34)
321 5230 601 5308 Altfridus
629 5232 1176 5308 successitlibboni
1207 5236 1538 5308 Remorum
1577 5235 1765 5308 archi-

109 5302 394 5376 episcopo
419 5302 477 5358 in
509 5303 857 5376 episcopatu
890 5303 1398 5376 Hildesheimensi.
1435 5305 1543 5369 Qui
1605 5306 1766 5360 Ebho

107 5371 606 5445 esede'ﬂemen'si
629 5371 852 5445 eje'ctus
879 5375 957 5431 ob
991 5376 1122 5445 conj
1135 5377 1468 5430 urationem
1493 5377 1550 5430 in
1582 5377 1768 5431 [.m‘lo-

26 5453 28 5462 ν
106 5441 311 5518 vicum
337 5444 506 5504 Pium
539 5441 896 5518 aliquandiu
924 5447 1080 5502 hanc
1103 5441 1414 5502 ecclesiam
1439 5448 1768 5503 rexit.()biit

107 5511 396 5590 Altf'ri_dus
427 5531 586 5572 anno
613 5511 738 5587 9'75,
771 5517 849 5590 ad
866 5533 1308 5590 quemgannum
1337 5520 1464 5589 ejus
1497 5519 1766 5589 Elogium

107 5585 306 5658 saeculi
339 5603 395 5639 iv
421 5594 586 5658 parte
621 5585 1236 5644 secunda—edidimus.

26 5716 33 5722 _
119 5730 125 5732 _
174 5657 286 5725 (35)
324 5657 669 5732 [.egendum
699 5659 1109 5730 proculdubio
1142 5667 1375 5716 centum
1401 5662 1768 5732 quadragin-

26 5753 30 5800 v_
108 5730 188 5804 te,
229 5742 356 5804 non
386 5729 550 5804 enim
574 5729 776 5804 plures
807 5732 948 5786 anni
975 5732 1052 5804 ab
1083 5747 1244 5804 anno
1267 5736 1367 5804 8:56
1400 5729 1518 5804 (luo
1557 5729 1766 5788 mona-

26 5797 33 5830 ?
106 5797 358 5854 sterium
388 5797 960 5859 Gandérsheimense
982 5803 1060 5858 ab
1079 5801 1328 5858 Altfrido
1360 5797 1770 5861 constructum

1868 492 2059 547 clesiaa
2092 495 2396 567 episcopo,
2432 498 2693 552 veritatis
2724 498 2772 551 ei
2806 503 2861 552 et
2897 497 3139 568 jUSlltlfB
3193 515 3334 554 voce
3389 503 3526 556 resi-

1867 586 2050 636 stente
2081 583 2366 655 disperiit,
2408 587 2654 656 quando
2689 587 2784 640 vix
2813 587 3061 642 obtentu
3085 588 3242 655 regis
3276 590 3524 662 ejusque

1867 670 2073 724 matris
2103 671 2402 729 licentiam
2434 675 2511 729 ab
2539 675 2749 730 eodem
2801 676 3085 748 episcopo
3126 677 3400 746 obtinuit,
3465 685 3527 735 ut

1865 759 1946 814 ibi
1974 761 2035 814 in
2065 762 2244 818 natali
2277 765 2463 819 sancti
2499 768 2664 820 Lucte
2693 766 3070 837 evangelistee
3097 766 3347 824 missam
3378 769 3526 825 cele-

1865 849 2065 905 braret
2093 851 2602 926 archiepiscopus,
2633 859 2687 910 et
2733 856 3029 927 praedictae
3086 857 3321 929 Sophize
3365 858 3524 915 vela-

1868 939 2094 995 tionem‘
2123 941 2299 997 simul
2327 960 2462 998 cum
2496 961 2566 999 eo
2597 951 2804 1014 ageret
2831 964 2842 1012 ;
2875 945 2948 1000 de
2981 946 3205 1002 caeteris
3234 964 3376 1003 vero
3434 965 3527 1004 ve-

1865 1029 2060 1084 landis
2080 1030 2639 1102 virginibus,noster
2660 1035 2880 1106 praesul
2898 1052 3008 1090 suo
3021 1035 3152 1106 jure
3168 1038 3519 1108 provideret.

1866 1121 2002 1173 Post
2031 1135 2227 1190 pauca
2248 1121 2532 1194 prredicto
2568 1123 2805 1192 ()sdago
2836 1124 2948 1193 (37)
2980 1124 3261 1198 episcopo
3318 1126 3524 1181 defun-

1867 1213 1979 1275 cto,
2005 1210 2350 1278 etGerdago
2381 1211 2558 1266 etiam
2602 1212 2775 1266 nobis
2807 1213 3014 1281 electo,
3067 1219 3122 1269 et
3177 1220 3315 1287 post
3356 1215 3524 1271 bien-

1865 1298 2034 1352 nium
2074 1298 2261 1366 finito,
2291 1299 2574 1355 dominus
2611 1302 3007 1357 Bernwardus
3035 1303 3233 1372 regius
3274 1305 3526 1377 capella-

1867 1403 1980 1441 nus
2011 1387 2287 1443 eamdem
2316 1389 2521 1444 sedem
2549 1390 2823 1460 obtinuit,
2855 1408 3036 1463 quem
3081 1392 3240 1448 idem
3296 1394 3525 1449 archie-

1866 1478 2150 1549 piscopus
2184 1481 2574 1546 consecravit,
2611 1481 2718 1535 sed
2742 1498 2922 1552 super
2946 1482 3157 1538 eadem
3180 1483 3526 1554 repetitione

1868 1567 2112 1637 prorsus
2143 1568 2408 1636 obticuit,
2443 1569 2634 1624 donec
2665 1569 2915 1625 domina
2944 1571 3240 1641 Gerberga
3272 1573 3386 1642 (38)
3417 1572 3526 1627 ab-

1867 1655 2091 1711 batissa
2140 1658 2494 1712 venerabilis
2549 1675 2775 1714 novum
2844 1661 3300 1727 monasterium,
3358 1661 3526 1732 quod

1790 1761 1829 1822 B
1868 1743 2002 1814 ipsa
2032 1750 2167 1814 post
2195 1744 2541 1799 incendium
2570 1747 2917 1815 construxit,
2942 1747 3126 1802 voluit
3158 1748 3523 1816 consecrari;

105 1834 484 1900 peregerunt,
518 1833 574 1884 et
600 1827 682 1884 ita
703 1827 762 1884 in
794 1843 942 1900 pace
973 1844 1151 1882 suum
1185 1832 1548 1882 conventum
1571 1827 1757 1882 solve-
1789 1833 1820 1852 "

1871 1833 1974 1887 sed
2002 1833 2143 1904 quia
2174 1833 2304 1904 ipsa
2335 1834 2574 1889 detenta
2603 1835 2941 1891 infirmitate
2964 1853 3034 1890 ea
3061 1836 3372 1908 providere
3402 1851 3526 1891 non

1868 1921 2068 1987 valuit,
2100 1923 2394 1993 pl‘tBtllClte
2445 1924 2678 1995 Sephire
2740 1924 3026 1996 spirituali
3071 1930 3223 1979 certe
3282 1925 3417 1980 filiae
3457 1941 3526 1980 ac

1869 2011 2046 2065 etiam
2097 2011 2256 2082 nepti
2315 2011 2471 2066 hanc
2518 2014 3004 2083 procurationem
3060 2013 3525 2069 commendavit.

1869 2105 2007 2162 Quae
2037 2099 2234 2153 statim
2262 2099 2433 2154 solito
2466 2117 2631 2155 more
2658 2103 2973 2173 proprium
3003 2103 3353 2174 episcopum
3387 2117 3528 2157 con-

1869 2187 2127 2259 tempsit,
2162 2188 2684 2260 archiepiscopum
2716 2190 2790 2244 ad
2825 2190 2963 2244 talia
2990 2191 3316 2245 honorifice
3359 2206 3530 2245 voca—

1871 2276 1970 2342 vit,
2003 2276 2106 2346 qui
2139 2276 2350 2330 iterum
2384 2293 2494 2347 pro
2525 2278 2874 2346 hujusmodi
2908 2278 3185 2332 suasione
3209 2278 3359 2348 juris
3381 2277 3529 2332 obli-

1871 2370 1984 2429 tus,
2019 2365 2300 2419 eumdem
2327 2365 2527 2419 locum
2557 2365 2836 2420 invadere
2865 2367 3179 2436 festinavit,
3231 2367 3333 2421 sed
3385 2382 3532 2438 prte-

1872 2453 2015 2507 sulis
2045 2455 2230 2509 nostri
2282 2454 2484 2508 litteris
2538 2457 2942 2509 commonitus
2993 2455 3236 2510 distulit.
3271 2459 3413 2510 Item
3444 2455 3530 2509 in-

1871 2541 2108 2610 vitatur,
2170 2542 2429 2614 itemque
2475 2543 2841 2598 auctoritatis
2898 2545 3030 2612 jure
3085 2543 3405 2616 repellitur.
3438 2543 3528 2598 Ad

1873 2631 2104 2686 tertiam
2136 2647 2270 2685 vero
2299 2631 2708 2686 invitationem
2743 2633 3230 2704 archiepiscopus
3260 2632 3396 2686 illuc
3427 2632 3531 2687 ad-

1871 2719 2046 2785 venit,
2107 2719 2417 2773 ecclesiam
2472 2725 2536 2774 ut
2586 2720 2837 2790 putabat
2879 2720 3309 2787 dedicaturus;
3361 2719 3528 2792 quod

1873 2814 2024 2863 certe
2051 2808 2104 2862 ei
2133 2807 2458 2874 liggiardus
2483 2808 2883 2863 Sleswicensis
2931 2808 3248 2881 episcOpus
3279 2825 3412 2864 vere
3461 2808 3528 2862 ﬁ-

1872 2897 2018 2952 delis
2050 2903 2269 2951 nostra:
2301 2896 2572 2951 Eeclesize
2595 2898 2770 2963 filius,
2804 2897 2903 2952 illo
2921 2915 3058 2953 cum
3089 2898 3245 2953 clero
3267 2915 3302 2954 a
3323 2903 3528 2953 nostro

1873 2986 2120 3040 domino
2150 2986 2391 3054 missus,
2426 2986 2861 3057 Seripturarum
2895 2988 3240 3042 auctoritate
3290 2987 3532 3041 interce-

1873 3075 1976 3147 pit.
2009 3078 2138 3129 l’Ost
2164 3075 2382 3129 multas
2411 3081 2612 3129 autem
2638 3081 2692 3129 et
2714 3076 2909 3130 varias
2936 3075 3284 3147 hujusmodi
3305 3075 3534 3147 discep-

1878 3165 2146 3231 tationes,
2181 3164 2392 3218 eadem
2427 3180 2610 3219 causa
2643 3166 2886 3219 tandem
2919 3165 2996 3220 ab
3042 3166 3337 3238 episcopis
3367 3181 3531 3219 com-

1875 3252 2346 3326 provincialilms
2415 3257 2619 3324 nsque
2689 3253 2746 3308 in
2819 3255 3197 3326 praesentiam
3285 3252 3530 3308 Romani

1875 3342 2173 3414 pontificis
2196 3343 2306 3412 (39)
2340 3342 2923 3413 comperendmatur.

1943 3526 2031 3578 2'2.
2069 3523 2177 3579 Sed
2213 3537 2283 3578 eo
2315 3528 2580 3593 tempore
2614 3523 2746 3593 pius
2776 3525 2908 3577 Otto
2969 3523 3170 3576 tertius
3207 3523 3531 3592 imperator

1874 3613 1952 3668 ad
1983 3612 2282 3668 Christum
2316 3611 2607 3679 migravit,
2644 3611 2813 3680 cujus
2843 3610 2996 3679 loco,
3031 3615 3094 3665 ut
3131 3615 3530 3681 prmuotatum

1874 3707 1978 3768 est,
2012 3702 2298 3756 Henricus
2328 3701 2385 3754 in
2418 3715 2668 3768 regnum
2699 3699 2957 3762 intravit,
2981 3699 3084 3769 qui
3109 3698 3305 3754 statim
3331 3699 3528 3753 natale

1875 3792 2064 3846 sancti
2093 3790 2384 3845 Laurentii
2415 3789 2858 3844 Patherbrunne
2903 3789 3239 3853 celebravit,
3290 3789 3393 3844 ubi
3423 3787 3528 3843 do-

1874 3881 2036 3936 mina
2060 3879 2373 3948 (luuigund
2407 3878 2669 3947 regalem
2701 3893 2988 3932 coronam
3036 3877 3316 3949 percepit.
3378 3880 3528 3930 Prae-

1873 3971 2030 4024 dicta
2061 3969 2236 4023 etiam
2272 3968 2570 4037 Gerberga
2603 3967 3193 4022 Gandershcimensis
3225 3966 3532 4022 abbatissa

1877 4059 2095 4114 saeculo
2127 4063 2425 4129 exempta,
2460 4057 2680 4130 Sophia
2698 4057 2749 4112 ei
2772 4057 3098 4112 succedens
3121 4056 3288 4112 solito
3319 4056 3531 4112 iterum

1876 4165 2041 4204 more
2074 4148 2295 4202 ibidem
2327 4147 2572 4202 obtentu
2613 4147 2976 4218 principum,
3025 4145 3260 4202 licentia
3303 4145 3532 4200 domini

1876 4237 2218 4293 Bermvardi
2277 4254 2312 4292 a
2371 4237 2654 4304 Palligero
2713 4235 3107 4291 benedicendi
3173 4235 3528 4304 impetravit.

1879 4328 2099 4384 Deinde
2129 4344 2321 4382 novus
2349 4343 2447 4380 rex
2479 4325 2742 4397 primum
2765 4325 2856 4378 sui
2891 4325 3135 4378 honoris
3184 4340 3412 4378 annum
3471 4323 3532 4378 in

1877 4417 2072 4473 natale
2104 4415 2330 4470 domini
2373 4413 2559 4468 Palidi
2585 4413 2906 4481 inchoavit,
2937 4413 3036 4467 ubi
3066 4429 3268 4467 coram
3299 4428 3368 4466 eo
3427 4428 3534 4483 per

1876 4506 2173 4579 principes
2207 4503 2424 4574 stepius
2477 4502 2636 4556 dicta
2693 4502 3115 4574 episcoporum
3146 4502 3241 4556 lite
3290 4500 3532 4556 recitata

1876 4596 2052 4652 corde
2083 4600 2252 4650 tenus
2281 4591 2552 4657 indoluit,
2583 4596 2640 4645 et
2671 4592 2748 4646 ad
2775 4590 2938 4645 illam
2988 4589 3320 4645 sedandam
3373 4606 3530 4661 saepe

1877 4739 2001 4796 fuit.
2028 4737 2104 4792 ad
2128 4735 2400 4804 Willegisi
2431 4738 2665 4788 aetatem
2692 4733 3091 4788 intercessere.

1947 4811 2057 4881 (36)
2085 4809 2145 4863 ιιι
2167 4815 2254 4863 est
2273 4803 2742 4881 archiepiscopo.
2773 4804 3072 4874 Bamberg
3100 4809 3299 4858 tamen
3328 4803 3530 4870 habet,

1877 4879 1962 4937 ab
1981 4879 2286 4950 Adalgero
2320 4884 2553 4950 tantum
2581 4879 2867 4950 episcopo.

1949 4954 2060 5023 (37)
2090 4943 2260 5006 Anno
2291 4953 2414 5014 989,
2444 4954 2508 5023 ut
2526 4943 2783 5023 habetur
2801 4946 2863 5001 in
2895 4944 3183 5023 Chronico
3215 4943 3534 5023 Hildeshei-

1878 5015 2066 5078 mensi
2101 5023 2261 5082 apud
2296 5019 2671 5076 Franciscum
2705 5020 3138 5082 Quercetanum
3171 5021 3313 5071 tom.
3341 5017 3429 5078 lll,
3460 5015 3533 5068 de

1880 5086 2268 5165 scriptoribus
2296 5091 2561 5145 Historiae
2591 5093 2972 5165 Francorum1
3034 5087 3348 5165 Bruschius
3371 5157 3384 5165 _
3405 5086 3534 5165 ejus

1879 5157 2108 5220 obit-um
2131 5164 2208 5219 ad
2239 5179 2468 5219 annum
2500 5165 2849 5232 sequentem
2880 5158 3075 5232 refert,
3101 5175 3181 5232 eo
3224 5157 3389 5232 quod
3421 5158 3537 5211 for-

1881 5237 2054 5291 tassis
2081 5235 2386 5304 Gerdagus
2418 5234 2536 5304 hoc
2561 5229 2694 5302 ipso
2752 5245 2912 5304 anno
2968 5230 3149 5304 fuerit
3180 5229 3491 5304 ordinatus
3520 5246 3532 5295 ;

1880 5307 1982 5362 sed
2016 5299 2305 5375 Osdagus'
2321 5299 2866 5375 circagfiu—emanni
2899 5304 3000 5375 989
3032 5299 3288 5375 obiit,_et_
3321 5299 3536 5355 Gerda—

1879 5395 1990 5447 gus
2025 5371 2229 5431 mense
2257 5373 2538 5447 Januario
2573 5372 2718 5447 anni
2735 5374 2838 5447 99f)
2868 5371 3176 5447 ordinatus
3207 5371 3336 5447 fuit.

1951 5451 2054 5517 (38)
2117 5447 2433 5514 Uerberga,
2495 5443 2553 5497 in
2611 5442 2741 5498 cod.
2803 5443 3142 5517 Bamberg,
3197 5443 3538 5517 Ge1‘{)_irga,'

1878 5514 2111 5586 Bamb.,
2145 5518 2426 5580 Gerbm'c,
2458 5520 2583 5586 erat
2615 5528 2784 5567 soror
2833 5515 3058 5586 Ottonis
3115 5514 3384 5580 secundi,
3431 5515 3534 5567 So-

1878 5592 2017 5663 phia
2049 5584 2248 5663 autem
2278 5587 2405 5663 ejus
2430 5584 2553 5638 filia
2580 5590 2632 5639 et
2657 5585 3211 5663 sororOttonislIl.

1951 5665 2056 5738 (39)
2089 5659 2230 5738 Editi
2255 5662 2388 5738 post
2408 5671 2617 5710 vocem
2647 5657 2948 5738 pontificis
2977 5657 3231 5738 “addunt
3282 5657 3532 5738 impera-

1877 5725 2152 5802 torisque,
2182 5725 2318 5783 etid
2354 5741 2565 5780 verum
2599 5730 2687 5780 est
2715 5742 2788 5780 ex
2814 5727 2940 5782 Vita
2974 5731 3029 5783 S.
3068 5725 3423 5783 Bernwardi.
