3888 6414
377 296 512 351 H79

1310 297 1365 352 S.
1408 295 1812 352 GODEHARDI
1855 284 2161 349 EPISCOPI
2203 292 2840 353 HILDESHEIMENSIS.

3686 290 3827 344 H80

375 417 762 489 interceptam
824 405 1259 475 dedicationem
1311 418 1571 473 ecclesiae
1634 415 2022 473 Gandershei—
2050 418 2096 469 Α
2129 413 2340 470 fectivo
2368 418 2612 489 gemitu,
2640 419 2758 474 Deo
2788 417 3189 473 indesinenter
3236 414 3656 490 supplicavit.
3725 413 3822 467 Se-

376 506 619 572 mensis,
652 505 908 561 collectis
933 505 1231 561 nonnullis
1252 507 1569 578 episcOpis.
1600 506 1660 561 in
1680 504 1880 574 vigilia
1896 503 2024 574 Epi-

374 596 611 669 phania:
638 596 864 650 Domini
890 595 1186 650 celebrare
1217 596 1545 651 destinavit.
1585 597 1720 651 Illuc
1738 610 1877 664 ergo
1901 598 2021 649 sta-

376 688 501 740 tuto
522 683 922 753 advenientes,
947 688 1002 739 et
1027 683 1415 739 dedicationis
1447 684 1710 740 ofﬁcium
1740 684 2025 738 inchoan-

376 774 485 839 tes,
512 770 669 825 intus
699 785 870 825 sacro
897 770 1183 842 mysterio
1208 777 1467 843 peracto,
1500 788 1601 827 rex
1632 788 1769 827 cum
1799 768 2023 842 episco-

373 859 465 931 pis
491 864 546 913 et
577 857 934 930 primatibus
973 864 1108 915 ante
1140 858 1295 914 fores
1327 859 1405 916 ad
1434 860 1727 933 populum
1782 874 2021 932 proces-

375 947 467 1013 sit,
498 945 598 1001 ubi
628 948 788 1016 [cum
822 949 1197 1016 Moguntinus
1228 948 1717 1021 metropolitanus
1739 962 1857 1001 una
1884 960 2022 999 cum

375 1035 505 1091 aliis
534 1037 830 1110 episcopis
861 1037 1213 1107 advenisset,
1246 1043 1302 1093 et
1327 1037 1716 1093 dedicationis
1760 1034 2024 1090 oﬁcium

375 1131 871 1192 consummasset,
913 1126 1192 1196 domnus]
1214 1126 1542 1195 Willegisus
1574 1126 1683 1196 (40)
1739 1123 2023 1195 archiepi-

375 1231 595 1287 scopus
626 1215 866 1287 publico
897 1231 1169 1270 sermone
1200 1216 1591 1271 aestimatione
1642 1230 1750 1269 sua
1780 1212 2020 1284 culpam

373 1302 703 1375 professus,
731 1304 849 1373 juri
877 1309 933 1359 et
974 1304 1303 1375 repetitioni
1360 1304 1632 1375 ejusdem
1681 1302 1795 1357 loci
1851 1302 2024 1372 [prae-

377 1396 539 1448 sente
569 1407 704 1463 rege
735 1396 790 1448 et
817 1394 1017 1448 multis
1048 1393 1403 1465 primatibus
1447 1393 1587 1463 suis]
1642 1389 2023 1447 abrenuntia-

373 1480 475 1551 vit,
506 1486 562 1537 et
590 1483 650 1536 in
682 1482 1081 1539 testimonium
1113 1483 1294 1554 hujus
1316 1481 1846 1538 abrenuntiationis
1870 1479 2024 1535 feru-

372 1568 493 1626 lam
524 1572 923 1644 episcopalem
951 1573 1199 1628 domino
1233 1572 1607 1639 Bernwardo,
1626 1576 1690 1626 ut
1717 1574 1929 1642 postea
1958 1568 2021 1624 in

374 1660 967 1717 Frankenevordensi
986 1662 1237 1717 concilio
1268 1662 1495 1730 claruit,
1525 1678 1728 1717 coram
1758 1659 1912 1715 clero
1965 1661 2023 1713 et

2128 504 2449 575 metipsum
2480 512 2679 563 autem
2711 509 2770 563 in
2801 507 3195 563 sanctimonia
3226 506 3400 562 solita
3434 509 3496 560 et
3520 503 3591 558 in
3612 502 3824 575 primi-

2130 596 2225 646 tus
2259 599 2453 665 cmpta
2483 595 2780 652 bonorum
2798 613 3051 669 operum
3076 595 3437 652 assiduitate
3450 608 3592 649 non
3612 590 3819 646 solum

2128 685 2299 736 caute
2330 684 2662 751 custodivit,
2699 685 2805 740 sed
2835 686 3014 741 etiam
3042 685 3318 754 religiose
3382 681 3613 738 dietim
3675 696 3823 750 aug-

2128 771 2435 840 mentavit,
2466 773 2524 827 in
2554 773 2765 843 vigiliis
2805 780 2860 829 et
2885 774 3279 840 orationibus,
3314 789 3387 828 ac
3419 769 3745 827 continua
3771 774 3825 823 et

2129 862 2281 913 certe
2308 860 2405 914 vix
2436 860 2700 918 credibili
2748 863 3119 935 jejuniorum
3165 859 3710 935 frequentatione,
3771 862 3823 912 et

2127 944 2468 1013 largissima
2494 949 3010 1022 elecmosynarum
3034 950 3405 1023 profusione,
3434 953 3496 1005 et
3548 948 3619 1002 in
3656 963 3823 1001 sum-

2130 1050 2230 1090 ma
2252 1036 2427 1091 totius
2455 1038 2639 1094 divini
2666 1040 2892 1095 timoris
2927 1040 3233 1109 gravitate,
3264 1054 3462 1110 usque
3500 1036 3569 1091 in
3595 1036 3818 1101 ﬁnem,

2128 1122 2342 1193 Spiritu
2402 1130 2607 1181 sancto
2656 1127 3100 1194 corroborante,
3159 1123 3607 1199 perseveravit.
3690 1122 3825 1176 Fuit

2128 1226 2289 1278 ergo,
2314 1216 2376 1266 ut
2402 1214 2567 1270 nulla
2584 1231 2828 1287 prorsus
2850 1215 3077 1271 virtutis
3101 1215 3151 1286 ej
3165 1233 3231 1270 us
3249 1213 3652 1288 panegyrica
3672 1228 3823 1284 pra--

2129 1300 2469 1371 termittam,
2500 1303 2741 1373 regibus
2768 1310 2824 1359 et
2861 1304 3226 1376 primoribus
3267 1308 3325 1358 et
3367 1301 3709 1357 formidini
3771 1306 3825 1355 et

2128 1386 2337 1443 honori
2369 1407 2381 1456 ;
2416 1393 2639 1446 caeteris
2668 1408 2823 1459 vero,
2847 1392 3168 1465 unicuique
3200 1390 3551 1447 secundum
3610 1405 3707 1455 se,
3759 1388 3823 1442 ti-

2129 1476 2281 1530 mori
2311 1479 2529 1549 pariter
2558 1485 2613 1535 et
2639 1482 2849 1548 amori,
2882 1498 2990 1554 pro
3022 1480 3251 1536 cunctis
3282 1480 3515 1535 scilicet
3547 1478 3673 1533 rite
3704 1476 3824 1531 sol-

2127 1562 2339 1634 licitus,
2375 1571 2430 1622 et
2454 1568 2514 1623 in
2538 1569 2766 1625 Christo
2822 1570 3106 1625 omnibus
3152 1570 3359 1625 omnia
3414 1568 3659 1637 factus,
3711 1565 3824 1619 soli

2128 1655 2359 1708 tantum
2402 1655 2514 1711 sibi
2546 1657 2742 1725 gravis
2765 1663 2818 1713 et
2848 1663 3120 1713 austerus
3150 1656 3409 1731 perstitit
3433 1660 3497 1711 et
3555 1670 3821 1728 parcus.

373 1745 598 1820 populo
629 1748 1005 1803 condonavit.
1042 1749 1542 1821 Archiepiscopus
1566 1764 1725 1813 vero,
1783 1747 1895 1801 hac
1922 1745 2019 1800 lite
2055 1759 2097 1816 Β
2130 1741 2479 1799 C(enobium
2513 1762 2687 1800 suum
2719 1746 3003 1819 pastorali
3030 1762 3173 1802 cura
3223 1746 3537 1819 sapienter
3595 1743 3824 1812 guber—

376 1837 602 1904 sedata,
630 1838 949 1909 praesulem
962 1844 1234 1894 nostrum
1256 1839 1421 1895 omni
1443 1840 1671 1894 honore
1698 1841 1753 1892 et
1775 1837 2023 1892 Charita-

376 1929 428 1981 te
460 1926 632 1993 ultra,
663 1928 865 1999 quoad
898 1927 1055 1997 vixit,
1088 1927 1309 1995 dilexit,
1343 1933 1399 1983 et
1428 1928 1487 1982 in
1512 1933 1714 1982 nostro
1746 1923 2021 1980 CLPDOblO

376 2013 735 2070 fraternitate
754 2016 1080 2071 honoriﬁce
1102 2016 1413 2088 acquisita,
1442 2030 1742 2071 summam
1760 2013 2021 2068 dilectio-

376 2119 515 2159 nem
540 2108 597 2159 et
623 2102 756 2159 loco
786 2107 842 2159 et
870 2104 1147 2161 fratribus
1176 2106 1453 2177 providit.
1484 2105 1593 2171 Qui
1637 2104 1866 2175 quinto,
1918 2118 2022 2173 po-

379 2196 505 2247 stea
533 2208 693 2248 anno
717 2193 930 2264 plenus
961 2194 1193 2249 dierum
1220 2200 1274 2249 et
1316 2193 1616 2250 bonorum
1672 2193 1847 2247 etiam
1879 2207 2021 2262 ope-

375 2296 513 2335 rum
539 2280 616 2335 ad
647 2280 943 2336 Christum
966 2281 1261 2351 migravit,
1296 2284 1467 2353 cujus
1498 2297 1899 2337 successorem
1930 2283 2023 2334 Er-

380 2366 772 2423 kambaldum
808 2369 1111 2425 Fuldensis
1144 2370 1398 2425 ccenobii
1422 2370 1586 2441 prius
1619 2369 1900 2423 abbatem
1921 2367 2025 2422 do-

380 2455 578 2510 minus
604 2457 1017 2521 Bernwardus,
1050 2459 1173 2514 Kal.
1202 2459 1434 2530 Aprilis,
1467 2457 1773 2527 Magontite
1813 2472 2021 2511 conse-

377 2545 580 2601 cravit.
615 2546 723 2611 Qui
754 2546 977 2602 ibidem
1008 2564 1225 2602 novem
1254 2564 1445 2603 annos
1485 2545 1830 2618 praasidens,
1863 2545 2020 2601 ordi-

374 2638 642 2688 natorem
678 2650 876 2703 suum,
906 2636 1419 2705 consanguinitate
1440 2635 1616 2691 etiam
1645 2634 1756 2689 sibi
1778 2634 2020 2707 propin-

373 2737 585 2794 quum,
616 2721 816 2779 debita
835 2724 1145 2779 devotione
1165 2724 1473 2796 percoluit,
1502 2729 1559 2778 et
1584 2723 1657 2777 de
1679 2722 2022 2794 supradicta

374 2813 773 2867 controversia
802 2814 1051 2869 omnino
1080 2813 1377 2868 conticuit.
1415 2812 1555 2867 Huic
1587 2816 1786 2868 autem
1843 2811 2021 2867 Aribo

373 2899 570 2965 regius
590 2899 934 2971 capellanus
974 2901 1273 2965 successit,
1333 2917 1514 2972 quem
1572 2898 1892 2972 imperialis
1923 2915 2024 2954 an-

373 2985 498 3040 nuli
526 2985 709 3053 dono,
736 2988 899 3057 regio
930 3005 1115 3055 more,
1147 2990 1573 3060 prtesiguatum
1633 2987 2020 3043 Bernwardus

374 3073 691 3145 episcopus
719 3074 795 3131 ad
825 3074 1153 3148 principale
1181 3076 1363 3132 altare
1387 3080 1728 3147 praenotata:
1760 3075 2019 3129 Gander-
2049 3097 2090 3149 ο

375 3162 725 3219 sheimensis
753 3165 1015 3220 ecclesiw
1047 3166 1485 3237 prtesbyterum
1513 3164 1825 3229 ordinavit,
1850 3165 2020 3237 eique

378 3251 548 3306 Verbi
580 3254 698 3320 Dei,
728 3259 784 3309 et
811 3253 997 3309 banni
1029 3255 1217 3310 sancti
1243 3254 1393 3309 Petri
1441 3253 1802 3321 auctoritate,
1859 3255 2017 3323 ejus—

376 3338 514 3394 dem
545 3340 743 3395 altaris
774 3346 829 3396 et
858 3342 1035 3397 etiam
1068 3342 1178 3397 loci
1211 3342 1303 3397 vel
1357 3342 1827 3411 circumjacentis
1856 3343 2015 3395 terri-

376 3428 506 3482 torii
532 3430 1001 3501 usurpationem,
1033 3430 1429 3498 invasionem,
1462 3430 1555 3485 vel
1610 3431 2016 3501 repetitionem

376 3520 602 3571 astante
634 3515 987 3588 imperatore
1019 3534 1155 3573 cum
1185 3518 1497 3590 episCOpis,
1519 3517 1753 3590 publice
1780 3518 2015 3573 interdi-

374 3604 473 3660 xit.
508 3604 569 3659 In
592 3606 770 3677 hujus
802 3606 985 3661 banni
1014 3607 1335 3664 vindictam
1362 3607 1453 3661 ille
1484 3612 1690 3663 nostro
1716 3608 1867 3662 Patri
1926 3608 2015 3662 in-

376 3691 503 3749 tulit
531 3694 912 3751 tentationem
942 3696 1309 3768 praadictam.
1346 3700 1477 3751 Erat
1502 3701 1699 3752 tamen
1721 3701 1785 3752 ut
1808 3698 2016 3753 verita-

373 3786 491 3838 tem
521 3799 641 3839 non
668 3785 1056 3849 occultemus,
1083 3787 1241 3841 idem
1269 3787 1765 3865 archiepiscopus
1801 3803 2015 3855 genere

374 3876 429 3925 et
449 3871 753 3941 dignitate,
787 3880 843 3929 et
866 3873 1162 3945 probabili
1186 3875 1365 3930 etiam
1416 3892 1655 3930 morum
1706 3876 2013 3945 gravitate,

374 3975 529 4028 vere,
564 3960 669 4015 sed
692 3962 751 4015 in
778 3962 888 4017 hac
920 3967 1152 4018 tantum
1186 3965 1505 4020 temeritate
1532 3980 1675 4034 erga
1706 3981 1817 4019 nos
1848 3970 2014 4036 parte

375 4045 711 4119 culpabilis.
746 4048 880 4105 Haec
909 4067 1050 4123 ergo
1078 4053 1257 4122 hujus
1289 4053 1597 4108 conflictus
1644 4052 2013 4109 abbreviatio

374 4135 509 4191 ideo
534 4136 627 4193 hic
660 4138 997 4207 adnotatur,
1034 4146 1093 4196 ut
1122 4141 1541 4213 subsequentis
1571 4141 2015 4213 disceptationis

374 4222 448 4278 de
486 4224 697 4281 eodem
765 4229 1319 4285 Gandersheimensi
1377 4230 1662 4285 territorio
1713 4231 1924 4285 veritas
1963 4236 2019 4286 et

373 4313 524 4368 ratio
550 4314 764 4370 clarius
795 4323 1209 4387 cognoscatur.

440 4404 528 4457 23.
556 4404 763 4458 Beatus
796 4400 975 4473 igitur
995 4404 1789 4498 Godehardus‘pontiﬁcatus
1814 4406 2013 4498 infulis
2048 4442 2088 4498 Ο

373 4488 690 4547 decoratus
724 4508 919 4549 nonas
964 4493 1302 4549 Decembris
1345 4494 1780 4549 Hildenesheim
1833 4496 2015 4551 adve—

370 4576 476 4647 nit,
504 4594 833 4652 omnesque
863 4581 923 4635 in
955 4597 1063 4635 suo
1086 4581 1349 4637 adventu
1378 4581 1740 4651 gratulantes
1770 4584 2010 4639 invenit.

371 4666 477 4728 Qui
499 4683 638 4721 mox
669 4673 733 4723 ut
762 4668 1015 4724 ccenobii
1050 4670 1233 4724 nostri
1259 4670 1605 4739 religionem
1630 4676 1875 4726 eatenus
1918 4688 2015 4727 ra—

373 4753 746 4823 tionabiliter,
770 4756 890 4811 Deo
908 4757 1147 4825 gratias,
1175 4763 1588 4814 conservatam
1610 4760 2017 4826 agnovit,con-

369 4838 583 4907 dignas
603 4838 756 4894 illico
785 4840 1001 4895 divinae
1028 4839 1391 4898 miserationi
1420 4843 1626 4898 laudes
1649 4842 2015 4915 persolvens,

369 4926 532 4982 omni
561 4943 695 4983 eam
724 4927 1056 4984 devotionis
1085 4929 1278 4985 studio
1307 4930 1615 5003 ampliare,
1644 4932 1783 4986 etin
1829 4930 2015 4987 divini

369 5015 562 5072 cultus
603 5017 877 5072 exercitio
935 5018 1331 5074 condecorare
1386 5021 1615 5088 sategit.
1672 5021 2015 5076 Forinsecus

368 5119 529 5170 vero,
555 5104 629 5159 de
656 5105 917 5174 generali
939 5106 1076 5161 cieri
1101 5111 1157 5162 et
1181 5107 1387 5179 populi
1415 5108 1844 5175 gubernatione
1865 5110 2015 5181 epis-

367 5191 560 5264 copali
612 5193 1014 5266 speculatione
1064 5195 1308 5251 solerter
1357 5195 1704 5267 invigilavit,
1734 5214 1842 5269 pro
1891 5214 2013 5270 qua

367 5278 544 5334 etiam
575 5280 669 5335 die
689 5297 757 5337 ac
780 5286 973 5350 nocte,
1004 5283 1168 5341 omni
1196 5284 1329 5341 vitae
1363 5302 1485 5340 suae
1524 5291 1813 5357 tempore,
1845 5286 2011 5342 indc-

438 5420 547 5490 (40)
571 5420 718 5490 Quae
749 5418 973 5477 ansulis
998 5423 1359 5481 clauduntur
1388 5442 1457 5481 ex
1509 5425 1637 5481 solo
1667 5427 1799 5481 cod.
1839 5429 2011 5484 Bam-

368 5488 532 5553 berg.
567 5489 881 5544 habentur.

438 5560 547 5638 (4.1)
579 5559 666 5638 Ορ)
699 5559 1148 5639 translationem
1179 5563 1401 5639 scilicet
1457 5565 1585 5639 ejus
1645 5568 1911 5639 corporis
1942 5587 2011 5625 ex

364 5626 633 5707 Pap‘iensi
656 5626 805 5707 urbe
827 5627 885 5681 in
910 5626 1640 5707 Hildesheim_cnsem,'ipso
1659 5626 1889 5693 Otvvino
1912 5658 2014 5695 cu-

362 5697 550 5767 rante,
583 5697 808 5755 factam
837 5713 995 5756 anno
1023 5706 1150 5769 963,
1182 5703 1352 5771 cujus
1378 5697 1778 5764 translationis
1831 5709 2020 5766 Histo-

2130 1830 2312 1897 navit,
2340 1835 2396 1886 et
2426 1832 2674 1889 fratrum
2714 1835 3038 1891 commoda
3058 1835 3121 1889 in
3150 1834 3313 1889 victu
3336 1839 3395 1889 et
3421 1832 3692 1902 vestitu,
3719 1848 3827 1884 ca»

2132 1918 2384 1990 terisque
2413 1920 2751 1991 indigentiae
2804 1924 3086 1978 humanae
3134 1921 3521 1987 necessariis,
3584 1920 3824 1992 saepius

2131 2004 2413 2073 adauxit;
2446 2024 2598 2079 quos
2628 2009 2805 2064 etiam
2850 2010 2923 2064 ad
2983 2025 3169 2065 sacrae
3214 2006 3530 2078 religionis
3598 2008 3822 2063 obser-

2132 2093 2393 2149 vantiam
2424 2095 2763 2167 apostolicae
2794 2096 3103 2168 arguendo
3124 2101 3181 2153 et
3210 2094 3639 2166 obsecrando,
3667 2094 3823 2150 mul-

2131 2181 2518 2255 tipliciterque
2544 2184 2949 2257 informando,
2983 2185 3289 2242 conduxit.
3323 2188 3603 2240 Iuvenes
3660 2200 3823 2257 quo-

2130 2285 2246 2340 que
2274 2275 2330 2325 et
2353 2288 2593 2343 pueros,
2625 2290 2777 2346 quos
2797 2274 2943 2329 inibi
2967 2274 3145 2330 bonae
3177 2273 3396 2329 indolis
3447 2277 3511 2329 et
3552 2273 3824 2346 sapidos

2131 2357 2373 2429 invenit,
2406 2376 2512 2432 per
2528 2362 2767 2418 diversa
2796 2362 3139 2419 scholarum
3170 2362 3371 2418 studia
3411 2363 3825 2435 circumqua-

2130 2463 2247 2518 que
2304 2449 2648 2522 dispertivit,
2699 2470 2958 2526 quorum
3016 2456 3169 2508 certe
3200 2456 3412 2526 postea
3472 2453 3826 2507 servimine

2130 2536 2362 2591 variam
2388 2553 2457 2593 ac
2487 2539 2873 2612 multiplicem
2906 2558 3027 2596 suae
3052 2540 3313 2595 ecclesiae
3375 2539 3717 2596 utilitatem
3768 2539 3826 2594 in

2131 2620 2400 2692 lectione,
2430 2628 2740 2700 scriptura,
2773 2634 2830 2684 et
2849 2629 3101 2701 pictura,
3121 2645 3191 2685 ac
3217 2628 3438 2702 plurali
3465 2628 3825 2684 honestiori

2131 2709 2413 2767 clericalis
2450 2714 2624 2770 ofﬁcii
2683 2716 3016 2790 disciplina,
3083 2716 3473 2789 conquisivit.
3536 2717 3825 2772 Thesau-

2131 2815 2264 2855 rum
2296 2802 2681 2859 nihilominus
2708 2806 3197 2877 ecclesiasticum,
3229 2821 3418 2877 quem
3474 2804 3645 2860 inibi
3708 2822 3822 2859 nu-

2131 2904 2435 2945 merosum
2467 2892 2707 2962 invenit,
2737 2896 2855 2949 tam
2911 2895 3191 2949 decenter
3240 2910 3434 2967 quam
3463 2899 3528 2949 et
3594 2893 3823 2949 utiliter

2131 2978 2457 3050 ampliavit,
2482 2983 2538 3034 et
2585 2981 2882 3053 quidquid
2935 2981 2993 3036 in
3044 2981 3309 3037 aediﬁciis
3368 2981 3822 3037 ecclesiasticis

2129 3082 2249 3122 non
2277 3067 2471 3121 solum
2501 3068 2843 3141 principalis
2871 3087 2992 3124 suae
3025 3069 3292 3137 civitatis,
3323 3067 3437 3124 sed
3466 3074 3531 3125 et
3558 3070 3630 3124 in
3686 3070 3822 3124 aliis

2127 3171 2248 3210 suae
2275 3155 2626 3227 provisionis
2655 3157 2798 3213 locis
2852 3158 3117 3213 dirutum
3164 3157 3260 3214 vel
3316 3162 3700 3215 veteranum
3738 3174 3822 3212 re-

2125 3242 2295 3314 perit,
2320 3248 2509 3297 totum
2533 3260 2771 3299 summa
2802 3244 3096 3300 celeritate
3128 3245 3489 3315 distrahere,
3543 3262 3821 3301 renova-

2126 3348 2187 3385 re
2216 3337 2270 3385 et
2302 3330 2609 3388 meliorare
2638 3332 2949 3388 festinavit.
2985 3338 3134 3389 Inter
3158 3351 3294 3406 quae
3324 3340 3548 3389 tamen
3604 3335 3823 3390 omnia

2125 3420 2546 3491 baptismalem
2599 3421 2931 3489 ecclesiam,
2983 3439 3170 3495 quam
3230 3421 3421 3477 felicis
3483 3424 3819 3479 memoriae

2128 3510 2395 3577 Otuinus,
2439 3508 2709 3565 decimus
2737 3516 2938 3565 noster
2967 3512 3235 3582 antistes,
3270 3511 3330 3566 in
3361 3511 3621 3568 honore
3672 3528 3818 3567 san-

2126 3602 2231 3651 ctze
2264 3598 2451 3653 Mariae
2481 3599 2785 3671 sanctique
2810 3600 3121 3672 Epiphanii
3149 3600 3443 3672 episcopi,
3503 3617 3711 3673 quem
3745 3600 3819 3654 de

2124 3688 2304 3760 Papia
2330 3688 2580 3756 civitate,
2615 3688 2709 3743 Dei
2744 3689 2924 3756 dono,
2957 3692 3283 3762 patronum
3313 3689 3505 3746 nobis
3552 3691 3822 3747 adduxit

2127 3776 2253 3845 (41),
2286 3777 2345 3831 in
2368 3776 2607 3832 australi
2633 3781 2798 3849 parte
2830 3782 3045 3832 nostrae
3104 3777 3373 3834 ecclesiae
3431 3780 3822 3847 construxit,

2126 3866 2289 3920 senio
2347 3870 2501 3920 certe
2530 3870 2585 3921 et
2638 3866 2996 3935 negligentia
3040 3866 3357 3940 delapsam
3391 3866 3617 3935 diruit,
3652 3874 3715 3925 et
3762 3870 3823 3923 in

2124 3954 2335 4009 eodem
2363 3954 2495 4009 loco
2544 3954 2977 4010 monasterium
3032 3956 3356 4012 honestum
3408 3957 3476 4012 in
3539 3960 3825 4031 praetitu-

2123 4045 2241 4101 lato
2263 4046 2507 4111 honore,
2530 4046 2725 4117 primo
2747 4063 2868 4100 suae
2899 4044 3291 4103 ordinationis
3348 4064 3554 4116 anno,
3594 4049 3822 4104 funda~

2123 4133 2222 4199 vit,
2246 4139 2460 4205 quarto
2490 4135 2950 4203 consummavit,
2983 4140 3040 4190 et
3090 4135 3317 4190 ibidem
3372 4140 3824 4207 congregatio-

2123 4240 2262 4278 nem
2293 4225 2643 4279 canonicam
2672 4225 2857 4297 pluris
2887 4243 3029 4281 sane
3058 4225 3305 4282 honoris
3336 4233 3395 4282 et
3420 4228 3731 4285 utilitatis
3768 4230 3823 4285 in

2124 4312 2224 4366 Dci
2254 4313 2462 4367 timore
2492 4313 2870 4379 coadunavit,
2904 4330 3091 4387 quam
3145 4314 3502 4371 concambii
3562 4319 3669 4374 sui
3734 4335 3825 4373 ac-

2124 4401 2438 4474 quisitione
2470 4400 2826 4457 sufﬁcienter
2853 4403 3086 4459 vestivit
3112 4407 3167 4458 et
3220 4404 3409 4476 pavit,
3476 4404 3829 4463 abundan-

2126 4495 2363 4561 temque
2396 4490 2507 4545 illic
2538 4490 2596 4545 in
2630 4489 2893 4546 futurum
2916 4489 2993 4546 ad
3020 4490 3159 4547 talia
3188 4490 3647 4551 sufﬁcientiam
3681 4512 3829 4551 con-

2124 4579 2386 4634 donavit.

2196 4670 2283 4721 24.
2318 4666 2657 4722 Miraculum
2676 4666 2851 4735 igitur
2870 4668 3154 4739 primum,
3169 4668 3337 4740 quod
3360 4684 3478 4740 per
3499 4686 3672 4729 eum
3698 4689 3833 4743 gra-

2125 4754 2205 4809 tia
2228 4754 2434 4809 Christi
2460 4754 2590 4824 ipso
2619 4770 2727 4808 suo
2757 4756 2953 4826 primo
2985 4770 3148 4811 anno
3202 4756 3638 4815 ordinationis
3703 4781 3832 4817 Suﬂ‘.

2124 4843 2359 4909 fecerat,
2379 4842 2439 4897 in
2466 4858 2631 4909 spem
2655 4848 2711 4898 et
2726 4844 3013 4912 gaudium
3035 4845 3327 4900 lectorum
3352 4846 3455 4902 hic
3475 4852 3728 4907 merito
3754 4853 3832 4907 in-

2128 4931 2560 5004 terponendum
2582 4932 3015 5005 opinor,quod,
3031 4934 3163 5006 ipsa
3184 4934 3460 5003 veritate,
3476 4954 3644 5010 qua:
3670 4942 3833 4997 Deus

2124 5027 2230 5088 est,
2256 5026 2396 5076 teste
2419 5036 2540 5075 non
2563 5021 2833 5090 mentior,
2857 5022 2935 5076 ab
2960 5022 3089 5093 ipso
3115 5023 3366 5094 quidem
3408 5041 3639 5099 usque
3678 5031 3748 5086 in
3774 5031 3833 5085 ti-

2125 5127 2262 5164 ncm
2292 5110 2525 5181 penitus
2556 5109 2830 5177 celatum,
2866 5110 2969 5166 sed
2998 5127 3033 5166 a
3060 5111 3220 5167 clero
3240 5115 3297 5167 et
3319 5114 3578 5186 populo
3609 5120 3737 5191 qui
3757 5120 3835 5175 in-

2125 5197 2788 5265 tererantdivulgatum.
2820 5198 3041 5254 Eodem
3074 5213 3237 5255 anno
3265 5200 3456 5258 Aribo
3495 5206 3831 5281 archiepi-

2125 5304 2341 5360 scopus
2371 5287 2788 5359 imperatorem
2816 5288 2878 5343 in
2903 5291 3273 5344 Pentecostes
3295 5292 3715 5361 Magontiam
3749 5299 3831 5354 in-

2124 5428 2273 5484 riam
2298 5427 2479 5484 edidit
2511 5430 2858 5485 ltrouverus.
2892 5428 3032 5484 Vide
3062 5434 3118 5485 et
3143 5429 3445 5499 Bolland.,
3480 5434 3606 5493 die
3638 5444 3706 5497 2t
3745 5444 3829 5495 Ja-

2124 5499 2350 5575 nuari_i_._
2369 5499 2665 5575 Hodieque
2699 5500 2875 5575 hujUs
2904 5500 3089 5575 sancti
3120 5501 3554 5575 virireliquize
3584 5510 3827 5567 Hildes-

2124 5570 2322 5624 hcimii
2338 5570 2650 5635 habentur,
2668 5571 2767 5625 sed
2787 5571 2845 5625 in
2864 5571 3111 5626 ecclesia
3138 5570 3503 5631 cathedrali.
3518 5582 3829 5639 meum“.

2128 5641 2278 5715 rium
2294 5658 2428 5715 vero
2446 5642 2605 5711 quod
2632 5642 2722 5715 hic
2736 5647 3121 5715 memoratur,
3137 5650 3448 5715 occupant
3464 5649 3717 5709 Patres
3744 5660 3827 5711 Sc»

2126 5711 2350 5768 cietatis
2368 5715 2527 5780 Jesu,
2561 5715 2625 5769 ut
2649 5714 2981 5769 Brouvcrus
2997 5711 3505 5775 etHensclicnius
3531 5734 3826 5784 monent.
