3944 6420
117 324 266 377 1181

1760 315 1948 374 VITA.

3440 336 3578 388 1182

112 445 363 510 vitavit,
398 443 501 499 ubi
528 444 845 500 concilium
879 445 1154 513 generale
1184 444 1566 512 coadunavit,
1589 443 1649 497 in
1679 457 1804 514 quo
1841 444 1887 496 Α
1920 441 2093 498 Sulza
2115 443 2348 499 dicitur.
2375 446 2506 509 Qua
2532 444 2625 500 ille
2657 451 2944 517 spectata,
2974 453 3033 504 et
3072 449 3347 507 illusione
3395 456 3577 511 etiam

110 535 562 606 episcoporum
593 532 843 588 consilio
873 533 1047 605 plura
1076 550 1212 605 quae
1241 534 1630 588 deviaverant
1677 546 1803 585 cor-

112 624 304 692 rexit,
337 622 640 695 pracipue
664 627 869 678 tamen
918 625 1193 679 Ottonem
1242 622 1521 678 comitem
1571 622 1645 676 de
1694 621 1804 675 Ha-

115 712 418 767 merstein
467 716 525 767 et
583 698 1037 780 lrmengardam
1102 712 1295 768 illicite
1352 715 1804 767 commanentes

111 816 417 873 separare
444 800 758 874 disposuit.
790 802 957 865 Quod
990 807 1189 857 tamen
1239 803 1477 873 penitUs
1517 802 1802 872 perficere

108 908 249 946 non
285 890 481 963 potuit
502 892 647 963 quia
675 890 771 945 ille
801 908 866 946 se
889 890 1103 963 partim
1131 892 1313 957 regali
1337 890 1800 962 timore,partim

110 980 464 1052 episcopali
495 980 964 1035 commonitione
1006 984 1309 1053 utcunque
1352 980 1647 1045 correxit;
1702 978 1802 1035 illa

110 1084 273 1123 vero
306 1068 545 1141 publice
576 1069 815 1124 hannos
845 1070 1272 1140 praevaricans,
1322 1070 1547 1124 ibidem
1589 1069 1687 1137 jus
1718 1067 1799 1121 le-

110 1175 412 1231 gemque,
448 1164 513 1215 ut
534 1159 630 1213 vel
658 1159 834 1214 hodie
864 1158 1065 1227 claret,
1100 1160 1365 1215 funditus
1396 1159 1669 1230 perdidit.
1707 1158 1796 1212 Ad

108 1248 285 1302 idem
309 1248 634 1303 concilium
666 1248 886 1320 praesul
912 1254 1115 1303 noster
1143 1254 1200 1304 et
1230 1249 1520 1321 imperiali
1565 1254 1623 1303 et
1645 1264 1797 1320 pon-

109 1337 329 1394 tiﬁcali
359 1338 671 1394 vocatione
702 1338 1016 1407 allegatus,
1040 1339 1292 1411 pulchra
1323 1339 1459 1394 cleri
1499 1344 1556 1394 et
1578 1338 1796 1393 militiai

108 1427 483 1498 frequentia,
517 1429 623 1482 etsi
652 1444 774 1483 non
809 1432 1041 1499 sponte,
1072 1428 1392 1485 comitatus
1436 1428 1535 1483 illo
1579 1444 1795 1500 pr0pe-

109 1516 318 1579 rabat,
352 1521 409 1571 et
445 1517 717 1588 quadam
765 1516 861 1570 die
911 1516 969 1570 in
1034 1533 1193 1589 pago
1242 1518 1346 1589 qui
1406 1517 1797 1582 Longingalia

106 1605 358 1671 dicitur,
388 1606 561 1675 juxta
600 1605 954 1677 praedictum
1014 1606 1323 1661 castellum
1374 1610 1635 1672 Gruona,
1692 1606 1797 1663 ubi

110 1694 221 1749 Dei
255 1694 447 1761 gratia
476 1700 533 1751 et
553 1695 776 1750 electus
808 1699 863 1749 et
891 1700 1281 1751 consecratus
1319 1702 1425 1763 est,
1456 1696 1563 1751 iter
1586 1712 1794 1768 carpe-

1911 530 2288 600 phantastica
2341 549 2465 605 qua
2513 534 2689 589 bruta
2748 536 2919 607 plebs
2977 538 3314 596 terrebatur
3349 544 3577 615 audita,

1908 619 2187 676 eamdem
2244 622 2531 693 paludem
2590 625 2858 680 secundo
2912 627 3002 682 sui
3059 628 3357 686 adventus
3414 648 3577 689 anno

1908 723 2046 762 cum
2078 724 2252 764 cruce
2284 716 2341 765 et
2368 712 2630 784 reliquiis
2661 718 3008 771 sanctorum
3031 716 3271 783 invasit,
3322 725 3380 774 et
3401 720 3577 776 habi-

1906 796 2194 853 tationem
2223 816 2399 855 suam
2428 800 2648 857 ibidem
2678 803 2921 874 aptavit,
2962 810 3020 860 et
3067 805 3129 861 in
3176 806 3377 863 medio
3425 810 3578 881 peri-

1907 885 2042 940 culo
2067 888 2394 944 oratorium
2418 890 2481 945 in
2510 891 2735 946 honore
2765 893 2955 948 sancti
2982 895 3243 966 apostoli
3270 897 3576 954 Bartbolo-

1908 975 2041 1029 miei
2071 976 2345 1034 fundavit
2376 981 2508 1050 (£2).
2527 982 2655 1046 Quo
2689 984 3087 1054 consequenti
3105 1001 3268 1040 anno
3297 1002 3576 1043 consum-

1908 1069 2068 1132 mato
2097 1070 2153 1121 et
2178 1067 2395 1138 dicato,
2426 1085 2605 1124 omne
2630 1070 2980 1128 diemonum
3020 1075 3386 1145 phantasma
3412 1078 3573 1133 exin-

1905 1154 1979 1207 de
2006 1154 2275 1210 funditus
2301 1158 2664 1230 exstirpavit,
2712 1164 2770 1215 et
2819 1162 3101 1218 eumdem
3150 1163 3352 1221 locum
3382 1168 3573 1221 omni-

1904 1242 2020 1297 bus
2051 1248 2586 1315 commorantibus,
2622 1249 2714 1303 vel
2742 1250 3205 1308 advenientibus
3234 1258 3575 1326 gratum,et

1904 1331 2030 1387 sine
2055 1333 2325 1405 qualibet
2353 1337 2673 1393 tentatione
2703 1338 3095 1396 habitabilem
3127 1342 3406 1399 reddidit.
3463 1345 3569 1400 Ubi

1903 1421 2350 1478 xenodochium
2401 1425 2609 1481 Christi
2666 1426 2726 1482 in
2773 1430 3178 1501 receptionem
3228 1447 3569 1504 pauperum

1904 1510 2238 1579 mdiﬁcavit,
2283 1513 2449 1584 quod
2499 1515 2665 1570 omni
2710 1516 2995 1573 humanae
3036 1518 3377 1588 indigentite
3408 1537 3571 1578 com-

1904 1599 2188 1655 meditate
2218 1601 2562 1669 abundans,
2592 1604 2754 1659 ﬁdeli
2784 1606 3025 1662 cuidam
3053 1624 3164 1662 suo
3216 1609 3569 1681 presbytero

1907 1690 2287 1759 Bernwardo,
2319 1692 2491 1761 cujus
2518 1692 2612 1747 hic
2638 1710 2859 1749 nomen
2890 1711 2999 1766 pro
3029 1696 3169 1751 ﬁdei
3198 1698 3408 1753 merito
3435 1699 3569 1769 jure

112 1785 242 1841 bat.
280 1787 348 1839 Et
371 1784 617 1854 contigit
644 1784 724 1840 ibi
756 1784 818 1840 in
848 1785 986 1840 villa
1030 1786 1366 1858 quamdam
1416 1786 1725 1841 mulierem
1757 1803 1794 1842 a
1829 1794 1876 1849 Β
1902 1778 2320 1849 interponitur,
2376 1783 2857 1851 commendavit;
2921 1801 3027 1856 per
3078 1787 3293 1843 Christi
3344 1804 3567 1845 nomen

112 1872 336 1944 spiritu
376 1872 695 1928 immundo
734 1873 960 1943 vexari,
1001 1879 1058 1929 et
1086 1890 1121 1929 a
1151 1874 1501 1946 parentibus
1538 1874 1627 1929 vel
1655 1890 1789 1945 pro-

110 1962 366 2034 pinquis
390 1977 496 2033 per
523 1961 805 2017 ecclesias
837 1962 915 2017 ad
948 1967 1291 2017 sanctorum
1323 1963 1650 2034 patrocinia
1685 1964 1790 2017 cir-

109 2050 427 2105 cumduci.
459 2050 573 2114 Qui
603 2049 751 2105 dum
792 2066 1018 2105 novum
1064 2052 1416 2123 episcopum
1465 2051 1789 2107 adventare

108 2139 257 2194 illuc
287 2143 713 2208 cognoverant,
749 2140 807 2194 in
835 2156 1154 2195 occursum
1187 2140 1241 2195 ei
1274 2146 1481 2195 sancta
1510 2143 1641 2211 ejus
1667 2141 1791 2213 opi-

111 2229 297 2283 nione
327 2228 619 2295 ﬁduciati,
651 2228 828 2282 simul
860 2246 999 2283 cum
1029 2229 1270 2285 inﬁrma
1300 2231 1526 2285 concite
1575 2247 1789 2302 prope-

107 2318 354 2373 rabant.
391 2317 745 2372 lmmundus
776 2333 916 2371 vero
948 2317 1212 2389 spiritus,
1244 2318 1375 2390 ipsa
1398 2336 1606 2374 eorum
1639 2320 1789 2375 festi-

110 2407 360 2459 natione
391 2404 756 2476 pavefactus,
786 2421 893 2477 per
920 2421 988 2459 0s
1018 2405 1269 2460 inﬁrth
1317 2408 1496 2461 anxio
1526 2408 1787 2464 clamore

106 2512 238 2568 quo
267 2496 588 2549 duceretur
608 2495 933 2560 inquisivit.
982 2496 1085 2550 Cui
1135 2513 1274 2551 cum
1319 2498 1584 2552 dicerent
1619 2499 1785 2569 quod

109 2585 170 2639 in
204 2598 533 2638 occursum
566 2583 905 2639 Godeliardi
935 2585 1202 2657 episcopi
1234 2587 1564 2641 traheretur
1595 2587 1785 2641 horri-

108 2674 231 2727 ﬁco
260 2673 462 2728 statim
502 2674 732 2739 mugitu
784 2679 841 2726 et
884 2673 1112 2729 ululatu
1152 2676 1327 2746 ctepit
1374 2675 1788 2731 miserabiliter

111 2762 423 2830 refragari,
452 2766 529 2831 et,
570 2778 644 2817 ne
672 2762 750 2818 ad
780 2763 1133 2834 episcopum
1192 2764 1433 2833 veniret,
1486 2765 1631 2837 ipsis
1682 2766 1787 2837 qui

108 2866 249 2905 eam
276 2850 583 2905 ducebant
603 2850 959 2906 mirantibus
976 2852 1196 2923 pariter
1220 2857 1277 2907 et
1301 2853 1783 2924 pavescentibus,

110 2940 411 2999 reluctari.
435 2940 671 3009 ejulans
701 2945 757 2995 et
776 2940 1111 2996 vociferans
1135 2941 1562 2997 (lodebardum
1588 2960 1648 2997 se
1676 2959 1784 2997 nec

108 3029 323 3083 audire
356 3044 465 3083 nec
504 3044 682 3100 posse
716 3028 936 3084 videre.
1002 3034 1060 3083 In
1115 3046 1186 3084 eo
1240 3031 1584 3097 certamine,
1636 3031 1783 3086 dum

1897 1884 2035 1923 eum
2064 1868 2431 1941 frequentius
2459 1872 2788 1928 terribiliter
2808 1874 3137 1944 obtestans,
3190 1882 3252 1932 ut
3280 1878 3389 1947 (43)
3442 1894 3566 1933 non

1898 1957 2093 2012 solum
2122 1958 2235 2012 illic
2266 1962 2805 2032 commorantibus,
2864 1964 2969 2017 sed
3022 1969 3079 2020 et
3132 1966 3363 2021 cunctis
3418 1966 3565 2022 forte

1896 2046 2381 2113 adventantibus,
2440 2050 2631 2105 victus
2688 2057 2744 2105 et
2806 2052 3053 2108 vestitus
3097 2055 3442 2110 necessaria
3486 2056 3566 2112 ita

1896 2136 2317 2191 convenienter
2380 2140 2766 2209 provideret,
2860 2141 3031 2196 sicuti
3089 2159 3200 2214 pro
3251 2144 3363 2199 hac
3432 2145 3564 2217 ipsa

1896 2242 2007 2281 sua
2056 2226 2502 2297 dispensatione
2554 2228 2673 2284 Deo
2732 2234 3028 2286 rationem
3084 2231 3335 2287 reddere
3386 2233 3565 2289 debe-

1894 2320 2001 2371 ret.

1964 2408 2053 2459 26.
2097 2404 2417 2471 Quoddam
2448 2411 2650 2462 tamen
2678 2407 2885 2463 talium
2918 2424 3136 2476 genus,
3182 2409 3317 2465 illos
3349 2411 3566 2468 scilicet

1893 2493 1999 2565 qui
2024 2494 2118 2547 vel
2144 2495 2521 2566 monachico,
2554 2496 2646 2551 vel
2673 2497 2989 2561 canonico,
3018 2499 3111 2553 vel
3136 2499 3318 2555 etiam
3358 2503 3562 2556 Graeco

1893 2582 2103 2636 habitu
2138 2597 2241 2652 per
2270 2583 2543 2651 regiones
2573 2590 2629 2638 et
2657 2600 2844 2653 regna
2883 2585 3250 2653 discurrunt,
3308 2603 3463 2659 quos
3507 2593 3563 2645 et

1893 2670 2151 2725 Platonis
2182 2686 2348 2726 more
2376 2671 2790 2744 Peripateticos
2821 2672 3125 2728 irridendo
3173 2677 3561 2744 cognomina-

1894 2758 1995 2825 vit,
2025 2758 2180 2827 illos,
2206 2759 2478 2831 inquam,
2510 2775 2757 2832 prorsus
2785 2761 3210 2833 exprobrando
3239 2764 3415 2835 quasi
3465 2782 3563 2819 ex-

1894 2846 2241 2901 secrabatur
2272 2864 2285 2900 :
2318 2863 2473 2918 quos
2525 2852 2725 2903 tamen
2770 2852 3014 2920 propter
3066 2865 3289 2905 nomen
3345 2851 3554 2908 Christi

1892 2935 2059 3007 quod
2080 2934 2515 3007 proﬁtebantur
2545 2938 2883 2993 necessaria
2913 2940 3343 3005 sustentatione
3370 2941 3559 2997 biduo

1891 3024 1986 3078 vel
2016 3024 2277 3080 maxime
2304 3025 2501 3080 triduo
2554 3025 2999 3093 consolabatur,
3050 3027 3255 3099 sicque
3294 3030 3559 3100 praebitis

111 3118 357 3173 inﬁrma
386 3133 424 3171 a
455 3117 735 3172 ﬁdelibus
765 3118 881 3172 ﬁde
909 3124 965 3174 et
996 3135 1122 3189 spe,
1149 3126 1213 3174 ut
1243 3136 1375 3174 vere
1420 3121 1631 3192 patuit,
1674 3121 1783 3176 fer-
1823 3148 1863 3202 ρ
1894 3114 2314 3169 calceamentis
2348 3114 2438 3169 vel
2475 3115 2761 3182 vestibus,
2794 3132 2897 3171 eos
2927 3131 3001 3170 ne
3033 3132 3245 3171 cursus
3290 3118 3380 3172 sui
3430 3118 3561 3173 soli-

112 3205 392 3261 ventibus
418 3205 784 3274 trahebatur,
817 3206 1058 3277 spiritus
1102 3212 1303 3262 autem
1351 3224 1617 3279 nequam
1662 3214 1786 3265 tota

110 3293 391 3349 violentia
419 3293 826 3349 reluctabatur
872 3311 884 3348 :
941 3294 1205 3363 tandem,
1269 3299 1385 3351 [)eo
1416 3298 1657 3363 gratias,
1694 3298 1782 3352 fu-

112 3387 252 3449 gato
277 3383 558 3438 daemone
584 3383 1125 3451 mulierliberatur,
1180 3391 1235 3440 et
1284 3386 1360 3441 ad
1409 3387 1600 3441 virum
1659 3388 1779 3453 Dei,

110 3473 213 3527 ubi
245 3472 364 3526 sub
388 3472 657 3544 quadam
686 3472 900 3527 arbore
950 3473 1234 3536 refrigerii
1269 3475 1456 3538 gratia
1489 3476 1779 3541 consedit,

112 3577 263 3616 sana
293 3562 475 3616 corde
532 3567 589 3617 et
644 3578 894 3633 corpore
956 3563 1318 3634 perducitur.
1377 3565 1486 3628 Qui
1533 3566 1782 3634 cognitis

111 3650 314 3716 rebus,
342 3651 554 3705 timore
594 3650 815 3721 pariter
859 3655 916 3705 et
961 3651 1183 3717 gaudio
1228 3658 1648 3723 compunctus,
1700 3653 1782 3708 la-

109 3754 395 3811 crymans
420 3740 639 3807 gratias
670 3739 888 3794 divinae
921 3739 1121 3811 pietati
1162 3740 1220 3794 in
1263 3740 1475 3795 faciem
1525 3746 1786 3812 prostra-

112 3834 205 3885 tus
228 3829 363 3899 jure
392 3828 691 3900 persolvit,
719 3828 1034 3899 eidemque
1065 3845 1279 3884 manus
1305 3830 1621 3900 imponens
1645 3846 1781 3885 eam

112 3917 525 3972 benedictione
555 3917 774 3988 pariter
802 3922 860 3973 ct
888 3933 1061 3989 prece
1087 3917 1148 3972 in
1185 3918 1299 3971 ﬁde
1330 3918 1705 3979 confortavit,
1727 3924 1783 3973 et

113 4007 409 4064 valentem
438 4007 563 4061 imo
590 4010 648 4061 et
676 4007 1037 4073 gaudentem
1067 4023 1203 4061 cum
1252 4007 1654 4072 gaudentibus
1704 4009 1781 4062 ci-

110 4095 285 4149 vibus
314 4099 369 4150 et
399 4094 609 4150 amicis
632 4095 858 4150 remisit
883 4113 897 4163 ;
954 4095 1159 4166 sicque
1190 4095 1298 4150 iter
1326 4096 1491 4167 quod
1520 4101 1784 4167 cmperat

110 4184 355 4257 peregit.
394 4184 556 4239 Unde
586 4200 723 4239 eum
752 4201 964 4239 omnes
995 4185 1095 4256 qui
1123 4202 1257 4240 cum
1292 4202 1364 4240 eo
1406 4186 1781 4241 comitaban-

116 4279 206 4329 tur
237 4273 497 4345 amplius
528 4278 587 4329 et
611 4273 901 4330 amabant
926 4280 983 4328 et
1013 4275 1325 4343 timebant,
1372 4276 1545 4345 cujus
1575 4292 1777 4331 coram

116 4366 235 4419 Deo
286 4363 397 4418 tale
435 4363 716 4419 meritum
776 4364 1242 4433 cognoscebant,
1300 4365 1523 4436 quibus
1583 4371 1780 4421 tamen

115 4454 193 4523 [et
244 4457 365 4508 tam
442 4452 795 4525 parentibus
878 4452 1089 4524 puellae
1156 4470 1345 4525 quam
1428 4461 1483 4508 et
1541 4455 1632 4510 his
1677 4460 1776 4527 qui

116 4557 319 4597 secum
368 4544 559 4611 erant]
625 4558 807 4614 super
856 4542 972 4597 hoc
1027 4542 1182 4597 facto
1238 4542 1392 4597 seria
1432 4543 1779 4599 auctoritate

116 4631 408 4686 silentium
462 4631 715 4697 indixit;
802 4631 907 4685 sed
990 4647 1100 4686 nec
1173 4648 1333 4699 aegra
1384 4648 1520 4703 qua:
1572 4632 1776 4697 sensit,

116 4737 223 4775 nec
276 4716 452 4776 turba
500 4736 637 4792 qua:
698 4720 960 4776 salutare
1014 4720 1376 4776 miraculum
1429 4720 1622 4789 vidit,
1687 4736 1778 4775 re-

118 4810 296 4865 ﬁcu“.

186 4899 272 4949 '25.
315 4896 451 4949 Erat
475 4895 655 4949 etiam
686 4894 747 4949 in
778 4894 1047 4949 orientali
1079 4898 1246 4966 parte
1274 4892 1521 4948 civitatis
1565 4899 1780 4949 nostrae

116 4978 287 5051 palus
316 4979 616 5049 horriﬁca,
651 4984 706 5034 et
732 4978 1346 5034 circummanentibus
1374 4978 1622 5031 omnino
1654 4978 1782 5050 plu-

116 5063 219 5119 rali
248 5061 564 5118 formidine
583 5062 792 5132 invisa,
825 5079 895 5117 eo
922 5061 1087 5135 quod
1114 5060 1217 5128 ibi,
1264 5065 1321 5116 ut
1352 5060 1778 5133 opinabantur,

119 5154 234 5204 tam
263 5147 599 5202 meridiano
625 5164 809 5219 quam
844 5151 1137 5202 nocturno
1162 5152 1426 5218 tempore
1473 5144 1778 5201 illusiones

116 5236 411 5308 quasdam
439 5236 753 5291 horribiles
786 5236 877 5290 vel
902 5234 1180 5290 audirent
1208 5233 1297 5288 vel
1325 5234 1611 5299 viderent,
1643 5249 1778 5306 quae

117 5340 150 5379 a
180 5325 336 5379 fonte
359 5322 703 5392 salsuginis,
736 5322 839 5395 qui
870 5322 1093 5377 ibidem
1124 5322 1184 5377 in
1217 5321 1415 5376 medio
1468 5320 1777 5393 bulliebat,

184 5431 295 5500 (t2)
340 5430 434 5484 His
466 5430 636 5484 locus
659 5436 868 5501 postea
899 5428 1100 5501 saeculi
1139 5444 1217 5483 xu
1262 5427 1438 5501 initio
1484 5431 1781 5501 Praemon-

118 5501 506 5557 stratensibus
565 5500 758 5555 cessit.
818 5500 1112 5555 beneﬁcio
1162 5500 1445 5569 Bruningi
1489 5500 1775 5572 episcopi,

118 5592 187 5627 ex
214 5575 528 5627 Brouvero.

185 5646 296 5714 (43)
338 5644 656 5712 Bamberg.
692 5642 775 5697 sic
801 5642 1024 5698 habet:
1074 5644 1145 5698 Ut
1198 5645 1285 5699 ita
1342 5644 1663 5713 diligenter
1714 5642 1776 5697 in

115 5732 444 5786 pauperum
478 5730 628 5770 cura
660 5715 998 5778 desudaret,
1039 5716 1189 5768 sicut
1227 5731 1340 5783 pro
1370 5716 1484 5770 hac
1532 5716 1659 5782 ipsa
1691 5714 1779 5768 di-

118 5785 486 5857 Spensatione
514 5787 633 5843 Deo
664 5787 956 5842 rationem
982 5785 1232 5843 reddere
1255 5786 1489 5845 deberet
1516 5803 1529 5855 ;
1558 5786 1621 5840 in
1659 5802 1776 5856 quo

1893 3207 2016 3257 tum
2050 3201 2541 3258 obliviscerentur
2562 3203 2868 3259 discedere
2915 3203 3289 3260 hortabatur.
3341 3203 3561 3275 Aliqui-

1889 3291 2006 3345 bus
2030 3307 2168 3347 vero
2200 3308 2339 3347 cum
2371 3307 2442 3347 eo
2482 3292 2704 3348 diutius
2751 3309 3104 3365 permanere
3160 3292 3558 3365 cupientibus,

1890 3378 2055 3434 illam
2083 3380 2345 3448 Gregorii
2378 3380 2437 3435 in
2469 3381 2718 3450 Dialogo
2748 3380 2868 3452 (lib.
2903 3398 2960 3447 ιι,
2994 3397 3045 3435 c.
3075 3383 3162 3453 43)
3207 3380 3558 3436 sententiam

1890 3468 2112 3522 ironice
2138 3468 2379 3537 objecit,
2412 3469 2724 3540 quomodo
2757 3469 3003 3525 stultum
3034 3470 3320 3525 viatorem
3359 3470 3439 3526 ad
3468 3486 3563 3526 sa-

1890 3574 1992 3612 cra
2024 3557 2155 3612 loca
2196 3564 2621 3629 properantem
2675 3558 2954 3613 inimicus
2995 3574 3102 3630 per
3149 3559 3559 3615 conviatorem

1891 3662 2088 3711 suum,
2118 3651 2173 3700 et
2192 3662 2299 3717 per
2316 3646 2494 3700 fontis
2514 3647 2608 3701 vel
2625 3646 2776 3719 prati
2799 3647 3230 3715 amoenitatem,
3264 3647 3356 3702 vel
3376 3647 3557 3703 etiam

1889 3735 2159 3790 ciborum
2191 3734 2593 3801 dulcedinem,
2620 3735 2872 3808 decepit.
2930 3735 3235 3791 Interdum
3272 3739 3477 3791 autem
3519 3752 3558 3791 a

1891 3825 2015 3879 suis
2048 3824 2460 3890 familiaribus,
2495 3824 2663 3897 quod
2692 3840 2801 3880 nec
2828 3825 2879 3880 ei
2919 3824 3294 3897 displicebat,
3349 3825 3559 3880 admo-

1888 3914 2067 3979 nitus,
2094 3914 2257 3986 quod
2285 3913 2435 3969 inter
2462 3914 2607 3969 tales
2629 3916 2847 3986 saepius
2873 3914 2991 3970 veri
3022 3914 3121 3970 Dei
3169 3915 3347 3970 amici
3396 3914 3557 3969 inve-

1888 4003 2175 4074 nirentur,
2208 4003 2353 4058 illud
2382 4003 2581 4059 statim
2615 4004 2959 4077 Hieronymi
3006 4003 3328 4060 ridiculum
3376 4021 3561 4077 appo-

1890 4093 2025 4163 suit,
2054 4094 2198 4165 quia
2222 4094 2545 4149 mendaces
2573 4094 2800 4150 faciunt
2830 4099 2893 4150 ut
2927 4094 3198 4151 veridicis
3230 4094 3328 4150 vix
3359 4095 3562 4152 creda-

1889 4186 2001 4237 tur.
2038 4183 2093 4239 Si
2123 4199 2279 4254 quos
2307 4188 2507 4239 tamen
2540 4182 2747 4239 talium
2773 4184 2833 4239 in
2876 4185 2977 4240 Dei
3004 4185 3165 4240 cultu
3206 4185 3300 4240 vel
3349 4184 3558 4241 timore

1889 4271 2132 4327 stabiles
2179 4273 2445 4343 agnovit,
2496 4273 2606 4327 hos
2658 4274 2767 4344 (44)
2810 4274 3096 4329 nimirum
3148 4274 3427 4346 privatim
3457 4290 3562 4345 po-

1891 4363 2002 4417 tius
2028 4378 2214 4433 quam
2242 4362 2499 4433 publice,
2527 4363 2693 4434 quod
2745 4368 2803 4417 et
2850 4363 2962 4435 ipsi
3007 4363 3336 4428 malebant,
3381 4363 3441 4418 in
3485 4363 3558 4417 iis

1894 4467 2031 4521 quae
2062 4450 2139 4505 ad
2176 4453 2361 4504 Deum
2391 4450 2691 4521 pertinent
2714 4450 3042 4507 adamavit.
3104 4451 3215 4505 Sed
3273 4456 3328 4507 et
3380 4467 3562 4523 super

1893 4538 2305 4609 delinquentes
2336 4542 2391 4592 et
2421 4537 2635 4592 noxios
2660 4538 2814 4593 mira
2843 4542 2967 4593 crat
3000 4538 3381 4594 miseratione
3398 4538 3559 4593 mitis

1889 4631 1945 4681 ct
1971 4625 2282 4697 placabilis
2317 4642 2329 4679 :
2362 4625 2443 4680 ita
2473 4631 2550 4693 ut,
2582 4625 2629 4680 si
2653 4625 2905 4697 quilibet
2926 4625 3133 4681 talium
3163 4626 3558 4682 confessionis

1888 4720 1945 4771 et
1972 4715 2334 4787 ptenitentiee
2363 4715 2553 4783 gratia
2582 4715 2659 4770 ad
2691 4732 2830 4771 eum
2854 4716 3251 4786 confugerint,
3269 4715 3558 4772 etdelicta

1887 4805 1971 4860 eis
2000 4811 2281 4877 prompta
2311 4805 2624 4860 clementia
2674 4805 2874 4860 statim
2922 4803 3254 4872 indulserit,
3313 4809 3369 4860 et
3412 4804 3559 4872 vigi-

1886 4894 2031 4949 lanti
2084 4910 2228 4949 cura
2281 4893 2385 4957 eis,
2444 4910 2517 4949 ne
2577 4893 2819 4948 ulterius
2875 4892 2934 4948 in
2990 4892 3131 4948 talia
3186 4893 3555 4949 necessitatis

1888 5001 2069 5041 causa
2101 4984 2429 5039 inciderent
2457 4984 2757 5055 [prudenti
2789 4982 3037 5039 consilio
3084 4983 3426 5052 correxerit,
3477 4985 3556 5054 et]

1887 5085 2130 5124 omnem
2204 5068 2622 5123 sufﬁcientiam
2704 5066 2765 5122 in
2830 5071 3138 5140 posterum
3196 5065 3556 5139 protulerit,

1888 5168 2053 5208 more
2103 5152 2349 5225 quidem
2420 5157 2477 5207 et
2530 5151 2806 5223 exemplo
2882 5150 3068 5206 sancti
3146 5151 3239 5206 sui
3317 5152 3557 5222 patroni

1889 5238 2109 5293 Nicolai
2157 5237 2447 5309 episcopi,
2498 5237 2601 5308 qui
2658 5235 3181 5306 eleemosynarum
3235 5251 3386 5291 auro
3417 5279 3430 5302 ,
3500 5241 3558 5293 et

1888 5322 2188 5392 virginum
2218 5321 2496 5388 incestus,
2532 5325 2585 5375 et
2613 5320 2800 5393 patris
2822 5334 3031 5375 earum
3061 5319 3356 5393 inopiam,
3385 5325 3441 5376 et
3468 5326 3555 5379 to-

1890 5430 2015 5484 loco
2033 5429 2261 5483 eunetis
2292 5427 2694 5498 qurerentibus
2722 5425 3001 5496 prodesse
3032 5429 3240 5495 voluit,
3294 5429 3557 5486 maxime

1889 5511 2085 5555 tamen
2118 5500 2209 5554 his
2256 5514 2400 5569 quos
2454 5516 2572 5552 non
2624 5498 2990 5554 discursorcs
3041 5506 3093 5555 et
3128 5501 3405 5556 ittusores
3437 5517 3557 5557 esse

1888 5574 2182 5626 coenavit.

1998 5587 2182 5627 novit.

1957 5588 2065 5713 ἕω)
2110 5641 2292 5709 Idem,
2321 5641 2619 5713 hosiomm'
2655 5642 2877 5711 a/I‘eetu
2917 5642 3152 5711 fovens,
3198 5642 3440 5711 publice
3481 5658 3553 5699 ac

1886 5715 2171 5783 privatim
2202 5728 2397 5768 secum
2431 5712 2662 5768 habuit.
