3944 6400
393 306 526 364 1183

1333 311 1388 366 S.
1431 310 1841 367 GODEHARDI
1886 307 2199 364 EPISCOPI
2241 305 2890 364 HILDESHEIMENSIS.

3701 310 3836 366 1184

388 432 504 488 tius
560 430 799 487 familiae
851 431 1263 487 detestabilem
1323 431 1549 487 ademit
1600 432 1937 498 infamiam,
1997 434 2054 486 et
2084 432 2133 484 A
2163 427 2575 500 apostolorum
2635 429 2910 500 tendens,
2966 428 3114 485 feria
3167 429 3340 486 tertia
3390 434 3529 486 ante
3590 434 3836 489 Ccenam

387 520 795 594 quorumlibet
825 536 1164 593 pauperum
1188 520 1265 575 ad
1298 537 1359 575 se
1381 537 1630 595 quoquo
1660 521 1844 577 modo
1874 520 2054 593 perti-

391 610 661 666 nentium
689 609 788 681 pia
819 610 1135 665 clementia
1166 610 1396 665 sedavit
1416 611 2052 681 indigentiam.Hujus,

387 700 660 771 inquam,
691 698 965 771 exemplo
994 699 1218 771 praesul
1266 705 1471 755 noster
1511 700 1823 770 satagebat
1844 700 2056 772 inopes

388 788 612 860 ubique
638 803 876 860 semper
904 788 1221 857 consolari,
1281 790 1374 845 cui
1434 795 1491 846 et
1547 790 1713 847 cordi
1762 794 2056 846 eratcum

389 875 605 932 talibus
636 876 916 949 colloqui,
950 894 1091 933 cum
1118 874 1201 934 eis
1232 877 1602 936 ludificando
1629 884 1684 935 et
1710 879 1889 941 etiam
1916 894 2057 935 con-

387 965 652 1022 vivando
673 966 1000 1037 jucundari

458 1061 548 1112 27.
592 1059 672 1111 Eo
703 1056 883 1111 etiam
924 1072 1106 1123 anno,
1159 1060 1313 1113 certe
1368 1073 1404 1113 a
1463 1058 1772 1115 Nativitate
1823 1056 2057 1115 Domini

396 1150 550 1216 1024,
581 1147 695 1219 pias
728 1147 1033 1203 memoriae
1063 1147 1345 1203 Henricus
1376 1149 1721 1221 imperator,
1738 1148 2059 1205 ordinatio-

388 1236 483 1290 nis
515 1252 637 1290 suae
668 1250 834 1291 anno
875 1240 964 1301 23,
1017 1235 1095 1291 ad
1156 1236 1458 1293 Christum
1517 1237 1829 1309 migravit;
1888 1238 2060 1309 cuius

388 1325 616 1397 quippe
647 1325 844 1380 obitus
876 1330 1063 1381 totam
1109 1326 1546 1383 Christianismi
1597 1328 1882 1395 laetitiam,
1926 1344 2060 1400 quae

389 1411 505 1466 sub
534 1428 606 1467 eo
637 1411 857 1480 ﬂoruit,
887 1413 1118 1469 ﬂebiter
1148 1415 1547 1472 conturbavit.
1596 1417 1701 1473 Cui
1730 1417 2061 1473 succedens

387 1500 479 1556 vir
533 1500 752 1556 nobilis
798 1506 855 1556 et
914 1506 1193 1557 strenuus
1245 1504 1579 1571 Conradus,
1627 1505 1893 1577 primum
1934 1520 2059 1560 suae

390 1590 682 1646 felicitatis
711 1590 1027 1645 annumin
1062 1591 1263 1646 Natale
1325 1592 1558 1648 Domini
1613 1594 1819 1650 Mindze
1865 1593 2060 1650 initia-

388 1680 509 1746 vit;
557 1679 695 1734 inde
743 1685 880 1752 post
939 1681 1335 1753 Epiphaniam
1389 1682 1805 1739 Hildenesbein
1854 1683 2057 1739 venit:

2166 516 2402 573 Domini
2434 519 2689 575 Romam
2720 518 2875 574 felici
2903 517 3300 591 prosperitate
3349 519 3623 588 gaudens
3657 520 3835 578 intra-

2163 607 2265 675 vit,
2290 611 2347 663 et
2375 607 2437 662 in
2480 612 2688 664 sancta
2733 607 3205 664 Resurrectionis
3251 608 3486 664 Domini
3527 609 3622 665 die
3667 627 3837 667 coro-

2163 712 2309 752 nam
2332 696 2660 770 imperialis
2699 697 2948 754 honoris
2980 713 3017 753 a
3045 696 3224 753 beato
3252 700 3482 754 Joanne
3532 700 3839 772 apostolo-

2162 801 2298 842 rum
2354 786 2578 842 vicario
2636 785 2896 857 gloriose
2945 786 3230 860 percepit.
3277 786 3419 844 Inde
3463 787 3524 843 in
3563 789 3843 860 proxima

2166 875 2476 932 Dominica
2524 890 2867 945 regressus,
2925 892 2996 933 ac
3043 891 3303 949 pervasa
3364 876 3840 951 circumquaque

2164 964 2518 1037 potestative
2548 980 2620 1021 ea
2648 965 2912 1035 regione,
2939 965 3000 1020 in
3031 981 3182 1038 pace
3212 964 3575 1038 repatriavit,
3604 971 3661 1022 et
3689 968 3840 1023 nati-

2166 1052 2409 1109 vitatem
2436 1052 2627 1109 sancti
2656 1054 2903 1109 Joannis
2932 1054 3209 1126 Baptistae
3242 1053 3550 1127 lmbripoli
3574 1055 3685 1126 (49)
3735 1070 3842 1111 no-

2166 1159 2275 1198 vus
2307 1142 2633 1214 imperator
2663 1142 3004 1213 celebravit,
3036 1143 3139 1199 ubi
3184 1147 3241 1199 et
3270 1142 3554 1199 defuncto
3584 1143 3647 1199 in
3677 1143 3844 1199 bona

2170 1235 2474 1287 senectute
2506 1232 2753 1288 Henrico
2784 1231 2939 1288 duce
2967 1232 3279 1304 Bajoariae,
3302 1232 3425 1288 ﬁlio
3456 1249 3566 1288 suo
3586 1232 3846 1289 domino

2171 1321 2424 1377 Henrico
2481 1320 2767 1376 eumdem
2808 1321 3120 1390 ducatum,
3185 1322 3530 1395 principum
3584 1321 3843 1389 delectu,

2169 1410 2639 1467 commendavit.

2240 1505 2328 1557 29.
2374 1503 2454 1556 Eo
2482 1500 2624 1556 item
2657 1516 2819 1556 anno
2849 1501 3032 1556 Aribo
3081 1501 3457 1571 Magontinus
3504 1504 3847 1558 Francono-

2168 1590 2341 1645 vordi
2391 1590 2713 1646 concilium
2768 1590 2985 1662 synodi
3044 1590 3427 1660 coadunavit,
3486 1591 3847 1663 praesidente

2170 1680 2529 1753 imperatore
2582 1698 2723 1737 cum
2779 1681 3077 1755 episcopis
3118 1681 3329 1751 viginti
3378 1681 3588 1753 tribus,
3633 1682 3695 1737 in
3722 1698 3847 1755 quo

388 1769 469 1824 ibi
526 1769 704 1824 etiam
758 1769 1084 1841 prtedictus
1145 1769 1322 1823 .-\ribo
1381 1772 1891 1844 archiepiscopus,
1958 1771 2063 1844 qui
2094 1786 2133 1843 Β
2171 1770 2386 1825 iterum
2416 1770 2663 1826 beatum
2688 1770 2881 1826 virum
2905 1770 3331 1826 Godehardum
3353 1770 3427 1826 de
3456 1771 3677 1844 saepius
3699 1786 3851 1843 prae-

388 1859 622 1913 vivente
660 1858 1020 1931 imperatore
1061 1859 1188 1928 jam
1235 1874 1343 1930 per
1400 1859 1691 1915 biennum
1738 1860 2061 1930 obmutuit,

391 1948 605 2003 iterum
662 1947 907 2003 inventa
958 1948 1273 2003 occasione
1334 1948 1580 2005 beatum
1639 1949 2063 2005 Godehardum

392 2053 575 2110 super
606 2037 1017 2093 Gandersheim
1049 2037 1377 2110 inquietare
1409 2039 1609 2110 ccepit,
1641 2055 1831 2111 quam
1861 2043 2064 2094 tamen

392 2129 524 2198 ejus
550 2126 1061 2182 machinationem
1092 2143 1289 2183 novus
1321 2143 1423 2182 rex
1455 2128 1783 2201 primatum
1815 2129 2064 2185 consilio

392 2216 647 2272 diremit.
677 2217 890 2287 Sicque
922 2231 1023 2271 rex
1054 2221 1371 2288 peragrata
1402 2218 1837 2289 compendioso
1860 2218 2065 2273 itinere

397 2305 677 2365 Saxonia.
745 2305 1256 2377 quadragesimali
1327 2312 1594 2379 tempore
1648 2324 1755 2379 per
1814 2307 2067 2363 Thurin-

396 2395 578 2464 giam,
615 2394 1049 2466 Franciamque
1082 2397 1281 2465 (ΗΜΛ,
1323 2397 1746 2466 Frankoniam]
1778 2397 1837 2452 in
1866 2397 2068 2467 Bajoa—

393 2485 548 2539 riam
578 2500 955 2556 progressus,
990 2486 1398 2555 Reginesburg
1428 2487 1875 2557 (Remersburg)
1925 2502 2065 2542 san-

396 2579 557 2630 ctum
582 2574 811 2629 Pascha
841 2575 1167 2630 honorifice
1201 2576 1465 2643 feriavit;
1517 2582 1571 2633 et
1594 2593 1664 2633 ea
1694 2582 1897 2633 aestate
1928 2593 2067 2650 par-

397 2669 483 2719 tes
514 2664 821 2734 Bajoariae,
880 2664 1129 2731 Suevite,
1180 2670 1235 2720 et
1286 2665 1751 2721 Karentinorum
1784 2683 1922 2722 cum
1955 2667 2067 2721 cir-

397 2752 862 2822 cumjacentium
886 2753 1613 2824 provinciarumterminis
1642 2755 2067 2827 pertransiens,

399 2841 666 2898 Natalem
691 2841 925 2897 Domini
959 2842 1154 2897 Leodii
1178 2843 1519 2911 celebravit,
1571 2844 1650 2899 ad
1701 2844 2068 2899 Purificatio-

397 2948 537 2987 nem
567 2948 706 2986 vero
735 2936 955 2986 sanctae
986 2932 1177 2987 Mariae
1209 2937 1489 3000 Augustae
1515 2934 1770 2999 mansit;
1795 2934 1933 2988 inde
1964 2933 2071 2989 iter

400 3037 578 3075 suum
607 3021 682 3075 ad
717 3026 913 3091 partes
946 3020 1122 3075 Italia!
1162 3020 1377 3076 direxit
1408 3040 1421 3083 ;
1463 3028 1519 3076 et
1568 3023 1912 3094 proximum
1963 3025 2068 3078 Pa-

402 3108 547 3163 scha
580 3108 849 3162 Vercellis
876 3123 1164 3179 prospere
1196 3108 1538 3177 celebravit,
1564 3115 1619 3165 et
1648 3110 1728 3165 ita
1759 3111 2071 3180 contiguas
2100 3143 2141 3196 Ο

402 3198 875 3269 circumquaque
906 3196 1181 3265 regiones
1210 3197 1270 3252 in
1295 3213 1455 3252 novo
1486 3199 1651 3268 regio
1679 3199 1892 3255 decore
1932 3201 2071 3256 visi-

402 3284 587 3342 tando
640 3285 1001 3356 peragravit.
1048 3285 1237 3340 Tertio
1295 3302 1538 3358 quoque
1592 3304 1702 3342 suo
1752 3303 1913 3343 anno
1958 3290 2073 3361 (45)

403 3372 626 3446 praesul
656 3378 859 3427 noster
897 3375 1152 3429 Montem
1210 3374 1551 3445 speciosum
1603 3374 1677 3430 in'
1716 3375 2073 3432 occidentali

402 3467 571 3535 parte
603 3461 853 3517 civitatis
884 3461 1140 3517 incolere
1196 3463 1394 3535 carpit,
1450 3480 1631 3536 quem
1681 3465 1891 3536 quinto
1937 3471 2074 3537 post

404 3567 565 3607 anno
595 3551 760 3607 titulo
813 3568 883 3606 ac
933 3552 1164 3607 nomini
1213 3554 1401 3608 sancti
1441 3553 1700 3609 Mauricii
1731 3555 1952 3609 srunmi
1982 3556 2074 3611 sui

402 3641 640 3714 patroni
669 3640 905 3697 dicavit.
934 3641 1259 3697 Ecclesium
1286 3642 1463 3697 etiam
1494 3642 1810 3715 pulchram
1838 3644 1897 3699 in
1933 3645 2072 3700 Hol-

402 3730 615 3785 thusen
649 3730 763 3800 (46)
792 3729 853 3783 in
888 3729 1115 3785 honore
1149 3730 1335 3784 sancti
1360 3731 1657 3785 Benedicti
1691 3731 1929 3787 abbatis
1948 3749 2075 3787 mo-

402 3819 670 3874 nachicae
701 3819 1134 3874 convcrsationi
1167 3825 1373 3891 aptam
1396 3820 1712 3889 dedicavit,
1738 3827 1795 3876 et
1825 3822 2075 3878 circum-

402 3922 649 3979 quaque
680 3924 786 3979 per
815 3908 1097 3980 episcopii
1131 3908 1218 3963 sui
1255 3909 1576 3964 terminum
1608 3910 1886 3966 basilicas
1918 3911 2072 3966 mul-

402 4000 494 4050 tas
521 3995 613 4049 vel
644 3995 773 4067 ipse
801 3996 1065 4051 studiose
1093 3997 1432 4065 aedificavit,
1466 3998 1555 4052 vel
1601 3999 1678 4053 ab
1720 4000 1849 4054 aliis
1892 4000 2072 4055 fideli-

404 4083 518 4139 bus
550 4083 757 4140 Christi
788 4089 1164 4140 constructas
1198 4090 1499 4155 gratanter
1532 4090 1650 4142 Deo
1681 4091 2070 4145 consecravit.

475 4177 561 4228 28.
608 4176 688 4228 Eo
719 4178 987 4246 tempore
1014 4175 1333 4247 praedictus
1360 4176 1540 4231 Aribo
1580 4178 2073 4251 archiepiscopus

401 4262 463 4317 in
493 4262 692 4317 natale
739 4263 925 4317 sancti
976 4263 1231 4335 apostoli
1289 4264 1537 4320 Matthaai
1595 4266 2076 4333 Selimggenstad

403 4351 514 4421 (47)
554 4350 876 4406 concilium
930 4351 1204 4421 generale
1260 4352 1690 4425 episcoporum
1751 4354 2074 4412 duodecim

402 4440 745 4510 concivit,in
777 4456 900 4512 quo
931 4440 1250 4513 prmsulem
1276 4448 1549 4497 nostrum
1579 4459 1759 4515 super
1789 4446 2075 4516 praedicto

402 4529 963 4585 Gandersheimensi
989 4530 1279 4585 territorio
1310 4531 1547 4602 publice
1567 4534 1865 4599 convenit,
1886 4551 2075 4607 quam

404 4624 601 4674 tamen
631 4618 933 4689 synodum
968 4620 1335 4674 unanimitas
1394 4621 1647 4677 fratrum
1695 4622 1753 4676 in
1807 4623 2072 4678 futurum

402 4724 632 4763 annum
664 4708 1238 4779 comperendinavit.
1269 4712 1385 4764 Rex
1420 4716 1620 4765 autem
1651 4711 1847 4766 natale
1878 4712 2074 4768 Domi-

402 4796 461 4851 ni
511 4797 725 4852 festum
782 4800 998 4868 lporcw
1053 4800 1166 4867 (48)
1214 4797 1504 4864 initiavit;
1558 4798 1698 4853 inde
1748 4800 1825 4855 ad
1869 4800 2075 4856 limina

477 4994 590 5063 (iii)
633 4991 863 5059 Bamb,
899 4994 1072 5061 regni
1100 4994 1196 5047 sui
1226 5009 1405 5047 anno.

477 5065 588 5133 (46)
632 5064 835 5119 Diruto
868 5063 1001 5118 licet
1032 5065 1421 5126 monasterio,
1456 5080 1677 5119 nomen
1725 5065 1894 5120 locus
1943 5068 2075 5123 reti-

404 5136 533 5207 nuit
562 5135 639 5190 ad
673 5136 976 5205 Visurgim
1006 5135 1281 5207 fluvium,
1298 5136 1577 5190 undecim
1609 5136 1837 5192 circiter
1867 5139 2076 5194 millia-

404 5205 572 5259 ribus
601 5207 969 5262 Germanicis
996 5206 1227 5262 distans
1258 5205 1294 5262 a
1325 5207 1555 5262 civitate
1581 5208 2075 5266 Hildcshcimcnsi

404 5289 612 5330 versus
643 5277 1036 5333 occidentem.

479 5345 594 5414 (At?)
636 5347 874 5402 Celebre
902 5354 989 5405 cst
1019 5350 1451 5404 monasterium
1507 5349 1583 5405 ad
1626 5354 1882 5407 Manium
1928 5352 2078 5409 inter

409 5414 744 5489 Hanovi‘am
775 5423 832 5472 et
861 5420 1490 5489 Aschaffemburgum.

361 5544 367 5555 .
481 5484 593 5606 (ἐκ)
634 5486 862 5556 lporea,
900 5506 1005 5543 seu
1052 5484 1364 5561 Eporedia,
1420 5508 1581 5546 nunc
1629 5498 1827 5549 autem
1889 5496 2073 5559 lvrea,

410 5566 481 5605 ΙΙΙ·
531 5571 557 5605 S
614 5561 701 5606 est
753 5558 1113 5606 enisnnnalis
1162 5561 1218 5606 in
1272 5562 1496 5606 finilinc
1547 5563 1917 5606 Saluium-inn
1963 5571 2073 5606 ulli)

410 5558 557 5635 urbs
614 5561 717 5635 est.
751 5558 1116 5635 episcopalis
1162 5561 1221 5635 in
1272 5558 1496 5635 finibus
1547 5563 1921 5620 Salassorum
1963 5571 2077 5621 sub

411 5624 718 5694 metrepoli
751 5624 1095 5683 Taurinensi
1128 5631 1203 5685 ad
1240 5633 1482 5688 Duriam
1515 5635 1787 5691 fluvium.

417 5759 467 5780 ζμ
635 5696 841 5780 Mirum
871 5703 987 5780 “est.
1040 5707 1336 5780 quantum
1376 5705 1480 5780 hic
1510 5705 1677 5780 locus
1718 5708 2077 5780 scriptorum

415 5769 654 5828 ingenia
678 5769 926 5822 torserit.
958 5769 1162 5824 Surius
1190 5771 1251 5826 in
1290 5775 1474 5830 veteri
1504 5776 1761 5833 editione
1790 5769 2077 5851 reposue-

2172 1858 2457 1915 ventilata
2484 1875 2668 1915 causa
2699 1874 2867 1915 more
2895 1875 3005 1915 suo
3057 1859 3445 1932 inquietavit;
3502 1859 3585 1914 ibi
3628 1858 3852 1932 praesul

2174 1955 2376 2004 noster
2404 1949 2670 2017 tandem,
2724 1965 2966 2005 summa
3012 1949 3272 2015 veritate,
3333 1965 3468 2021 quae
3524 1952 3677 2005 Deus
3736 1953 3851 2019 est,

2176 2038 2495 2094 miserante
2545 2038 2767 2111 pariter
2822 2043 2879 2093 et
2931 2037 3280 2109 adjuvante,
3320 2038 3713 2110 episcopatus
3757 2038 3853 2093 sui

2174 2127 2602 2201 proprietatem
2632 2142 2812 2200 super
2837 2131 3029 2183 totum
3061 2126 3641 2183 Gandersheimense
3682 2128 3855 2183 terri-

2177 2218 2418 2283 torium,
2452 2216 2795 2272 testimonio
2826 2221 3056 2289 septem
3086 2216 3532 2289 episcoporum,
3560 2217 3665 2289 qui
3696 2232 3854 2289 prue-

2177 2306 2401 2361 dictain
2432 2306 2774 2378 pactionem
2804 2306 2865 2361 in
2895 2305 3331 2361 Gandersheim
3362 2310 3419 2362 et
3447 2306 3768 2362 audierant
3800 2311 3858 2361 et

2178 2395 2471 2464 viderant,
2500 2395 2788 2452 canonice
2819 2395 3092 2463 detinuit,
3136 2395 3358 2451 scilicet
3404 2398 3680 2451 Brunone
3731 2398 3856 2451 Au-

2179 2483 2445 2553 gustensi
2475 2483 2894 2548 concionante,
2926 2484 3249 2539 Wernhero
3279 2484 3711 2554 Argentinense
3744 2485 3856 2540 de-

2178 2576 2474 2639 cernente,
2504 2571 2638 2643 ipso
2668 2586 2811 2627 vero
2842 2571 3311 2643 Metropolitano,
3337 2587 3476 2627 vere
3502 2571 3861 2639 invito,ver-

2177 2660 2239 2715 bi
2272 2659 2371 2715 Dei
2397 2659 2603 2715 banno
2634 2658 2992 2716 atﬁrmante.
3050 2660 3119 2715 Hi
3163 2660 3325 2716 enim
3373 2665 3545 2717 erant
3581 2661 3857 2734 episcopi

2179 2749 2281 2821 qui
2314 2748 2532 2804 seniori
2570 2754 2776 2804 nostro
2822 2765 3000 2805 suum
3050 2750 3478 2817 testimonium,
3526 2750 3696 2806 sicuti
3744 2767 3858 2807 au-

2180 2838 2415 2894 dierant
2439 2843 2497 2893 et
2522 2838 2816 2904 viderant,
2844 2838 3254 2910 praebuerunt,
3286 2838 3349 2894 id
3387 2844 3475 2895 est
3501 2842 3697 2895 Bruno
3728 2842 3855 2895 Au-

2182 2927 2482 2996 gustensis
2513 2927 2854 3000 episcopus,
2888 2928 3267 2983 Everhardus
3294 2927 3687 3000 [Ebehardus]
3741 2930 3857 2983 Ba-

2182 3016 2608 3085 venbergensis
2660 3015 3008 3088 episcopus,
3050 3016 3430 3073 Meinhardus
3482 3017 3860 3072 Werciburh-

2185 3104 2382 3173 gensis
2413 3103 2932 3175 [Wirzburgensis]
2954 3104 3294 3178 episcopus,
3319 3106 3702 3162 Meinwercus
3720 3107 3862 3162 Bar-

2184 3192 2677 3248 therbrunnensis
2711 3191 3261 3265 [Paderbornensis]
3294 3194 3637 3267 episcopus,
3689 3196 3858 3265 Sige-

2182 3280 2388 3335 bertus
2420 3280 2739 3336 Mindensis
2765 3280 3106 3353 episcopus,
3160 3282 3574 3339 Hildewardus
3617 3288 3729 3351 (50)
3776 3285 3861 3339 Ci-

2184 3368 2372 3423 zensis
2394 3368 2736 3439 [Citizensis]
2768 3370 3111 3442 episcopus,
3146 3372 3343 3425 Bruno
3364 3372 3859 3442 Mersburgensis.

2255 3461 2343 3513 30.
2390 3457 2639 3513 Pulchra
2670 3457 2833 3513 enim
2857 3462 2987 3513 erat
3013 3458 3095 3513 ibi
3142 3463 3199 3514 et
3227 3458 3660 3515 rationabiliter
3697 3460 3863 3517 ordi-

2182 3553 2326 3605 nata
2356 3554 2477 3605 tam
2506 3548 2726 3619 regalis
2771 3564 2962 3621 quam
3012 3554 3069 3605 et
3113 3549 3476 3623 episcopalis
3525 3552 3859 3607 consessio.

2184 3641 2334 3693 Nam
2364 3638 2427 3693 in
2452 3638 2728 3694 orientali
2746 3643 2915 3711 parte
2947 3643 3085 3694 ante
3116 3638 3322 3709 altare,
3370 3640 3862 3714 archiepiscopus

2183 3727 2364 3782 Aribo
2410 3743 2548 3782 cum
2598 3727 2722 3782 suis
2764 3727 3163 3798 suifraganeis
3212 3729 3536 3786 Wernhero
3586 3730 3860 3800 Argenti-

2181 3832 2387 3883 nense,
2406 3819 2681 3873 Brunone
2700 3817 3489 3886 Augustense,Meinwercho
3502 3818 3864 3874 Patherbru—

2181 3906 2743 3975 nense,Everhardo
2760 3906 3277 3976 Bavenberbense,
3297 3906 3679 3977 Meginhardo
3703 3910 3863 3964 Wer-

2185 3996 2608 4066 ciburhgense,
2650 3996 3010 4051 Godehardo
3042 3996 3649 4063 Hildenesheimense,
3683 3999 3865 4055 Bran-

2185 4087 2332 4158 thop
2367 4086 2879 4156 Halverstadense,
2902 4085 3175 4156 Wiggero
3207 4085 3528 4158 Nerdense,
3547 4087 3861 4142 Hazecone

2184 4174 2637 4230 Wormaciense
2654 4173 3015 4230 consedit.ln
3033 4174 3389 4230 occidentali
3407 4191 3546 4231 vero
3567 4179 3735 4247 parte
3751 4175 3863 4231 im-

2183 4269 2426 4337 perator
2446 4263 2738 4330 consedit,
2773 4267 2881 4319 eta
2907 4264 3130 4319 dextris
3155 4264 3286 4335 ejus
3314 4264 3663 4333 Bilegrimus
3704 4264 3859 4335 [Pili-

2186 4353 2412 4423 grinus]
2447 4351 2704 4408 Coloniae
2734 4352 3245 4426 archiepiscopus,
3284 4369 3426 4409 cum
3454 4353 3569 4408 sibi
3598 4352 3859 4409 subditis

2188 4441 2494 4509 Sigeberto
2516 4440 2837 4508 Mindense,
2897 4441 3173 4511 Sigifrido
3222 4441 3679 4512 Mimigardense
3724 4442 3862 4512 [Mo-

2184 4530 2580 4600 nasteriensi),
2612 4531 2895 4586 Bennone
2924 4532 3296 4602 Trajectense
3322 4549 3334 4599 ;
3359 4547 3395 4587 a
3426 4531 3679 4587 sinistris
3700 4532 3864 4587 Hun-

2185 4620 2374 4676 fridus
2392 4619 2990 4693 Parthenopolitanus
3022 4620 3599 4692 [Magdeburgensis]
3632 4622 3862 4677 archie-

2185 4712 2489 4783 piscopus,
2524 4725 2663 4765 cum
2703 4710 2826 4764 suis
2859 4710 3240 4767 Hildewardo
3262 4711 3860 4778 Citizense,Brunone

2185 4799 2653 4870 Mersburgense,
2684 4799 2938 4856 Luizone
2970 4799 3466 4870 Havelbergense,
3493 4800 3859 4856 Theoderico

2187 5003 2276 5053 rat
2306 4999 2637 5067 Hcrbipoli.
2669 5001 2803 5054 Mss.
2838 5002 3041 5054 autem
3070 4999 3233 5054 varie
3262 4998 3510 5063 habent,
3551 4999 3858 5068 Imbrolis,

2186 5071 2527 5139 Imm-{polis
2558 5077 2611 5125 et
2644 5072 2705 5125 in
2730 5070 3169 5139 Bripoliliaud
3199 5069 3455 5125 dubium
3483 5071 3630 5140 quin
3658 5070 3862 5140 legen-

2184 5142 2331 5197 dum
2362 5142 2433 5196 sit
2465 5142 2791 5221 I_m_bripol_i_
2804 5142 2983 5221 unico
3014 5142 3414 5221 verbo,_quam
3440 5142 3653 5221 urbem
3678 5144 3862 5221 Brou-

2189 5230 2361 5285 verus
2392 5219 2562 5284 putat
2592 5230 2719 5268 esse
2750 5212 2982 5285 Verlam
3017 5212 3289 5285 Saxoniaa
3335 5213 3633 5285 oppidum
3664 5232 3678 5279 ;
3730 5214 3862 5269 Bol-

2184 5283 2406 5339 landus
2447 5290 2649 5356 autem
2700 5284 2911 5340 asserit
2956 5300 3084 5356 esse
3124 5283 3518 5356 Ratisponam
3549 5284 3856 5340 celeberri-

2187 5371 2351 5410 mam
2379 5355 2612 5428 urbem,
2655 5356 2855 5428 aitque
2886 5355 3052 5428 apud
3082 5355 3362 5428 antiquos
3391 5358 3685 5411 Teutones
3716 5373 3857 5412 voce

2190 5429 2397 5500 Regem
2431 5426 2689 5500 imbrem
2724 5426 2992 5482 indicari.
3028 5426 3245 5500 verum
3272 5427 3405 5482 licet
3435 5428 3591 5482 hanc
3623 5433 3854 5500 etymo-

2188 5498 2415 5571 logiam
2432 5498 2745 5571 improbet
2772 5502 2974 5571 noster
3001 5498 3311 5571 Adolphus
3338 5500 3633 5571 Overham
3668 5498 3726 5554 in
3750 5516 3854 5554 no-

2191 5570 2259 5644 tis
2292 5568 2368 5644 ad
2404 5568 2591 5644 Vitam
2626 5570 2681 5625 S.
2712 5569 3038 5644 Meinverci,
3070 5568 3469 5644 invectissime
3502 5577 3703 5626 tamen
3732 5587 3857 5644 pro-

2187 5640 2293 5695 bat
2323 5641 2713 5713 Ratisponam
2745 5640 2963 5713 saepius
2994 5641 3381 5713 lmbripolem
3403 5641 3627 5698 dictam
3653 5640 3853 5698 fuisse.

2261 5714 2374 5779 (:30)
2418 5711 2543 5785 Sub
2571 5727 2641 5765 eo
2670 5711 3051 5785 episcopatus
3075 5711 3373 5769 Citiiensis
3405 5712 3576 5768 sedes
3600 5714 3859 5771 Neobur-

2191 5798 2337 5851 gum
2359 5782 2653 5839 translata
2676 5788 2784 5839 est.
2876 5782 2895 5785 ⁷
3272 5824 3277 5827 -
