3888 6388
75 273 202 328 1185

1678 253 1858 316 Vl'l‘A.

3346 274 3482 326 1186

67 396 366 452 Misnense.
404 395 460 446 In
487 388 733 445 australi
766 393 967 444 autem
997 389 1178 462 plaga
1217 387 1481 460 episcopi
1541 389 1711 440 Ram-
1750 391 1795 440 Α
1825 387 2072 460 mulque
2100 407 2135 444 a
2163 389 2319 445 clero
2342 396 2395 444 et
2427 390 2653 463 populo
2685 391 3120 460 indulgentiam
3149 395 3261 449 sibi
3291 412 3326 450 a
3367 399 3484 451 Deo

67 485 300 539 brectus
333 477 752 534 Werdunensis
782 476 1529 548 [Virdunensis},ltodulfus
1559 475 1717 530 Fleu-

63 567 774 639 vizcnsis[Sleswicensisj
809 570 937 638 (iit),
990 567 1280 623 Hildolfus
1337 569 1714 631 Mantuanus,

67 658 378 716 Beinoldus
406 656 810 727 [Reginoldus]
867 656 1323 726 Aldebergensis
1357 654 1712 709 assiderunt.

60 755 120 804 ln
154 746 481 820 aquilonali
512 745 690 800 etiam
717 745 967 801 abbates
1022 745 1349 800 ltichardus
1380 742 1715 811 Fuldcnsis,

59 836 445 893 Reimboldus
475 834 945 905 [Regimboldus]
967 831 1487 896 Loreslieiinensis,
1515 830 1715 886 Arnol-

59 928 151 981 fus
181 924 613 980 Herveldensis.
650 923 968 986 Gerbertus
995 923 1372 992 Moguntinus
1396 938 1530 976 cum
1591 920 1718 974 aliis

57 1016 233 1071 etiam
283 1015 416 1084 ejus
470 1013 696 1069 ordinis
731 1016 838 1084 (5'2)
885 1018 1110 1086 septem
1161 1013 1479 1076 affuerunt.
1518 1009 1720 1064 subse-

57 1121 248 1176 quens
284 1103 465 1159 etiam
497 1103 715 1159 Natalis
744 1103 976 1158 Domini
999 1103 1215 1157 festum
1240 1102 1719 1173 imperatorl.eo-

53 1193 132 1248 dii
163 1192 522 1258 celebravit;
551 1193 778 1247 Pascha
799 1208 937 1246 vero
969 1191 1330 1264 Aquisgrani
1370 1190 1576 1244 festive
1637 1190 1716 1242 fe-

55 1281 246 1346 riavit,
276 1281 382 1335 ubi
414 1285 471 1336 et
500 1281 655 1335 filius
682 1281 811 1350 ejus
847 1280 1130 1335 Henricus
1186 1279 1401 1348 regalis
1457 1277 1718 1333 nominis

53 1386 343 1426 coronam
373 1387 410 1426 a
439 1369 756 1439 Bilegrimo
787 1369 1259 1442 archiepiscopo,
1318 1367 1453 1423 cleri
1500 1365 1717 1438 plebis-

52 1476 165 1531 que
197 1458 490 1514 electione
516 1459 842 1514 honoriﬁce
887 1458 1171 1530 percepit.
1209 1461 1288 1512 Eo
1311 1473 1472 1511 anno
1504 1457 1717 1510 iterum

48 1547 228 1602 Aribo
259 1547 573 1619 synodum
623 1563 797 1602 suam
829 1547 1072 1602 Geizlice
1105 1546 1376 1610 concivit,
1424 1545 1500 1600 ad
1531 1559 1719 1616 quam

49 1636 186 1691 item
217 1636 523 1692 seniorem
571 1641 847 1692 nostrum
905 1635 1331 1692 Godehardum
1390 1634 1720 1706 inquietan-

1823 474 2128 546 impetrari
2160 478 2500 550 postulavit.
2560 479 2772 551 Sicque
2821 487 2957 553 post
3009 483 3485 540 Purificationcm

1826 571 2045 621 sanctae
2078 568 2268 622 Maria:
2301 568 2406 622 iter
2427 586 2764 639 assumens,
2823 573 3073 626 Romam
3125 573 3288 628 adiit.
3349 574 3485 628 Inde

1827 670 1964 708 vero
1991 655 2351 725 digrediens,
2379 662 2591 711 octavo
2625 658 2760 712 Idus
2787 660 2999 731 Aprilis
3039 662 3116 715 ah
3149 662 3160 715 !
3191 663 3268 716 ah
3295 662 3306 715 i
3342 662 3488 717 obiit

1825 759 1985 797 anno
2016 745 2409 800 ordinationis
2440 764 2563 801 suae
2597 752 2679 816 11,
2704 749 2931 803 cunctis
2964 755 3116 805 certe
3170 751 3484 806 Catholicis

1825 832 2034 887 merito
2064 832 2298 901 flebilis,
2328 834 2471 906 quia
2492 835 2552 890 in
2585 839 2748 890 omni
2771 838 3172 894 ecclesiastica
3203 839 3485 909 religione

1824 926 1948 975 erat
1976 926 2109 976 vere
2131 921 2474 978 laudabilis.
2497 925 2599 980 (.lui
2623 926 2705 979 vir
2728 926 2978 999 simplex
3007 933 3060 982 et
3083 933 3276 983 rectus
3295 931 3485 985 Bardo

1826 1012 1931 1080 (5i)
1965 1011 2288 1065 Herveldiie
2321 1013 2511 1067 abbas
2541 1016 2842 1081 successit,
2869 1016 2993 1087 qui,
3026 1019 3142 1071 Deo
3174 1018 3486 1073 manifeste

1826 1101 2206 1170 provehente,
2237 1102 2403 1156 brevi
2436 1103 2512 1157 ad
2540 1103 2778 1157 culmen
2812 1121 3064 1159 summie
3104 1106 3484 1178 perfectionis

1825 1189 2064 1244 feliciter
2097 1192 2404 1262 processit.
2440 1192 2620 1262 Cujus
2651 1193 2883 1265 pietatis
2917 1194 3033 1248 vita
3065 1200 3121 1249 et
3169 1200 3338 1250 actus
3391 1196 3486 1251 hic

1826 1278 2059 1350 plenius
2095 1279 2227 1334 ideo
2256 1297 2377 1334 non
2404 1281 2830 1350 inscribuntur,
2865 1283 3026 1354 quia,
3063 1287 3180 1338 Deo
3240 1284 3482 1353 gratias,

1827 1368 2136 1435 Maguntiae
2173 1385 2280 1439 pro
2313 1370 2640 1425 sanctitatis
2669 1388 2790 1425 sua:
2817 1372 3038 1426 meritis
3064 1372 3216 1427 inter
3243 1378 3484 1444 aposto-

1825 1455 1968 1510 licos
1994 1457 2332 1512 sacerdotes
2377 1459 2703 1513 honorifice
2752 1460 3103 1516 celebratur.
3151 1464 3342 1516 Unum
3403 1466 3484 1516 ta-

1827 1561 1965 1600 men
1996 1547 2373 1617 perfectionis
2400 1548 2528 1617 ejus
2553 1549 2929 1620 privilegium
2962 1550 3182 1616 dicam,
3215 1551 3378 1622 quod
3434 1550 3486 1605 ei

1825 1635 1886 1688 in
1934 1636 2150 1690 nostris
2197 1637 2470 1691 confiniis
2503 1655 2538 1692 a
2577 1654 2793 1692 sanum
2843 1639 3213 1710 sapientibus
3260 1640 3485 1694 clericis

45 1726 192 1780 dum
215 1725 436 1795 legatis
467 1730 523 1780 et
552 1725 783 1798 scriptis
813 1725 1067 1781 vocavit.
1099 1727 1228 1790 Quo
1279 1724 1371 1778 ille
1420 1723 1501 1777 ire
1553 1722 1721 1776 dissi-
1761 1741 1803 1793 Β
1830 1724 2072 1778 honoris
2106 1742 2290 1780 causa
2329 1725 2599 1781 oblatum
2633 1733 2740 1793 est,
2797 1727 3033 1793 scilicet,
3093 1733 3172 1792 ut,
3219 1728 3484 1800 aequivo-

48 1815 315 1880 mulans,
351 1815 759 1871 venerabilem
795 1815 988 1869 virum
1020 1813 1367 1869 Tadilonem
1420 1813 1717 1867 decanum

43 1904 232 1958 nostri
264 1904 533 1959 coenobii
573 1920 710 1959 cum
745 1903 1024 1959 fratribus
1056 1903 1297 1958 obviam
1330 1903 1380 1957 ei
1412 1901 1587 1970 misit,
1617 1900 1719 1972 qui

44 2009 182 2047 eum
212 1993 553 2048 honorifice
611 2009 683 2049 ex
739 1998 904 2065 parte
958 1993 1207 2048 senioris
1253 1990 1590 2058 salutando,
1645 1989 1720 2043 de

43 2082 357 2153 praeteritae
394 2082 619 2154 synodi
648 2081 1000 2138 diffinitione
1033 2081 1426 2149 commonuit,
1455 2079 1721 2152 etplura-

37 2170 75 2225 li
131 2171 502 2226 altrinsecus
571 2171 991 2227 auctoritatum
1078 2170 1392 2225 collatione
1452 2169 1718 2240 profusa,

39 2259 479 2332 episcoporum
511 2259 751 2326 auxilio,
781 2275 920 2314 eum
945 2259 1022 2313 ab
1053 2257 1183 2330 ipsa
1208 2257 1554 2330 repetitione
1583 2261 1720 2311 tunc

39 2348 484 2404 tantummodo
509 2349 898 2421 compescuit.

109 2443 193 2492 3t.
236 2438 532 2510 Sequenti
561 2454 804 2510 quoque
833 2437 1221 2494 nihilominus
1253 2453 1435 2505 anno,
1471 2435 1720 2507 impera-

41 2534 165 2583 tore
203 2528 421 2584 Pallidi
455 2529 836 2595 consedcnte,
879 2528 1200 2600 praedictus
1231 2527 1720 2599 archiepiscopus

39 2615 272 2671 ibidem
308 2616 555 2688 synodo
581 2615 807 2682 habita,
859 2616 1166 2688 querelam
1220 2620 1427 2670 contra
1475 2615 1720 2670 beatum

37 2705 242 2760 virum
306 2710 612 2779 praesente
678 2706 1038 2777 imperatore
1093 2705 1368 2777 incurpit;
1438 2705 1540 2758 sed
1585 2709 1723 2776 post

35 2793 229 2850 multa
262 2800 324 2850 et
356 2793 532 2850 varia
562 2794 1064 2867 disceptationum
1118 2793 1436 2864 colloquia,
1477 2793 1572 2847 vix
1600 2798 1724 2847 tan-

33 2881 179 2936 dem
213 2882 297 2938 ab
331 2882 640 2955 episcopis
668 2881 1072 2937 commonitus
1104 2881 1342 2936 destitit.
1382 2881 1501 2935 Hoc
1542 2882 1720 2935 etiam

33 2986 200 3026 anno
233 2973 448 3026 Bruno
481 2976 759 3041 Augustte
793 2971 1043 3027 civitatis
1075 2971 1393 3043 episcopus
1430 2969 1594 3039 obiit,
1629 2969 1722 3024 cui

33 3062 205 3132 Eppo
239 3060 565 3117 successit.
601 3061 957 3116 Wernherus
1015 3060 1193 3115 etiam
1249 3059 1723 3128 Strazburgensis
1763 3100 1803 3155 Ο

28 3150 260 3220 praesul
291 3149 658 3216 sustollitur,
690 3154 826 3221 post
855 3166 1038 3222 quem
1079 3149 1495 3204 Willehelmns
1519 3149 1727 3203 subro-

25 3244 229 3308 gatur.
279 3239 574 3294 Proximo
605 3255 849 3312 quoque
878 3254 1040 3294 anno
1068 3237 1394 3310 imperator
1424 3237 1727 3306 Mersburg

33 3332 452 3384 Pentecosten
486 3328 828 3398 celebravit,
879 3328 983 3382 ubi
1033 3327 1347 3399 praedictus
1403 3326 1581 3381 Aribo
1629 3343 1724 3381 ar-

28 3416 502 3490 chiepiscopus,
538 3421 593 3473 et
617 3417 814 3472 senior
841 3421 1046 3471 noster
1071 3415 1460 3471 Godehardus
1486 3415 1634 3470 inter
1664 3431 1724 3470 se

24 3506 296 3563 invicem
331 3524 527 3580 super
548 3507 832 3563 diuturna
893 3523 1103 3562 eorum
1157 3505 1585 3577 disceptatione
1642 3521 1727 3560 re-

24 3597 344 3652 conciliati
373 3601 541 3652 sunt.
576 3600 722 3651 Nam
756 3596 880 3668 ipse
912 3595 1410 3667 metropolitanus
1457 3597 1564 3664 (33)
1624 3597 1728 3649 Pa-

21 3691 175 3741 trem
210 3685 665 3742 Godehardum
694 3690 919 3740 secreto
950 3701 1154 3740 coram
1186 3683 1482 3756 episcopis
1513 3700 1726 3739 conve-

16 3774 127 3842 nit,
164 3792 372 3848 seque
411 3790 594 3847 super
623 3775 737 3829 hac
773 3773 1058 3847 parochia
1110 3789 1337 3829 errasse
1382 3772 1726 3828 confitendo

12 3866 361 3934 nuntiavit,
383 3869 447 3920 et
475 3879 718 3919 omnem
749 3864 1070 3919 fraternam
1099 3862 1584 3931 satisfactionem,
1620 3861 1727 3917 sed

14 3961 71 4010 et
104 3955 185 4010 de
223 3953 551 4028 praeterita
580 3953 677 4009 lite
708 3958 1063 4026 perpetuam
1097 3952 1578 4017 taciturnitatem,
1612 3951 1726 4006 sub

11 4063 163 4101 vero
186 4044 437 4100 Christi
472 4048 528 4099 et
559 4043 830 4098 Ecclesiae
853 4042 1214 4111 testimonio,
1261 4041 1554 4114 promisit,
1585 4041 1725 4095 sibi-

8 4151 134 4206 que
171 4135 409 4207 priora
432 4137 628 4188 errata
658 4136 902 4204 propter
924 4135 1110 4187 Deum
1137 4131 1355 4186 remitti
1386 4130 1728 4203 suppliciter

5 4224 206 4296 petiit.
243 4222 435 4279 Istud
489 4237 630 4292 ergo
681 4221 777 4276 hic
825 4221 1114 4277 veraciter
1172 4220 1538 4289 inscribitur,
1586 4220 1729 4292 quia

6 4314 151 4386 ipso
186 4313 477 4370 domino
508 4312 866 4368 Godehardo
905 4311 1066 4366 idem
1108 4311 1326 4383 saepius
1378 4311 1440 4366 in
1473 4327 1582 4366 suo
1615 4327 1729 4365 ser-

5 4421 200 4460 mone
233 4402 508 4476 publice
537 4406 920 4473 protestante,
971 4417 1182 4456 verum
1214 4417 1341 4456 esse
1370 4400 1726 4473 comproba-

6 4499 125 4550 tur.
158 4498 252 4549 Eo
292 4507 479 4550 anno
536 4494 838 4547 Unwanus
907 4490 1395 4563 archiepiscopus
1451 4493 1724 4546 ﬂamma-

5 4585 367 4657 burgensis
401 4581 572 4651 obiit,
618 4582 844 4638 Liebizo
873 4582 1173 4637 successit.
1223 4581 1443 4637 Deinde
1474 4583 1728 4654 impera-

5 4682 100 4732 tor
135 4675 458 4732 Natalem
489 4671 698 4727 Christi
727 4672 1174 4728 Patherbrunne
1207 4672 1343 4740 egit,
1375 4671 1556 4727 Aribo
1607 4688 1728 4726 me-

5 4764 480 4838 tropolitanus,
513 4761 575 4816 in
615 4766 821 4817 saneto
851 4762 946 4817 die
977 4761 1129 4817 inter
1148 4761 1476 4816 missarum
1508 4760 1725 4816 solem-

5 4858 106 4912 nia
139 4853 435 4928 publico
467 4867 743 4906 sermone
771 4851 1002 4919 habito,
1036 4851 1335 4906 licentiam
1367 4850 1445 4906 ab
1475 4850 1729 4923 impera-

5 4951 132 5003 tore
169 4949 236 5002 et
276 4941 705 4999 confratribus
735 4945 984 4997 Romam
1024 4941 1312 5014 pergendi
1340 4939 1588 5009 rogavit,
1648 4941 1725 4995 si-

73 5108 206 5177 (Eil)
244 5104 390 5177 Hic_
416 5101 579 5177 solus
610 5117 680 5177 ex
711 5101 864 5156 Italis
891 5101 1080 5157 adfuit
1108 5101 1246 5177 huic
1273 5099 1542 5177 concilio,
1577 5100 1731 5177 sicut

6 5186 50 5234 :t
81 5171 658 5234 Francofordiensi
690 5188 852 5228 anno
888 5178 1042 5239 1007,
1079 5173 1181 5228 ubi
1209 5173 1422 5227 erectio
1449 5171 1726 5226 Bamber-

5 5250 222 5320 gensis
244 5247 717 5320 episcopatusa
751 5245 1079 5320 Germaniae
1107 5244 1400 5320 episcopis
1415 5243 1729 5320 confirma.-

11 5315 240 5398 afuit:
257 5315 481 5398 ﬁpud
499 5315 831 5398 Ughell‘um,
867 5321 1029 5398 temo
1056 5319 1071 5370 l
1103 5315 1279 5398 Italiae
1322 5315 1526 5398 sacrm,
1577 5315 1728 5398 .lsol-

6 5396 169 5448 )hus
197 5387 593 5458 dicitur,qui
613 5387 852 5441 natione
880 5391 1209 5442 Germanus
1230 5387 1548 5441 Ecclesiam
1577 5389 1728 5441 Man—

9 5470 289 5520 mataln
320 5459 421 5514 ab
447 5474 606 5512 anno
632 5464 762 5512 1007
784 5459 861 5512 ad
893 5461 1022 5512 luti
1047 5458 1503 5526 administravit,
1525 5474 1728 5511 mona-

5 5540 152 5592 :hos
191 5528 660 5592 Benedictinos
688 5529 748 5584 in
790 5530 1104 5584 ecclesiam
1135 5529 1321 5584 sancti
1369 5529 1614 5583 Andreae
1646 5529 1730 5582 in-

5 5608 211 5674 luxit,
239 5619 332 5661 ac
357 5599 806 5674 monasterium
837 5601 1038 5655 multis
1062 5601 1237 5655 bonis
1261 5599 1653 5672 locupletavit.

64 5671 205 5752 (:32)
243 5671 936 5752 Omlicseditihabent
964 5688 1086 5752 sea:

65 5682 173 5752 (£52
247 5678 508 5732 Omnes
541 5678 680 5727 editi
711 5678 936 5727 habent
964 5688 1086 5728 sex.
1473 5745 1481 5752 ⁸

65 5678 205 5823 (53;
235 5742 489 5804 Bamb.
521 5744 724 5813 habet,
757 5746 945 5812 Cujus
966 5745 1273 5799 dilationis
1307 5750 1556 5798 termino
1603 5747 1730 5797 tan-

1829 1818 1960 1867 cato
1987 1830 2125 1868 cum
2157 1815 2334 1869 beato
2360 1817 2585 1870 Joanne
2608 1816 2892 1887 episcopo
2926 1817 3306 1887 cognomine,
3353 1834 3486 1889 pro-

1829 1907 1957 1973 pter
2015 1901 2389 1958 dulcisonam
2445 1904 2812 1976 praedicandi
2863 1905 3186 1961 melodiam
3268 1906 3484 1961 Bardo-

1830 1993 2292 2062 Chrysostomus
2325 1995 2636 2048 diceretur.

1902 2087 1988 2136 32.
2025 2081 2300 2146 Quodam
2324 2083 2502 2137 etiam
2530 2087 2818 2154 tempore,
2854 2101 2988 2138 cum
3048 2101 3212 2140 more
3265 2085 3490 2156 episco-

1834 2169 1952 2241 pali
1982 2170 2194 2224 beatus
2229 2172 2447 2242 praesul
2477 2178 2678 2227 noster
2707 2173 3117 2239 Godebardus,
3174 2175 3489 2228 visitandze

1831 2262 2168 2315 commissa:
2201 2261 2391 2332 plebis
2423 2262 2633 2329 gratia,
2693 2263 2991 2334 parochias
3047 2280 3167 2318 suae
3203 2264 3488 2319 terminos

1831 2349 2122 2418 circuiret,
2161 2351 2583 2417 Hirgenhusim
2625 2351 3037 2421 [lluginhusen
3066 2369 3167 2408 seu
3203 2353 3490 2421 Engelhu-

1831 2440 1956 2507 sen]
2007 2443 2234 2493 curtem
2281 2456 2450 2494 suam
2503 2439 2666 2506 adiit,
2720 2446 2780 2495 ut
2840 2441 2940 2509 [ibi
2991 2447 3384 2512 pernoctaret,
3413 2444 3491 2509 et]

1831 2544 1968 2581 cum
1997 2527 2108 2581 sibi
2139 2528 2662 2600 eleemosynarum
2695 2530 2983 2598 largitate,
3017 2547 3139 2601 qua
3177 2547 3298 2602 prae
3349 2547 3491 2585 cun—

1831 2615 1938 2670 ctis
1969 2615 2268 2684 studebat,
2311 2633 2607 2687 pauperes
2634 2617 2914 2682 reficeret,
2967 2618 3248 2689 quaedam
3309 2617 3491 2673 vidua

1833 2721 2062 2776 pauper
2090 2721 2162 2759 ex
2193 2706 2407 2760 eadem
2447 2705 2695 2774 familia,
2722 2706 2910 2760 tilium
2971 2723 3146 2761 suum
3203 2722 3490 2778 conspec-

1832 2795 1911 2849 tui
1935 2795 2062 2864 ejus
2094 2795 2306 2849 obtulit
2359 2795 2678 2867 puerulum
2740 2796 3198 2867 pauperculum,
3231 2797 3488 2851 miserri-

1832 2900 1933 2938 mo
1965 2883 2323 2938 infirmitatis
2357 2899 2568 2951 genere
2613 2884 3012 2938 debilitatum.
3077 2888 3222 2940 Nam
3272 2884 3491 2956 partim

1833 2972 2118 3044 paralysi,
2153 2973 2372 3045 partim
2403 2973 2568 3045 lepra
2590 2974 2938 3041 vexabatur,
2959 2973 3340 3046 distortisque
3365 2991 3494 3029 ner-

1833 3063 1920 3116 vis
1953 3062 2364 3116 membrorum
2393 3080 2428 3117 a
2456 3067 2576 3116 tota
2621 3079 2869 3134 corpore
2929 3063 3300 3119 formationis
3347 3062 3497 3118 utili-

1837 3155 1952 3208 tate
1983 3151 2444 3206 dissolvebatur.
2479 3155 2685 3207 Manus
2716 3167 2875 3206 enim
2908 3169 3045 3207 cum
3104 3152 3385 3223 brachiis,
3440 3156 3497 3207 et

1837 3255 2035 3311 genua
2057 3257 2194 3294 cum
2227 3240 2484 3312 pedibus
2505 3246 2560 3294 et
2593 3240 2747 3296 tibiis
2770 3241 3008 3312 putrido
3029 3247 3259 3296 tumore
3283 3246 3339 3296 et
3356 3256 3495 3313 pro-

1834 3329 2040 3384 fluenti
2073 3329 2238 3384 sanie
2269 3330 2625 3398 manabant,
2661 3330 2812 3384 adeo
2836 3336 2898 3385 ut
2925 3347 3035 3385 nec
3059 3347 3330 3399 gressum
3351 3346 3498 3402 quo-

1835 3419 2150 3491 quomodo
2183 3435 2442 3489 movere,
2468 3419 2556 3472 vel
2586 3419 2796 3474 saltem
2830 3420 3124 3490 reptando
3161 3425 3364 3492 posset
3390 3437 3489 3474 us-

1835 3525 2022 3581 quam
2053 3508 2311 3580 prodire.
2343 3511 2530 3572 Quem
2571 3507 2665 3562 ille
2694 3510 2709 3575 (
2752 3513 2806 3577 ὄ)
2838 3513 2892 3562 et
2921 3509 3092 3563 vultu
3117 3514 3170 3563 et
3203 3509 3381 3563 corde
3413 3509 3497 3564 hi-

1835 3597 1963 3664 lari,
1993 3596 2167 3669 quasi
2197 3613 2328 3651 vere
2361 3597 2591 3651 donum
2629 3597 2727 3650 Dei
2767 3601 3067 3665 gratanter
3102 3597 3382 3668 suscepit,
3441 3602 3498 3652 et

1837 3687 1958 3742 suis
1984 3685 2364 3741 cubiculariis
2394 3684 2735 3752 diligentius
2765 3685 3259 3740 commendatum
3290 3701 3495 3740 secum

1835 3774 2050 3830 deduci
2073 3773 2373 3846 praecepit.
2408 3776 2619 3828 Potens
2649 3779 2754 3841 est,
2788 3773 2999 3846 inquit,
3033 3776 3208 3841 Deus,
3254 3773 3360 3846 qui
3417 3774 3496 3829 ab

1836 3864 2002 3920 initio
2025 3881 2147 3919 non
2192 3863 2635 3933 dedignabatur
2691 3864 2922 3918 miseris
2975 3869 3031 3919 et
3081 3863 3498 3936 peccatoribus

1835 3953 2072 4008 diverso
2099 3953 2332 4024 pietatis
2368 3969 2491 4007 suae
2520 3952 2784 4008 remedio
2815 3953 3152 4022 subvenire,
3184 3971 3294 4009 nos
3321 3953 3499 4008 etiam

1838 4059 2021 4114 super
2051 4043 2165 4097 hoc
2195 4041 2587 4115 pauperculo,
2653 4042 2825 4098 solito
2874 4042 3106 4115 pietatis
3159 4059 3282 4098 suae
3335 4059 3501 4098 more

1835 4131 2158 4187 ltetificare.
2194 4131 2301 4197 Qui
2332 4148 2482 4204 puer
2531 4132 2607 4188 ad
2639 4132 3034 4204 principalem
3085 4137 3356 4188 nostram
3414 4151 3504 4188 ec-

1839 4223 2084 4280 clesiam
2110 4239 2248 4278 cum
2279 4223 2564 4294 episeopo
2588 4222 2933 4294 perductus,
2983 4227 3039 4277 et
3064 4238 3188 4278 non
3219 4223 3344 4276 sine
3375 4239 3504 4278 ma-

1837 4329 1958 4382 gna
1984 4328 2328 4384 puerorum,
2361 4311 2466 4383 qui
2492 4327 2632 4365 eum
2664 4311 3006 4374 servabant,
3037 4311 3245 4366 labore
3271 4327 3378 4382 per
3397 4311 3501 4366 ali-

1839 4407 1987 4474 quot
2007 4400 2424 4457 hebdomadas
2453 4405 2836 4466 sustentatus,
2872 4401 3113 4457 tandem
3164 4405 3299 4472 post
3353 4417 3502 4472 qua-

1838 4497 1972 4549 tuor
2000 4491 2094 4547 vel
2123 4490 2390 4563 quinque
2422 4506 2663 4545 menses
2685 4490 2864 4562 coepit
2889 4489 3199 4562 paulatim,
3220 4490 3397 4562 plane
3426 4507 3498 4546 ex

1835 4582 1994 4638 beati
2024 4580 2130 4636 viri
2155 4580 2379 4636 meritis
2409 4585 2465 4635 et
2493 4579 2792 4652 precibus,
2828 4579 3260 4647 convalescere,
3293 4586 3349 4636 et
3407 4599 3498 4637 se-

1836 4671 1978 4727 dato
2005 4671 2224 4743 partim
2252 4669 2502 4725 tumoris
2524 4685 2594 4724 ac
2622 4669 2811 4724 saniei
2842 4669 3162 4741 proﬂuvio,
3194 4669 3496 4725 interdum

1837 4760 2238 4832 assurgendo,
2271 4759 2570 4816 interdum
2591 4775 2733 4814 vero
2764 4758 3192 4831 proreptando,
3221 4759 3396 4831 quasi
3419 4760 3496 4814 ad

1837 4867 2112 4921 gressum
2137 4850 2550 4906 membrorum
2573 4865 2790 4904 nervos
2813 4864 3104 4904 exercere.
3139 4848 3310 4914 Quod
3347 4864 3497 4920 pree-

1839 4939 1934 4995 sul
1964 4939 2099 5011 pius
2125 4955 2480 5010 agnoscens,
2501 4954 2623 5010 prae
2639 4937 2862 5008 gaudio
2887 4938 3105 5009 saepius
3125 4937 3493 5008 lacrymans,

1838 5102 1971 5172 dem
1999 5101 2371 5167 adveniente,
2398 5099 2556 5154 Erbo
2588 5098 2692 5169 (sic
2719 5099 3037 5153 Aribonem
3103 5114 3342 5170 semper
3395 5116 3494 5172 ap-

1838 5171 2032 5244 pellat)
2066 5172 2568 5240 archiepiscopus,
2601 5172 2728 5238 Dei,
2763 5177 2824 5223 ul
2856 5187 2986 5244 rere
3004 5171 3319 5244 credimus,
3339 5171 3494 5240 prie—

1837 5242 2096 5298 inonitus
2124 5249 2296 5306 nutu,
2329 5244 2614 5297 seniorem
2647 5249 2913 5296 nostrum
2950 5242 3182 5297 beatum
3210 5243 3496 5298 Gate/iar-

1839 5315 1978 5368 dum
2016 5319 2236 5368 secreto
2268 5315 2561 5380 convenit,
2595 5328 2769 5383 seque
2824 5328 3008 5382 supra
3061 5315 3354 5382 praedicta
3403 5331 3495 5370 er-

1839 5401 2001 5440 rasse
2031 5385 2362 5452 confitendo
2390 5386 2715 5451 nuntiavit,
2750 5390 2802 5439 et
2835 5385 2921 5438 ita.
2974 5401 3174 5440 coram
3209 5389 3495 5456 episcopis

1837 5473 2065 5512 onmem
2091 5457 2456 5523 fralmwam,
2485 5459 2593 5509 etc.

1909 5529 2020 5598 (54)
2046 5529 2122 5580 De
2153 5542 2222 5598 eo
2253 5527 2610 5598 agemusad
2637 5542 2778 5581 ann.
2813 5532 2967 5583 1051.

1911 5596 2018 5672 ςὸὕ)
2052 5597 2358 5663 Bamberg.
2390 5596 2576 5663 addit,
2631 5599 2832 5668 Hunc,
2895 5602 3158 5672 inquam,
3214 5617 3490 5670 puerum,

1856 5669 2160 5725 Werinmn
2184 5674 2600 5736 nuncupat-um
2627 5676 2870 5726 sanctus
2897 5669 3223 5742 episcopus.
