3944 6392
414 274 552 328 “8‘7

1357 284 1413 338 S.
1457 283 1876 339 GODEHARDI
1917 278 2232 337 EPISCOPI
2273 280 2918 339 HlLDESHElMENSIS.

3718 287 3855 342 “88

411 396 633 453 divinae
654 398 1027 459 miserationi
1053 406 1249 469 grates
1280 403 1512 460 debitas
1535 406 1751 474 retulit,
1776 406 1873 462 cui
1903 409 1960 462 et
1987 406 2077 461 in-
2118 407 2163 458 Α
2193 402 2323 473 ejus
2354 403 2722 473 aegritudinis
2774 422 2957 461 causa
2990 405 3449 475 claudebantur,
3506 409 3691 481 ccepit
3739 409 3855 467 cla-

411 490 610 543 tentus
638 490 998 561 supplicare,
1034 497 1097 548 ut
1149 498 1359 563 postea
1397 511 1555 561 vere,
1613 496 1878 553 donante
1934 500 2075 565 Deo,

408 577 675 647 patebat,
700 593 823 633 non
849 579 1092 636 destitit.
1130 585 1275 637 Nam
1307 582 1460 640 infra
1486 585 1630 641 anni
1676 588 1962 659 spatium,
2014 591 2079 643 ut

408 669 565 721 certe
588 667 753 738 apud
786 684 898 722 nos
926 669 1215 725 omnibus
1247 676 1457 728 notum
1499 678 1610 741 est,
1642 690 1813 748 puer,
1873 676 2078 746 fugata

409 753 765 809 morborum
795 755 1197 826 multitudine,
1228 758 1551 835 laxataque
1575 778 1899 819 nervorum
1931 780 2075 819 con-

406 841 716 913 tractione,
746 844 809 899 in
838 845 1052 902 melius
1074 847 1398 915 convaluit,
1427 855 1484 906 et
1507 852 1582 908 de
1603 852 1699 909 die
1723 853 1785 909 in
1810 854 1973 909 diem
1997 854 2074 910 ad

404 930 719 1001 quodlibet
749 934 1048 991 servitutis
1064 934 1332 993 ofﬁcium
1356 938 1623 996 valenter
1636 941 2073 1013 profecit.ldem

404 1034 674 1093 namque
703 1022 907 1089 homo,
943 1024 1209 1080 Werinus
1236 1027 1503 1093 nomine,
1546 1030 1678 1099 jam
1711 1047 1820 1103 per
1866 1031 2071 1100 viginti

406 1114 465 1164 et
494 1126 566 1165 eo
597 1112 861 1184 amplius
895 1128 1089 1170 annos
1120 1115 1180 1170 in
1211 1117 1489 1189 cappella
1528 1118 1855 1192 episcopali
1911 1120 2072 1176 inco-

405 1198 586 1255 lumis
614 1201 886 1267 deservit,
913 1203 1024 1258 nisi
1053 1205 1216 1277 quod
1231 1206 1407 1279 quasi
1424 1207 1484 1261 in
1518 1209 1926 1265 testimonium
1961 1211 2072 1265 vir-

406 1287 545 1343 tutis
577 1289 674 1343 Dei
703 1289 764 1344 in
797 1292 1301 1363 semetipso,certe
1331 1294 1391 1350 in
1420 1295 1695 1351 cruribus
1722 1300 1779 1353 et
1801 1297 1862 1352 in
1882 1298 2071 1353 mani-

402 1377 519 1433 bus
548 1378 711 1449 ipsas
742 1381 1158 1438 membrorum
1192 1388 1448 1442 torturas
1476 1390 1552 1453 et,
1596 1391 1659 1442 ut
1714 1387 1797 1444 ita
1844 1388 2065 1453 dicam,

404 1466 623 1535 gibbos
650 1470 974 1541 quosdam,
996 1473 1224 1529 cunctis
1256 1491 1317 1530 se
1347 1475 1689 1532 videntibus
1718 1477 1995 1534 ostendit.

476 1638 564 1690 33.
598 1634 738 1690 Aliis
770 1653 1016 1709 quoque
1040 1639 1351 1709 permultis
1386 1640 1551 1696 varia
1577 1641 1862 1698 humanae
1894 1643 2070 1709 fragi-

402 1721 581 1777 litatis
605 1724 949 1781 conditione
1001 1726 1440 1797 laborantibus,
1498 1729 1868 1801 quibusdam
1920 1732 2068 1787 scili-

403 1816 516 1877 cet,
544 1812 709 1883 quod
741 1817 797 1868 et
826 1815 1256 1883 gravissimum
1284 1824 1390 1886 est,
1418 1822 1804 1889 peccatorum
1844 1820 2068 1891 ponde-

404 1916 465 1955 re
487 1900 729 1971 pressis,
761 1902 1133 1974 quibusdam
1160 1921 1304 1961 vero
1355 1905 1594 1962 diversa
1653 1908 2070 1965 infirmitatum

403 1990 677 2046 molestia
701 1992 953 2048 detentis
982 1993 1059 2048 ad
1090 2011 1153 2048 se
1184 1996 1688 2065 confugientibus,
1733 2014 1913 2070 opem
1944 2017 2067 2055 suae

402 2078 843 2137 intercessionis
864 2081 1217 2153 impertivit;
1254 2101 1500 2157 eosque,
1552 2086 1906 2157 infatigabili
1936 2105 2071 2145 san-

403 2171 637 2225 ctarum
665 2186 914 2241 precum
940 2171 1245 2242 instantia,
1270 2178 1326 2230 et
1355 2176 1433 2229 ab
1465 2175 1813 2237 imminente
1832 2179 2067 2250 pericu—

402 2255 462 2311 lo
492 2255 782 2327 liberavit,
815 2265 871 2313 et
896 2260 955 2314 in
985 2261 1273 2327 futurum,
1309 2264 1428 2317 Deo
1458 2264 1800 2325 auxiliante.
1850 2283 1888 2321 a
1942 2267 2067 2323 tali-

405 2344 519 2400 bus
567 2346 899 2403 custodivit.
960 2352 1038 2405 De
1102 2350 1327 2421 quibus
1372 2368 1559 2424 quam
1610 2354 1818 2419 multa,
1867 2356 2068 2411 multis

403 2433 583 2498 plane
609 2435 869 2505 cognita,
906 2438 1185 2494 veraciter
1215 2456 1493 2496 enarrare
1525 2443 1845 2514 potuerim,
1879 2445 1939 2503 ni
1995 2462 2067 2501 ea

402 2523 482 2578 ab
509 2523 623 2579 illis
652 2529 812 2593 tunc,
842 2527 974 2598 ipso
1001 2534 1247 2598 cogente
1278 2530 1672 2599 dissimulata,
1705 2550 1777 2589 ea
1806 2536 2068 2591 maxime

402 2629 586 2668 caiisa
613 2614 847 2670 silendo
876 2616 1059 2671 modo
1088 2619 1494 2689 praeterierim,
1528 2636 1636 2680 nec
1690 2627 1795 2677 aut
1844 2622 2068 2679 lectori-

400 2699 516 2754 bus
554 2700 730 2757 altius
762 2703 1070 2760 fastidium
1101 2705 1425 2776 ingeratur,
1457 2713 1563 2764 aut
1591 2708 1670 2765 ad
1702 2710 1843 2766 talia
1882 2712 2066 2783 pigris

400 2788 831 2848 incredulitatis
886 2799 1206 2865 peccatum
1259 2802 1570 2861 augeatur.
1608 2801 1801 2855 Unum
1860 2805 2063 2858 tamen

399 2878 619 2945 dicam,
649 2882 812 2953 quod
845 2883 1019 2954 quasi
1043 2884 1317 2954 joculare
1346 2886 1619 2953 ridiculo,
1653 2890 1932 2946 Gestaris:
1954 2892 2063 2961 (56)

398 2967 612 3035 effecit,
644 2970 894 3041 quando
936 2971 1016 3027 ibi
1067 2972 1128 3028 in
1183 2980 1347 3031 curte
1407 2976 1591 3046 regali
1646 2977 1708 3033 in
1760 2984 2066 3051 postremo

399 3059 591 3114 uitatis
613 3076 739 3115 suae
769 3066 1056 3134 tempore,
1084 3064 1258 3133 jussu
1288 3071 1347 3122 et
1375 3067 1657 3138 petitione
1686 3069 1857 3123 Gisia:
1880 3070 2067 3141 impe-

397 3148 628 3205 ratricis
681 3151 997 3208 ecclesiam
1055 3156 1402 3210 construxit.
1465 3159 1599 3211 Erat
1654 3156 1736 3212 ibi
1783 3162 2063 3214 matrona

395 3239 679 3311 quaedam
708 3240 769 3296 in
798 3240 996 3297 laicali
1026 3244 1480 3299 conversatione
1500 3244 1720 3315 posita,
1756 3246 1861 3301 sed
1892 3246 1952 3301 in
1992 3248 2060 3303 ti-

401 3345 565 3385 more
634 3331 732 3386 Dei
792 3331 1035 3397 devota,
1093 3334 1339 3388 Hatteha
1400 3334 1722 3403 (Hathzeca
1793 3336 2061 3407 nomine,

397 3420 574 3491 cujus
619 3421 812 3477 filium
864 3422 995 3495 ipse
1047 3423 1368 3495 episcopus
1420 3440 1531 3495 pro
1583 3425 1723 3480 fidei
1780 3426 2061 3497 religione

397 3527 583 3582 quam
624 3512 784 3568 inea
843 3512 1156 3580 sentiebat,
1207 3513 1282 3568 de
1329 3529 1502 3569 sacro
1551 3514 1712 3571 fonte
1763 3518 2059 3589 suscepit;

397 3600 669 3672 quodam
718 3606 985 3675 tempore
1033 3600 1281 3670 contigit
1337 3604 1694 3667 gravissimo
1738 3607 2063 3664 Oculorum

397 3689 603 3745 dolore
629 3692 851 3758 vexari,
882 3696 940 3745 et
968 3707 1075 3762 per
1100 3690 1330 3763 aliquot
1359 3692 1506 3759 dies,
1535 3694 1689 3750 adeo
1718 3704 1783 3752 ut
1821 3712 1931 3752 nec
1989 3698 2065 3752 ci-

395 3778 547 3834 bum
577 3796 687 3839 nec
712 3784 924 3852 potum
954 3781 1243 3853 accipere,
1272 3797 1382 3839 nec
1412 3782 1680 3856 aliquam
1711 3802 2063 3859 corpoream

397 3868 662 3938 quietem
718 3870 941 3926 habere
998 3874 1221 3942 posset,
1271 3873 1543 3929 cruciari.
1592 3878 1736 3939 Quae
1794 3875 2060 3945 tandem,

400 3954 758 4023 gravissima
803 3962 1053 4027 cogente
1096 3958 1322 4015 doloris
1376 3961 1781 4030 anxietudine,
1811 3964 2062 4021 filiolum

400 4059 581 4098 suum
613 4044 693 4100 ad
717 4045 1075 4119 episcopum
1101 4065 1241 4104 cum
1284 4049 1536 4120 eulogiis
1590 4052 1937 4120 transmisit,
1980 4054 2064 4110 ei-

396 4147 517 4204 que
546 4149 671 4189 suae
699 4133 1063 4192 inﬁrmitatis
1090 4136 1459 4194 nimietatem
1488 4138 1792 4208 intimans,
1816 4141 2063 4214 aliquod

397 4221 649 4278 medela:
680 4222 1019 4282 subsidium
1049 4226 1130 4283 ab
1154 4227 1286 4298 ejus
1313 4227 1530 4299 pietate
1577 4229 1871 4301 quaesivit.
1930 4232 2066 4297 Qui-

397 4311 516 4368 bus
564 4313 786 4386 prresul
831 4314 1069 4385 auditis,
1134 4316 1270 4373 laeta
1316 4317 1610 4375 hilaritate
1673 4319 1935 4391 subrisit,
2008 4326 2065 4378 et

395 4402 701 4475 quosdam
720 4404 899 4461 ﬂores
925 4405 1296 4462 rubicundos
1323 4407 1399 4464 de
1424 4408 1659 4477 arbore,
1692 4426 1829 4482 quas
1852 4409 2062 4483 lingua
2096 4464 2140 4518 Β

398 4490 755 4518 ΨῑιΑ-.ιΑ-ζ--
796 4493 1186 4518 D-:....-‘IL--...
1239 4495 1345 4518 IMq\
1408 4496 1613 4518 J:-:A___
1698 4498 1739 4518 ,2
1797 4499 1934 4518 r_,,;_
2000 4501 2044 4518 9,,

398 4490 764 4549 Theutonica
796 4493 1192 4566 Spinnelbum
1236 4495 1347 4568 (57)
1399 4496 1637 4568 dicitur,
1688 4498 1743 4554 ei
1793 4499 1944 4556 forte
1995 4501 2058 4557 in

397 4580 535 4652 ipso
564 4586 875 4640 momento
915 4601 953 4641 a
999 4600 1265 4658 paupere
1294 4586 1565 4658 quodam
1621 4587 1839 4653 illatas,
1892 4590 2064 4659 signo

398 4670 594 4728 crucis
618 4672 895 4742 munivit,
927 4678 986 4730 et
1014 4674 1210 4730 eidem
1266 4676 1520 4747 puerulo
1573 4677 1756 4745 dedit,
1813 4678 2059 4735 dicens:

402 4783 430 4811 ‹‹
459 4760 638 4833 Aﬁ'er,
661 4762 878 4835 inquit,
911 4762 1025 4819 hos
1076 4764 1361 4821 flosculos
1419 4766 1629 4822 amicae
1682 4783 1835 4824 mea;
1886 4769 2065 4826 matri

401 4854 539 4921 tute,
572 4856 637 4909 ut
663 4852 796 4911 illos
826 4853 889 4909 in
917 4854 1037 4911 mei
1068 4854 1428 4911 memoriam
1459 4873 1665 4912 secum
1706 4856 1949 4928 habeat,
2009 4863 2067 4915 et

400 4958 438 4996 a
470 4944 589 4997 Deo
620 4942 829 5000 salutis
853 4943 1123 5000 remedia
1150 4948 1421 5016 poscat.»
1452 4947 1565 5001 Nec
1591 4962 1786 5018 mora,
1841 4951 1909 5004 ut
1958 4963 2065 5004 no-

400 5029 494 5085 bis
520 5032 740 5103 saepius
761 5032 1026 5104 jurando
1065 5032 1280 5104 retulit,
1326 5038 1391 5089 ut
1438 5034 1603 5107 ipsos
1656 5035 1833 5091 ﬂores
1889 5036 2063 5107 aegris

401 5120 591 5175 oculis
616 5121 906 5194 admovit,
964 5138 1209 5180 omnem
1259 5121 1413 5180 illico
1466 5124 1646 5181 totius
1704 5124 2066 5183 inﬁrmitatis

401 5206 673 5266 dolorem
695 5227 731 5267 a
758 5228 868 5268 suo
898 5211 1091 5285 capite
1120 5211 1379 5268 mirabili
1437 5213 1731 5271 celeritate
1770 5213 2064 5285 diffugere

405 5299 722 5364 cognovit:
751 5305 808 5357 et
838 5302 1037 5361 statim
1067 5303 1287 5375 apertis
1316 5302 1412 5359 vel
1430 5304 1614 5373 ostiis,
1648 5303 1742 5361 vel
1794 5303 2064 5362 fenestris

406 5383 684 5455 cubiculi,
749 5406 886 5461 quae
937 5392 1066 5462 jam
1131 5408 1238 5465 per
1285 5392 1515 5465 aliquot
1550 5394 1680 5449 dies
1722 5393 2064 5466 diligentius

481 5521 1110 5603 (3'16).Goslariauurbs
1163 5533 1352 5591 libera
1414 5535 1708 5594 inferioris
1766 5538 2060 5594 Saxoniaa.

410 5591 674 5666 Ecclesia
702 5612 886 5666 quam
919 5600 996 5655 ibi
1024 5610 1264 5660 sanctus
1314 5591 1707 5665 Godeliardus
1732 5591 2067 5666 construi“

408 5660 673 5749 trabeate
724 5660 934 5749 Leone
956 5672 1030 5749 ΑΙΧ
1075 5660 1630 5749 summopontitiwce‘
1947 5660 2066 5736 “Esi

409 5746 570 5788 circa
589 5746 819 5794 annum
847 5743 1002 5796 1049.

2186 491 2309 547 rius
2348 494 2569 561 videre,
2598 499 2653 550 et
2684 495 2832 551 nihil
2861 510 3109 568 prorsus
3152 496 3508 567 hujusmodi
3566 498 3852 556 molestiis

2186 582 2447 653 amplius
2479 584 2717 639 sentire.
2762 586 2906 650 Quae
2953 588 3198 656 postera
3249 584 3344 640 die
3390 586 3470 642 ad
3497 588 3851 661 episcopum

2184 671 2472 743 pervenit,
2499 677 2554 728 et
2583 673 2858 742 gaudens
2891 673 3069 729 simul
3117 678 3175 729 et
3231 673 3579 748 lacrymans
3634 678 3854 747 gratias

2183 762 2518 831 condignas
2544 763 2764 819 divinae
2806 764 3193 831 miserationi,
3227 766 3481 838 ejusque
3529 767 3853 825 visitationi

2182 851 2485 907 humiliter
2512 852 2726 908 retulit.
2758 854 2953 919 Quam
3010 853 3106 909 ille
3167 854 3424 924 benigne
3477 856 3853 914 consolando

2185 939 2539 1011 suscipiens,
2572 945 2628 996 et
2656 940 2716 995 in
2746 941 3003 997 Domino
3062 942 3242 997 corde
3268 944 3446 999 ﬁrmo
3478 960 3740 1017 sperare,
3796 950 3853 1000 et

2180 1028 2585 1086 indesinenter
2613 1031 2767 1086 bene
2796 1031 2991 1088 facere
3021 1032 3376 1105 praecipiens
3416 1034 3626 1090 oculos
3657 1036 3792 1105 ejus
3816 1052 3853 1091 a

2181 1118 2537 1190 presbytero
2567 1136 2741 1176 sacro
2771 1120 2923 1184 oleo,
2952 1122 3119 1193 quod
3178 1121 3561 1179 infirmorum
3610 1125 3847 1185 dicitur.

2183 1208 2326 1277 ungi
2352 1209 2665 1266 mandavit
2697 1229 2709 1277 ;
2742 1228 2879 1283 qua:
2913 1215 3085 1267 certa:
3117 1211 3336 1279 unctio,
3366 1217 3423 1268 et
3449 1213 3723 1284 ejusdem
3749 1214 3855 1287 pia

2179 1298 2541 1369 deprecatio,
2575 1314 2712 1355 eam
2742 1300 2821 1356 ab
2850 1302 3068 1356 eodem
3095 1300 3304 1357 dolore
3330 1318 3523 1376 usque
3573 1303 3633 1358 in
3667 1304 3849 1359 tinem

2180 1387 2407 1457 integre
2436 1390 2689 1445 sanavit.

2251 1516 2338 1572 34.
2372 1513 2519 1569 Illud
2545 1530 2810 1589 quoque,
2840 1516 3006 1589 quod
3054 1516 3116 1573 in
3170 1518 3644 1591 antepenultimo
3697 1535 3845 1592 prae-

2180 1602 2363 1658 sentis
2396 1603 2523 1659 vitae
2549 1620 2711 1660 anno
2733 1605 2786 1660 ci
2811 1605 3047 1674 accidit,
3074 1622 3351 1680 propono
3384 1607 3445 1663 in
3474 1608 3844 1682 exemplum,

2180 1697 2236 1748 et
2260 1693 2558 1749 cautelam
2590 1693 2893 1767 fidelibus,
2926 1700 2983 1751 et
3010 1696 3284 1753 timorem
3331 1712 3402 1753 ac
3457 1697 3844 1755 formidinem

2180 1782 2643 1853 negligentibus.
2672 1787 2808 1843 Erat
2859 1802 3005 1842 sane
3032 1785 3092 1841 in
3124 1791 3328 1844 nostra
3377 1789 3843 1857 congregatione

2176 1872 2428 1946 quidam
2460 1872 2794 1946 presbyter,
2828 1890 2900 1929 ex
2928 1874 3153 1931 familia
3178 1876 3446 1933 Ecclesia:
3478 1882 3666 1949 ortus,
3694 1878 3845 1934 litte-

2178 1962 2316 2020 rulis
2348 1963 2629 2033 scientiae,
2663 1968 2727 2021 ut
2753 1964 2814 2020 in
2846 1981 2994 2040 pace
3051 1966 3269 2023 veritas
3323 1967 3629 2039 procedat,
3684 1984 3844 2041 penc

2178 2051 2444 2121 ignarus,
2479 2052 2585 2107 sed
2614 2053 2940 2110 mundanae
2973 2053 3315 2123 sagacitatis
3347 2054 3638 2111 subtiliter
3660 2060 3713 2111 et
3750 2073 3845 2110 su-

2178 2156 2286 2212 pra
2331 2141 2582 2196 modum
2614 2158 2858 2211 gnarus,
2891 2143 2995 2215 qui
3022 2159 3094 2199 ex
3136 2142 3350 2200 intima
3378 2149 3727 2217 paupertate
3762 2144 3843 2199 ad

2178 2246 2449 2287 summas
2505 2230 2742 2287 divitias
2796 2231 3024 2287 cunctis
3089 2232 3447 2289 mirantibus
3527 2234 3840 2291 succrevit.

2177 2319 2285 2382 Qui
2316 2320 2514 2391 primo
2541 2336 2577 2375 a
2606 2319 2856 2375 domino
2899 2321 3259 2377 iternwardo
3289 2321 3574 2395 episcopo
3600 2322 3845 2380 feliciter

2178 2407 2491 2475 exaltatus,
2526 2407 2630 2464 sed
2658 2408 2737 2464 ab
2768 2408 3127 2481 imperatore
3159 2410 3412 2467 Henrico
3443 2427 3552 2484 pro
3595 2410 3846 2483 quibus-

2176 2498 2320 2554 dam
2346 2497 2562 2564 causis,
2596 2515 2732 2573 qum
2759 2499 2943 2555 modo
2973 2499 3187 2556 melius
3235 2500 3505 2569 silentur,
3560 2501 3843 2557 humilia-

2180 2591 2293 2655 tus,
2325 2587 2541 2645 iterum
2569 2587 2647 2645 ab
2673 2589 2787 2645 hoc
2814 2587 2941 2645 viro
2965 2588 3164 2660 beato,
3193 2588 3337 2662 quia
3366 2589 3522 2646 utilis
3548 2590 3601 2645 ei
3639 2590 3718 2647 ad
3752 2608 3847 2647 res

2178 2676 2449 2733 Ecclesiae
2482 2676 2816 2745 videbatur,
2871 2677 2973 2751 pia
3025 2678 3409 2735 miseratione
3459 2679 3838 2745 sublevatus,

2178 2766 2339 2823 varie
2360 2771 2563 2822 tamen
2595 2766 2745 2823 inter
2774 2768 3029 2825 adversa
3049 2772 3105 2824 et
3135 2784 3426 2841 prospera
3457 2769 3676 2841 saepius
3731 2769 3842 2827 ha—

2176 2856 2355 2917 bitus.
2412 2860 2717 2913 Postremo
2783 2862 2985 2915 autem
3016 2858 3078 2914 in
3108 2862 3341 2916 tantum
3368 2858 3481 2915 sibi
3509 2859 3655 2917 tanti
3684 2875 3841 2933 pon-

2176 2945 2347 3004 titicis
2375 2947 2647 3003 animum
2680 2963 2790 3005 sua
2820 2947 3137 3005 calliditate
3182 2948 3539 3019 conciliavit,
3595 2952 3657 3006 ut
3710 2964 3845 3022 per-

2176 3034 2379 3109 plures
2411 3039 2549 3092 ante
2575 3035 2825 3093 ﬁdeliter
2849 3036 3258 3093 ministrantes
3301 3038 3587 3113 episcopo
3617 3038 3840 3097 abalier

2101 3114 2142 3167 (ἶ
2173 3129 2362 3189 naret,
2386 3140 2609 3197 eosque
2652 3130 2773 3181 tam
2796 3125 2964 3181 herili
2992 3126 3204 3198 gratia,
3231 3127 3399 3199 quod
3430 3127 3484 3183 ei
3525 3133 3678 3185 certe
3710 3145 3842 3187 m0-

2172 3210 2390 3267 lestum
2419 3216 2563 3274 erat,
2592 3228 2780 3283 quam
2808 3216 2867 3268 et
2894 3212 3183 3285 dignitate
3213 3230 3284 3270 ac
3324 3214 3703 3288 proprietatis
3732 3214 3842 3273 uti-

2172 3298 2330 3355 litate
2352 3300 2632 3373 privaret.
2666 3300 2782 3356 Sed
2803 3316 2876 3355 ne
2906 3301 3023 3358 hoc
3045 3301 3349 3374 aliquibus
3379 3303 3601 3361 mirum
3632 3302 3843 3359 videa-

2174 3391 2287 3453 tur,
2315 3386 2459 3460 quia
2488 3387 2770 3457 Gregorio
2802 3393 2965 3459 teste,
3001 3389 3220 3463 saepius
3245 3390 3312 3447 fit
3342 3394 3405 3444 ut
3446 3395 3745 3463 occupato
3777 3391 3841 3447 in

2174 3475 2447 3549 pluribus
2473 3480 2529 3533 et
2568 3476 2827 3533 maxime
2884 3477 2946 3533 in
3004 3477 3222 3534 divinis
3277 3478 3483 3536 animo
3538 3478 3711 3535 facile
3760 3480 3843 3536 ab

2173 3565 2563 3621 adulantibus
2603 3565 2987 3638 subripiatur.
3020 3566 3286 3623 Tandem
3320 3567 3412 3623 ille
3443 3571 3521 3623 ab
3551 3569 3842 3624 omnibus

2173 3654 2411 3726 publice
2440 3653 2836 3721 maledicitur,
2868 3661 2925 3711 et
2949 3656 3128 3711 etiam
3155 3656 3454 3713 interdum
3485 3656 3771 3732 episcopo
3806 3676 3844 3713 a

2175 3760 2391 3799 sanum
2414 3744 2784 3816 sapientibus
2818 3745 2917 3815 huj
2932 3745 3167 3800 usmodi
3193 3746 3509 3803 insolentia
3536 3746 3841 3817 objicitur,

2172 3831 2275 3903 qui
2309 3837 2365 3887 et
2387 3832 2465 3888 ab
2496 3832 2566 3888 iis
2597 3831 2845 3889 tandem
2870 3832 2975 3907 qui
3013 3833 3279 3891 insontes
3308 3833 3635 3893 abalienati
3674 3839 3839 3903 sunt,

2174 3920 2234 3976 in
2262 3920 2514 3989 gratiam
2546 3920 2867 3978 reducitur.

2246 4050 2335 4101 35.
2365 4045 2591 4101 Praesul
2614 4045 2750 4118 pius
2780 4049 2983 4101 tamen
3002 4050 3140 4118 post
3165 4046 3397 4119 aliquot
3422 4062 3615 4104 annos
3652 4047 3729 4103 de
3756 4052 3838 4104 ta-

2169 4135 2331 4193 libus
2359 4136 2577 4193 clarius
2605 4136 2982 4204 certiticatus,
3011 4141 3068 4193 et
3098 4152 3280 4209 super
3307 4154 3413 4194 eos
3457 4137 3564 4211 qui
3617 4138 3837 4209 injuste

2171 4224 2549 4282 laedebantur
2578 4224 2908 4297 aliquando
2929 4225 3010 4281 ad
3058 4226 3298 4283 veniam
3337 4226 3709 4293 humiliatus,
3740 4227 3837 4285 die

2172 4315 2441 4387 quadam
2458 4314 2777 4371 convenire
2791 4314 2866 4369 de
2890 4319 3095 4371 nostra
3110 4316 3575 4385 congregatione
3603 4331 3839 4388 praepo-

2173 4405 2375 4475 situm,
2408 4409 2466 4460 et
2493 4404 2795 4461 decanum
2823 4420 2965 4461 cum
2990 4404 3221 4478 aliquot
3248 4405 3558 4473 fratribus,
3586 4406 3839 4463 caeteris-

2168 4512 2289 4569 que
2309 4495 2431 4551 suis
2454 4494 2822 4568 primoribus
2852 4495 3222 4563 Holthuscm,
3246 4496 3351 4553 ubi
3375 4500 3519 4553 tunc
3532 4496 3679 4552 forte
3711 4512 3838 4553 ma-

2169 4586 2371 4653 nebat,
2402 4584 2730 4651 mandavit,
2762 4584 3075 4641 assedente
3104 4585 3286 4643 etiam
3328 4586 3457 4642 viro
3487 4584 3835 4651 venerabili,

2171 4692 2281 4730 suo
2308 4692 2381 4731 ex
2407 4690 2610 4731 sorore
2638 4678 2875 4747 nepote,
2909 4675 3294 4732 Rathmundo
3320 4675 3653 4732 Altahensis
3702 4692 3837 4732 mo-

2168 4764 2415 4821 nasterii
2466 4764 2773 4831 abbatem,
2824 4769 3116 4836 praesente
3167 4765 3383 4822 eodem
3460 4765 3835 4837 presbytero,

2170 4854 2456 4911 omnibus
2481 4855 2586 4927 qui
2616 4870 2679 4910 se
2709 4853 2789 4910 ab
2814 4870 2886 4909 eo
2914 4853 3090 4910 laesos
3120 4855 3566 4928 quaerebantur,
3626 4870 3836 4911 coram

2170 4944 2473 5001 licentiam
2499 4943 2665 5001 fandi
2686 4943 2954 5000 donavit.
2986 4945 3317 5018 Statimque
3349 4944 3475 5001 sine
3503 4959 3677 5001 mora
3706 4944 3838 5016 plu-

2169 5049 2237 5089 ra
2292 5033 2550 5107 querelee
2604 5048 2846 5102 genera,
2906 5036 3029 5089 tam
3083 5033 3163 5089 ab
3218 5033 3354 5105 ipso
3410 5032 3630 5088 abbate
3680 5034 3836 5087 suis-

2169 5140 2289 5197 que
2340 5123 2443 5197 qui
2494 5122 2759 5197 hospites
2813 5122 3157 5192 intererant,
3213 5138 3401 5195 quam
3432 5127 3489 5179 et
3540 5138 3577 5178 a
3615 5122 3837 5178 nostris

2169 5213 2571 5287 proferuntur,
2632 5228 2767 5285 quae
2810 5216 3018 5269 contra
3072 5229 3211 5269 eum
3261 5212 3499 5286 publice
3531 5227 3568 5268 a
3607 5212 3837 5268 cunctis

2169 5303 2343 5376 quasi
2366 5319 2490 5359 uno
2521 5319 2622 5359 ore
2642 5301 2941 5357 dicuntur.
2976 5302 3411 5368 Quaerebantiu‘
3431 5301 3591 5358 enim
3622 5317 3835 5357 omnes

2171 5392 2368 5460 simul,
2400 5392 2597 5465 primo
2628 5391 2902 5461 generale
2938 5392 3208 5448 Ecclesiae
3239 5397 3298 5448 et
3324 5390 3683 5465 episcopalis
3732 5392 3836 5447 ho-

2244 5536 2350 5607 (57)
2384 5534 2528 5591 Cod.
2560 5535 2802 5608 Bodec.,
2826 5534 2901 5608 de
2930 5536 3147 5608 arbore
3168 5551 3301 5608 quap
3325 5535 3608 5608 [mariue
3621 5535 3831 5608 lingua

2170 5605 2419 5677 Belgica
2440 5620 2460 5671 ,'
2484 5610 2541 5661 et
2568 5606 2815 5678 quidem
2853 5606 3011 5663 hanc
3037 5605 3318 5664 arborem
3350 5606 3501 5662 fusis
3531 5605 3829 5663 fabricari»

2170 5679 2262 5735 dis
2291 5676 2498 5751 aptam
2528 5676 2655 5733 esse
2688 5676 2874 5733 aiunt.
