3980 6398
281 368 386 420 219

1280 363 1441 417 VITA
1478 363 1532 416 S.
1570 362 2035 425 CUNEGUNDIS,
2078 363 2195 417 UB1
2234 363 2326 417 DE
2366 361 2422 415 S.
2469 360 2795 416 HENRICO.

3691 359 3797 411 2'20

288 502 403 556 quo
433 485 696 551 credidit,
738 501 914 556 quem
935 485 1156 551 dilexit,
1187 484 1361 540 etiam
1393 489 1522 556 post
1547 489 1792 539 mortem
1824 484 1982 538 vive-
2013 488 2058 538 A
2099 486 2210 540 Hoc
2240 486 2430 556 potuit
2461 485 2562 556 qui
2592 489 2791 540 cuncta
2821 486 3008 556 potest
3026 485 3162 539 dare
3182 483 3519 555 virginitati,

285 591 345 627 re
399 575 563 644 signa
592 574 791 627 crebra
842 574 1174 644 loquuntur.
1217 573 1302 628 Ad
1342 573 1683 628 memoriam
1733 573 1986 642 ejusdem

285 661 421 715 caeci
469 662 676 728 visum,
724 663 986 716 exstincti
1035 662 1232 726 vitam,
1278 661 1420 715 muti
1471 661 1780 732 loquelam,
1821 675 1987 712 aures

288 750 592 804 obstructae
619 750 908 820 recipiunt
942 751 1220 805 auditum.

358 839 447 892 24.
483 839 707 902 Quanta
735 839 910 909 igitur
949 838 1046 892 illa
1075 838 1247 892 fuisse
1277 837 1582 902 credimus,
1615 852 1746 906 quae
1792 835 1988 889 vivens

289 927 451 980 nullo
483 933 646 995 teste,
673 929 810 982 dum
849 927 1180 999 jactantiam
1217 927 1373 991 vitat,
1399 927 1520 979 sola
1549 925 1820 990 exercuit,
1856 942 1986 980 cum

290 1020 452 1068 tanta
506 1015 663 1069 illam
723 1021 853 1086 post
903 1021 1146 1069 mortem
1196 1013 1360 1084 signa
1398 1014 1615 1079 fecisse,
1671 1015 1776 1067 sub
1807 1014 1986 1067 oculis

288 1103 549 1157 omnium
609 1104 962 1158 viderimus?
1013 1104 1096 1157 Ad
1129 1119 1229 1156 nos
1274 1118 1412 1172 ergo
1472 1102 1636 1172 signa
1697 1103 1824 1167 ista,
1858 1119 1987 1173 qua:

284 1191 424 1244 foris
475 1191 774 1258 miramur,
819 1193 973 1245 intus
1021 1191 1454 1256 transferamus,
1505 1191 1678 1244 vitam
1731 1197 1984 1244 nostram

283 1282 340 1331 et
369 1294 556 1332 mores
601 1280 974 1348 corrigamus,
1009 1282 1072 1330 ut
1114 1277 1161 1330 si
1190 1277 1430 1347 virginis
1485 1279 1835 1331 consortium
1867 1295 1984 1331 non

284 1382 599 1433 meremur,
631 1373 758 1437 post
807 1367 1047 1420 declivia
1080 1365 1350 1420 vitiorum
1383 1366 1455 1419 sit
1486 1366 1651 1419 nobis
1680 1366 1984 1436 praemium

283 1471 388 1524 per
409 1453 692 1524 virginem
715 1460 938 1508 tantum
965 1454 1312 1524 supplicium
1335 1454 1576 1506 evasisse
1598 1461 1981 1524 peccatorum.

288 1559 536 1628 Virginis
563 1560 668 1614 iste
700 1559 864 1614 docet
897 1560 1266 1628 Cunegundis
1295 1565 1456 1631 gesta
1487 1560 1731 1614 libellus.

286 1649 455 1702 Plura
479 1654 674 1702 tamen
697 1649 937 1702 dicenda
967 1653 1134 1716 tacet,
1168 1649 1303 1703 dum
1327 1648 1566 1702 flumine
1589 1648 1792 1718 mergi,

287 1737 499 1806 Cymba
533 1737 720 1802 timet,
747 1738 990 1791 moritur
1010 1754 1138 1808 qua:
1168 1737 1351 1806 tangit
1384 1737 1564 1790 bestia
1596 1743 1874 1792 montem.

357 1824 466 1878 Sed
496 1841 625 1894 quae
657 1825 856 1896 lingua
883 1826 1030 1892 silet,
1063 1840 1166 1895 pro
1191 1825 1415 1896 virgine
1443 1825 1607 1894 signa
1649 1825 1986 1895 loquuntur,

289 1913 425 1976 Quae
454 1913 666 1968 famam
692 1915 879 1968 laudis
910 1915 1034 1985 ejus
1065 1920 1182 1968 tam
1206 1915 1408 1967 crebra
1440 1915 1770 1984 loquuntur,

293 2002 436 2054 Dum
469 2001 651 2069 caecis,
684 2001 879 2070 mutis,
914 2003 1152 2067 claudis;
1190 2007 1385 2073 optata
1421 2003 1619 2055 salutis

293 2090 440 2144 Cura
464 2090 652 2156 venit;
687 2090 826 2145 dum
859 2092 1103 2161 languor
1121 2090 1260 2158 abit,
1295 2090 1583 2161 febrisque
1616 2089 1846 2158 recedit,

293 2177 420 2231 Vita
445 2178 614 2247 redit,
648 2178 966 2248 recipitque
995 2179 1142 2232 cutis
1166 2194 1471 2249 conspersa
1497 2177 1763 2231 colorem.

2099 574 2207 638 Qui
2236 579 2459 628 montes
2476 575 2782 627 transferre
2806 574 2954 627 valet
2984 573 3330 627 credulitati.

2099 662 2287 731 Nupta
2311 661 2431 714 viro
2458 660 2562 714 sub
2594 662 2719 731 lege
2750 660 2854 713 viri
2883 661 3002 713 vult
3023 660 3182 730 virgo
3216 661 3414 727 latere,

2097 750 2318 819 Sponsa
2353 749 2710 814 subarrbata,
2745 764 2956 818 sponso
2992 753 3181 801 tamen
3214 748 3505 812 inviolata,

2097 840 2166 892 Et
2195 838 2486 904 Christum
2517 839 2622 890 sub
2662 838 2832 890 corde
2862 837 3047 890 virum
3087 837 3194 890 sibi
3227 836 3366 903 legit
3394 835 3625 890 habere.

2095 927 2293 981 Servat
2317 927 2478 996 virgo
2509 926 2683 980 ﬁdem
2718 942 2804 978 res
2836 925 3042 979 claruit
3065 926 3202 994 igne
3233 925 3491 994 probata.

2102 1015 2303 1069 Discite
2337 1013 2668 1084 conjugium
2691 1013 2914 1079 caelebs,
2948 1013 3046 1066 ubi
3074 1014 3232 1066 nulla
3262 1014 3522 1083 voluptas
3554 1029 3567 1066 :

2095 1103 2203 1167 Qui
2241 1103 2362 1155 sine
2388 1103 2628 1155 mistura
2656 1106 2885 1155 servant
2903 1101 3108 1172 legalia
3129 1101 3279 1170 jura.

2097 1194 2308 1246 Cuncta
2330 1191 2476 1244 nihil
2507 1194 2751 1260 pensant
2771 1206 2902 1260 quas
2932 1204 3063 1244 mox
3094 1188 3309 1242 fuerint
3337 1187 3578 1256 ruitura,

2097 1280 2196 1334 Hic
2226 1280 2284 1332 in
2313 1295 2412 1348 spe
2435 1277 2651 1331 fructus
2684 1277 2976 1330 mittentes
2998 1276 3218 1330 semina
3249 1277 3430 1330 luctus

2095 1367 2314 1422 Gaudio
2345 1367 2516 1436 longa
2540 1370 2780 1429 metent,
2805 1368 3150 1436 Agnumque
3183 1369 3498 1436 sequentur
3539 1363 3598 1417 in
3630 1363 3791 1418 albis.

2168 1475 2412 1530 Oramus
2459 1480 2534 1540 te,
2577 1473 2739 1543 virgo
2781 1473 3160 1538 sanctissima,
3202 1472 3537 1543 imperatrix
3575 1471 3796 1542 glorio-

2096 1563 2339 1629 sissima,
2375 1577 2506 1632 quin
2563 1566 2745 1614 terras
2777 1560 3302 1614 misericordiarum
3350 1565 3581 1614 tuarum
3612 1559 3798 1629 operi-

2095 1652 2223 1716 bus,
2281 1652 2448 1704 coelos
2482 1650 2801 1720 respersisti
2847 1649 3120 1703 virtutum
3155 1649 3412 1711 ﬁoribus,
3473 1647 3798 1702 fluctuanti-

2019 1761 2060 1814 Β
2095 1740 2204 1794 bus
2224 1739 2282 1792 in
2323 1739 2536 1793 mundo
2576 1738 2690 1791 tuis
2733 1738 2954 1806 assiste,
3006 1739 3286 1808 procellas
3314 1736 3639 1790 turbiuosas
3693 1735 3799 1788 ad-

2097 1827 2448 1881 versantium
2500 1827 2613 1881 tuis
2669 1827 3030 1880 orationibus
3087 1827 3362 1896 propelle,
3411 1829 3643 1878 cunctos
3694 1821 3796 1877 tibi

2101 1914 2356 1980 devotos,
2404 1914 2555 1967 vitiis
2586 1914 2895 1985 propulsis,
2944 1921 3225 1985 perpetuo
3274 1915 3386 1967 tuis
3430 1913 3516 1966 fac
3550 1911 3801 1981 gaudere

2103 2003 2393 2057 beneﬁciis
2437 2007 2494 2056 et
2542 2003 2780 2063 meritis.
2817 2009 2873 2056 et
2909 2019 3110 2056 omnes
3141 2001 3456 2055 scribentes
3486 2002 3601 2056 sive
3658 2000 3799 2052 ﬁde-

2105 2092 2251 2145 lium
2313 2092 2568 2161 legentes
2617 2091 2794 2162 hujus
2835 2097 3052 2145 textum
3109 2090 3391 2155 lectionis,
3446 2090 3633 2144 fructu
3687 2103 3807 2140 non

2105 2178 2405 2248 priventur
2435 2193 2552 2231 suae
2575 2184 2738 2248 parte
2769 2177 3107 2232 devotionis.
3140 2180 3342 2232 Amen.

665 2386 926 2454 BULLA
983 2389 1445 2455 lNNOCENTlI
1501 2389 1610 2466 ΙΙΙ,
1663 2389 1763 2452 DE
1811 2389 2472 2456 CANONIZATIONE
2523 2388 2862 2455 SANCTZE
2913 2389 3441 2454 CUNEGUNDIS.

365 2530 737 2586 Innocentius
776 2529 1100 2600 episcopus,
1136 2545 1332 2584 servus
1362 2545 1658 2582 servorum
1721 2529 1843 2594 Dei,
1900 2545 1996 2584 ve-

290 2619 535 2674 nerabili
589 2619 748 2678 fratri
779 2619 1101 2673 'I‘heumoni
1158 2618 1269 2690 (82)
1322 2618 1606 2688 episcopo.
1668 2623 1725 2671 et
1777 2617 1997 2671 dilectis

293 2709 429 2764 ﬁliis
457 2708 708 2776 capitulo
757 2707 1213 2776 Babenbergensi
1245 2707 1486 2760 salutem
1518 2710 1576 2760 et
1622 2707 1996 2777 apostolicam

293 2795 779 2850 benedictionem.
831 2795 976 2850 Cum
1012 2793 1326 2848 secundum
1372 2793 1760 2862 evangelicam
1789 2792 1995 2846 verita-

295 2889 414 2938 tem
455 2885 668 2944 (Matth.
695 2899 750 2950 v,
783 2885 864 2949 l5)
896 2899 1066 2936 nemo
1106 2882 1379 2936 accendat
1416 2883 1707 2936 lucernam
1741 2887 1796 2935 et
1821 2886 1998 2951 ponat

294 2974 455 3028 illam
495 2972 598 3026 sub
628 2972 841 3035 modio,
897 2972 992 3026 sed
1022 2988 1197 3042 super
1243 2972 1674 3038 candelabrum,
1700 2975 1765 3025 ut
1796 2987 1997 3025 omnes

2107 2529 2300 2584 multis
2344 2533 2604 2583 coruscat
2659 2529 2972 2596 miraculis,
3036 2534 3100 2583 ut
3141 2530 3264 2600 ejus
3310 2529 3578 2582 sanctitas
3633 2527 3806 2582 certis

2105 2617 2332 2671 indiciis
2384 2618 2810 2687 comprobetur.
2854 2618 3006 2672 Licet
3054 2618 3206 2671 enim
3239 2617 3304 2670 ad
3339 2618 3442 2670 hoc
3475 2621 3538 2670 ut
3594 2615 3808 2686 aliquis

2106 2711 2336 2760 sanctus
2367 2707 2441 2760 sit
2457 2707 2609 2776 apud
2637 2707 2818 2760 Deum
2847 2706 2907 2760 in
2951 2706 3194 2760 Ecclesia
3233 2705 3648 2775 triumphante,
3684 2704 3809 2758 sola

2106 2794 2349 2849 sufﬁciat
2395 2795 2584 2849 ﬁnalis
2615 2795 3062 2865 perseverantia,
3095 2800 3343 2848 testante
3373 2793 3641 2860 Veritate,
3675 2808 3806 2864 qum

2107 2882 2286 2937 dicit:
2319 2883 2599 2946 Quoniam
2647 2885 2745 2952 qui
2767 2885 3195 2952 perseveraverit
3233 2898 3402 2950 usque
3437 2885 3495 2935 in
3531 2884 3690 2949 ﬁnem
3721 2883 3810 2935 hic

2105 2973 2294 3026 salvus
2323 2975 2428 3026 erit
2481 2972 2705 3038 (Matth.
2748 2987 2802 3032 χ,
2856 2975 2991 3037 22);
3037 2977 3094 3024 et
3149 2971 3405 3024 iterum:
3469 2973 3596 3024 Esto
3620 2970 3814 3038 ﬁdelis

297 3061 486 3132 quiin
514 3062 684 3115 domo
733 3065 868 3114 sunt
908 3060 1166 3126 videant;
1211 3059 1374 3131 pium
1419 3060 1637 3130 pariter
1696 3065 1750 3114 et
1777 3060 1997 3130 justum
2031 3062 2072 3117 C
2110 3075 2280 3129 usque
2323 3060 2398 3114 ad
2453 3066 2696 3126 mortem,
2731 3065 2783 3113 et
2837 3059 2977 3113 dabo
3008 3059 3110 3113 tibi
3139 3073 3394 3113 coronam
3441 3062 3564 3112 vita:
3613 3058 3810 3128 (Apoc.

297 3155 400 3214 est,
429 3154 494 3202 ut
521 3165 667 3220 quos
720 3150 872 3203 Deus
927 3148 1132 3202 merito
1166 3148 1480 3202 sanctitatis
1533 3153 1770 3202 coronat
1808 3153 1866 3202 et
1901 3149 2003 3202 ho-

297 3245 468 3293 norat
504 3239 563 3291 in
595 3238 772 3299 coelis,
822 3253 924 3290 nos
954 3236 1340 3290 venerationis
1386 3236 1574 3290 ofﬁcio
1624 3237 1924 3290 laudemus
1951 3241 2006 3289 et

300 3327 693 3399 gloriﬁcemus
731 3325 791 3379 in
829 3325 1026 3378 terris:
1074 3341 1207 3378 eum
1249 3325 1371 3395 ipse
1409 3325 1601 3396 potius
1642 3325 1909 3379 laudetur
1949 3329 2006 3378 et

299 3415 657 3486 gloriﬁcetur
681 3414 742 3468 in
772 3413 906 3478 illis,
953 3413 1053 3483 qui
1097 3418 1181 3466 est
1209 3413 1508 3467 laudabilis
1540 3419 1598 3468 et
1627 3413 1912 3484 gloriosus
1941 3413 2003 3466 in

299 3501 534 3557 sanctis.
573 3500 760 3555 Pietas
798 3499 950 3554 enim
984 3499 1427 3570 promissionem
1475 3501 1646 3554 habet
1695 3500 1822 3554 vita:
1873 3515 2004 3570 quae

300 3607 455 3646 nunc
484 3594 588 3654 est,
620 3594 677 3643 et
709 3589 938 3652 futurae,
961 3588 1182 3642 dicente
1212 3589 1452 3642 Domino
1483 3605 1589 3659 per
1617 3587 1958 3658 Prophetam
1987 3603 1999 3640 :

299 3680 446 3734 Dabo
491 3693 583 3732 vos
631 3681 835 3732 cunctis
863 3678 1084 3746 populis
1125 3680 1183 3730 in
1213 3677 1446 3742 laudem,
1479 3679 1711 3745 gloriam
1759 3681 1810 3731 et
1838 3677 2004 3730 hono-

298 3784 412 3822 rem
438 3768 622 3832 (Deut.
664 3783 812 3832 xxvi,
853 3767 967 3835 l9);
997 3771 1054 3819 et
1085 3781 1186 3836 per
1208 3783 1266 3819 se
1308 3766 1645 3837 pollicente:
1696 3765 2006 3835 Fulgebunt

291 3857 436 3925 justi
468 3858 608 3908 sicut
635 3857 716 3908 sol
744 3857 803 3907 in
827 3870 992 3922 regno
1041 3857 1223 3908 Patris
1252 3870 1442 3908 eorum
1487 3854 1707 3920 (Matth.
1741 3869 1860 3919 xm,
1891 3852 2002 3920 43).

303 3945 445 3998 Nam
484 3947 549 3997 ut
577 3959 695 3996 siue
748 3942 969 3996 virtutis
997 3943 1318 4012 potentiam
1373 3941 1719 3995 mirabiliter
1765 3939 2005 3994 manife-

299 4037 428 4099 stet,
460 4035 516 4085 et
544 4036 754 4085 nostra;
785 4031 985 4085 salutis
1035 4047 1266 4084 causam
1302 4029 1756 4084 misericorditer
1798 4044 2006 4098 opere-

299 4127 416 4186 tur,
463 4119 663 4174 ﬁdeles
695 4136 846 4186 suos,
898 4135 1041 4190 quos
1073 4134 1301 4188 semper
1329 4123 1565 4172 coronat
1593 4117 1654 4170 in
1683 4117 1845 4183 ccelo,
1893 4115 2002 4170 fre-

302 4213 546 4280 quenter
579 4207 750 4262 etiam
781 4208 1028 4262 honorat
1063 4206 1124 4261 in
1161 4207 1398 4272 mundo,
1451 4207 1520 4260 ad
1550 4221 1750 4260 eorum
1785 4221 2007 4258 memo-

303 4298 416 4350 rias
438 4297 602 4368 signa
629 4297 844 4351 faciens
869 4300 923 4350 et
961 4294 1246 4365 prodigia,
1287 4309 1392 4364 per
1439 4309 1569 4364 quas
1600 4292 1850 4364 pravitas
1874 4308 2005 4346 con-

304 4384 578 4438 fundatur
631 4382 919 4446 haeretica,
969 4387 1026 4435 et
1089 4381 1230 4435 ﬁdes
1282 4380 1559 4435 catholica
1609 4380 2000 4434 conﬁrmetur.

306 4474 417 4527 Nos
460 4488 622 4541 ergo,
653 4469 996 4535 charissimi,
1051 4475 1295 4541 quantas
1352 4485 1680 4539 possumus,
1733 4469 1840 4522 etsi
1887 4484 2006 4522 non

303 4564 547 4630 quantas
584 4559 883 4624 debemus,
937 4557 1318 4628 omnipotenti
1346 4559 1462 4612 Deo
1505 4558 1819 4629 gratiarum
1859 4557 2004 4610 refe-

306 4648 488 4701 rimus
532 4647 807 4714 actiones,
839 4647 941 4718 qui
983 4646 1043 4701 in
1093 4647 1296 4703 diebus
1324 4645 1552 4711 nostris,
1603 4645 1675 4699 ad
1710 4645 2009 4700 conﬁrma-

304 4734 526 4788 tionem
558 4733 693 4789 ﬁdei
722 4734 1017 4789 catholicae
1058 4740 1114 4789 et
1139 4733 1538 4789 confusionem
1563 4732 1846 4794 haereticus
1875 4748 2006 4802 pra-

304 4822 496 4876 vitatis
523 4822 822 4876 evidenter
852 4822 1086 4876 iunovat
1115 4822 1300 4893 signa,
1331 4825 1390 4876 et
1441 4821 1716 4876 miracula
1744 4825 2010 4892 potenter

303 4909 596 4975 immutat,
629 4909 843 4964 faciens
893 4926 988 4964 eos
1017 4926 1311 4964 coruscare
1343 4909 1654 4978 miraculis,
1702 4910 1802 4980 qui
1832 4909 2008 4964 ﬁdem

303 4998 647 5052 catholicam
694 5003 812 5052 tam
842 4999 1013 5052 corde
1069 5015 1244 5070 quam
1283 5015 1403 5067 ore,
1453 5014 1677 5053 necnon
1724 5003 1782 5052 et
1832 5013 2008 5068 opere

306 5087 618 5143 tenuerint.

381 5179 541 5232 Inter
567 5194 714 5250 quos
751 5177 934 5233 beatae
965 5179 1262 5233 memoria;
1307 5178 1697 5249 Cunegundis,
1724 5179 2008 5232 Romano-

305 5283 438 5322 rum
464 5266 798 5338 imperatrix
827 5267 1106 5337 Augusta,
1134 5283 1264 5338 quae
1291 5267 1504 5337 degens
1533 5266 1672 5320 olim
1702 5266 1762 5320 in
1794 5267 2010 5320 mundo

311 5354 537 5425 magnis
589 5353 812 5408 meritis
865 5354 1260 5425 praapollebat,
1319 5369 1471 5408 nunc
1522 5354 1715 5407 vivens
1771 5353 1830 5408 in
1870 5355 2011 5409 caalo

385 5459 496 5528 (82)
522 5461 759 5515 Thiemo
793 5476 944 5514 anno
999 5465 1135 5516 H92
1168 5461 1427 5531 Poppoui
1474 5477 1574 5516 seu
1606 5459 1834 5515 Pottoui
1885 5475 2009 5512 suc-

309 5531 498 5603 cessit,
526 5531 834 5603 sedemque
864 5532 1096 5602 reliquit
1123 5547 1275 5603 anno
1309 5533 1433 5586 t20l
1452 5574 1464 5584 .

381 5600 502 5670 (83)
532 5602 584 5654 Is
625 5607 712 5656 est
739 5600 1097 5657 'Ccelestinus
1136 5601 1236 5669 IIl,
1285 5607 1509 5657 creatus
1551 5601 1642 5656 die
1691 5601 1757 5655 14
1802 5601 2012 5672 Aprilis

2114 3164 2174 3212 II,
2213 3147 2329 3218 lO);
2362 3148 2433 3201 ad
2465 3149 2570 3201 hoc
2598 3153 2792 3201 tamen
2823 3151 2884 3200 ut
2918 3146 3040 3215 ipse
3079 3151 3307 3200 sanctus
3337 3147 3492 3217 apud
3549 3147 3815 3200 homines

2113 3236 2398 3290 habeatur
2426 3235 2484 3288 in
2536 3236 2778 3290 Ecclesia
2809 3235 3114 3302 militante,
3143 3236 3257 3289 duo
3291 3240 3426 3289 sunt
3469 3233 3811 3295 necessaria,

2111 3325 2295 3379 virtus
2340 3340 2590 3386 morum.
2634 3327 2691 3378 et
2741 3324 2921 3377 virtus
2954 3323 3274 3393 signorum,
3308 3323 3571 3377 videlicet
3609 3322 3819 3376 merita

2113 3418 2170 3467 et
2192 3413 2487 3477 miracula,
2535 3418 2596 3466 ut
2637 3418 2693 3466 et
2721 3412 2843 3466 haec
2871 3416 2927 3465 et
2957 3412 3054 3466 illa
3079 3412 3185 3466 sibi
3216 3412 3462 3466 invicem
3492 3415 3817 3464 contesten-

2110 3506 2223 3555 tur.
2251 3502 2369 3554 Non
2403 3501 2558 3555 enim
2591 3506 2690 3554 aut
2744 3502 2952 3554 merita
2979 3502 3103 3553 sine
3137 3500 3448 3563 miraculis,
3501 3504 3600 3552 aut
3649 3499 3821 3551 mira-

2111 3591 2240 3643 cula
2278 3590 2401 3643 sine
2457 3589 2675 3643 meritis
2707 3591 2877 3659 plene
2931 3589 3224 3642 sufﬁciunt
3272 3589 3342 3642 ad
3391 3587 3817 3658 perhibendum

2111 3679 2268 3732 inter
2294 3678 2557 3732 homines
2597 3677 2948 3731 testimonim
2983 3677 3266 3730 sanctitati
3298 3693 3310 3729 :
3343 3693 3471 3729 cum
3523 3675 3818 3729 interdum

2115 3767 2356 3836 angelus
2403 3765 2627 3820 Satanae
2659 3765 3029 3834 transﬁguret
3059 3782 3116 3818 se
3147 3765 3206 3818 in
3239 3765 3511 3834 angelum
3550 3763 3714 3829 lucis,
3765 3768 3825 3817 et

2114 3853 2353 3924 quidam
2383 3869 2558 3923 opera
2587 3869 2689 3907 sua
2716 3853 2925 3907 faciant
2971 3858 3036 3906 ut
3074 3853 3146 3906 ab
3193 3851 3526 3906 hominibus
3585 3851 3820 3904 videan-

2113 3945 2227 3994 tur.
2261 3940 2373 3996 Sed
2402 3946 2459 3995 et
2515 3941 2668 4012 magi
2720 3941 3031 3995 Pharaonis
3071 3940 3210 3993 olim
3249 3940 3408 4010 signa
3449 3940 3729 4012 fecerunt,
3762 3943 3825 3992 et

2113 4030 2497 4084 Antichristus
2530 4011 2761 4084 tandem
2808 4029 3070 4100 prodigia
3099 4029 3452 4099 operabitur,
3486 4033 3570 4095 ut,
3618 4011 3672 4080 si.
3692 4028 3824 4082 ﬁeri

2113 4125 2327 4191 posset,
2387 4120 2447 4173 in
2503 4134 2726 4172 errores
2768 4119 2940 4172 etiam
2970 4118 3318 4172 inducantur
3362 4115 3546 4170 electi.
3607 4116 3824 4170 Verum

2115 4223 2249 4261 cum
2293 4213 2349 4262 et
2385 4208 2592 4261 merita
2641 4223 2780 4260 sana
2826 4207 3177 4276 praecedunt,
3209 4211 3267 4260 et
3321 4205 3473 4260 clara
3504 4204 3823 4258 succedunt

2116 4295 2414 4361 miracula,
2466 4299 2688 4348 certum
2733 4295 2997 4365 praabent
3048 4293 3325 4348 indicium
3386 4291 3721 4352 sanctitatis,
3756 4297 3828 4346 ut

2117 4399 2223 4438 nos
2252 4382 2323 4436 ad
2368 4382 2550 4453 ipsius
2595 4383 3023 4437 venerationem
3078 4382 3351 4436 inducant
3377 4397 3549 4452 quem
3583 4381 3732 4434 Deus
3764 4385 3827 4434 et

2116 4470 2338 4525 meritis
2380 4471 2855 4541 praecedentibus,
2887 4476 2944 4524 et
2997 4469 3292 4524 miraculis
3340 4467 3826 4539 subsequentibus

2116 4559 2345 4613 exhibet
2392 4559 2803 4613 venerandum.
2833 4559 2970 4623 Quae
2991 4559 3106 4612 duo
3145 4575 3213 4612 ex
3244 4556 3430 4611 verbis
3456 4556 3826 4627 evangelista:

2117 4647 2341 4718 plenius
2371 4647 2742 4718 colliguntur,
2777 4646 2874 4718 qui
2909 4647 2978 4700 de
3011 4645 3282 4717 apostolis
3309 4645 3550 4716 loquens
3579 4643 3769 4698 aiebat
3805 4660 3822 4700 :

2117 4738 2210 4792 Illi
2274 4741 2452 4790 autem
2509 4738 2746 4806 profecti
2816 4734 3257 4805 praedicaverunt
3311 4734 3531 4803 ubique,
3600 4736 3826 4788 Domino

2118 4829 2452 4892 cooperante,
2509 4830 2563 4879 et
2613 4838 2912 4878 sermonem
2941 4824 3312 4892 conﬁrmante,
3352 4821 3696 4890 sequentibus
3741 4825 3824 4875 si-

2120 4915 2243 4981 gnis
2269 4914 2466 4982 (Marc.
2491 4928 2610 4976 xvr,
2641 4910 2752 4982 20).

2189 5002 2334 5056 Sane
2381 5017 2513 5055 cum
2566 5001 2639 5054 ad
2692 4999 3043 5054 audientiam
3110 4999 3276 5052 bona:
3317 4997 3611 5051 memoriaa
3645 4997 3828 5053 Coele-

2120 5089 2255 5143 stini
2286 5105 2451 5159 papae
2503 5090 2641 5157 (83),
2668 5088 3102 5159 prindecessoris
3153 5087 3290 5154 mei,
3323 5087 3528 5140 merita
3558 5090 3615 5140 et
3645 5087 3827 5141 mira—

2121 5178 2250 5231 cula
2273 5177 2524 5248 prmfata:
2565 5177 2968 5247 imperatricis,
2994 5175 3153 5230 vobis
3205 5174 3585 5229 referentibus
3617 5190 3830 5244 perve-

2124 5265 2367 5327 nissent,
2427 5271 2492 5320 ut
2520 5265 2642 5336 ipse
2676 5266 2746 5320 de
2775 5265 2887 5320 illis
2935 5264 3196 5318 notitiam
3238 5263 3582 5334 conciperet.
3622 5262 3830 5316 certio-

2121 5369 2266 5420 rem,
2327 5354 2768 5424 inquisitionem
2839 5369 3040 5407 eorum
3104 5351 3527 5406 venerabilibus
3556 5350 3832 5404 fratribus

2126 5474 2278 5512 anno
2323 5462 2446 5513 ll9l
2478 5474 2493 5524 ;
2553 5458 2676 5512 obit
2729 5458 2822 5511 die
2868 5461 2900 5512 8
2926 5457 3182 5512 Januarii
3212 5473 3366 5510 anno
3401 5458 3559 5520 H98,
3593 5455 3686 5510 cui
3714 5461 3828 5511 sta-

2125 5530 2228 5583 tim
2254 5529 2624 5584 Iunocentius
2643 5530 2715 5583 III
2755 5528 2862 5583 fuit
2883 5528 3239 5583 substitutus.
3789 5553 3792 5555 λ
