3944 6390
108 280 251 337 H89

1743 276 1921 331 VlTA.

3408 289 3544 347 H90

106 401 276 457 noris
318 398 676 456 scandalum
707 418 719 466 ;
770 400 987 455 deinde
1036 400 1195 457 cives
1234 404 1291 455 et
1320 399 1585 472 hospites
1615 398 1774 471 quis-
1812 402 1859 453 A
1886 400 1963 455 ad
1993 401 2334 461 induendas
2382 405 2612 462 tunicas
2642 422 2968 476 assurgens
3000 408 3271 466 concitus
3302 410 3542 479 corruit,

101 508 225 564 que
257 489 517 563 speciale
555 490 914 561 injuriarum
946 491 1038 546 sui
1067 490 1513 547 detrimentum.
1550 489 1777 556 Quibus

102 580 202 637 ille
234 579 475 648 auditis,
506 578 683 653 quasi
709 579 1083 651 insultando,
1110 584 1171 636 ut
1189 583 1315 635 erat
1335 578 1775 647 callidissimus,

104 668 378 736 subrisit,
412 672 468 723 et
496 668 659 723 velut
702 668 1031 733 admirans,
1074 685 1208 741 quae
1262 671 1387 723 hch
1441 671 1642 723 essent
1687 666 1775 721 in-

103 758 356 833 quisivit
382 776 394 813 :
448 775 518 814 ac
544 758 760 814 deinde
792 758 1147 815 commentis
1176 758 1503 815 mundanae
1536 774 1657 812 sua:
1691 773 1779 812 sa-

105 848 369 922 pientiae,
415 864 539 920 qua
584 848 763 921 plane
814 847 1029 922 plenus
1079 852 1221 915 erat,
1269 865 1404 920 quae
1463 864 1587 903 «ere
1641 851 1777 903 ante

106 940 301 994 Deum
345 936 590 993 stultitia
635 942 1038 1010 computatur,
1072 942 1137 993 ut
1179 938 1237 992 in
1283 937 1418 1010 ipso
1468 936 1777 992 manifeste

106 1027 321 1101 patuit,
354 1026 593 1097 objecta
618 1044 876 1100 quaeque
907 1027 1255 1099 eloquenter
1283 1026 1516 1099 repulit,
1535 1042 1775 1082 omnes-

106 1133 229 1188 que
272 1115 384 1171 sibi
417 1116 808 1172 adversantes
858 1115 1207 1172 mirabiliter
1252 1115 1426 1188 quasi
1479 1120 1677 1171 mutos
1721 1120 1778 1169 et

107 1205 379 1273 elingues
402 1204 680 1261 reddidit.

182 1300 270 1351 36.
314 1295 448 1350 Pius
508 1293 725 1366 praesul
788 1299 1029 1350 tandem
1095 1294 1312 1367 Spiritu
1383 1298 1589 1349 sancto
1642 1311 1775 1350 vere

107 1387 538 1457 compunctus,
561 1388 619 1439 et
646 1383 891 1456 insuper
920 1384 1101 1439 etiam
1133 1383 1391 1439 mirabili
1418 1383 1613 1439 studio
1646 1400 1775 1455 per-

108 1476 331 1540 motus,
366 1472 760 1528 considerans
798 1472 1017 1545 pariter
1048 1476 1104 1528 et
1148 1472 1533 1529 manifestam
1574 1488 1774 1527 rerum

108 1562 422 1618 veritatem
462 1566 517 1616 et
564 1560 907 1617 fiducialem
945 1562 1141 1617 cordis
1189 1563 1319 1632 ejus
1358 1562 1772 1628 temeritatem,

110 1650 263 1707 illico
294 1651 573 1707 omnium
598 1667 776 1707 voces
807 1651 1194 1725 compescuit,
1216 1656 1271 1708 et
1291 1652 1636 1707 modificato
1660 1669 1779 1708 ser-

1884 496 1942 545 et
1988 492 2243 550 mirabili
2283 494 2576 549 celeritate
2626 500 3083 569 prieoccupatus
3132 496 3547 555 miserabiliter

1885 580 2224 652 exspiravit.
2284 582 2481 638 Plures
2533 588 2734 638 tamen
2790 587 2847 639 et
2903 584 3309 665 amplissimas
3368 588 3547 660 [opes

1884 668 1947 724 in
1992 686 2103 725 sua
2151 671 2531 743 proprietate,
2562 671 2625 727 in
2673 671 3005 730 innumeris
3051 678 3109 730 et
3151 675 3426 748 pretiosis
3456 692 3549 733 ve-

1886 757 2097 829 stibus,
2126 764 2182 816 et
2226 760 2342 817 alia
2394 760 2651 832 pecunia
2695 765 2753 816 et
2799 761 2979 818 etiam
3010 763 3243 833 peculio
3282 764 3543 834 dimisit;

1885 864 2040 921 quas
2090 852 2291 905 tamen
2341 849 2551 906 beatus
2598 849 2841 921 praesul,
2873 850 2949 906 de
2997 851 3128 922 ejus
3172 856 3363 909 morte
3394 852 3547 910 ultra

1885 952 2072 1008 quam
2117 937 2279 994 credi
2326 942 2520 1011 potest
2565 937 2918 1006 condolens,
2964 943 3119 996 totas
3172 956 3282 1012 pro
3325 940 3544 999 animm

1885 1025 2041 1081 illius
2084 1026 2351 1083 remedio
2404 1026 2772 1099 pauperibus
2820 1028 3055 1098 erogari
3108 1029 3408 1104 praecepit,
3457 1046 3545 1087 re-

1888 1108 2358 1187 missionemque
2411 1116 2463 1171 ei
2510 1120 2893 1189 peccatorum
2943 1133 3015 1172 ex
3045 1118 3246 1187 corde,
3276 1119 3380 1175 etsi
3414 1136 3546 1175 sero

1883 1203 2147 1271 indulsit,
2204 1210 2261 1261 et
2320 1221 2429 1278 pro
2497 1204 2654 1261 illius
2729 1204 2947 1261 animae
3021 1207 3342 1278 ereptione,
3394 1208 3547 1281 jeju-

1884 1293 1997 1347 niis
2072 1298 2130 1349 et
2206 1293 2723 1351 obsecrationibus
2795 1295 3014 1367 saepius
3087 1294 3373 1355 insudare
3424 1313 3547 1355 non

1882 1381 2121 1437 destitit.
2182 1384 2333 1448 Quia
2390 1399 2532 1450 ergo
2592 1400 2703 1438 nos
2753 1399 2893 1439 eum
2954 1383 3139 1441 modo
3188 1384 3343 1443 ultra
3383 1386 3549 1443 debi-

1884 1475 2011 1525 tum
2062 1471 2196 1543 plus
2243 1471 2596 1528 necessariae
2640 1470 2897 1527 veritatis
2945 1487 3132 1543 quam
3181 1472 3417 1531 invidia:
3456 1473 3549 1529 vel

1883 1560 2005 1615 odii
2059 1577 2241 1617 causa
2286 1560 2805 1632 reprehendimus,
2838 1564 2895 1616 et
2942 1560 3071 1631 ejus
3119 1561 3546 1631 negligentiam

1884 1655 2089 1705 nostra
2115 1651 2362 1706 fortasse
2395 1650 2692 1706 minorem
2722 1650 2797 1706 de
2829 1649 3105 1721 pluribus
3132 1652 3545 1726 patefecimus,

109 1757 287 1795 mone
319 1742 551 1797 cunctis
603 1740 1039 1796 admirantibus
1083 1741 1164 1797 ita
1206 1741 1487 1811 ίηοιειιὶιε
1538 1764 1563 1788 ‹‹
1589 1741 1781 1797 Hilde-
1818 1752 1862 1807 Β
1890 1739 2300 1807 obsecramus,
2340 1755 2376 1794 ο
2420 1738 2687 1806 lectores,
2736 1744 2994 1797 vestram
3041 1739 3438 1809 dilectionem,
3486 1744 3551 1797 ut

110 1829 249 1895 win,
284 1830 497 1902 inquit,
528 1828 610 1884 sic
640 1829 801 1884 enim
836 1830 1183 1897 vocabatur,
1207 1846 1342 1885 ecce
1373 1830 1534 1885 enim
1565 1847 1777 1886 omnes

109 1922 583 1986 circumstantes,
619 1923 681 1974 ut
710 1919 813 1974 tibi
847 1919 1096 1987 videtur,
1125 1919 1307 1975 vicisti
1335 1938 1347 1986 ;
1397 1936 1533 1974 ecce
1567 1936 1779 1975 omnes

107 2006 432 2064 subtilitate
494 2012 614 2079 tua,
673 2008 793 2063 Deo
848 2008 1155 2063 veritatem
1210 2008 1550 2080 incipiente,
1605 2008 1777 2080 qnisi

104 2097 436 2153 mendaces
463 2097 813 2153 ostendisti:
861 2098 990 2169 jam
1036 2097 1218 2153 modo
1266 2096 1343 2152 ad
1395 2114 1489 2153 me
1530 2114 1778 2152 conver-

106 2192 250 2254 tere,
283 2190 340 2242 et
367 2186 477 2242 soli
506 2187 651 2243 mihi
683 2203 791 2260 per
813 2187 1110 2242 Christum
1132 2186 1445 2257 adjuratus
1476 2186 1780 2243 veritatem

104 2276 432 2348 responde.
482 2275 853 2345 Evangelica,
899 2274 1113 2347 inquit,
1146 2280 1197 2331 te
1242 2276 1535 2331 sententia
1577 2292 1783 2346 aggre-

105 2365 263 2434 dior,
294 2369 353 2419 et
380 2363 526 2436 quia
556 2380 802 2419 sensum
848 2364 1262 2433 evangelicum
1309 2380 1432 2419 non
1481 2364 1655 2435 plene
1685 2382 1779 2420 sa-

106 2454 223 2525 pis,
260 2458 312 2509 te
363 2452 733 2508 Tlieutonico
784 2468 1059 2508 sermone
1109 2451 1408 2523 alloquor.
1464 2452 1780 2518 Hildewin,

106 2541 326 2613 inquit,
395 2540 593 2610 diligis
648 2543 793 2596 me?
844 2545 915 2596 At
970 2539 1063 2595 ille
1116 2540 1313 2596 statim
1382 2540 1785 2596 tiducialiter:

107 2634 324 2697 «Vere,
386 2630 493 2698 ait,
548 2630 732 2699 diligo
788 2634 860 2685 te.
890 2654 911 2677 ››
981 2634 1123 2685 Item
1173 2629 1535 2703 episcopus:
1614 2654 1637 2678 ‹‹
1670 2629 1782 2685 Hil-

116 2720 339 2790 dewin,
392 2720 603 2792 inquit,
650 2718 845 2789 diligis
896 2720 1043 2774 me?
1096 2722 1167 2775 At
1212 2718 1347 2774 ille:
1401 2722 1633 2787 «Certe,
1682 2718 1782 2781 ait,

117 2809 305 2879 diligo
356 2812 488 2864 te.»
549 2811 690 2864 [tem
747 2807 1066 2880 episcopus
1135 2806 1338 2862 tertio:
1420 2806 1782 2873 «Hildewin,

119 2898 332 2971 inquit,
361 2896 558 2967 diligis
588 2914 685 2953 me
707 2897 735 2952 ‘2
765 2920 789 2944 υ
822 2896 1088 2952 Tandem
1113 2895 1206 2952 ille
1238 2895 1417 2951 miser
1437 2895 1785 2965 evangelico

119 2986 219 3042 illo
241 2985 520 3058 exemplo
552 2984 941 3057 stupefactus,
962 2984 1068 3039 sed
1098 3000 1219 3038 non
1246 2983 1373 3052 rite,
1406 2984 1559 3057 proh
1587 2983 1781 3039 dolor!

1886 1846 2026 1884 cum
2070 1829 2197 1885 lucc
2242 1828 2531 1896 legeretis,
2564 1827 3002 1895 indulgentiam
3046 1829 3099 1887 ei
3142 1834 3200 1886 et
3245 1829 3547 1887 remissio—

1886 1934 2027 1974 nem
2076 1923 2461 1989 peccatorum
2506 1934 2615 1991 pro
2664 1922 2861 1974 vestra
2903 1918 3090 1991 [ed£t.,
3122 1921 3346 1992 nostra]
3394 1924 3549 1979 certe

1888 2008 2159 2063 felicitate
2191 2024 2227 2061 a
2260 2007 2510 2062 Domino
2554 2006 2883 2078 imploretis
2910 2012 2967 2063 et
3009 2007 3092 2064 sic
3126 2008 3273 2067 forte
3303 2009 3431 2067 11th
3462 2025 3550 2065 re-

1889 2098 2205 2171 prehensio
2237 2098 2337 2152 tiet
2364 2097 2445 2151 illi
2496 2101 2633 2152 ante
2682 2097 3157 2155 misericordiam
3194 2098 3414 2170 judicis
3451 2116 3549 2157 ve-

1889 2187 2065 2243 nialis
2095 2186 2389 2242 remissio.

1963 2282 2050 2332 38.
2088 2279 2220 2331 Erat
2245 2291 2489 2349 quoque
2510 2276 2569 2331 in
2599 2279 2803 2331 nostra
2828 2276 3294 2346 congregatione
3315 2278 3404 2335 vir
3422 2276 3553 2335 vita:

1890 2366 2269 2434 venerabilis,
2302 2382 2372 2420 ac
2401 2365 2461 2420 in
2493 2364 2659 2420 omni
2688 2368 2993 2420 canonica:
3019 2366 3240 2435 regulis
3270 2366 3551 2427 observa-

1893 2456 2049 2512 tione
2069 2456 2203 2526 jure
2229 2454 2570 2523 laudabilis,
2600 2454 2845 2509 nomine
2875 2454 3099 2520 Tadilo,
3130 2454 3205 2510 de
3224 2472 3349 2528 quo
3372 2456 3554 2513 etiam

1894 2560 2080 2616 supra
2110 2560 2305 2616 pauca
2334 2542 2526 2611 retuli,
2544 2542 2742 2615 primo
2775 2542 2890 2597 sub
2917 2542 3167 2599 domino
3195 2544 3554 2600 Bernwardo

1894 2650 2002 2706 pro
2024 2632 2162 2688 ﬁdei
2182 2637 2239 2688 et
2254 2631 2559 2688 industriae
2577 2631 2972 2704 praerogativa
2991 2631 3429 2702 vicedominus,
3448 2632 3555 2687 sed

1895 2723 1973 2777 ab
2004 2723 2119 2778 hoc
2148 2721 2324 2776 beato
2353 2720 2631 2791 pontitice
2664 2735 2774 2791 pro
2806 2719 3049 2777 utilitate
3080 2720 3350 2777 Ecclesia:
3374 2721 3554 2777 deca—

1896 2811 2007 2866 nia:
2039 2826 2108 2865 ac
2138 2808 2396 2865 scholari
2424 2808 2769 2878 magisterio
2812 2809 3175 2881 praestitutus
3200 2828 3212 2877 ;
3245 2814 3303 2865 et
3329 2810 3475 2882 quia
3503 2809 3557 2866 ei

1895 2916 2004 2973 pro
2026 2898 2330 2967 religionis
2361 2901 2418 2953 et
2442 2897 2744 2954 cliaritatis
2778 2898 2959 2969 [Bot.,
2978 2898 3211 2970 pietatis
3240 2904 3296 2957 et
3319 2899 3558 2957 castita—

1898 2989 1987 3059 tis]
2021 2989 2231 3044 merito
2280 2987 2461 3043 corde
2510 2991 2682 3043 tenus
2734 2987 3115 3059 complacuit,
3157 3005 3295 3045 cum
3341 2988 3454 3045 sibi
3499 2988 3561 3044 in

121 3080 552 3148 Compunctus,
585 3074 736 3131 irato
788 3074 1009 3148 pariter
1061 3078 1118 3130 et
1162 3072 1343 3129 ﬂebili
1392 3088 1665 3129 sermone
1695 3090 1785 3129 re-
1816 3100 1868 3173 φ
1899 3076 2365 3134 consecretalem
2417 3080 2473 3132 et
2518 3078 2921 3147 symmystam
2977 3076 3039 3132 in
3093 3076 3194 3133 Dei
3245 3076 3564 3135 servimine

120 3164 401 3237 spondit:
456 3187 483 3213 ‹‹
507 3165 685 3231 Deus,
717 3163 929 3236 inquit,
962 3162 1066 3236 qui
1112 3162 1318 3219 omnia
1364 3162 1490 3229 scit,
1523 3162 1651 3235 ipse
1684 3163 1792 3218 scit
1816 3162 1851 3183 "
1899 3165 2224 3238 adoptavit.
2262 3167 2396 3219 Erat
2423 3163 2605 3233 enim,
2630 3167 2754 3219 tota
2777 3163 3036 3220 Ecclesia
3057 3181 3195 3236 quis
3220 3181 3360 3222 eum
3385 3181 3566 3222 nove-

118 3254 265 3327 quia
315 3270 454 3309 vere
499 3252 684 3323 diligo
734 3258 862 3309 te.»
908 3256 1069 3309 Tunc
1114 3251 1367 3325 praesul:
1432 3275 1459 3300 «
1492 3255 1658 3322 Ecce,
1706 3253 1792 3307 in-

117 3344 268 3416 quit,
299 3343 598 3415 siquidem
644 3359 855 3399 verum
899 3341 1067 3407 dicis,
1102 3341 1247 3398 mihi
1279 3341 1651 3409 satisfecisti;
1699 3342 1791 3397 sin

121 3437 327 3489 autem
356 3432 601 3503 desipis,
631 3432 1013 3504 temetipsum
1046 3431 1459 3487 miserabiliter
1491 3430 1789 3499 obligasti.

122 3523 240 3579 Sed
285 3521 336 3576 si
382 3538 502 3592 me,
531 3527 596 3577 ut
643 3521 814 3585 dicis,
865 3521 1116 3576 ﬁdeliter
1154 3520 1373 3591 diligis,
1418 3537 1599 3593 pasce
1648 3537 1793 3576 oves

122 3628 315 3681 meas,
344 3611 405 3667 id
433 3615 542 3679 est,
575 3610 755 3680 dilige
805 3611 1012 3666 fratres
1044 3614 1100 3667 et
1128 3610 1358 3667 amicos
1389 3626 1578 3679 meos,
1612 3610 1793 3666 etiam

122 3700 394 3774 hospites
441 3704 499 3756 et
542 3716 839 3772 pauperes
894 3716 1100 3767 meos;
1146 3699 1324 3765 dilige
1375 3716 1696 3755 conservos
1742 3702 1797 3755 et

122 3789 488 3848 domesticos
535 3794 689 3846 tuos.
726 3790 890 3845 Unde
939 3795 995 3845 et
1044 3805 1151 3862 per
1193 3792 1381 3844 Deum
1428 3795 1479 3845 te
1531 3805 1798 3845 commo—

121 3895 264 3947 neo,
292 3882 358 3935 ut
409 3878 458 3935 si
504 3895 641 3936 vere
682 3877 915 3951 jurasti,
952 3882 1004 3934 te
1051 3878 1115 3933 in
1151 3877 1399 3933 veritate
1448 3876 1795 3944 custodias;

126 3968 178 4024 si
223 3968 573 4041 quominus,
605 3968 787 4039 digne
831 3967 1146 4041 pmniteas,
1186 3970 1243 4021 et
1295 3966 1407 4021 sub
1454 3966 1571 4022 hoc
1621 3968 1799 4039 pacto

117 4059 257 4131 jam
285 4058 541 4114 domum
590 4057 929 4128 regredere,
960 4060 1018 4113 et
1044 4055 1333 4126 dignitate
1365 4055 1586 4128 pariter
1615 4059 1671 4110 et
1697 4055 1799 4111 be-

123 4146 343 4205 neﬁcio
370 4164 438 4204 ac
468 4147 831 4223 proprietate
856 4150 961 4204 tua
989 4146 1052 4202 in
1085 4145 1281 4215 gratia
1308 4161 1466 4214 mea,
1502 4144 1802 4219 siquidem

125 4240 286 4295 Deus
335 4235 630 4307 annuerit,
677 4240 917 4292 utere.»
966 4234 1179 4307 Sicque
1225 4238 1591 4291 conventum
1631 4233 1801 4290 illum

127 4324 362 4384 cunctis
420 4323 861 4383 admirantibus
908 4322 1128 4396 pariter
1178 4339 1251 4381 ac
1305 4323 1667 4396 paventibus
1717 4323 1804 4379 di-

129 4415 312 4473 misit.

201 4510 295 4564 37.
338 4504 472 4561 illos
523 4507 727 4562 tamen
779 4503 1003 4577 pariter
1057 4503 1141 4560 ibi
1213 4503 1517 4560 charitatis
1581 4503 1811 4559 exhibi-

131 4596 363 4653 tionem
406 4592 735 4668 suscipere,
768 4596 825 4650 et
876 4593 960 4649 sic
1003 4592 1066 4649 in
1120 4608 1270 4665 pace
1315 4591 1621 4650 discedere
1661 4608 1812 4665 pree-

133 4683 311 4758 cepit.
348 4682 505 4740 Inter
550 4698 706 4757 quos
756 4681 1120 4738 Hildewinus
1173 4680 1344 4737 laetus
1398 4685 1463 4737 et
1498 4680 1724 4747 hilaris,
1757 4684 1816 4737 et

132 4772 314 4848 quasi
366 4772 442 4829 de
488 4771 739 4829 victoria
793 4787 904 4828 sua
961 4771 1289 4841 exsultans,
1351 4770 1431 4827 ad
1485 4770 1814 4839 prandium

132 4863 433 4931 consedit,
467 4867 525 4920 et
568 4862 709 4920 inde
756 4861 1076 4918 incolumis
1128 4860 1318 4918 rediit.
1355 4860 1448 4916 Ad
1491 4876 1813 4935 vesperum

132 4971 282 5011 vero
312 4970 453 5010 cum
505 4954 630 5009 suis
673 4952 841 5009 domi
890 4952 1159 5008 consedit
1204 4950 1515 5022 jucundus
1561 4955 1617 5007 et
1664 4967 1814 5023 epu—

129 5046 291 5113 lans,
326 5043 473 5100 etin
519 5060 621 5101 eos
673 5059 817 5100 sane
849 5059 886 5100 a
913 5042 1137 5115 quibus
1182 5057 1244 5097 se
1286 5040 1502 5096 laesum
1547 5040 1812 5111 dolebat,

129 5134 413 5191 convicia
464 5138 523 5190 et
569 5133 766 5191 minas
817 5133 1138 5201 intentans,
1203 5130 1287 5185 sic
1344 5130 1567 5186 lectum
1625 5130 1813 5202 petiit,

133 5229 193 5282 et
239 5240 477 5297 sospes,
509 5228 576 5279 ut
622 5223 736 5279 sibi
778 5222 1117 5285 videbatur,
1154 5218 1400 5292 quievit.
1446 5222 1612 5276 Mane
1663 5219 1817 5275 dilu-

132 5314 276 5372 culo
336 5313 418 5371 ad
461 5312 910 5390 providendum
957 5326 1138 5366 suum
1179 5308 1579 5366 ministerium
1621 5309 1814 5366 iturus

138 5404 408 5462 valenter
453 5402 728 5472 surrexit,
785 5401 1193 5458 calceamenta
1231 5398 1402 5455 citius
1448 5398 1662 5469 induit,
1708 5398 1816 5454 sed

213 5612 329 5685 (58)
371 5610 544 5679 Ediﬁ,
562 5626 807 5685 menses.
839 5607 1031 5685 Paulo
1052 5606 1220 5664 aliter
1251 5605 1443 5663 codex
1473 5604 1813 5685 Bamberg.:

140 5682 459 5753 Pentifez‘,
521 5683 670 5738 sicut
732 5697 805 5738 ex
864 5682 1097 5753 Spiritu
1160 5684 1403 5753 sanctor
1434 5683 1813 5753 cegnoverat,

145 5757 305 5813 diem
329 5749 538 5812 mm
558 5756 655 5810 sui
675 5768 826 5823 sepe
848 5749 1244 5823 praedixerat,
1269 5751 1497 5806 scilicet
1516 5749 1676 5820 quod
1696 5749 1819 5818 ipse

1899 3260 2012 3326 rat,
2042 3259 2205 3321 teste,
2230 3253 2589 3323 grandzevus
2612 3256 2670 3308 et
2698 3252 3000 3321 emeritus,
3024 3253 3359 3311 humilitate
3388 3258 3446 3311 et
3474 3253 3566 3309 di-

1900 3344 2151 3401 lectione
2178 3343 2523 3417 prwclarus,
2541 3342 2600 3397 in
2629 3342 2907 3411 regendis
2924 3358 3062 3399 vero
3086 3359 3158 3399 ac
3183 3359 3573 3400 commouen-

1901 3433 1992 3487 dis
2046 3431 2327 3488 fratribus
2382 3429 2582 3486 media
2637 3430 2922 3486 eharitate
2966 3446 3230 3500 severus,
3261 3435 3317 3486 et
3354 3431 3418 3487 in
3448 3435 3569 3488 toto

1903 3522 2188 3578 virtutum
2236 3519 2513 3577 exercitio
2568 3534 2774 3575 coram
2824 3522 2945 3574 Deo
2994 3518 3293 3576 sollicitus.
3330 3523 3478 3576 Nam
3508 3520 3569 3577 in

1906 3609 2317 3666 admonitione
2347 3623 2457 3663 sua
2502 3606 2600 3663 illo
2645 3606 2969 3663 ridiculoso
3000 3608 3319 3679 proverbio
3350 3607 3570 3680 smpius

1907 3699 2183 3756 utebatur
2211 3715 2223 3752 :
2283 3722 2309 3746 ‹‹
2339 3696 2615 3766 Diligant,
2645 3695 2855 3768 inquit,
2888 3696 3181 3763 homines,
3224 3696 3459 3752 oderint
3487 3696 3573 3752 vi-

1907 3788 2005 3845 tia.
2031 3806 2061 3840 ›
2088 3787 2235 3842 Huic
2264 3787 2479 3842 beatus
2513 3784 2780 3858 pontifex
2809 3789 2947 3842 ante
2978 3784 3209 3858 aliquot
3232 3802 3427 3843 annos
3459 3786 3569 3857 (ὃὸ)

1908 3878 2150 3951 saepius,
2208 3880 2275 3933 ut
2330 3875 2507 3932 nobis
2576 3875 2912 3937 videbatur,
2967 3876 3235 3948 jocando
3300 3875 3576 3949 praedixit

1906 3967 2075 4041 quod
2106 3971 2211 4024 aut
2240 3982 2446 4022 secum
2474 3970 2580 4023 aut
2607 3965 2792 4038 paulo
2824 3969 2960 4023 ante
2992 3982 3056 4022 se
3084 3981 3158 4023 ex
3194 3966 3311 4024 hac
3340 3966 3460 4022 vita
3490 3982 3578 4022 es-

1910 4062 2000 4114 set
2029 4057 2454 4127 emigraturus.
2487 4055 2824 4113 Novissime
2866 4072 3010 4113 vero
3053 4056 3108 4112 ei
3152 4056 3215 4113 in
3257 4056 3577 4130 postremis

1908 4146 2317 4214 decumbenti,
2373 4161 2483 4219 per
2536 4146 2893 4220 praadictum
2949 4146 3233 4203 abbatem
3297 4149 3580 4218 nepotem

1912 4255 2113 4307 suum,
2146 4253 2329 4310 quem
2376 4235 2454 4291 ad
2498 4251 2642 4292 eum
2680 4235 3039 4292 visitationis
3071 4235 3281 4306 gratia,
3315 4251 3428 4292 sua
3452 4235 3581 4292 vice

1911 4328 2144 4397 direxit,
2173 4326 2327 4382 serio
2356 4324 2671 4382 mandavit
2713 4325 2882 4399 quod
2925 4340 3161 4382 sacram
3207 4324 3323 4381 olei
3350 4323 3580 4381 unctio-

1917 4432 2059 4473 nem
2077 4430 2215 4471 vere
2245 4411 2618 4487 peenitendo,
2641 4417 2701 4469 et
2728 4412 3059 4469 commissa
3080 4428 3194 4469 sua
3216 4411 3580 4479 conﬁtendo,

1918 4505 2100 4580 plena
2148 4502 2267 4559 ﬁde
2326 4500 2673 4574 susciperet,
2724 4504 2781 4559 et
2832 4501 3099 4574 corporis
3150 4500 3582 4574 sanguinisque

1921 4592 2132 4652 Christi
2160 4594 2539 4649 sacramento
2571 4590 2839 4647 munitus
2877 4590 3209 4663 intrepidus
3238 4590 3585 4663 praemigra-

1920 4689 2026 4753 ret,
2078 4682 2432 4757 promittens
2484 4682 2537 4738 ei
2576 4681 2865 4739 veraciter
2922 4697 2986 4739 se
3041 4680 3420 4754 superstitem
3472 4696 3584 4752 pro

1920 4776 2052 4846 ejus
2104 4772 2322 4830 animae
2377 4770 2644 4829 remedio
2699 4771 2803 4828 Dei
2867 4771 3120 4843 gratiam
3184 4769 3587 4828 indesinenter

1922 4862 2398 4930 obsecraturum,
2430 4863 2487 4916 et
2513 4875 2652 4915 eum
2697 4859 2759 4914 in
2807 4859 3085 4932 proximo
3132 4874 3296 4917 anno
3345 4858 3409 4915 in
3436 4874 3587 4930 pace

1924 4950 2133 5009 Christi
2156 4950 2643 5006 subsecuturum.
2660 4948 2772 5014 Qui
2787 4948 2980 5005 abbas
3003 4947 3286 5004 eumdem
3304 4946 3588 5003 dilectum

1922 5043 1980 5097 et
2000 5040 2135 5110 jure
2163 5053 2401 5110 semper
2430 5036 2900 5094 memorandum
2927 5035 3284 5106 magistrum
3311 5039 3590 5092 nostrum

1923 5145 2063 5185 cum
2132 5126 2468 5185 astantibus
2521 5125 2804 5182 fratribus
2862 5140 3033 5181 sacro
3100 5123 3233 5181 oleo
3288 5122 3589 5199 perunxit,

1923 5219 2095 5293 eique
2152 5235 2220 5274 ex
2274 5219 2570 5292 potestate
2617 5220 2674 5272 et
2708 5216 2983 5288 jussione
3032 5214 3301 5290 episcopi
3344 5213 3592 5289 plenam

1922 5308 2341 5366 remissionem
2358 5306 2624 5375 indulsit,
2648 5306 2753 5379 qui
2768 5310 2907 5380 post
2924 5305 3182 5363 biduum
3204 5322 3343 5364 vere
3368 5304 3506 5364 felix
3517 5305 3597 5362 ad

1924 5398 2226 5457 Christum
2250 5397 2561 5468 migravit;
2595 5396 2769 5467 cujus
2797 5400 3001 5454 tamen
3020 5395 3223 5453 obitus
3245 5412 3360 5454 nos
3385 5396 3599 5453 acriter

1922 5609 2064 5661 ante
2090 5618 2320 5661 annum
2348 5608 2406 5660 et
2441 5617 2546 5659 sea;
2582 5616 2807 5659 menses
2842 5602 3166 5661 transitum
3199 5603 3356 5663 beati
3392 5600 3598 5658 Patris

1924 5676 2120 5732 nostri
2148 5675 2495 5733 Godehardi
2523 5679 2668 5732 esset
2698 5690 3124 5745 pl‘aecessurus.
