3888 6412
476 312 604 371 1191

1397 311 1453 365 S.
1497 306 1899 364 GODEHARDI
1941 296 2246 356 EPISCOPI
2302 297 2939 357 HILDESHEIMENSIS.

3741 297 3849 351 1191

472 433 860 499 contristavit,
901 432 1044 504 quia
1088 431 1607 499 congregationem
1663 434 1930 484 nostram
1975 428 2120 497 [imo
2147 429 2191 479 Α
2300 428 2387 481 40.
2430 428 2562 481 Post
2591 424 2774 479 Albas
2801 424 2909 494 (63)
2935 418 3388 494 itaqueanobis
3407 418 3852 488 digressus,cum

474 520 663 581 totam
692 528 957 578 nostram
1007 520 1347 589 Ecclesiamj
1380 519 1523 574 tanti
1556 519 1661 573 viri
1706 516 2036 591 patrocinio
2066 520 2123 570 et

476 612 726 669 concilio
771 609 1233 680 magisterioque
1288 608 1563 681 privavit.
1597 610 1809 662 Verum
1860 612 2033 671 certe,
2067 610 2124 661 et

476 702 633 757 clero
658 705 714 754 et
742 696 966 770 populo
997 701 1158 759 teste,
1192 696 1449 751 dicimus
1478 697 1622 768 quia
1652 712 1962 768 nunquam
1994 696 2124 764 ejus

476 788 701 845 ordinis
732 786 927 840 virum
960 784 1019 839 in
1058 785 1221 839 omni
1269 785 1667 840 ecclesiastica
1709 783 2123 855 probabilitate

477 876 879 932 honestiorem
930 873 1024 928 vel
1067 874 1347 942 vidimus,
1395 874 1485 929 vel
1536 874 1891 928 videbimus.
1940 873 2122 941 Cujus

479 970 632 1020 certe
662 962 1015 1018 memoriam
1041 963 1171 1032 jure
1204 978 1313 1016 nos
1343 962 1520 1017 corde
1548 967 1718 1017 tenus
1748 962 1994 1015 retinere
2025 960 2126 1015 de-

480 1056 715 1115 bemus,
730 1069 911 1125 quem
932 1068 1067 1106 vere
1093 1057 1227 1107 ante
1244 1056 1629 1124 conspectum
1655 1057 1997 1106 sanctorum
2021 1066 2128 1105 no-

483 1144 586 1197 stri
608 1141 905 1197 recordari
933 1156 1052 1195 non
1078 1140 1440 1195 dubitamus.
1464 1140 1553 1195 Sic.
1580 1157 1721 1208 ergo
1745 1139 2121 1213 prophetiam

482 1230 641 1285 beati
688 1228 960 1300 praesulis
1001 1227 1228 1299 liquido
1288 1231 1440 1282 Deus
1495 1228 1779 1299 implevit,
1827 1227 1931 1299 qui
1986 1243 2125 1281 eum

481 1323 614 1389 post
647 1322 755 1381 (59)
783 1332 1009 1371 annum
1039 1320 1096 1371 et
1130 1320 1245 1370 tres
1276 1321 1507 1371 tantum
1535 1332 1772 1371 menses
1803 1333 1875 1371 ex
1901 1316 2013 1371 hac
2042 1314 2126 1369 vi-

482 1411 542 1461 ta
570 1404 811 1460 feliciter
836 1404 1071 1459 exemit.

548 1496 635 1551 39.
669 1497 801 1550 Jam
830 1499 1031 1549 autem
1056 1493 1213 1549 beati
1240 1494 1421 1548 Patris
1444 1494 1778 1549 Godehardi
1804 1494 2127 1567 appropin-

478 1588 699 1655 quante
726 1581 1097 1637 manifestius
1125 1582 1262 1643 ﬁne,
1286 1599 1521 1653 semper
1544 1598 1795 1655 operum
1824 1583 2126 1637 bonorum

479 1670 813 1739 augmentis
843 1670 917 1725 de
946 1671 1151 1726 virtute
1182 1671 1240 1725 in
1272 1671 1547 1726 virtutem
1587 1670 1928 1736 anhelabat,
1963 1674 2024 1723 ut
2051 1668 2128 1722 vi-

2229 530 2337 569 suo
2368 515 2649 586 praedicto
2681 516 2895 584 nepote
2925 508 3289 565 Radmundo
3320 507 3570 571 abbate,
3597 504 3855 562 Adenstad

2228 605 2357 673 [al.,
2395 604 2613 673 Eistat],
2642 620 2764 674 quo
2794 602 3120 672 inccnptam
3138 600 3268 669 jam
3305 597 3548 653 noviter
3578 594 3852 652 ecclesiam

2227 708 2647 748 consummare
2711 690 3007 755 studebat,
3067 688 3325 753 devenit,
3386 702 3502 742 nec
3567 684 3853 740 inﬁrmitat.

2228 781 2449 837 diutius
2478 779 2750 835 reluctari
2781 777 3005 844 valens,
3038 776 3351 832 deﬁciente
3381 790 3568 830 carne
3596 772 3854 827 decubuit.

2228 873 2356 933 Quo
2383 869 2562 924 ﬂebili
2593 883 2832 923 rumore
2862 869 3191 939 comperto,
3206 863 3532 937 prmdictus
3565 861 3853 917 Rathmun-

2229 958 2343 1013 dus
2377 960 2481 1027 (64)
2524 957 2735 1021 abbas,
2768 956 2854 1010 vir
2896 959 3051 1011 certe
3092 953 3273 1010 corde
3322 959 3380 1008 et
3435 952 3658 1008 animo
3698 950 3856 1006 divim

2231 1046 2489 1101 servituti
2516 1046 2919 1117 mancipatus,
2942 1048 2999 1099 et
3023 1042 3381 1115 praepositus
3405 1046 3622 1095 noster
3646 1055 3714 1094 ac
3732 1038 3855 1095 dcca~

2228 1153 2341 1191 nus
2372 1152 2511 1190 cum
2545 1133 2843 1208 prioribus
2874 1133 2952 1188 ad
2980 1148 3119 1187 eum
3150 1129 3507 1186 visitationis
3539 1127 3739 1198 gratia
3767 1146 3844 1182 con

2227 1229 2542 1289 venerunt,
2569 1239 2753 1295 quem
2782 1227 2983 1277 tamen
3013 1219 3393 1276 dissimulato
3431 1218 3736 1287 languore
3764 1218 3854 1272 soli-

2228 1318 2287 1368 to
2337 1329 2501 1368 more
2544 1311 2941 1368 ecclesiastico
2993 1309 3184 1365 labori
3227 1307 3631 1373 assidentem,
3666 1306 3858 1361 circum-

2229 1402 2635 1474 stantiumque
2703 1400 2986 1455 manibus
3049 1401 3451 1453 sustentatum
3518 1395 3855 1450 inveneram.

2231 1494 2394 1557 Quos
2426 1490 2811 1546 advenientes
2861 1488 2988 1544 sola
3031 1486 3335 1543 charitatis
3385 1484 3696 1541 hilaritate
3738 1484 3857 1539 Ιξιξὶη-

2232 1579 2516 1651 suscepit,
2543 1584 2598 1633 et
2626 1578 2803 1651 quasi
2831 1576 3016 1632 oblita
3044 1575 3336 1643 molestia,
3365 1573 3681 1630 adventus
3704 1589 3857 1627 eorum

2234 1684 2484 1724 causam
2508 1666 2866 1722 admirando
2894 1664 3267 1738 perquirens,
3294 1661 3599 1735 reportari
3624 1678 3687 1716 se
3712 1662 3778 1716 ad
3802 1679 3857 1715 cu-

478 1759 615 1815 dere
646 1763 971 1814 mereretur
997 1761 1177 1813 Deum
1210 1759 1461 1813 deorum
1497 1759 1553 1813 in
1582 1758 1742 1819 Sion,
1773 1762 1827 1813 et
1852 1758 1979 1827 jam
2011 1773 2129 1811 ces-
2167 1771 2210 1825 Β
2235 1756 2499 1811 biculnm
2535 1755 2830 1826 praecepit.
2868 1754 2953 1809 lbi
2982 1752 3251 1809 adunato
3279 1750 3607 1823 [admisso]
3643 1751 3857 1823 speciali-

480 1852 643 1903 sante
675 1847 948 1918 practicae
978 1846 1189 1918 plurali
1211 1846 1427 1913 ofﬁcio,
1450 1847 1512 1901 in
1544 1846 1671 1901 solo
1702 1863 1762 1901 se
1792 1846 2129 1901 indesinen-

482 1940 565 1990 ter
602 1934 842 1990 theoriaa
878 1934 1065 1990 aﬁixit
1093 1934 1388 2003 exercitio,
1423 1934 1533 1989 tria
1577 1938 1804 1989 tantum
1838 1934 1913 1988 de
1952 1950 2129 2003 gene-

477 2024 585 2079 rali
639 2023 969 2095 specialiter
1024 2024 1315 2093 eximens,
1376 2023 1747 2094 psalterium;
1808 2022 2132 2093 eleemosy-

477 2128 643 2181 nam,
674 2117 731 2167 et
758 2128 879 2183 prae
910 2111 1192 2166 omnibus
1217 2112 1435 2181 jugiter
1486 2111 1597 2165 sibi
1646 2111 1873 2166 sociam
1904 2118 1961 2166 et
1987 2111 2133 2165 ami-

480 2216 615 2255 cam
635 2198 1076 2263 abstinentiam,
1096 2199 1247 2252 adeo
1272 2204 1335 2253 ut
1365 2199 1413 2252 si
1440 2214 1571 2253 rare
1598 2198 1877 2252 festiviori
1903 2204 2131 2270 tempo-

482 2303 545 2342 re
574 2286 923 2357 cogentibus
974 2302 1080 2357 per
1125 2286 1522 2341 obedientiam
1574 2286 1874 2353 fratribus,
1906 2286 2131 2358 aliquid

480 2374 745 2430 lautioris
774 2374 890 2429 cibi
914 2374 1003 2429 vel
1038 2374 1288 2428 fortioris
1312 2380 1487 2446 potus
1517 2380 1722 2429 contra
1752 2392 1981 2430 morem
2010 2380 2128 2430 sto-

480 2462 678 2518 machi
708 2462 989 2534 percepit,
1020 2461 1302 2517 molestiae
1336 2463 1525 2529 magis
1565 2463 1797 2535 corpori
1830 2480 2016 2535 quam
2046 2479 2131 2517 re-

482 2552 719 2607 fectioni
748 2551 939 2607 fuerit.
975 2554 1037 2605 Et
1070 2556 1207 2605 tunc
1257 2568 1605 2622 supremum
1655 2553 1958 2625 praesentis
2000 2553 2130 2608 vitae

481 2639 744 2693 Natalem
775 2638 1006 2703 Christi,
1040 2655 1199 2693 anno
1232 2639 1451 2694 scilicet
1476 2642 1590 2708 (60)
1627 2643 1780 2705 1036,
1807 2640 2130 2713 imperato-

478 2743 539 2782 re
564 2727 801 2783 Goslare
834 2727 1094 2793 sedente,
1130 2728 1253 2798 ipse
1286 2728 1611 2783 Holthusen
1642 2729 1838 2784 votive
1870 2729 2131 2785 celebra-

476 2816 579 2883 vit,
634 2816 868 2871 solvens
919 2820 1094 2879 certe,
1146 2816 1479 2871 secundum
1534 2817 1943 2888 Evangelium,
1993 2834 2129 2890 quae

2236 1851 2323 1901 ter
2360 1846 2541 1909 clero,
2583 1844 2777 1913 primo
2827 1842 3097 1914 singulos
3140 1856 3421 1914 quosque
3468 1840 3550 1895 de
3604 1855 3727 1893 sum
3765 1839 3857 1894 obe-

2234 1935 2469 1989 dientiae
2501 1932 2919 2005 procuratione
2948 1931 3194 1987 solerter
3213 1928 3625 1993 admonebat,
3652 1944 3721 1983 ac
3749 1928 3860 1983 dein-

2234 2041 2374 2095 ceps
2402 2039 2612 2078 omnes
2648 2021 2997 2091 generaliter
3021 2021 3096 2076 de
3128 2036 3315 2076 sacra:
3344 2018 3489 2074 ﬁdei
3521 2023 3587 2074 et
3613 2017 3859 2086 religioni

2234 2111 2647 2167 observatione
2692 2116 2816 2165 tam
2866 2109 3185 2164 salubriter
3225 2124 3416 2180 quam
3466 2112 3526 2162 et
3582 2106 3863 2162 terribiliter

2234 2199 2607 2255 obsecrando
2639 2198 2814 2253 simul
2836 2203 2892 2254 et
2916 2197 3225 2267 arguendo
3254 2194 3661 2252 informabat.
3696 2195 3857 2250 Deiudv

2237 2306 2299 2343 se
2325 2288 2696 2343 orationibus
2726 2303 2936 2342 eorum
2964 2290 3175 2342 contra
3200 2284 3400 2341 callidi
3425 2284 3749 2339 tentatoris
3772 2285 3863 2338 in~:-

2233 2376 2364 2431 dias
2396 2381 2449 2431 et
2481 2376 2721 2431 fraudes
2773 2375 3089 2440 commisit,
3138 2374 3345 2446 eisque
3374 2372 3591 2428 obitus
3634 2373 3725 2427 sui
3750 2372 3861 2426 diem

2233 2470 2290 2520 et
2322 2471 2577 2537 tempus,
2610 2464 2953 2536 funerisque
2993 2463 3440 2535 exsequiarum,
3486 2467 3551 2517 et
3602 2462 3778 2517 etiam

2230 2552 2485 2624 pulturae
2514 2552 2808 2623 ordinem,
2841 2556 2907 2607 ut
2930 2556 3140 2623 postea
3165 2550 3380 2617 evenit,
3404 2550 3597 2623 quasi
3640 2549 3863 2605 alluden

2230 2641 2459 2713 liquido
2478 2642 2769 2714 prazdixit.
2796 2664 2823 2689 ‹‹
2851 2642 2951 2709 Ite,
2977 2640 3191 2713 inquit,
3216 2644 3273 2695 et
3294 2640 3373 2695 ad
3396 2644 3863 2712 superventuram

2236 2730 2555 2786 Dominicze
2588 2730 2967 2786 Ascensionis
3011 2729 3277 2785 laetitiam
3326 2745 3435 2785 vos
3475 2729 3767 2801 quisque,
3794 2744 3863 2799 pru

2234 2834 2356 2872 sua:
2388 2818 2740 2873 obedientias
2787 2817 3092 2889 qualitate,
3121 2821 3178 2872 et
3201 2817 3383 2872 etiam
3414 2832 3533 2889 pro
3590 2816 3864 2890 spirituali~

479 2908 617 2959 sunt
683 2904 931 2961 Caesaris
992 2904 1229 2969 Caesari,
1284 2908 1341 2958 et
1392 2920 1527 2975 quas
1580 2905 1677 2959 Dei
1730 2908 1886 2972 Deo;
1945 2910 2132 2961 semet
2234 2907 2638 2978 praerogativae
2658 2906 2985 2979 quantitate
3004 2910 3435 2979 praeparate,et
3455 2922 3678 2962 meum
3698 2906 3864 2961 adven

479 2992 702 3063 quippe
738 2992 1021 3062 praedicto
1074 3007 1239 3045 more
1288 2992 1516 3047 Christo
1570 2992 1872 3063 spirituale
1906 2994 2129 3048 sacrifi-

480 3079 640 3134 cium
669 3079 1010 3144 immolans,
1046 3078 1149 3133 scd
1186 3084 1242 3133 et
1280 3079 1403 3133 suis
1435 3079 1822 3135 nihilominus
1854 3081 2009 3136 clero
2041 3099 2129 3137 sa-
2153 3115 2200 3173 α

478 3183 555 3245 ne
584 3172 641 3223 et
658 3167 884 3239 populo
901 3168 960 3222 in
981 3168 1197 3223 divinis
1214 3173 1270 3223 et
1298 3168 1576 3224 humanis
1608 3186 1717 3241 pro
1739 3171 1852 3226 ritu
1876 3176 1933 3226 et
1953 3172 2127 3227 etiam

480 3256 681 3311 debito
704 3256 875 3326 juxta
910 3256 1058 3309 vires
1085 3256 1527 3323 congratulans,
1562 3259 1995 3314 sacratissimos
2026 3276 2129 3315 au-

481 3349 601 3401 tem
630 3344 756 3399 dies
785 3343 1290 3412 Quadragesimee,
1324 3349 1380 3399 et
1404 3350 1469 3400 ut
1496 3345 1626 3417 ipse
1666 3347 1884 3419 saepius
1909 3348 2128 3418 jucun-

480 3432 685 3489 dando
726 3432 1144 3505 proclamabat
1184 3433 1634 3502 saluberrimos,
1665 3452 1902 3492 summo
1933 3438 2128 3493 cordis

480 3539 549 3578 ac
578 3522 793 3577 mentis
836 3522 1049 3577 affectu
1092 3521 1295 3577 hilaris
1327 3523 1698 3595 expectabat,
1730 3542 1884 3597 quos
1922 3543 2131 3600 corpo-

478 3611 675 3667 raliter
694 3610 867 3683 quasi
894 3615 1059 3666 extra
1082 3627 1300 3683 corpus
1324 3612 1670 3669 mirabiliter
1692 3614 2004 3683 transiens,
2029 3616 2128 3672 vix

478 3700 914 3756 cohaerentibus
944 3700 1161 3763 nervis,
1180 3700 1258 3755 ad
1286 3707 1735 3758 sacrosanctum
1754 3704 1980 3760 Pascha
1998 3720 2130 3777 per-

476 3794 740 3846 venerat.
808 3794 1079 3845 Attamen
1147 3790 1519 3847 Dominicam
1584 3792 1925 3849 Palmarum
1988 3796 2125 3866 (61),

478 3881 843 3947 Οωηειωίιιιε
876 3877 1127 3943 Domini,
1158 3882 1215 3933 et
1244 3878 1459 3934 festum
1488 3882 1945 3937 Resurrectionis
1968 3882 2129 3939 Chri-

476 3966 518 4020 ti
561 3964 760 4019 debito
802 3965 1125 4036 episcopali
1156 3965 1371 4035 ofﬁcio,
1404 3967 1557 4023 ultra
1582 3969 1737 4024 vires
1766 3970 2011 4026 collecto
2037 3988 2128 4027 ro-

475 4053 641 4121 bore,
673 4052 925 4123 peregit;
959 4053 1159 4124 sicque
1192 4054 1426 4110 Paschaa
1458 4056 1630 4112 ferias
1660 4074 1767 4130 per
1786 4058 2124 4131 circumpo-

478 4141 619 4196 sitas
646 4140 925 4195 stationes
950 4142 1121 4211 juxta
1152 4142 1385 4199 solitam
1424 4145 1771 4215 religionem
1801 4147 2128 4203 admonen-

476 4229 555 4284 do
585 4229 788 4284 ﬁdeles
814 4229 1086 4295 visitavit,
1119 4230 1178 4285 in
1207 4232 1426 4303 quibus
1456 4234 1634 4289 etiam
1666 4235 1880 4291 diebus
1907 4237 2125 4308 saepius

475 4317 711 4390 publice
742 4317 1108 4374 denuntiavit
1137 4336 1198 4375 se
1228 4321 1409 4376 modo
1440 4339 1580 4377 cum
1623 4322 1735 4378 illis
1765 4324 1974 4380 ultima
2002 4341 2126 4380 cor-

474 4406 696 4479 poralis
726 4407 1001 4463 consortii
1044 4408 1242 4465 laetitia
1267 4411 1607 4481 jucundari,
1639 4416 1695 4468 et
1722 4413 1781 4468 in
1813 4414 2121 4470 Ascensio—

474 4511 613 4551 nem
653 4496 883 4551 Domini
914 4497 1041 4567 (62),
1071 4514 1193 4570 quo
1243 4499 1396 4554 Deus
1422 4500 1682 4570 jusserit,
1715 4501 1969 4559 invitari.
2003 4506 2119 4559 Nos

473 4598 614 4639 vero
665 4584 792 4639 haec
838 4584 1146 4641 audientes
1193 4587 1369 4658 quasi
1413 4588 1750 4657 derisimus,
1792 4590 1935 4662 quia
1982 4607 2122 4647 eum

469 4672 596 4742 jam
629 4673 983 4744 quantocius
1035 4672 1219 4743 [αὕτη
1252 4676 1609 4747 quantoties]
1653 4677 1726 4733 de
1755 4679 2122 4748 regressione

476 4758 733 4832 antiqua:
764 4776 887 4816 suae
916 4761 1140 4833 patrita,
1176 4762 1441 4819 videlicet
1469 4764 1774 4835 Bajoariae,
1806 4767 1981 4822 nobis
2010 4767 2123 4822 mi-

474 4847 762 4904 nitantem
788 4848 1150 4904 audivimus.

519 5090 527 5098 .
531 5018 563 5141 Ι(
568 5018 653 5087 59)
690 5017 1024 5087 Bamberg.,
1047 5019 1154 5088 qui
1181 5034 1311 5073 eum
1341 5026 1482 5075 ante
1505 5036 1565 5075 se
1588 5036 1747 5076 anno
1767 5029 1821 5077 et
1841 5038 1946 5079 sea:
1967 5040 2124 5080 men-

519 5107 522 5140 r
568 5105 654 5141 us.

476 5104 654 5142 sums.

547 5162 658 5228 (60)
699 5160 1101 5232 Henschenius
1132 5161 1395 5232 reposuit
1441 5178 1583 5218 ann.
1624 5167 1776 5219 £038.
1813 5167 2120 5223 Conradus

476 5233 677 5303 tamen
709 5231 1029 5303 imperator
1054 5249 1127 5303 eo
1170 5231 1333 5303 anno
1361 5238 1486 5288 erat
1513 5234 1575 5289 in
1606 5234 1767 5289 italia
1795 5252 1864 5290 ac
1895 5239 2120 5293 Parmae

476 5298 737 5376 l‘jatalem
787 5298 1017 5356 Domini
1048 5302 1382 5357 celebravit.
1415 5303 1577 5359 Unde
1608 5305 1844 5375 conjicit
1870 5307 1959 5361 vir
1987 5324 2118 5363 eru-

476 5368 637 5446 ditus
662 5376 962 5446 auctorem
977 5378 1247 5428 nostrum
1268 5389 1337 5446 ca
1358 5389 1493 5446 qua;
1519 5390 1679 5430 anno
1708 5368 1837 5430 1⁷039
1864 5380 2123 5446 contige-

477 5442 620 5517 runt
643 5454 777 5517 cum
826 5442 902 5517 iis
937 5457 1071 5517 quae
1107 5442 1470 5517 praecedenti
1490 5461 1651 5517 anno
1697 5452 1861 5509 gesta
1894 5442 2123 5504 fuerant

476 5506 835 5563 confudisse.
865 5506 1059 5565 Codex
1092 5506 1432 5568 Grzrcicnsis
1456 5514 1635 5570 habet
1665 5506 1823 5571 anno
1860 5518 2010 5573 1039.

528 5580 657 5660 ,(61)
701 5578 928 5645 Bamb.,
956 5581 1265 5660 Erycinae
1291 5590 1485 5660 tamen
1510 5602 1784 5660 supremo
1812 5590 2121 5654 prmsenlis

480 5653 613 5730 vitae
645 5663 811 5730 agno
824 5664 936 5717 per
956 5656 1134 5730 totam
1169 5653 1690 5730 Οααᾴνςιαεξείηὶαηι
1720 5672 1779 5710 se
1800 5653 2119 5730 castigans,

477 5721 581 5774 via:
603 5720 849 5773 collecto
876 5720 1083 5774 robore
1105 5727 1330 5790 peregit
1357 5720 1547 5779 debito
1572 5728 1897 5793 episcopali
1923 5720 2120 5799 arma}

2233 2996 2361 3045 tum
2386 2990 2521 3055 laeti,
2551 2996 2607 3046 et
2631 2989 2806 3063 quasi
2830 3006 2967 3045 vere
2996 3006 3237 3045 mecum
3257 2989 3355 3045 hic
3372 2994 3432 3045 et
3457 2989 3525 3045 in
3549 2990 3754 3046 futuro
3774 3005 3864 3044 con.

2234 3079 2583 3151 gratulaturi
2601 3083 2966 3152 exspectate.
3002 3082 3152 3135 Nam
3190 3079 3254 3134 in
3282 3077 3492 3148 vigilia
3520 3078 3864 3134 Ascensioni

2232 3168 2293 3223 in
2306 3172 2572 3223 montem
2591 3168 2664 3222 ad
2693 3172 2969 3223 sanctum
2990 3183 3196 3223 meum
3212 3171 3554 3240 patronum
3567 3166 3866 3224 Mam-icium

2233 3257 2574 3323 adveniam,
2602 3260 2659 3311 et
2682 3256 2762 3311 ibi
2790 3261 3028 3312 noctem
3056 3256 3339 3329 diemque
3370 3260 3669 3313 sanctam
3696 3271 3851 3325 agam

2233 3345 2516 3401 abbatem
2538 3350 2738 3401 tamen
2753 3344 2946 3415 vobis,
2969 3345 3073 3418 qui
3095 3345 3225 3400 vice
3252 3360 3390 3401 mea
3415 3344 3826 3418 processionis
3842 3359 3865 3395 et

2234 3434 2554 3489 missarum
2586 3433 2877 3488 solemnia
2906 3437 3159 3506 peragat
3202 3432 3483 3501 mittam;
3522 3457 3553 3483 ››
3600 3438 3663 3490 et
3692 3433 3771 3489 sic
3795 3432 3866 3486 εις.

2234 3522 2383 3577 vatis
2411 3521 2599 3577 oculis
2625 3521 2919 3594 altiusque
2949 3521 3287 3592 suspirans,
3318 3521 3505 3593 quasi
3534 3526 3749 3579 tamen
3775 3537 3865 3576 am

2232 3609 2381 3666 dens
2405 3628 2418 3665 :
2452 3634 2479 3657 «
2506 3613 2701 3679 Necte,
2729 3609 2943 3682 inquit,
2978 3608 3082 3665 illa
3109 3612 3174 3664 ut
3218 3608 3491 3665 Christus
3518 3610 3785 3666 voluerit
3808 3625 3865 3679 per

2231 3703 2417 3766 racta,
2449 3698 2510 3754 in
2542 3698 2686 3754 feria
2730 3702 2896 3753 sexta
2923 3696 3191 3753 diluculo
3224 3697 3305 3753 ad
3343 3703 3649 3755 sanctum
3677 3698 3866 3755 Michae

2231 3788 2351 3845 lem
2387 3788 2648 3857 veniam,
2682 3803 2821 3843 cum
2850 3786 3070 3843 abbate
3116 3790 3173 3842 et
3200 3786 3488 3842 fratribus
3521 3792 3865 3861 pernoctatu

2232 3893 2354 3943 rus,
2383 3876 2522 3932 inde
2556 3875 2816 3933 Sabbato
2848 3874 2927 3930 ad
2955 3878 3233 3931 sanctum
3258 3874 3582 3932 Andream
3611 3881 3866 3933 oraturus

2233 3969 2289 4022 et
2318 3965 2455 4020 inde
2483 3982 2592 4020 vos
2622 3965 2859 4032 adeam,
2893 3962 3204 4019 vobiscum
3246 3964 3496 4036 penitus
3547 3980 3866 4039 permansit

2231 4071 2352 4110 rus.
2388 4054 2552 4110 Diem
2571 4070 2713 4110 vero
2746 4053 3118 4109 Dominicam
3147 4053 3505 4109 convocatis
3538 4055 3866 4112 fratribuse

2233 4144 2439 4199 amicis
2488 4143 2828 4199 solemniter
2872 4142 3266 4210 celebremus,
3300 4147 3359 4199 et
3397 4142 3488 4199 ita
3544 4144 3745 4201 totius
3796 4143 3865 4199 fes‘

2231 4233 2416 4288 nostri
2435 4232 2872 4303 jucunditatem
2903 4231 3140 4304 penitus
3172 4231 3663 4289 terminemus.»
3708 4238 3778 4289 Et
3803 4233 3866 4287 ha

2232 4321 2458 4390 dicens,
2488 4320 2964 4377 benedictionem
2994 4320 3194 4387 dedit;
3229 4320 3436 4393 sicque
3469 4337 3600 4379 nos
3635 4323 3866 4381 mirante

2233 4409 2455 4483 pariter
2482 4414 2540 4465 et
2567 4414 2869 4482 stupentes
2895 4409 3137 4465 dimisit.

2303 4501 2391 4553 41.
2426 4496 2692 4553 Habebat
2719 4512 2962 4569 quoque
2991 4496 3204 4553 beatus
3232 4498 3403 4552 Pater
3426 4494 3496 4552 in
3531 4499 3790 4571 privato
3817 4516 3866 4553 su

2231 4586 2555 4643 ministerio
2578 4587 2866 4656 juvenem
2894 4585 3225 4659 quemdam
3254 4584 3589 4656 illustrem,
3616 4588 3819 4645 ﬁlium
3843 4605 3866 4642 τ

2231 4676 2387 4744 duae,
2400 4675 2661 4748 pictoria:
2679 4674 2819 4731 artis
2835 4674 3134 4748 opiﬁcem,
3147 4673 3255 4747 qui
3268 4673 3411 4730 vilia
3427 4675 3481 4746 ej
3491 4692 3581 4732 us
3596 4678 3866 4753 vestimei

2230 4769 2290 4822 ta
2313 4765 2834 4837 calceamentaque
2851 4763 3397 4833 servabat,nomine
3420 4767 3775 4825 Bunonem
3797 4770 3866 4839 (ὃς)

2231 4854 2346 4923 cui,
2380 4854 2458 4911 ab
2487 4854 2651 4910 initio
2689 4854 2961 4925 ejusdem
2991 4852 3154 4925 anni,
3186 4853 3353 4926 quod
3384 4869 3621 4914 secum
3666 4857 3866 4933 patriai

2228 5025 2601 5079 Dominicam
2632 5024 3009 5093 Palmarum,
3038 5028 3146 5079 etc.

2302 5096 2411 5166 (62)
2489 5094 2830 5162 Bamberg.,
2898 5096 3179 5166 quoniam
3248 5098 3573 5166 oporteret
3651 5113 3791 5154 eum
3850 5111 3866 5151 ί

2230 5165 2416 5222 alium
2449 5168 2638 5222 locum
2666 5167 2729 5220 in
2759 5167 3114 5220 Ascensione
3142 5165 3388 5235 Domini
3408 5168 3779 5235 proﬁcisci.

2302 5238 2410 5308 (6.3)
2452 5236 2541 5293 Sic
2570 5241 2787 5308 vocant
2811 5236 3166 5308 plerumque
3207 5233 3619 5308 Dominicam
3650 5238 3719 5295 in
3752 5238 3866 5295 Albi

2230 5305 2400 5383 quod
2421 5323 2492 5363 ea
2520 5307 2614 5362 die
2644 5305 2850 5362 reccn's
2890 5305 3170 5378 baptiiati
3194 5308 3396 5360 vestes
3424 5306 3630 5365 albas
3664 5311 3862 5383 depon

2229 5382 2409 5523 nillil)
2452 5449 2690 5517 Bodcc.,
2730 5449 3084 5504 Adelbertus
3117 5447 3320 5511 abbas,
3356 5447 3554 5519 Boll.,
3587 5454 3866 5523 praedia:

2231 5518 2666 5717 αὺὲίῗίῗύὺὶίὲιθ
2698 5590 2972 5646 scribitur
2996 5591 3328 5646 Bunonem.
3357 5589 3532 5649 Surii
3567 5598 3793 5653 tamen
3816 5574 3865 5668 pi

2231 5676 2330 5717 ma
2358 5660 2534 5717 editio
2605 5662 2743 5717 abet
2770 5663 3135 5717 Brunonem.

2231 5676 2330 5719 ma
2358 5660 2534 5717 editio
2561 5660 2743 5719 habet
2770 5663 3135 5719 Brunonem.
