  <div class='ocr_page' id='page_1' title='image "/cluster/home/n/w/nwhite01/storage/ocr_20150623/140-141/uc1.31175018559917/1172.png"; bbox 0 0 3944 6384; ppageno 0'>
   <div class='ocr_carea' id='block_1_1' title="bbox 132 317 260 375">
    <p class='ocr_par' dir='ltr' id='par_1_1' title="bbox 132 317 260 375">
     <span class='ocr_line' id='line_1_1' title="bbox 132 317 260 375; baseline 0 -2"><span class='ocrx_word' id='word_1_1' title='bbox 132 317 260 375; x_wconf 72' lang='grc'><strong>1193</strong></span> 
     </span>
    </p>
   </div>
   <div class='ocr_carea' id='block_1_2' title="bbox 1732 306 1908 361">
    <p class='ocr_par' dir='ltr' id='par_1_2' title="bbox 1732 306 1908 361">
     <span class='ocr_line' id='line_1_2' title="bbox 1732 306 1908 361; baseline 0 -2"><span class='ocrx_word' id='word_1_2' title='bbox 1732 306 1908 361; x_wconf 79' lang='grc' dir='ltr'>νιτΑ.</span> 
     </span>
    </p>
   </div>
   <div class='ocr_carea' id='block_1_3' title="bbox 3407 307 3544 366">
    <p class='ocr_par' dir='ltr' id='par_1_3' title="bbox 3407 307 3544 366">
     <span class='ocr_line' id='line_1_3' title="bbox 3407 307 3544 366; baseline 0.022 -3"><span class='ocrx_word' id='word_1_3' title='bbox 3407 307 3544 366; x_wconf 53' lang='grc'><strong>1191</strong></span> 
     </span>
    </p>
   </div>
   <div class='ocr_carea' id='block_1_4' title="bbox 124 423 3547 510">
    <p class='ocr_par' dir='ltr' id='par_1_4' title="bbox 124 423 3547 510">
     <span class='ocr_line' id='line_1_4' title="bbox 124 423 3547 510; baseline -0.003 -13"><span class='ocrx_word' id='word_1_4' title='bbox 124 458 310 508; x_wconf 87' lang='grc'><strong>8110111,</strong></span> <span class='ocrx_word' id='word_1_5' title='bbox 344 439 404 496; x_wconf 89' lang='lat' dir='ltr'>id</span> <span class='ocrx_word' id='word_1_6' title='bbox 431 441 519 495; x_wconf 88' lang='lat' dir='ltr'>est</span> <span class='ocrx_word' id='word_1_7' title='bbox 574 436 938 510; x_wconf 88' lang='lat' dir='ltr'>Bajoariam,</span> <span class='ocrx_word' id='word_1_8' title='bbox 989 438 1367 508; x_wconf 89' lang='lat' dir='ltr'>perrecturus</span> <span class='ocrx_word' id='word_1_9' title='bbox 1411 435 1567 487; x_wconf 81' lang='lat' dir='ltr'>esset</span> <span class='ocrx_word' id='word_1_10' title='bbox 1615 447 1772 503; x_wconf 85' lang='lat' dir='ltr'>saepe</span> <span class='ocrx_word' id='word_1_11' title='bbox 1813 434 1858 485; x_wconf 88' lang='lat' dir='ltr'><strong>A</strong></span> <span class='ocrx_word' id='word_1_12' title='bbox 1890 431 1975 483; x_wconf 90' lang='lat' dir='ltr'>ter</span> <span class='ocrx_word' id='word_1_13' title='bbox 2001 425 2232 491; x_wconf 80' lang='lat' dir='ltr'>dilecte,</span> <span class='ocrx_word' id='word_1_14' title='bbox 2265 423 2476 483; x_wconf 90' lang='lat' dir='ltr'>tandiu</span> <span class='ocrx_word' id='word_1_15' title='bbox 2508 425 2625 483; x_wconf 87' lang='lat' dir='ltr'>vita</span> <span class='ocrx_word' id='word_1_16' title='bbox 2649 428 2846 482; x_wconf 88' lang='lat' dir='ltr'>vestra</span> <span class='ocrx_word' id='word_1_17' title='bbox 2884 424 3059 483; x_wconf 89' lang='lat' dir='ltr'>nobis</span> <span class='ocrx_word' id='word_1_18' title='bbox 3117 429 3392 502; x_wconf 84' lang='lat' dir='ltr'>supersit,</span> <span class='ocrx_word' id='word_1_19' title='bbox 3442 431 3547 486; x_wconf 65' lang='lat' dir='ltr'>do«</span> 
     </span>
    </p>
   </div>
   <div class='ocr_carea' id='block_1_5' title="bbox 124 520 1778 603">
    <p class='ocr_par' dir='ltr' id='par_1_5' title="bbox 124 520 1778 603">
     <span class='ocr_line' id='line_1_5' title="bbox 124 520 1778 603; baseline -0.007 -17"><span class='ocrx_word' id='word_1_20' title='bbox 124 529 418 603; x_wconf 57' lang='lat' dir='ltr'>praecepit.</span> <span class='ocrx_word' id='word_1_21' title='bbox 454 532 622 594; x_wconf 81' lang='lat' dir='ltr'>Nam,</span> <span class='ocrx_word' id='word_1_22' title='bbox 656 532 720 582; x_wconf 91' lang='lat' dir='ltr'>ut</span> <span class='ocrx_word' id='word_1_23' title='bbox 750 524 1166 598; x_wconf 62' lang='lat' dir='ltr'>praediximus,</span> <span class='ocrx_word' id='word_1_24' title='bbox 1195 523 1372 592; x_wconf 88' lang='lat' dir='ltr'>longe</span> <span class='ocrx_word' id='word_1_25' title='bbox 1391 526 1527 577; x_wconf 82' lang='lat' dir='ltr'>ante</span> <span class='ocrx_word' id='word_1_26' title='bbox 1560 520 1778 592; x_wconf 67' lang='lat' dir='ltr'>saepius</span> 
     </span>
    </p>
   </div>
   <div class='ocr_carea' id='block_1_6' title="bbox 127 610 1782 694">
    <p class='ocr_par' dir='ltr' id='par_1_6' title="bbox 127 610 1782 694">
     <span class='ocr_line' id='line_1_6' title="bbox 127 610 1782 694; baseline -0.007 -20"><span class='ocrx_word' id='word_1_27' title='bbox 127 637 183 675; x_wconf 89' lang='lat' dir='ltr'>sc</span> <span class='ocrx_word' id='word_1_28' title='bbox 213 620 466 694; x_wconf 88' lang='lat' dir='ltr'>patriam</span> <span class='ocrx_word' id='word_1_29' title='bbox 508 635 619 674; x_wconf 89' lang='lat' dir='ltr'>sua</span> <span class='ocrx_word' id='word_1_30' title='bbox 669 616 1115 672; x_wconf 89' lang='lat' dir='ltr'>revisitaturum</span> <span class='ocrx_word' id='word_1_31' title='bbox 1172 613 1325 669; x_wconf 91' lang='lat' dir='ltr'>serio</span> <span class='ocrx_word' id='word_1_32' title='bbox 1375 610 1665 684; x_wconf 76' lang='lat' dir='ltr'>promisit,</span> <span class='ocrx_word' id='word_1_33' title='bbox 1724 613 1782 664; x_wconf 89' lang='lat' dir='ltr'>et</span> 
     </span>
    </p>
   </div>
   <div class='ocr_carea' id='block_1_7' title="bbox 124 697 1781 783">
    <p class='ocr_par' dir='ltr' id='par_1_7' title="bbox 124 697 1781 783">
     <span class='ocr_line' id='line_1_7' title="bbox 124 697 1781 783; baseline -0.007 -19"><span class='ocrx_word' id='word_1_34' title='bbox 124 708 390 783; x_wconf 84' lang='lat' dir='ltr'>pluribus</span> <span class='ocrx_word' id='word_1_35' title='bbox 423 708 717 778; x_wconf 85' lang='lat' dir='ltr'>cujusque</span> <span class='ocrx_word' id='word_1_36' title='bbox 748 705 974 760; x_wconf 76' lang='lat' dir='ltr'>ordinis</span> <span class='ocrx_word' id='word_1_37' title='bbox 1027 719 1090 758; x_wconf 94' lang='lat' dir='ltr'>se</span> <span class='ocrx_word' id='word_1_38' title='bbox 1149 701 1434 757; x_wconf 88' lang='lat' dir='ltr'>ultroneis</span> <span class='ocrx_word' id='word_1_39' title='bbox 1488 697 1781 755; x_wconf 78' lang='lat' dir='ltr'>offerenti-</span> 
     </span>
    </p>
   </div>
   <div class='ocr_carea' id='block_1_8' title="bbox 125 791 1781 870">
    <p class='ocr_par' dir='ltr' id='par_1_8' title="bbox 125 791 1781 870">
     <span class='ocr_line' id='line_1_8' title="bbox 125 791 1781 870; baseline -0.008 -15"><span class='ocrx_word' id='word_1_40' title='bbox 125 801 255 867; x_wconf 85' lang='lat' dir='ltr'>bus,</span> <span class='ocrx_word' id='word_1_41' title='bbox 279 815 347 854; x_wconf 90' lang='lat' dir='ltr'>ac</span> <span class='ocrx_word' id='word_1_42' title='bbox 373 797 598 870; x_wconf 88' lang='lat' dir='ltr'>pariter</span> <span class='ocrx_word' id='word_1_43' title='bbox 618 812 756 851; x_wconf 90' lang='lat' dir='ltr'>cum</span> <span class='ocrx_word' id='word_1_44' title='bbox 788 811 858 850; x_wconf 91' lang='lat' dir='ltr'>eo</span> <span class='ocrx_word' id='word_1_45' title='bbox 887 793 1182 867; x_wconf 85' lang='lat' dir='ltr'>proficisci</span> <span class='ocrx_word' id='word_1_46' title='bbox 1213 791 1612 864; x_wconf 89' lang='lat' dir='ltr'>cupientibus,</span> <span class='ocrx_word' id='word_1_47' title='bbox 1647 805 1781 857; x_wconf 89' lang='lat' dir='ltr'>gra-</span> 
     </span>
    </p>
   </div>
   <div class='ocr_carea' id='block_1_9' title="bbox 124 880 1780 950">
    <p class='ocr_par' dir='ltr' id='par_1_9' title="bbox 124 880 1780 950">
     <span class='ocr_line' id='line_1_9' title="bbox 124 880 1780 950; baseline -0.008 -4"><span class='ocrx_word' id='word_1_48' title='bbox 124 895 208 946; x_wconf 91' lang='lat' dir='ltr'>tes</span> <span class='ocrx_word' id='word_1_49' title='bbox 236 886 539 943; x_wconf 75' lang='lat' dir='ltr'>devotioni</span> <span class='ocrx_word' id='word_1_50' title='bbox 564 901 773 941; x_wconf 87' lang='lat' dir='ltr'>eorum</span> <span class='ocrx_word' id='word_1_51' title='bbox 803 883 1020 950; x_wconf 88' lang='lat' dir='ltr'>retulit,</span> <span class='ocrx_word' id='word_1_52' title='bbox 1054 888 1110 938; x_wconf 89' lang='lat' dir='ltr'>et</span> <span class='ocrx_word' id='word_1_53' title='bbox 1149 881 1348 936; x_wconf 89' lang='lat' dir='ltr'>solum</span> <span class='ocrx_word' id='word_1_54' title='bbox 1381 885 1614 936; x_wconf 89' lang='lat' dir='ltr'>tantum</span> <span class='ocrx_word' id='word_1_55' title='bbox 1670 880 1780 933; x_wconf 64' lang='lat' dir='ltr'>tiu-</span> 
     </span>
    </p>
   </div>
   <div class='ocr_carea' id='block_1_10' title="bbox 124 968 1782 1045">
    <p class='ocr_par' dir='ltr' id='par_1_10' title="bbox 124 968 1782 1045">
     <span class='ocr_line' id='line_1_10' title="bbox 124 968 1782 1045; baseline -0.008 -11"><span class='ocrx_word' id='word_1_56' title='bbox 124 991 342 1035; x_wconf 88' lang='lat' dir='ltr'>nonem</span> <span class='ocrx_word' id='word_1_57' title='bbox 379 992 590 1032; x_wconf 86' lang='lat' dir='ltr'>secum</span> <span class='ocrx_word' id='word_1_58' title='bbox 647 975 870 1030; x_wconf 89' lang='lat' dir='ltr'>iturum</span> <span class='ocrx_word' id='word_1_59' title='bbox 926 971 1241 1045; x_wconf 75' lang='lat' dir='ltr'>praeelegit.</span> <span class='ocrx_word' id='word_1_60' title='bbox 1287 970 1510 1025; x_wconf 87' lang='lat' dir='ltr'>Eodem</span> <span class='ocrx_word' id='word_1_61' title='bbox 1557 968 1782 1041; x_wconf 87' lang='lat' dir='ltr'>quippe</span> 
     </span>
    </p>
   </div>
   <div class='ocr_carea' id='block_1_11' title="bbox 127 1058 1782 1134">
    <p class='ocr_par' dir='ltr' id='par_1_11' title="bbox 127 1058 1782 1134">
     <span class='ocr_line' id='line_1_11' title="bbox 127 1058 1782 1134; baseline -0.007 -10"><span class='ocrx_word' id='word_1_62' title='bbox 127 1068 220 1124; x_wconf 89' lang='lat' dir='ltr'>die</span> <span class='ocrx_word' id='word_1_63' title='bbox 247 1072 382 1124; x_wconf 83' lang='lat' dir='ltr'>ante</span> <span class='ocrx_word' id='word_1_64' title='bbox 407 1066 738 1121; x_wconf 85' lang='lat' dir='ltr'>adventum</span> <span class='ocrx_word' id='word_1_65' title='bbox 770 1063 929 1129; x_wconf 91' lang='lat' dir='ltr'>cleri,</span> <span class='ocrx_word' id='word_1_66' title='bbox 959 1067 1022 1117; x_wconf 90' lang='lat' dir='ltr'>ut</span> <span class='ocrx_word' id='word_1_67' title='bbox 1052 1061 1410 1134; x_wconf 80' lang='lat' dir='ltr'>praedixerat</span> <span class='ocrx_word' id='word_1_68' title='bbox 1441 1061 1575 1129; x_wconf 82' lang='lat'><strong>(66),</strong></span> <span class='ocrx_word' id='word_1_69' title='bbox 1635 1058 1782 1114; x_wconf 87' lang='lat' dir='ltr'>dum</span> 
     </span>
    </p>
   </div>
   <div class='ocr_carea' id='block_1_12' title="bbox 131 1148 1784 1217">
    <p class='ocr_par' dir='ltr' id='par_1_12' title="bbox 131 1148 1784 1217">
     <span class='ocr_line' id='line_1_12' title="bbox 131 1148 1784 1217; baseline -0.007 -3"><span class='ocrx_word' id='word_1_70' title='bbox 131 1173 290 1214; x_wconf 88' lang='lat' dir='ltr'>more</span> <span class='ocrx_word' id='word_1_71' title='bbox 321 1173 431 1212; x_wconf 91' lang='lat' dir='ltr'>suo</span> <span class='ocrx_word' id='word_1_72' title='bbox 458 1155 518 1210; x_wconf 90' lang='lat' dir='ltr'>in</span> <span class='ocrx_word' id='word_1_73' title='bbox 549 1153 770 1210; x_wconf 86' lang='lat' dir='ltr'>abditis</span> <span class='ocrx_word' id='word_1_74' title='bbox 801 1153 1154 1208; x_wconf 87' lang='lat' dir='ltr'>vestimenta</span> <span class='ocrx_word' id='word_1_75' title='bbox 1194 1168 1305 1206; x_wconf 88' lang='lat' dir='ltr'>sua</span> <span class='ocrx_word' id='word_1_76' title='bbox 1359 1154 1632 1217; x_wconf 77' lang='lat' dir='ltr'>mutaret,</span> <span class='ocrx_word' id='word_1_77' title='bbox 1702 1148 1784 1203; x_wconf 83' lang='lat' dir='ltr'>ci—</span> 
     </span>
    </p>
   </div>
   <div class='ocr_carea' id='block_1_13' title="bbox 131 1241 1784 1317">
    <p class='ocr_par' dir='ltr' id='par_1_13' title="bbox 131 1241 1784 1317">
     <span class='ocr_line' id='line_1_13' title="bbox 131 1241 1784 1317; baseline -0.007 -13"><span class='ocrx_word' id='word_1_78' title='bbox 131 1248 265 1304; x_wconf 85' lang='lat' dir='ltr'>dem</span> <span class='ocrx_word' id='word_1_79' title='bbox 289 1245 497 1317; x_wconf 88' lang='lat' dir='ltr'>juveni</span> <span class='ocrx_word' id='word_1_80' title='bbox 553 1242 836 1316; x_wconf 62' lang='grc' dir='ltr'><strong>91010ορ11</strong></span> <span class='ocrx_word' id='word_1_81' title='bbox 887 1247 952 1298; x_wconf 92' lang='lat' dir='ltr'>ut</span> <span class='ocrx_word' id='word_1_82' title='bbox 1009 1242 1219 1296; x_wconf 88' lang='lat' dir='ltr'>eadem</span> <span class='ocrx_word' id='word_1_83' title='bbox 1250 1241 1602 1295; x_wconf 87' lang='lat' dir='ltr'>vestimenta</span> <span class='ocrx_word' id='word_1_84' title='bbox 1649 1255 1784 1310; x_wconf 68' lang='lat' dir='ltr'>qua:</span> 
     </span>
    </p>
   </div>
   <div class='ocr_carea' id='block_1_14' title="bbox 132 1328 1782 1409">
    <p class='ocr_par' dir='ltr' id='par_1_14' title="bbox 132 1328 1782 1409">
     <span class='ocr_line' id='line_1_14' title="bbox 132 1328 1782 1409; baseline -0.005 -18"><span class='ocrx_word' id='word_1_85' title='bbox 132 1335 401 1409; x_wconf 89' lang='lat' dir='ltr'>deposuit</span> <span class='ocrx_word' id='word_1_86' title='bbox 431 1335 725 1399; x_wconf 90' lang='lat' dir='ltr'>indueret,</span> <span class='ocrx_word' id='word_1_87' title='bbox 773 1338 828 1388; x_wconf 92' lang='lat' dir='ltr'>et</span> <span class='ocrx_word' id='word_1_88' title='bbox 885 1332 961 1388; x_wconf 90' lang='lat' dir='ltr'>ad</span> <span class='ocrx_word' id='word_1_89' title='bbox 1020 1349 1159 1386; x_wconf 90' lang='lat' dir='ltr'>eum</span> <span class='ocrx_word' id='word_1_90' title='bbox 1216 1331 1482 1386; x_wconf 82' lang='lat' dir='ltr'>concitus</span> <span class='ocrx_word' id='word_1_91' title='bbox 1539 1328 1782 1384; x_wconf 87' lang='lat' dir='ltr'>veniret.</span> 
     </span>
    </p>
   </div>
   <div class='ocr_carea' id='block_1_15' title="bbox 135 1418 1786 1496">
    <p class='ocr_par' dir='ltr' id='par_1_15' title="bbox 135 1418 1786 1496">
     <span class='ocr_line' id='line_1_15' title="bbox 135 1418 1786 1496; baseline -0.006 -15"><span class='ocrx_word' id='word_1_92' title='bbox 135 1428 271 1491; x_wconf 66' lang='lat' dir='ltr'>Quae</span> <span class='ocrx_word' id='word_1_93' title='bbox 295 1425 481 1481; x_wconf 86' lang='lat' dir='ltr'>verba</span> <span class='ocrx_word' id='word_1_94' title='bbox 544 1425 638 1479; x_wconf 90' lang='lat' dir='ltr'>ille</span> <span class='ocrx_word' id='word_1_95' title='bbox 692 1423 868 1496; x_wconf 85' lang='lat' dir='ltr'>quasi</span> <span class='ocrx_word' id='word_1_96' title='bbox 927 1422 1318 1478; x_wconf 78' lang='lat' dir='ltr'>deliramenta</span> <span class='ocrx_word' id='word_1_97' title='bbox 1373 1420 1466 1475; x_wconf 91' lang='lat' dir='ltr'>vel</span> <span class='ocrx_word' id='word_1_98' title='bbox 1518 1418 1786 1474; x_wconf 89' lang='lat' dir='ltr'>irrisione</span> 
     </span>
    </p>
   </div>
   <div class='ocr_carea' id='block_1_16' title="bbox 132 1507 1786 1586">
    <p class='ocr_par' dir='ltr' id='par_1_16' title="bbox 132 1507 1786 1586">
     <span class='ocr_line' id='line_1_16' title="bbox 132 1507 1786 1586; baseline -0.005 -18"><span class='ocrx_word' id='word_1_99' title='bbox 132 1513 305 1586; x_wconf 91' lang='lat' dir='ltr'>plena</span> <span class='ocrx_word' id='word_1_100' title='bbox 325 1512 707 1584; x_wconf 85' lang='lat' dir='ltr'>contempsit.</span> <span class='ocrx_word' id='word_1_101' title='bbox 743 1511 969 1566; x_wconf 68' lang='lat' dir='ltr'>Pl‘iBSUl</span> <span class='ocrx_word' id='word_1_102' title='bbox 1027 1527 1164 1566; x_wconf 89' lang='lat' dir='ltr'>vero</span> <span class='ocrx_word' id='word_1_103' title='bbox 1226 1526 1294 1565; x_wconf 88' lang='lat' dir='ltr'>ac</span> <span class='ocrx_word' id='word_1_104' title='bbox 1324 1510 1371 1564; x_wconf 88' lang='lat' dir='ltr'>si</span> <span class='ocrx_word' id='word_1_105' title='bbox 1400 1507 1786 1578; x_wconf 88' lang='lat' dir='ltr'>dedignando</span> 
     </span>
    </p>
   </div>
   <div class='ocr_carea' id='block_1_17' title="bbox 134 1597 1789 1671">
    <p class='ocr_par' dir='ltr' id='par_1_17' title="bbox 134 1597 1789 1671">
     <span class='ocr_line' id='line_1_17' title="bbox 134 1597 1789 1671; baseline -0.005 -12"><span class='ocrx_word' id='word_1_106' title='bbox 134 1602 506 1659; x_wconf 85' lang='lat' dir='ltr'>cubiculariis</span> <span class='ocrx_word' id='word_1_107' title='bbox 537 1602 688 1657; x_wconf 76' lang='lat' dir='ltr'>dixit</span> <span class='ocrx_word' id='word_1_108' title='bbox 719 1619 731 1656; x_wconf 93' lang='lat'>:</span> <span class='ocrx_word' id='word_1_109' title='bbox 768 1625 794 1650; x_wconf 92' lang='grc'>‹‹</span> <span class='ocrx_word' id='word_1_110' title='bbox 832 1605 908 1656; x_wconf 90' lang='lat' dir='ltr'>Ite</span> <span class='ocrx_word' id='word_1_111' title='bbox 940 1606 996 1655; x_wconf 91' lang='lat' dir='ltr'>et</span> <span class='ocrx_word' id='word_1_112' title='bbox 1026 1601 1376 1655; x_wconf 86' lang='lat' dir='ltr'>vestimenta</span> <span class='ocrx_word' id='word_1_113' title='bbox 1415 1615 1551 1671; x_wconf 68' lang='lat' dir='ltr'>quae</span> <span class='ocrx_word' id='word_1_114' title='bbox 1607 1597 1789 1669; x_wconf 86' lang='lat' dir='ltr'>depo-</span> 
     </span>
    </p>
   </div>
   <div class='ocr_carea' id='block_1_18' title="bbox 135 1687 1788 1757">
    <p class='ocr_par' dir='ltr' id='par_1_18' title="bbox 135 1687 1788 1757">
     <span class='ocr_line' id='line_1_18' title="bbox 135 1687 1788 1757; baseline -0.005 -9"><span class='ocrx_word' id='word_1_115' title='bbox 135 1692 221 1748; x_wconf 90' lang='lat' dir='ltr'>sui</span> <span class='ocrx_word' id='word_1_116' title='bbox 244 1693 471 1748; x_wconf 89' lang='lat' dir='ltr'>induite</span> <span class='ocrx_word' id='word_1_117' title='bbox 491 1692 564 1757; x_wconf 91' lang='lat' dir='ltr'>ei,</span> <span class='ocrx_word' id='word_1_118' title='bbox 589 1697 644 1746; x_wconf 92' lang='lat' dir='ltr'>et</span> <span class='ocrx_word' id='word_1_119' title='bbox 671 1690 748 1746; x_wconf 90' lang='lat' dir='ltr'>ad</span> <span class='ocrx_word' id='word_1_120' title='bbox 777 1707 871 1745; x_wconf 90' lang='lat' dir='ltr'>me</span> <span class='ocrx_word' id='word_1_121' title='bbox 903 1689 1234 1745; x_wconf 73' lang='lat' dir='ltr'>deducite.»</span> <span class='ocrx_word' id='word_1_122' title='bbox 1266 1689 1376 1754; x_wconf 83' lang='lat' dir='ltr'>Qui</span> <span class='ocrx_word' id='word_1_123' title='bbox 1418 1687 1615 1743; x_wconf 90' lang='lat' dir='ltr'>statim</span> <span class='ocrx_word' id='word_1_124' title='bbox 1649 1702 1788 1741; x_wconf 90' lang='lat' dir='ltr'>eum</span> 
     </span>
    </p>
   </div>
   <div class='ocr_carea' id='block_1_19' title="bbox 133 1776 1789 1856">
    <p class='ocr_par' dir='ltr' id='par_1_19' title="bbox 133 1776 1789 1856">
     <span class='ocr_line' id='line_1_19' title="bbox 133 1776 1789 1856; baseline -0.004 -19"><span class='ocrx_word' id='word_1_125' title='bbox 133 1786 264 1856; x_wconf 88' lang='lat' dir='ltr'>post</span> <span class='ocrx_word' id='word_1_126' title='bbox 305 1781 510 1837; x_wconf 91' lang='lat' dir='ltr'>velum</span> <span class='ocrx_word' id='word_1_127' title='bbox 557 1780 813 1836; x_wconf 88' lang='lat' dir='ltr'>cubiculi</span> <span class='ocrx_word' id='word_1_128' title='bbox 871 1779 1171 1835; x_wconf 83' lang='lat' dir='ltr'>trahentes</span> <span class='ocrx_word' id='word_1_129' title='bbox 1222 1778 1562 1845; x_wconf 87' lang='lat' dir='ltr'>induerunt,</span> <span class='ocrx_word' id='word_1_130' title='bbox 1623 1781 1679 1832; x_wconf 92' lang='lat' dir='ltr'>et</span> <span class='ocrx_word' id='word_1_131' title='bbox 1729 1776 1789 1831; x_wconf 90' lang='lat' dir='ltr'>in</span> 
     </span>
    </p>
   </div>
   <div class='ocr_carea' id='block_1_20' title="bbox 138 1869 1793 1944">
    <p class='ocr_par' dir='ltr' id='par_1_20' title="bbox 138 1869 1793 1944">
     <span class='ocr_line' id='line_1_20' title="bbox 138 1869 1793 1944; baseline -0.005 -15"><span class='ocrx_word' id='word_1_132' title='bbox 138 1878 527 1944; x_wconf 91' lang='lat' dir='ltr'>conspectum</span> <span class='ocrx_word' id='word_1_133' title='bbox 569 1871 727 1926; x_wconf 89' lang='lat' dir='ltr'>velut</span> <span class='ocrx_word' id='word_1_134' title='bbox 782 1871 1092 1926; x_wconf 80' lang='lat' dir='ltr'>irridentes</span> <span class='ocrx_word' id='word_1_135' title='bbox 1148 1870 1542 1924; x_wconf 79' lang='lat' dir='ltr'>deduxerunt.</span> <span class='ocrx_word' id='word_1_136' title='bbox 1604 1869 1793 1933; x_wconf 88' lang='lat' dir='ltr'>Quem</span> 
     </span>
    </p>
   </div>
   <div class='ocr_carea' id='block_1_21' title="bbox 132 1957 1793 2030">
    <p class='ocr_par' dir='ltr' id='par_1_21' title="bbox 132 1957 1793 2030">
     <span class='ocr_line' id='line_1_21' title="bbox 132 1957 1793 2030; baseline -0.002 -13"><span class='ocrx_word' id='word_1_137' title='bbox 132 1962 226 2018; x_wconf 92' lang='lat' dir='ltr'>ille</span> <span class='ocrx_word' id='word_1_138' title='bbox 256 1962 361 2017; x_wconf 91' lang='lat' dir='ltr'>diu</span> <span class='ocrx_word' id='word_1_139' title='bbox 399 1962 660 2029; x_wconf 88' lang='lat' dir='ltr'>intuens,</span> <span class='ocrx_word' id='word_1_140' title='bbox 695 1961 776 2017; x_wconf 89' lang='lat' dir='ltr'>ait</span> <span class='ocrx_word' id='word_1_141' title='bbox 809 1979 820 2015; x_wconf 91' lang='lat'><strong>:</strong></span> <span class='ocrx_word' id='word_1_142' title='bbox 849 1984 874 2008; x_wconf 91' lang='grc'>‹‹</span> <span class='ocrx_word' id='word_1_143' title='bbox 911 1963 1051 2015; x_wconf 89' lang='lat' dir='ltr'>Vere</span> <span class='ocrx_word' id='word_1_144' title='bbox 1085 1960 1238 2015; x_wconf 83' lang='lat' dir='ltr'>scias</span> <span class='ocrx_word' id='word_1_145' title='bbox 1294 1959 1438 2030; x_wconf 80' lang='lat' dir='ltr'>quia</span> <span class='ocrx_word' id='word_1_146' title='bbox 1491 1958 1549 2012; x_wconf 93' lang='lat' dir='ltr'>in</span> <span class='ocrx_word' id='word_1_147' title='bbox 1580 1957 1793 2013; x_wconf 89' lang='lat' dir='ltr'>eadem</span> 
     </span>
    </p>
   </div>
   <div class='ocr_carea' id='block_1_22' title="bbox 132 2046 1796 2119">
    <p class='ocr_par' dir='ltr' id='par_1_22' title="bbox 132 2046 1796 2119">
     <span class='ocr_line' id='line_1_22' title="bbox 132 2046 1796 2119; baseline -0.002 -14"><span class='ocrx_word' id='word_1_148' title='bbox 132 2055 288 2106; x_wconf 86' lang='lat' dir='ltr'>veste</span> <span class='ocrx_word' id='word_1_149' title='bbox 317 2065 624 2104; x_wconf 88' lang='lat' dir='ltr'>rumorem</span> <span class='ocrx_word' id='word_1_150' title='bbox 657 2051 769 2118; x_wconf 73' lang='lat'>(67)</span> <span class='ocrx_word' id='word_1_151' title='bbox 799 2048 1123 2104; x_wconf 87' lang='lat' dir='ltr'>invenies.»</span> <span class='ocrx_word' id='word_1_152' title='bbox 1151 2048 1247 2103; x_wconf 86' lang='lat' dir='ltr'>His</span> <span class='ocrx_word' id='word_1_153' title='bbox 1275 2047 1448 2102; x_wconf 88' lang='lat' dir='ltr'>dictis</span> <span class='ocrx_word' id='word_1_154' title='bbox 1496 2063 1647 2119; x_wconf 90' lang='lat' dir='ltr'>puer</span> <span class='ocrx_word' id='word_1_155' title='bbox 1678 2046 1796 2102; x_wconf 80' lang='lat' dir='ltr'>cxi-</span> 
     </span>
    </p>
   </div>
   <div class='ocr_carea' id='block_1_23' title="bbox 132 2135 1796 2212">
    <p class='ocr_par' dir='ltr' id='par_1_23' title="bbox 132 2135 1796 2212">
     <span class='ocr_line' id='line_1_23' title="bbox 132 2135 1796 2212; baseline -0.003 -17"><span class='ocrx_word' id='word_1_156' title='bbox 132 2139 232 2208; x_wconf 87' lang='lat' dir='ltr'>vit,</span> <span class='ocrx_word' id='word_1_157' title='bbox 265 2139 406 2195; x_wconf 89' lang='lat' dir='ltr'>etin</span> <span class='ocrx_word' id='word_1_158' title='bbox 437 2139 568 2212; x_wconf 90' lang='lat' dir='ltr'>ipso</span> <span class='ocrx_word' id='word_1_159' title='bbox 600 2143 909 2194; x_wconf 90' lang='lat' dir='ltr'>momento</span> <span class='ocrx_word' id='word_1_160' title='bbox 939 2136 1310 2193; x_wconf 85' lang='lat' dir='ltr'>intolerabile</span> <span class='ocrx_word' id='word_1_161' title='bbox 1333 2153 1472 2191; x_wconf 90' lang='lat' dir='ltr'>eum</span> <span class='ocrx_word' id='word_1_162' title='bbox 1493 2135 1678 2205; x_wconf 79' lang='lat' dir='ltr'>frigus</span> <span class='ocrx_word' id='word_1_163' title='bbox 1709 2135 1796 2190; x_wconf 88' lang='lat' dir='ltr'>in-</span> 
     </span>
    </p>
   </div>
   <div class='ocr_carea' id='block_1_24' title="bbox 134 2226 1790 2300">
    <p class='ocr_par' dir='ltr' id='par_1_24' title="bbox 134 2226 1790 2300">
     <span class='ocr_line' id='line_1_24' title="bbox 134 2226 1790 2300; baseline -0.002 -16"><span class='ocrx_word' id='word_1_164' title='bbox 134 2230 307 2298; x_wconf 87' lang='lat' dir='ltr'>vasit,</span> <span class='ocrx_word' id='word_1_165' title='bbox 332 2234 388 2286; x_wconf 91' lang='lat' dir='ltr'>et</span> <span class='ocrx_word' id='word_1_166' title='bbox 436 2229 587 2286; x_wconf 87' lang='lat' dir='ltr'>hora</span> <span class='ocrx_word' id='word_1_167' title='bbox 643 2230 855 2285; x_wconf 90' lang='lat' dir='ltr'>eadem</span> <span class='ocrx_word' id='word_1_168' title='bbox 892 2234 1191 2298; x_wconf 79' lang='lat' dir='ltr'>aegrotans</span> <span class='ocrx_word' id='word_1_169' title='bbox 1248 2227 1400 2283; x_wconf 90' lang='lat' dir='ltr'>lecto</span> <span class='ocrx_word' id='word_1_170' title='bbox 1453 2226 1790 2300; x_wconf 90' lang='lat' dir='ltr'>procubuit.</span> 
     </span>
    </p>
   </div>
   <div class='ocr_carea' id='block_1_25' title="bbox 138 2316 1795 2391">
    <p class='ocr_par' dir='ltr' id='par_1_25' title="bbox 138 2316 1795 2391">
     <span class='ocr_line' id='line_1_25' title="bbox 138 2316 1795 2391; baseline -0.002 -17"><span class='ocrx_word' id='word_1_171' title='bbox 138 2321 326 2385; x_wconf 86' lang='lat' dir='ltr'>Quem</span> <span class='ocrx_word' id='word_1_172' title='bbox 356 2335 494 2374; x_wconf 88' lang='lat' dir='ltr'>cum</span> <span class='ocrx_word' id='word_1_173' title='bbox 528 2324 665 2391; x_wconf 90' lang='lat' dir='ltr'>post</span> <span class='ocrx_word' id='word_1_174' title='bbox 696 2318 1026 2374; x_wconf 83' lang='lat' dir='ltr'>discessum</span> <span class='ocrx_word' id='word_1_175' title='bbox 1060 2317 1310 2372; x_wconf 81' lang='lat' dir='ltr'>fratrum</span> <span class='ocrx_word' id='word_1_176' title='bbox 1343 2316 1660 2389; x_wconf 88' lang='lat' dir='ltr'>episcopus</span> <span class='ocrx_word' id='word_1_177' title='bbox 1709 2332 1795 2371; x_wconf 90' lang='lat' dir='ltr'>re-</span> 
     </span>
    </p>
   </div>
   <div class='ocr_carea' id='block_1_26' title="bbox 136 2407 1797 2482">
    <p class='ocr_par' dir='ltr' id='par_1_26' title="bbox 136 2407 1797 2482">
     <span class='ocr_line' id='line_1_26' title="bbox 136 2407 1797 2482; baseline -0.002 -17"><span class='ocrx_word' id='word_1_178' title='bbox 136 2410 414 2482; x_wconf 89' lang='lat' dir='ltr'>quireret,</span> <span class='ocrx_word' id='word_1_179' title='bbox 444 2409 668 2465; x_wconf 89' lang='lat' dir='ltr'>dictum</span> <span class='ocrx_word' id='word_1_180' title='bbox 688 2414 779 2464; x_wconf 90' lang='lat' dir='ltr'>cst</span> <span class='ocrx_word' id='word_1_181' title='bbox 799 2409 965 2481; x_wconf 91' lang='lat' dir='ltr'>quod</span> <span class='ocrx_word' id='word_1_182' title='bbox 992 2412 1323 2476; x_wconf 64' lang='lat' dir='ltr'>(egrotaret.</span> <span class='ocrx_word' id='word_1_183' title='bbox 1354 2407 1462 2472; x_wconf 90' lang='lat' dir='ltr'>Qui</span> <span class='ocrx_word' id='word_1_184' title='bbox 1486 2407 1681 2462; x_wconf 88' lang='lat' dir='ltr'>statim</span> <span class='ocrx_word' id='word_1_185' title='bbox 1704 2423 1797 2461; x_wconf 92' lang='lat' dir='ltr'>ac-</span> 
     </span>
    </p>
   </div>
   <div class='ocr_carea' id='block_1_27' title="bbox 139 2497 1795 2586">
    <p class='ocr_par' dir='ltr' id='par_1_27' title="bbox 139 2497 1795 2586">
     <span class='ocr_line' id='line_1_27' title="bbox 139 2497 1795 2586; baseline -0.002 -31"><span class='ocrx_word' id='word_1_186' title='bbox 139 2500 352 2555; x_wconf 86' lang='lat' dir='ltr'>cersito</span> <span class='ocrx_word' id='word_1_187' title='bbox 382 2503 790 2586; x_wconf 84' lang='lat' dir='ltr'>procuratore,</span> <span class='ocrx_word' id='word_1_188' title='bbox 821 2499 1106 2571; x_wconf 71' lang='lat' dir='ltr'>praecepit</span> <span class='ocrx_word' id='word_1_189' title='bbox 1135 2499 1184 2553; x_wconf 91' lang='lat' dir='ltr'>ei</span> <span class='ocrx_word' id='word_1_190' title='bbox 1217 2497 1421 2552; x_wconf 89' lang='lat' dir='ltr'>dicens</span> <span class='ocrx_word' id='word_1_191' title='bbox 1453 2514 1513 2551; x_wconf 84' lang='grc'>;‹‹</span> <span class='ocrx_word' id='word_1_192' title='bbox 1536 2498 1795 2552; x_wconf 87' lang='lat' dir='ltr'>Puerum</span> 
     </span>
    </p>
   </div>
   <div class='ocr_carea' id='block_1_28' title="bbox 137 2587 1796 2646">
    <p class='ocr_par' dir='ltr' id='par_1_28' title="bbox 137 2587 1796 2646">
     <span class='ocr_line' id='line_1_28' title="bbox 137 2587 1796 2646; baseline -0.002 -1"><span class='ocrx_word' id='word_1_193' title='bbox 137 2591 302 2646; x_wconf 88' lang='lat' dir='ltr'>illum</span> <span class='ocrx_word' id='word_1_194' title='bbox 326 2594 497 2645; x_wconf 88' lang='lat' dir='ltr'>caute</span> <span class='ocrx_word' id='word_1_195' title='bbox 537 2593 593 2644; x_wconf 89' lang='lat' dir='ltr'>et</span> <span class='ocrx_word' id='word_1_196' title='bbox 623 2589 748 2644; x_wconf 92' lang='lat' dir='ltr'>sine</span> <span class='ocrx_word' id='word_1_197' title='bbox 781 2589 1054 2644; x_wconf 88' lang='lat' dir='ltr'>molestia</span> <span class='ocrx_word' id='word_1_198' title='bbox 1080 2588 1171 2644; x_wconf 91' lang='lat' dir='ltr'>fac</span> <span class='ocrx_word' id='word_1_199' title='bbox 1203 2587 1282 2644; x_wconf 91' lang='lat' dir='ltr'>ad</span> <span class='ocrx_word' id='word_1_200' title='bbox 1331 2591 1585 2643; x_wconf 87' lang='lat' dir='ltr'>matrem</span> <span class='ocrx_word' id='word_1_201' title='bbox 1618 2602 1796 2642; x_wconf 90' lang='lat' dir='ltr'>suam</span> 
     </span>
    </p>
   </div>
   <div class='ocr_carea' id='block_1_29' title="bbox 136 2677 1796 2749">
    <p class='ocr_par' dir='ltr' id='par_1_29' title="bbox 136 2677 1796 2749">
     <span class='ocr_line' id='line_1_29' title="bbox 136 2677 1796 2749; baseline -0.002 -16"><span class='ocrx_word' id='word_1_202' title='bbox 136 2678 373 2749; x_wconf 86' lang='lat' dir='ltr'>deduci,</span> <span class='ocrx_word' id='word_1_203' title='bbox 441 2677 594 2733; x_wconf 90' lang='lat' dir='ltr'>utin</span> <span class='ocrx_word' id='word_1_204' title='bbox 641 2694 962 2733; x_wconf 90' lang='lat' dir='ltr'>occursum</span> <span class='ocrx_word' id='word_1_205' title='bbox 998 2694 1204 2732; x_wconf 89' lang='lat' dir='ltr'>meum</span> <span class='ocrx_word' id='word_1_206' title='bbox 1258 2680 1504 2749; x_wconf 89' lang='lat' dir='ltr'>paratus</span> <span class='ocrx_word' id='word_1_207' title='bbox 1554 2691 1796 2730; x_wconf 89' lang='lat' dir='ltr'>mecum</span> 
     </span>
    </p>
   </div>
   <div class='ocr_carea' id='block_1_30' title="bbox 137 2764 1795 2840">
    <p class='ocr_par' dir='ltr' id='par_1_30' title="bbox 137 2764 1795 2840">
     <span class='ocr_line' id='line_1_30' title="bbox 137 2764 1795 2840; baseline -0.001 -20"><span class='ocrx_word' id='word_1_208' title='bbox 137 2767 328 2840; x_wconf 87' lang='lat' dir='ltr'>possit</span> <span class='ocrx_word' id='word_1_209' title='bbox 357 2765 711 2839; x_wconf 82' lang='lat' dir='ltr'>proficisci.»</span> <span class='ocrx_word' id='word_1_210' title='bbox 745 2766 850 2832; x_wconf 88' lang='lat' dir='ltr'>Qui</span> <span class='ocrx_word' id='word_1_211' title='bbox 882 2765 1083 2822; x_wconf 83' lang='lat' dir='ltr'>statim</span> <span class='ocrx_word' id='word_1_212' title='bbox 1113 2765 1448 2832; x_wconf 88' lang='lat' dir='ltr'>deducitur,</span> <span class='ocrx_word' id='word_1_213' title='bbox 1479 2768 1536 2820; x_wconf 87' lang='lat' dir='ltr'>et</span> <span class='ocrx_word' id='word_1_214' title='bbox 1563 2764 1795 2819; x_wconf 84' lang='lat' dir='ltr'>decres-</span> 
     </span>
    </p>
   </div>
   <div class='ocr_carea' id='block_1_31' title="bbox 139 2855 1793 2927">
    <p class='ocr_par' dir='ltr' id='par_1_31' title="bbox 139 2855 1793 2927">
     <span class='ocr_line' id='line_1_31' title="bbox 139 2855 1793 2927; baseline -0.003 -15"><span class='ocrx_word' id='word_1_215' title='bbox 139 2857 410 2914; x_wconf 87' lang='lat' dir='ltr'>centibus</span> <span class='ocrx_word' id='word_1_216' title='bbox 435 2855 639 2912; x_wconf 90' lang='lat' dir='ltr'>dietim</span> <span class='ocrx_word' id='word_1_217' title='bbox 656 2855 882 2912; x_wconf 90' lang='lat' dir='ltr'>viribus</span> <span class='ocrx_word' id='word_1_218' title='bbox 900 2855 976 2911; x_wconf 89' lang='lat' dir='ltr'>ad</span> <span class='ocrx_word' id='word_1_219' title='bbox 999 2860 1264 2911; x_wconf 78' lang='lat' dir='ltr'>extrema</span> <span class='ocrx_word' id='word_1_220' title='bbox 1280 2858 1649 2927; x_wconf 72' lang='lat' dir='ltr'>praeparatur</span> <span class='ocrx_word' id='word_1_221' title='bbox 1662 2855 1793 2924; x_wconf 89' lang='lat'>(68).</span> 
     </span>
    </p>
   </div>
   <div class='ocr_carea' id='block_1_32' title="bbox 209 2945 1796 3019">
    <p class='ocr_par' dir='ltr' id='par_1_32' title="bbox 209 2945 1796 3019">
     <span class='ocr_line' id='line_1_32' title="bbox 209 2945 1796 3019; baseline -0.003 -15"><span class='ocrx_word' id='word_1_222' title='bbox 209 2953 298 3005; x_wconf 70' lang='grc'>42.</span> <span class='ocrx_word' id='word_1_223' title='bbox 355 2947 576 3004; x_wconf 90' lang='lat' dir='ltr'>Deinde</span> <span class='ocrx_word' id='word_1_224' title='bbox 635 2947 855 3019; x_wconf 84' lang='lat' dir='ltr'>praesul</span> <span class='ocrx_word' id='word_1_225' title='bbox 904 2952 1106 3003; x_wconf 88' lang='lat' dir='ltr'>noster</span> <span class='ocrx_word' id='word_1_226' title='bbox 1143 2947 1591 3018; x_wconf 84' lang='lat' dir='ltr'>ingravescente</span> <span class='ocrx_word' id='word_1_227' title='bbox 1633 2945 1796 3000; x_wconf 83' lang='lat' dir='ltr'>febre</span> 
     </span>
    </p>
   </div>
   <div class='ocr_carea' id='block_1_33' title="bbox 140 3035 1797 3106">
    <p class='ocr_par' dir='ltr' id='par_1_33' title="bbox 140 3035 1797 3106">
     <span class='ocr_line' id='line_1_33' title="bbox 140 3035 1797 3106; baseline -0.002 -11"><span class='ocrx_word' id='word_1_228' title='bbox 140 3039 488 3106; x_wconf 84' lang='lat' dir='ltr'>Holthusen,</span> <span class='ocrx_word' id='word_1_229' title='bbox 523 3037 626 3094; x_wconf 91' lang='lat' dir='ltr'>ubi</span> <span class='ocrx_word' id='word_1_230' title='bbox 653 3037 992 3093; x_wconf 88' lang='lat' dir='ltr'>conﬂuente</span> <span class='ocrx_word' id='word_1_231' title='bbox 1046 3037 1445 3093; x_wconf 89' lang='lat' dir='ltr'>ecclesiastico</span> <span class='ocrx_word' id='word_1_232' title='bbox 1497 3053 1662 3092; x_wconf 90' lang='lat' dir='ltr'>more</span> <span class='ocrx_word' id='word_1_233' title='bbox 1719 3035 1797 3091; x_wconf 88' lang='lat' dir='ltr'>ad</span> 
     </span>
    </p>
   </div>
   <div class='ocr_carea' id='block_1_34' title="bbox 136 3124 1875 3212">
    <p class='ocr_par' dir='ltr' id='par_1_34' title="bbox 136 3124 1875 3212">
     <span class='ocr_line' id='line_1_34' title="bbox 136 3124 1875 3212; baseline -0.003 -27"><span class='ocrx_word' id='word_1_234' title='bbox 136 3129 538 3186; x_wconf 85' lang='lat' dir='ltr'>visitationem</span> <span class='ocrx_word' id='word_1_235' title='bbox 568 3128 715 3183; x_wconf 91' lang='lat' dir='ltr'>tanti</span> <span class='ocrx_word' id='word_1_236' title='bbox 746 3127 854 3182; x_wconf 88' lang='lat' dir='ltr'>viri</span> <span class='ocrx_word' id='word_1_237' title='bbox 885 3127 1250 3183; x_wconf 89' lang='lat' dir='ltr'>multitudini</span> <span class='ocrx_word' id='word_1_238' title='bbox 1283 3126 1586 3182; x_wconf 78' lang='lat' dir='ltr'>sufﬁciens</span> <span class='ocrx_word' id='word_1_239' title='bbox 1617 3124 1797 3182; x_wconf 58' lang='grc'><strong>0111111-</strong></span> <span class='ocrx_word' id='word_1_240' title='bbox 1836 3158 1875 3212; x_wconf 72' lang='lat' dir='ltr'>C</span> 
     </span>
    </p>
   </div>
   <div class='ocr_carea' id='block_1_35' title="bbox 138 3215 1798 3289">
    <p class='ocr_par' dir='ltr' id='par_1_35' title="bbox 138 3215 1798 3289">
     <span class='ocr_line' id='line_1_35' title="bbox 138 3215 1798 3289; baseline -0.002 -15"><span class='ocrx_word' id='word_1_241' title='bbox 138 3219 370 3275; x_wconf 86' lang='lat' dir='ltr'>ciorum</span> <span class='ocrx_word' id='word_1_242' title='bbox 402 3221 529 3272; x_wconf 87' lang='lat' dir='ltr'>erat</span> <span class='ocrx_word' id='word_1_243' title='bbox 568 3217 763 3289; x_wconf 87' lang='lat' dir='ltr'>copia,</span> <span class='ocrx_word' id='word_1_244' title='bbox 791 3216 1158 3289; x_wconf 85' lang='lat' dir='ltr'>provehitur.</span> <span class='ocrx_word' id='word_1_245' title='bbox 1224 3217 1305 3271; x_wconf 90' lang='lat' dir='ltr'>lbi</span> <span class='ocrx_word' id='word_1_246' title='bbox 1362 3217 1515 3272; x_wconf 92' lang='lat' dir='ltr'>inter</span> <span class='ocrx_word' id='word_1_247' title='bbox 1544 3215 1798 3272; x_wconf 91' lang='lat' dir='ltr'>multam</span> 
     </span>
    </p>
   </div>
   <div class='ocr_carea' id='block_1_36' title="bbox 136 3305 1801 3380">
    <p class='ocr_par' dir='ltr' id='par_1_36' title="bbox 136 3305 1801 3380">
     <span class='ocr_line' id='line_1_36' title="bbox 136 3305 1801 3380; baseline -0.002 -16"><span class='ocrx_word' id='word_1_248' title='bbox 136 3308 278 3365; x_wconf 89' lang='lat' dir='ltr'>cleri</span> <span class='ocrx_word' id='word_1_249' title='bbox 306 3307 637 3380; x_wconf 88' lang='lat' dir='ltr'>populique</span> <span class='ocrx_word' id='word_1_250' title='bbox 667 3305 1088 3378; x_wconf 85' lang='lat' dir='ltr'>frequentiam,</span> <span class='ocrx_word' id='word_1_251' title='bbox 1121 3307 1390 3380; x_wconf 90' lang='lat' dir='ltr'>quadam</span> <span class='ocrx_word' id='word_1_252' title='bbox 1421 3306 1517 3362; x_wconf 92' lang='lat' dir='ltr'>die</span> <span class='ocrx_word' id='word_1_253' title='bbox 1557 3321 1801 3362; x_wconf 88' lang='lat' dir='ltr'>venera-</span> 
     </span>
    </p>
   </div>
   <div class='ocr_carea' id='block_1_37' title="bbox 138 3394 1800 3468">
    <p class='ocr_par' dir='ltr' id='par_1_37' title="bbox 138 3394 1800 3468">
     <span class='ocr_line' id='line_1_37' title="bbox 138 3394 1800 3468; baseline -0.002 -15"><span class='ocrx_word' id='word_1_254' title='bbox 138 3397 273 3453; x_wconf 89' lang='lat' dir='ltr'>bilis</span> <span class='ocrx_word' id='word_1_255' title='bbox 301 3394 550 3451; x_wconf 88' lang='lat' dir='ltr'>domina</span> <span class='ocrx_word' id='word_1_256' title='bbox 583 3395 804 3468; x_wconf 84' lang='lat' dir='ltr'>Sephia</span> <span class='ocrx_word' id='word_1_257' title='bbox 835 3394 909 3450; x_wconf 89' lang='lat' dir='ltr'>de</span> <span class='ocrx_word' id='word_1_258' title='bbox 941 3395 1368 3450; x_wconf 87' lang='lat' dir='ltr'>Gandersheim</span> <span class='ocrx_word' id='word_1_259' title='bbox 1400 3395 1800 3466; x_wconf 81' lang='lat' dir='ltr'>advenit,quae</span> 
     </span>
    </p>
   </div>
   <div class='ocr_carea' id='block_1_38' title="bbox 136 3483 1802 3558">
    <p class='ocr_par' dir='ltr' id='par_1_38' title="bbox 136 3483 1802 3558">
     <span class='ocr_line' id='line_1_38' title="bbox 136 3483 1802 3558; baseline -0.002 -16"><span class='ocrx_word' id='word_1_260' title='bbox 136 3484 406 3551; x_wconf 86' lang='lat' dir='ltr'>tandem,</span> <span class='ocrx_word' id='word_1_261' title='bbox 441 3484 584 3540; x_wconf 90' lang='lat' dir='ltr'>utin</span> <span class='ocrx_word' id='word_1_262' title='bbox 607 3500 753 3556; x_wconf 90' lang='lat' dir='ltr'>pace</span> <span class='ocrx_word' id='word_1_263' title='bbox 801 3484 1035 3556; x_wconf 86' lang='lat' dir='ltr'>loquar,</span> <span class='ocrx_word' id='word_1_264' title='bbox 1067 3485 1340 3558; x_wconf 87' lang='lat' dir='ltr'>deposita</span> <span class='ocrx_word' id='word_1_265' title='bbox 1393 3484 1575 3557; x_wconf 86' lang='lat' dir='ltr'>priori</span> <span class='ocrx_word' id='word_1_266' title='bbox 1629 3483 1802 3556; x_wconf 90' lang='lat' dir='ltr'>perti-</span> 
     </span>
    </p>
   </div>
   <div class='ocr_carea' id='block_1_39' title="bbox 137 3572 1803 3646">
    <p class='ocr_par' dir='ltr' id='par_1_39' title="bbox 137 3572 1803 3646">
     <span class='ocr_line' id='line_1_39' title="bbox 137 3572 1803 3646; baseline -0.002 -15"><span class='ocrx_word' id='word_1_267' title='bbox 137 3575 336 3640; x_wconf 89' lang='lat' dir='ltr'>nacia,</span> <span class='ocrx_word' id='word_1_268' title='bbox 363 3573 544 3646; x_wconf 89' lang='lat' dir='ltr'>plena</span> <span class='ocrx_word' id='word_1_269' title='bbox 575 3589 634 3628; x_wconf 91' lang='lat' dir='ltr'>se</span> <span class='ocrx_word' id='word_1_270' title='bbox 666 3572 784 3628; x_wconf 86' lang='lat' dir='ltr'>fide</span> <span class='ocrx_word' id='word_1_271' title='bbox 811 3576 867 3628; x_wconf 91' lang='lat' dir='ltr'>et</span> <span class='ocrx_word' id='word_1_272' title='bbox 897 3572 1232 3640; x_wconf 87' lang='lat' dir='ltr'>devotione,</span> <span class='ocrx_word' id='word_1_273' title='bbox 1267 3573 1340 3629; x_wconf 90' lang='lat' dir='ltr'>ad</span> <span class='ocrx_word' id='word_1_274' title='bbox 1391 3573 1551 3628; x_wconf 86' lang='lat' dir='ltr'>beati</span> <span class='ocrx_word' id='word_1_275' title='bbox 1581 3573 1690 3628; x_wconf 91' lang='lat' dir='ltr'>viri</span> <span class='ocrx_word' id='word_1_276' title='bbox 1721 3572 1803 3627; x_wconf 89' lang='lat' dir='ltr'>fa-</span> 
     </span>
    </p>
   </div>
   <div class='ocr_carea' id='block_1_40' title="bbox 137 3663 1801 3735">
    <p class='ocr_par' dir='ltr' id='par_1_40' title="bbox 137 3663 1801 3735">
     <span class='ocr_line' id='line_1_40' title="bbox 137 3663 1801 3735; baseline -0.002 -15"><span class='ocrx_word' id='word_1_277' title='bbox 137 3663 542 3721; x_wconf 89' lang='lat' dir='ltr'>miliaritatem</span> <span class='ocrx_word' id='word_1_278' title='bbox 592 3663 900 3731; x_wconf 85' lang='lat' dir='ltr'>convertit,</span> <span class='ocrx_word' id='word_1_279' title='bbox 936 3679 1072 3735; x_wconf 63' lang='lat' dir='ltr'>quae</span> <span class='ocrx_word' id='word_1_280' title='bbox 1143 3664 1247 3734; x_wconf 70' lang='lat'>(63$)</span> <span class='ocrx_word' id='word_1_281' title='bbox 1278 3667 1438 3731; x_wconf 89' lang='lat' dir='ltr'>tunc,</span> <span class='ocrx_word' id='word_1_282' title='bbox 1485 3663 1801 3718; x_wconf 90' lang='lat' dir='ltr'>occasione</span> 
     </span>
    </p>
   </div>
   <div class='ocr_carea' id='block_1_41' title="bbox 133 3753 1799 3827">
    <p class='ocr_par' dir='ltr' id='par_1_41' title="bbox 133 3753 1799 3827">
     <span class='ocr_line' id='line_1_41' title="bbox 133 3753 1799 3827; baseline -0.002 -16"><span class='ocrx_word' id='word_1_283' title='bbox 133 3757 401 3821; x_wconf 86' lang='lat' dir='ltr'>inventa,</span> <span class='ocrx_word' id='word_1_284' title='bbox 435 3757 490 3809; x_wconf 89' lang='lat' dir='ltr'>et</span> <span class='ocrx_word' id='word_1_285' title='bbox 517 3753 796 3827; x_wconf 86' lang='lat' dir='ltr'>populari</span> <span class='ocrx_word' id='word_1_286' title='bbox 839 3753 1013 3809; x_wconf 86' lang='lat' dir='ltr'>turba</span> <span class='ocrx_word' id='word_1_287' title='bbox 1037 3758 1286 3822; x_wconf 90' lang='lat' dir='ltr'>remota,</span> <span class='ocrx_word' id='word_1_288' title='bbox 1336 3758 1566 3809; x_wconf 88' lang='lat' dir='ltr'>astante</span> <span class='ocrx_word' id='word_1_289' title='bbox 1623 3754 1799 3820; x_wconf 89' lang='lat' dir='ltr'>clero,</span> 
     </span>
    </p>
   </div>
   <div class='ocr_carea' id='block_1_42' title="bbox 137 3843 1803 3916">
    <p class='ocr_par' dir='ltr' id='par_1_42' title="bbox 137 3843 1803 3916">
     <span class='ocr_line' id='line_1_42' title="bbox 137 3843 1803 3916; baseline -0.004 -13"><span class='ocrx_word' id='word_1_290' title='bbox 137 3847 214 3903; x_wconf 92' lang='lat' dir='ltr'>de</span> <span class='ocrx_word' id='word_1_291' title='bbox 249 3843 461 3900; x_wconf 82' lang='lat' dir='ltr'>frivola</span> <span class='ocrx_word' id='word_1_292' title='bbox 487 3843 756 3915; x_wconf 87' lang='lat' dir='ltr'>quadam</span> <span class='ocrx_word' id='word_1_293' title='bbox 783 3843 1132 3916; x_wconf 85' lang='lat' dir='ltr'>pertinacia,</span> <span class='ocrx_word' id='word_1_294' title='bbox 1164 3859 1299 3915; x_wconf 67' lang='lat' dir='ltr'>qua:</span> <span class='ocrx_word' id='word_1_295' title='bbox 1351 3843 1425 3899; x_wconf 91' lang='lat' dir='ltr'>de</span> <span class='ocrx_word' id='word_1_296' title='bbox 1475 3859 1596 3899; x_wconf 67' lang='lat' dir='ltr'>sum</span> <span class='ocrx_word' id='word_1_297' title='bbox 1623 3843 1803 3899; x_wconf 90' lang='lat' dir='ltr'>cccle-</span> 
     </span>
    </p>
   </div>
   <div class='ocr_carea' id='block_1_43' title="bbox 138 3933 1803 4004">
    <p class='ocr_par' dir='ltr' id='par_1_43' title="bbox 138 3933 1803 4004">
     <span class='ocr_line' id='line_1_43' title="bbox 138 3933 1803 4004; baseline 0 -15"><span class='ocrx_word' id='word_1_298' title='bbox 138 3935 241 3990; x_wconf 71' lang='lat' dir='ltr'>sire</span> <span class='ocrx_word' id='word_1_299' title='bbox 270 3933 497 3989; x_wconf 91' lang='lat' dir='ltr'>clericis</span> <span class='ocrx_word' id='word_1_300' title='bbox 539 3939 746 3990; x_wconf 89' lang='lat' dir='ltr'>contra</span> <span class='ocrx_word' id='word_1_301' title='bbox 780 3933 1027 3990; x_wconf 88' lang='lat' dir='ltr'>beatum</span> <span class='ocrx_word' id='word_1_302' title='bbox 1071 3934 1265 3990; x_wconf 90' lang='lat' dir='ltr'>virum</span> <span class='ocrx_word' id='word_1_303' title='bbox 1313 3935 1579 4004; x_wconf 88' lang='lat' dir='ltr'>increvit,</span> <span class='ocrx_word' id='word_1_304' title='bbox 1636 3951 1803 3990; x_wconf 80' lang='lat' dir='ltr'>exor-</span> 
     </span>
    </p>
   </div>
   <div class='ocr_carea' id='block_1_44' title="bbox 139 4023 1804 4097">
    <p class='ocr_par' dir='ltr' id='par_1_44' title="bbox 139 4023 1804 4097">
     <span class='ocr_line' id='line_1_44' title="bbox 139 4023 1804 4097; baseline 0.001 -19"><span class='ocrx_word' id='word_1_305' title='bbox 139 4023 316 4079; x_wconf 90' lang='lat' dir='ltr'>dium</span> <span class='ocrx_word' id='word_1_306' title='bbox 347 4023 483 4079; x_wconf 89' lang='lat' dir='ltr'>fecit</span> <span class='ocrx_word' id='word_1_307' title='bbox 509 4025 567 4079; x_wconf 88' lang='lat' dir='ltr'>et</span> <span class='ocrx_word' id='word_1_308' title='bbox 613 4023 880 4080; x_wconf 88' lang='lat' dir='ltr'>debitam</span> <span class='ocrx_word' id='word_1_309' title='bbox 939 4024 1408 4080; x_wconf 86' lang='lat' dir='ltr'>satisfactionem</span> <span class='ocrx_word' id='word_1_310' title='bbox 1463 4024 1804 4097; x_wconf 85' lang='lat' dir='ltr'>promittere</span> 
     </span>
    </p>
   </div>
   <div class='ocr_carea' id='block_1_45' title="bbox 140 4113 1802 4187">
    <p class='ocr_par' dir='ltr' id='par_1_45' title="bbox 140 4113 1802 4187">
     <span class='ocr_line' id='line_1_45' title="bbox 140 4113 1802 4187; baseline 0.001 -19"><span class='ocrx_word' id='word_1_311' title='bbox 140 4113 342 4186; x_wconf 72' lang='lat' dir='ltr'>erepit.</span> <span class='ocrx_word' id='word_1_312' title='bbox 375 4114 464 4168; x_wconf 84' lang='lat' dir='ltr'>Ad</span> <span class='ocrx_word' id='word_1_313' title='bbox 485 4113 658 4185; x_wconf 90' lang='lat' dir='ltr'>cujus</span> <span class='ocrx_word' id='word_1_314' title='bbox 686 4114 868 4169; x_wconf 89' lang='lat' dir='ltr'>verba</span> <span class='ocrx_word' id='word_1_315' title='bbox 899 4113 1011 4182; x_wconf 89' lang='lat' dir='ltr'>ille,</span> <span class='ocrx_word' id='word_1_316' title='bbox 1046 4114 1264 4187; x_wconf 88' lang='lat' dir='ltr'>partim</span> <span class='ocrx_word' id='word_1_317' title='bbox 1289 4114 1504 4170; x_wconf 88' lang='lat' dir='ltr'>morbo</span> <span class='ocrx_word' id='word_1_318' title='bbox 1535 4118 1802 4185; x_wconf 89' lang='lat' dir='ltr'>cogente,</span> 
     </span>
    </p>
   </div>
   <div class='ocr_carea' id='block_1_46' title="bbox 140 4203 1805 4276">
    <p class='ocr_par' dir='ltr' id='par_1_46' title="bbox 140 4203 1805 4276">
     <span class='ocr_line' id='line_1_46' title="bbox 140 4203 1805 4276; baseline 0.001 -18"><span class='ocrx_word' id='word_1_319' title='bbox 140 4203 363 4276; x_wconf 90' lang='lat' dir='ltr'>partim</span> <span class='ocrx_word' id='word_1_320' title='bbox 426 4219 590 4271; x_wconf 91' lang='lat' dir='ltr'>vero,</span> <span class='ocrx_word' id='word_1_321' title='bbox 651 4207 714 4259; x_wconf 89' lang='lat' dir='ltr'>ut</span> <span class='ocrx_word' id='word_1_322' title='bbox 784 4203 958 4259; x_wconf 92' lang='lat' dir='ltr'>nobis</span> <span class='ocrx_word' id='word_1_323' title='bbox 1007 4203 1339 4271; x_wconf 86' lang='lat' dir='ltr'>videbatur,</span> <span class='ocrx_word' id='word_1_324' title='bbox 1395 4203 1805 4275; x_wconf 88' lang='lat' dir='ltr'>indignatione</span> 
     </span>
    </p>
   </div>
   <div class='ocr_carea' id='block_1_47' title="bbox 138 4292 1808 4365">
    <p class='ocr_par' dir='ltr' id='par_1_47' title="bbox 138 4292 1808 4365">
     <span class='ocr_line' id='line_1_47' title="bbox 138 4292 1808 4365; baseline 0 -17"><span class='ocrx_word' id='word_1_325' title='bbox 138 4298 554 4365; x_wconf 88' lang='lat' dir='ltr'>permovente,</span> <span class='ocrx_word' id='word_1_326' title='bbox 589 4292 875 4348; x_wconf 86' lang='lat' dir='ltr'>iracunde</span> <span class='ocrx_word' id='word_1_327' title='bbox 903 4293 1230 4365; x_wconf 86' lang='lat' dir='ltr'>respondit,</span> <span class='ocrx_word' id='word_1_328' title='bbox 1261 4293 1398 4348; x_wconf 90' lang='lat' dir='ltr'>etin</span> <span class='ocrx_word' id='word_1_329' title='bbox 1431 4292 1696 4348; x_wconf 89' lang='lat' dir='ltr'>futurum</span> <span class='ocrx_word' id='word_1_330' title='bbox 1727 4297 1808 4348; x_wconf 83' lang='lat' dir='ltr'>ta-</span> 
     </span>
    </p>
   </div>
   <div class='ocr_carea' id='block_1_48' title="bbox 139 4381 1824 4455">
    <p class='ocr_par' dir='ltr' id='par_1_48' title="bbox 139 4381 1824 4455">
     <span class='ocr_line' id='line_1_48' title="bbox 139 4381 1824 4455; baseline -0.001 -17"><span class='ocrx_word' id='word_1_331' title='bbox 139 4383 219 4438; x_wconf 89' lang='lat' dir='ltr'>lia</span> <span class='ocrx_word' id='word_1_332' title='bbox 251 4382 540 4455; x_wconf 86' lang='lat' dir='ltr'>suspendi</span> <span class='ocrx_word' id='word_1_333' title='bbox 569 4381 818 4451; x_wconf 85' lang='lat' dir='ltr'>rogavit.</span> <span class='ocrx_word' id='word_1_334' title='bbox 854 4382 956 4438; x_wconf 90' lang='lat' dir='ltr'>llla</span> <span class='ocrx_word' id='word_1_335' title='bbox 986 4398 1124 4437; x_wconf 89' lang='lat' dir='ltr'>vero</span> <span class='ocrx_word' id='word_1_336' title='bbox 1153 4383 1620 4437; x_wconf 89' lang='lat' dir='ltr'>commotionem</span> <span class='ocrx_word' id='word_1_337' title='bbox 1674 4382 1824 4452; x_wconf 75' lang='lat' dir='ltr'>ejus‘</span> 
     </span>
    </p>
   </div>
   <div class='ocr_carea' id='block_1_49' title="bbox 139 4471 1886 4573">
    <p class='ocr_par' dir='ltr' id='par_1_49' title="bbox 139 4471 1886 4573">
     <span class='ocr_line' id='line_1_49' title="bbox 139 4471 1886 4573; baseline -0.002 -45"><span class='ocrx_word' id='word_1_338' title='bbox 139 4471 553 4537; x_wconf 86' lang='lat' dir='ltr'>dissimulans,</span> <span class='ocrx_word' id='word_1_339' title='bbox 585 4476 642 4527; x_wconf 90' lang='lat' dir='ltr'>et</span> <span class='ocrx_word' id='word_1_340' title='bbox 669 4471 898 4526; x_wconf 87' lang='lat' dir='ltr'>obitum</span> <span class='ocrx_word' id='word_1_341' title='bbox 923 4471 1052 4542; x_wconf 89' lang='lat' dir='ltr'>ejus</span> <span class='ocrx_word' id='word_1_342' title='bbox 1083 4471 1425 4527; x_wconf 88' lang='lat' dir='ltr'>celeriorem</span> <span class='ocrx_word' id='word_1_343' title='bbox 1448 4471 1799 4538; x_wconf 87' lang='lat' dir='ltr'>formidans,</span> <span class='ocrx_word' id='word_1_344' title='bbox 1842 4521 1886 4573; x_wconf 70' lang='grc' dir='ltr'><strong>Β</strong></span> 
     </span>
    </p>
   </div>
   <div class='ocr_carea' id='block_1_50' title="bbox 140 4560 1804 4632">
    <p class='ocr_par' dir='ltr' id='par_1_50' title="bbox 140 4560 1804 4632">
     <span class='ocr_line' id='line_1_50' title="bbox 140 4560 1804 4632; baseline -0.001 -16"><span class='ocrx_word' id='word_1_345' title='bbox 140 4561 286 4617; x_wconf 89' lang='lat' dir='ltr'>item</span> <span class='ocrx_word' id='word_1_346' title='bbox 316 4561 582 4632; x_wconf 85' lang='lat' dir='ltr'>itemque</span> <span class='ocrx_word' id='word_1_347' title='bbox 640 4560 702 4614; x_wconf 91' lang='lat' dir='ltr'>in</span> <span class='ocrx_word' id='word_1_348' title='bbox 758 4577 868 4615; x_wconf 89' lang='lat' dir='ltr'>sua</span> <span class='ocrx_word' id='word_1_349' title='bbox 928 4560 1329 4616; x_wconf 85' lang='lat' dir='ltr'>satisfactione</span> <span class='ocrx_word' id='word_1_350' title='bbox 1384 4561 1564 4616; x_wconf 90' lang='lat' dir='ltr'>etiam</span> <span class='ocrx_word' id='word_1_351' title='bbox 1616 4561 1804 4631; x_wconf 80' lang='lat' dir='ltr'>lacry-</span> 
     </span>
    </p>
   </div>
   <div class='ocr_carea' id='block_1_51' title="bbox 138 4649 1810 4722">
    <p class='ocr_par' dir='ltr' id='par_1_51' title="bbox 138 4649 1810 4722">
     <span class='ocr_line' id='line_1_51' title="bbox 138 4649 1810 4722; baseline -0.001 -16"><span class='ocrx_word' id='word_1_352' title='bbox 138 4649 376 4706; x_wconf 90' lang='lat' dir='ltr'>mando</span> <span class='ocrx_word' id='word_1_353' title='bbox 401 4649 672 4722; x_wconf 89' lang='lat' dir='ltr'>perstitit,</span> <span class='ocrx_word' id='word_1_354' title='bbox 718 4665 974 4722; x_wconf 88' lang='lat' dir='ltr'>eamque</span> <span class='ocrx_word' id='word_1_355' title='bbox 1031 4655 1097 4706; x_wconf 92' lang='lat' dir='ltr'>ut</span> <span class='ocrx_word' id='word_1_356' title='bbox 1145 4650 1406 4722; x_wconf 89' lang='lat' dir='ltr'>recipere</span> <span class='ocrx_word' id='word_1_357' title='bbox 1461 4651 1810 4720; x_wconf 89' lang='lat' dir='ltr'>dignaretur</span> 
     </span>
    </p>
   </div>
   <div class='ocr_carea' id='block_1_52' title="bbox 139 4738 1807 4812">
    <p class='ocr_par' dir='ltr' id='par_1_52' title="bbox 139 4738 1807 4812">
     <span class='ocr_line' id='line_1_52' title="bbox 139 4738 1807 4812; baseline -0.001 -17"><span class='ocrx_word' id='word_1_358' title='bbox 139 4738 527 4795; x_wconf 89' lang='lat' dir='ltr'>obsecrando</span> <span class='ocrx_word' id='word_1_359' title='bbox 552 4738 901 4811; x_wconf 85' lang='lat' dir='ltr'>postulavit.</span> <span class='ocrx_word' id='word_1_360' title='bbox 930 4738 1120 4795; x_wconf 73' lang='lat' dir='ltr'>Atille</span> <span class='ocrx_word' id='word_1_361' title='bbox 1150 4757 1162 4794; x_wconf 88' lang='lat'><strong>:</strong></span> <span class='ocrx_word' id='word_1_362' title='bbox 1225 4762 1251 4786; x_wconf 84' lang='grc'>‹‹</span> <span class='ocrx_word' id='word_1_363' title='bbox 1289 4740 1561 4809; x_wconf 86' lang='lat' dir='ltr'>Domina,</span> <span class='ocrx_word' id='word_1_364' title='bbox 1594 4739 1807 4812; x_wconf 84' lang='lat' dir='ltr'>inquit,</span> 
     </span>
    </p>
   </div>
   <div class='ocr_carea' id='block_1_53' title="bbox 137 4827 1812 4902">
    <p class='ocr_par' dir='ltr' id='par_1_53' title="bbox 137 4827 1812 4902">
     <span class='ocr_line' id='line_1_53' title="bbox 137 4827 1812 4902; baseline -0.001 -18"><span class='ocrx_word' id='word_1_365' title='bbox 137 4845 253 4902; x_wconf 88' lang='lat' dir='ltr'>per</span> <span class='ocrx_word' id='word_1_366' title='bbox 287 4831 474 4883; x_wconf 89' lang='lat' dir='ltr'>Deum</span> <span class='ocrx_word' id='word_1_367' title='bbox 501 4827 808 4900; x_wconf 84' lang='lat' dir='ltr'>paulisper</span> <span class='ocrx_word' id='word_1_368' title='bbox 834 4829 1089 4897; x_wconf 89' lang='lat' dir='ltr'>reticete,</span> <span class='ocrx_word' id='word_1_369' title='bbox 1121 4833 1176 4884; x_wconf 88' lang='lat' dir='ltr'>et</span> <span class='ocrx_word' id='word_1_370' title='bbox 1205 4829 1332 4884; x_wconf 72' lang='lat' dir='ltr'>hrec</span> <span class='ocrx_word' id='word_1_371' title='bbox 1357 4829 1549 4885; x_wconf 90' lang='lat' dir='ltr'>donec</span> <span class='ocrx_word' id='word_1_372' title='bbox 1579 4829 1641 4883; x_wconf 92' lang='lat' dir='ltr'>in</span> <span class='ocrx_word' id='word_1_373' title='bbox 1699 4830 1812 4884; x_wconf 87' lang='lat' dir='ltr'>fes-</span> 
     </span>
    </p>
   </div>
   <div class='ocr_carea' id='block_1_54' title="bbox 138 4917 1809 4990">
    <p class='ocr_par' dir='ltr' id='par_1_54' title="bbox 138 4917 1809 4990">
     <span class='ocr_line' id='line_1_54' title="bbox 138 4917 1809 4990; baseline -0.001 -16"><span class='ocrx_word' id='word_1_374' title='bbox 138 4917 372 4974; x_wconf 86' lang='lat' dir='ltr'>tivitate</span> <span class='ocrx_word' id='word_1_375' title='bbox 402 4921 622 4972; x_wconf 72' lang='lat' dir='ltr'>sanctae</span> <span class='ocrx_word' id='word_1_376' title='bbox 662 4917 854 4972; x_wconf 71' lang='lat' dir='ltr'>Maria:</span> <span class='ocrx_word' id='word_1_377' title='bbox 891 4917 1349 4981; x_wconf 89' lang='lat' dir='ltr'>conveniamus,</span> <span class='ocrx_word' id='word_1_378' title='bbox 1384 4918 1748 4990; x_wconf 88' lang='lat' dir='ltr'>suspendite.</span> <span class='ocrx_word' id='word_1_379' title='bbox 1783 4940 1809 4967; x_wconf 83' lang='grc'><strong>››</strong></span> 
     </span>
    </p>
   </div>
   <div class='ocr_carea' id='block_1_55' title="bbox 142 5005 1812 5078">
    <p class='ocr_par' dir='ltr' id='par_1_55' title="bbox 142 5005 1812 5078">
     <span class='ocr_line' id='line_1_55' title="bbox 142 5005 1812 5078; baseline -0.001 -16"><span class='ocrx_word' id='word_1_380' title='bbox 142 5010 287 5078; x_wconf 83' lang='lat' dir='ltr'>Ipsa</span> <span class='ocrx_word' id='word_1_381' title='bbox 312 5009 535 5077; x_wconf 87' lang='lat' dir='ltr'>autem,</span> <span class='ocrx_word' id='word_1_382' title='bbox 592 5009 656 5061; x_wconf 92' lang='lat' dir='ltr'>ut</span> <span class='ocrx_word' id='word_1_383' title='bbox 710 5005 1028 5061; x_wconf 89' lang='lat' dir='ltr'>videbatur</span> <span class='ocrx_word' id='word_1_384' title='bbox 1082 5005 1384 5071; x_wconf 85' lang='lat' dir='ltr'>omnibus,</span> <span class='ocrx_word' id='word_1_385' title='bbox 1442 5006 1627 5060; x_wconf 83' lang='lat' dir='ltr'>tinem</span> <span class='ocrx_word' id='word_1_386' title='bbox 1684 5007 1812 5077; x_wconf 87' lang='lat' dir='ltr'>ejus</span> 
     </span>
    </p>
   </div>
   <div class='ocr_carea' id='block_1_56' title="bbox 141 5093 1814 5165">
    <p class='ocr_par' dir='ltr' id='par_1_56' title="bbox 141 5093 1814 5165">
     <span class='ocr_line' id='line_1_56' title="bbox 141 5093 1814 5165; baseline -0.001 -15"><span class='ocrx_word' id='word_1_387' title='bbox 141 5094 323 5150; x_wconf 87' lang='lat' dir='ltr'>citius</span> <span class='ocrx_word' id='word_1_388' title='bbox 353 5093 752 5149; x_wconf 87' lang='lat' dir='ltr'>adventurum</span> <span class='ocrx_word' id='word_1_389' title='bbox 782 5094 1136 5164; x_wconf 89' lang='lat' dir='ltr'>intelligens,</span> <span class='ocrx_word' id='word_1_390' title='bbox 1179 5098 1234 5148; x_wconf 91' lang='lat' dir='ltr'>et</span> <span class='ocrx_word' id='word_1_391' title='bbox 1260 5098 1460 5149; x_wconf 86' lang='lat' dir='ltr'>tamen</span> <span class='ocrx_word' id='word_1_392' title='bbox 1481 5094 1663 5149; x_wconf 88' lang='lat' dir='ltr'>verba</span> <span class='ocrx_word' id='word_1_393' title='bbox 1685 5095 1814 5165; x_wconf 85' lang='lat' dir='ltr'>ejus</span> 
     </span>
    </p>
   </div>
   <div class='ocr_carea' id='block_1_57' title="bbox 139 5182 1816 5256">
    <p class='ocr_par' dir='ltr' id='par_1_57' title="bbox 139 5182 1816 5256">
     <span class='ocr_line' id='line_1_57' title="bbox 139 5182 1816 5256; baseline -0.001 -16"><span class='ocrx_word' id='word_1_394' title='bbox 139 5185 532 5240; x_wconf 89' lang='lat' dir='ltr'>vehementer</span> <span class='ocrx_word' id='word_1_395' title='bbox 556 5199 967 5256; x_wconf 80' lang='lat' dir='ltr'>expavescens</span> <span class='ocrx_word' id='word_1_396' title='bbox 1003 5201 1070 5240; x_wconf 87' lang='grc'>;‹‹</span> <span class='ocrx_word' id='word_1_397' title='bbox 1097 5182 1351 5250; x_wconf 89' lang='lat' dir='ltr'>Utinam,</span> <span class='ocrx_word' id='word_1_398' title='bbox 1384 5183 1597 5256; x_wconf 87' lang='lat' dir='ltr'>inquit,</span> <span class='ocrx_word' id='word_1_399' title='bbox 1630 5199 1666 5239; x_wconf 95' lang='grc'>0</span> <span class='ocrx_word' id='word_1_400' title='bbox 1713 5186 1816 5240; x_wconf 88' lang='lat' dir='ltr'>Pa-</span> 
     </span>
    </p>
   </div>
   <div class='ocr_carea' id='block_1_58' title="bbox 220 5307 1569 5381">
    <p class='ocr_par' dir='ltr' id='par_1_58' title="bbox 220 5307 1569 5381">
     <span class='ocr_line' id='line_1_58' title="bbox 220 5307 1569 5381; baseline 0 -17"><span class='ocrx_word' id='word_1_401' title='bbox 220 5309 340 5381; x_wconf 85' lang='lat'>(66)</span> <span class='ocrx_word' id='word_1_402' title='bbox 371 5307 830 5381; x_wconf 13' lang='lat' dir='ltr'>SiciBambergg</span> <span class='ocrx_word' id='word_1_403' title='bbox 859 5308 958 5365; x_wconf 90' lang='lat' dir='ltr'>alii</span> <span class='ocrx_word' id='word_1_404' title='bbox 987 5324 1128 5364; x_wconf 90' lang='lat' dir='ltr'>vero</span> <span class='ocrx_word' id='word_1_405' title='bbox 1154 5309 1473 5378; x_wconf 59' lang='lat' dir='ltr'>pravliafim</span> <span class='ocrx_word' id='word_1_406' title='bbox 1485 5326 1569 5364; x_wconf 86' lang='lat' dir='ltr'>us.</span> 
     </span>
    </p>
   </div>
   <div class='ocr_carea' id='block_1_59' title="bbox 223 5380 1814 5454">
    <p class='ocr_par' dir='ltr' id='par_1_59' title="bbox 223 5380 1814 5454">
     <span class='ocr_line' id='line_1_59' title="bbox 223 5380 1814 5454; baseline 0.002 -19"><span class='ocrx_word' id='word_1_407' title='bbox 223 5380 787 5454; x_wconf 15' lang='lat' dir='ltr'>(67)_Bolla_ndusiea</span> <span class='ocrx_word' id='word_1_408' title='bbox 816 5397 962 5437; x_wconf 91' lang='lat' dir='ltr'>voce</span> <span class='ocrx_word' id='word_1_409' title='bbox 992 5381 1245 5436; x_wconf 90' lang='lat' dir='ltr'>rheuma</span> <span class='ocrx_word' id='word_1_410' title='bbox 1275 5381 1578 5452; x_wconf 89' lang='lat' dir='ltr'>designari</span> <span class='ocrx_word' id='word_1_411' title='bbox 1602 5385 1773 5454; x_wconf 87' lang='lat' dir='ltr'>putat</span> <span class='ocrx_word' id='word_1_412' title='bbox 1802 5400 1814 5438; x_wconf 93' lang='lat'><strong>:</strong></span> 
     </span>
    </p>
   </div>
   <div class='ocr_carea' id='block_1_60' title="bbox 141 5452 1015 5522">
    <p class='ocr_par' dir='ltr' id='par_1_60' title="bbox 141 5452 1015 5522">
     <span class='ocr_line' id='line_1_60' title="bbox 141 5452 1015 5522; baseline -0.001 -12"><span class='ocrx_word' id='word_1_413' title='bbox 141 5452 480 5522; x_wconf 86' lang='lat' dir='ltr'>legendum</span> <span class='ocrx_word' id='word_1_414' title='bbox 507 5452 655 5508; x_wconf 91' lang='lat' dir='ltr'>forte</span> <span class='ocrx_word' id='word_1_415' title='bbox 689 5453 1015 5509; x_wconf 76' lang='lat' dir='ltr'>humorem.</span> 
     </span>
    </p>
   </div>
   <div class='ocr_carea' id='block_1_61' title="bbox 225 5523 1822 5594">
    <p class='ocr_par' dir='ltr' id='par_1_61' title="bbox 225 5523 1822 5594">
     <span class='ocr_line' id='line_1_61' title="bbox 225 5523 1822 5594; baseline 0 -14"><span class='ocrx_word' id='word_1_416' title='bbox 225 5526 343 5592; x_wconf 71' lang='lat'>(68)</span> <span class='ocrx_word' id='word_1_417' title='bbox 373 5523 712 5594; x_wconf 84' lang='lat' dir='ltr'>Bamberg.,</span> <span class='ocrx_word' id='word_1_418' title='bbox 733 5526 1055 5594; x_wconf 78' lang='lat' dir='ltr'>proﬁcisci.</span> <span class='ocrx_word' id='word_1_419' title='bbox 1082 5526 1181 5581; x_wconf 68' lang='lat' dir='ltr'>Ex</span> <span class='ocrx_word' id='word_1_420' title='bbox 1209 5540 1278 5580; x_wconf 85' lang='lat' dir='ltr'>ea</span> <span class='ocrx_word' id='word_1_421' title='bbox 1309 5525 1404 5581; x_wconf 87' lang='lat' dir='ltr'>die</span> <span class='ocrx_word' id='word_1_422' title='bbox 1457 5527 1684 5594; x_wconf 68' lang='lat' dir='ltr'>pra’sut</span> <span class='ocrx_word' id='word_1_423' title='bbox 1721 5541 1822 5580; x_wconf 87' lang='lat' dir='ltr'>no-</span> 
     </span>
    </p>
   </div>
   <div class='ocr_carea' id='block_1_62' title="bbox 145 5595 1821 5657">
    <p class='ocr_par' dir='ltr' id='par_1_62' title="bbox 145 5595 1821 5657">
     <span class='ocr_line' id='line_1_62' title="bbox 145 5595 1821 5657; baseline 0 -4"><span class='ocrx_word' id='word_1_424' title='bbox 145 5603 294 5656; x_wconf 80' lang='lat' dir='ltr'>ster.</span> <span class='ocrx_word' id='word_1_425' title='bbox 340 5595 812 5652; x_wconf 72' lang='lat' dir='ltr'>decrescentibus</span> <span class='ocrx_word' id='word_1_426' title='bbox 865 5597 1067 5652; x_wconf 86' lang='lat' dir='ltr'>dietim</span> <span class='ocrx_word' id='word_1_427' title='bbox 1118 5598 1364 5657; x_wconf 80' lang='lat' dir='ltr'>viribus,</span> <span class='ocrx_word' id='word_1_428' title='bbox 1421 5598 1502 5651; x_wconf 74' lang='lat' dir='ltr'>ad</span> <span class='ocrx_word' id='word_1_429' title='bbox 1553 5603 1821 5653; x_wconf 66' lang='lat' dir='ltr'>extrema</span> 
     </span>
    </p>
   </div>
   <div class='ocr_carea' id='block_1_63' title="bbox 143 5669 1818 5740">
    <p class='ocr_par' dir='ltr' id='par_1_63' title="bbox 143 5669 1818 5740">
     <span class='ocr_line' id='line_1_63' title="bbox 143 5669 1818 5740; baseline 0 -16"><span class='ocrx_word' id='word_1_430' title='bbox 143 5673 571 5740; x_wconf 74' lang='lat' dir='ltr'>prceparatur,</span> <span class='ocrx_word' id='word_1_431' title='bbox 596 5673 650 5722; x_wconf 90' lang='lat' dir='ltr'>et</span> <span class='ocrx_word' id='word_1_432' title='bbox 690 5684 727 5723; x_wconf 87' lang='lat' dir='ltr'>a</span> <span class='ocrx_word' id='word_1_433' title='bbox 753 5669 1013 5740; x_wconf 68' lang='lat' dir='ltr'>przeiata</span> <span class='ocrx_word' id='word_1_434' title='bbox 1038 5670 1186 5723; x_wconf 85' lang='lat' dir='ltr'>vitta</span> <span class='ocrx_word' id='word_1_435' title='bbox 1209 5669 1289 5723; x_wconf 84' lang='lat' dir='ltr'>ad</span> <span class='ocrx_word' id='word_1_436' title='bbox 1317 5670 1675 5738; x_wconf 70' lang='lat' dir='ltr'>Heli/tuseu,</span> <span class='ocrx_word' id='word_1_437' title='bbox 1709 5674 1818 5724; x_wconf 90' lang='lat' dir='ltr'>etc.</span> 
     </span>
    </p>
   </div>
   <div class='ocr_carea' id='block_1_64' title="bbox 224 5738 1824 5811">
    <p class='ocr_par' dir='ltr' id='par_1_64' title="bbox 224 5738 1824 5811">
     <span class='ocr_line' id='line_1_64' title="bbox 224 5738 1824 5811; baseline 0.002 -18"><span class='ocrx_word' id='word_1_438' title='bbox 224 5742 340 5811; x_wconf 78' lang='lat'>(69)</span> <span class='ocrx_word' id='word_1_439' title='bbox 379 5738 538 5793; x_wconf 88' lang='lat' dir='ltr'>Idem</span> <span class='ocrx_word' id='word_1_440' title='bbox 573 5755 586 5793; x_wconf 89' lang='lat'><strong>:</strong></span> <span class='ocrx_word' id='word_1_441' title='bbox 617 5754 729 5808; x_wconf 77' lang='lat' dir='ltr'>pro</span> <span class='ocrx_word' id='word_1_442' title='bbox 759 5739 1110 5810; x_wconf 77' lang='lat' dir='ltr'>quibusdam</span> <span class='ocrx_word' id='word_1_443' title='bbox 1144 5741 1338 5796; x_wconf 82' lang='lat' dir='ltr'>causis</span> <span class='ocrx_word' id='word_1_444' title='bbox 1387 5742 1648 5797; x_wconf 68' lang='lat' dir='ltr'>ecclesiae</span> <span class='ocrx_word' id='word_1_445' title='bbox 1701 5755 1824 5796; x_wconf 66' lang='lat' dir='ltr'>sua?</span> 
     </span>
    </p>
   </div>
   <div class='ocr_carea' id='block_1_65' title="bbox 147 5811 1826 5884">
    <p class='ocr_par' dir='ltr' id='par_1_65' title="bbox 147 5811 1826 5884">
     <span class='ocr_line' id='line_1_65' title="bbox 147 5811 1826 5884; baseline 0.001 -16"><span class='ocrx_word' id='word_1_446' title='bbox 147 5826 290 5873; x_wconf 85' lang='lat' dir='ltr'>eum</span> <span class='ocrx_word' id='word_1_447' title='bbox 326 5811 760 5882; x_wconf 79' lang='lat' dir='ltr'>interpellavit,</span> <span class='ocrx_word' id='word_1_448' title='bbox 792 5825 1138 5882; x_wconf 85' lang='lat' dir='ltr'>omnemque</span> <span class='ocrx_word' id='word_1_449' title='bbox 1167 5812 1240 5868; x_wconf 83' lang='lat' dir='ltr'>de</span> <span class='ocrx_word' id='word_1_450' title='bbox 1253 5813 1487 5884; x_wconf 74' lang='lat' dir='ltr'>reliquo</span> <span class='ocrx_word' id='word_1_451' title='bbox 1514 5812 1826 5880; x_wconf 63' lang='lat' dir='ltr'>subiectio-</span> 
     </span>
    </p>
   </div>
   <div class='ocr_carea' id='block_1_66' title="bbox 605 5901 1063 5960">
    <p class='ocr_par' dir='ltr' id='par_1_66' title="bbox 605 5901 1063 5960">
     <span class='ocr_line' id='line_1_66' title="bbox 605 5901 1063 5960; baseline 0.004 -4"><span class='ocrx_word' id='word_1_452' title='bbox 605 5902 849 5960; x_wconf 70' lang='grc' dir='ltr'>Ρλτῐιοι.</span> <span class='ocrx_word' id='word_1_453' title='bbox 891 5901 1063 5958; x_wconf 81' lang='lat' dir='ltr'>CXLI.</span> 
     </span>
    </p>
   </div>
   <div class='ocr_carea' id='block_1_67' title="bbox 1886 517 3548 590">
    <p class='ocr_par' dir='ltr' id='par_1_67' title="bbox 1886 517 3548 590">
     <span class='ocr_line' id='line_1_67' title="bbox 1886 517 3548 590; baseline 0.003 -19"><span class='ocrx_word' id='word_1_454' title='bbox 1886 532 1996 572; x_wconf 92' lang='lat' dir='ltr'>nec</span> <span class='ocrx_word' id='word_1_455' title='bbox 2026 517 2140 572; x_wconf 88' lang='lat' dir='ltr'>hoc</span> <span class='ocrx_word' id='word_1_456' title='bbox 2168 522 2405 590; x_wconf 87' lang='lat' dir='ltr'>tempus</span> <span class='ocrx_word' id='word_1_457' title='bbox 2433 517 2712 572; x_wconf 77' lang='lat' dir='ltr'>venerit.»</span> <span class='ocrx_word' id='word_1_458' title='bbox 2740 517 2833 572; x_wconf 91' lang='lat' dir='ltr'>llle</span> <span class='ocrx_word' id='word_1_459' title='bbox 2864 534 3007 573; x_wconf 89' lang='lat' dir='ltr'>vero</span> <span class='ocrx_word' id='word_1_460' title='bbox 3034 519 3260 575; x_wconf 84' lang='lat' dir='ltr'>fortiter</span> <span class='ocrx_word' id='word_1_461' title='bbox 3289 520 3548 576; x_wconf 90' lang='lat' dir='ltr'>collectis</span> 
     </span>
    </p>
   </div>
   <div class='ocr_carea' id='block_1_68' title="bbox 1887 606 3550 679">
    <p class='ocr_par' dir='ltr' id='par_1_68' title="bbox 1887 606 3550 679">
     <span class='ocr_line' id='line_1_68' title="bbox 1887 606 3550 679; baseline 0.002 -18"><span class='ocrx_word' id='word_1_462' title='bbox 1887 607 2135 675; x_wconf 88' lang='lat' dir='ltr'>viribus,</span> <span class='ocrx_word' id='word_1_463' title='bbox 2167 607 2506 679; x_wconf 87' lang='lat' dir='ltr'>apertisque</span> <span class='ocrx_word' id='word_1_464' title='bbox 2537 606 2745 672; x_wconf 90' lang='lat' dir='ltr'>oculis,</span> <span class='ocrx_word' id='word_1_465' title='bbox 2781 612 2835 661; x_wconf 91' lang='lat' dir='ltr'>et</span> <span class='ocrx_word' id='word_1_466' title='bbox 2865 608 3149 663; x_wconf 89' lang='lat' dir='ltr'>omnibus</span> <span class='ocrx_word' id='word_1_467' title='bbox 3168 608 3272 664; x_wconf 90' lang='lat' dir='ltr'>diu</span> <span class='ocrx_word' id='word_1_468' title='bbox 3298 609 3550 665; x_wconf 90' lang='lat' dir='ltr'>circum-</span> 
     </span>
    </p>
   </div>
   <div class='ocr_carea' id='block_1_69' title="bbox 1891 697 3551 769">
    <p class='ocr_par' dir='ltr' id='par_1_69' title="bbox 1891 697 3551 769">
     <span class='ocr_line' id='line_1_69' title="bbox 1891 697 3551 769; baseline 0.004 -19"><span class='ocrx_word' id='word_1_469' title='bbox 1891 698 2130 769; x_wconf 88' lang='lat' dir='ltr'>spectis,</span> <span class='ocrx_word' id='word_1_470' title='bbox 2165 697 2244 752; x_wconf 89' lang='lat' dir='ltr'>ait</span> <span class='ocrx_word' id='word_1_471' title='bbox 2278 714 2290 751; x_wconf 92' lang='lat'><strong>:</strong></span> <span class='ocrx_word' id='word_1_472' title='bbox 2320 720 2347 744; x_wconf 93' lang='grc'><strong>‹‹</strong></span> <span class='ocrx_word' id='word_1_473' title='bbox 2384 701 2447 751; x_wconf 86' lang='grc'>111</span> <span class='ocrx_word' id='word_1_474' title='bbox 2473 702 2761 768; x_wconf 84' lang='lat' dir='ltr'>potestate</span> <span class='ocrx_word' id='word_1_475' title='bbox 2792 697 3036 768; x_wconf 88' lang='lat' dir='ltr'>quidem</span> <span class='ocrx_word' id='word_1_476' title='bbox 3071 699 3167 753; x_wconf 90' lang='lat' dir='ltr'>Dei</span> <span class='ocrx_word' id='word_1_477' title='bbox 3199 699 3318 756; x_wconf 88' lang='lat' dir='ltr'>vita</span> <span class='ocrx_word' id='word_1_478' title='bbox 3342 705 3551 757; x_wconf 86' lang='lat' dir='ltr'>nostra</span> 
     </span>
    </p>
   </div>
   <div class='ocr_carea' id='block_1_70' title="bbox 1891 786 3549 862">
    <p class='ocr_par' dir='ltr' id='par_1_70' title="bbox 1891 786 3549 862">
     <span class='ocr_line' id='line_1_70' title="bbox 1891 786 3549 862; baseline 0.002 -21"><span class='ocrx_word' id='word_1_479' title='bbox 1891 786 2201 858; x_wconf 77' lang='lat' dir='ltr'>exitusque</span> <span class='ocrx_word' id='word_1_480' title='bbox 2225 802 2359 841; x_wconf 85' lang='lat' dir='ltr'>vere</span> <span class='ocrx_word' id='word_1_481' title='bbox 2383 786 2650 841; x_wconf 87' lang='lat' dir='ltr'>consistit</span> <span class='ocrx_word' id='word_1_482' title='bbox 2684 805 2696 854; x_wconf 89' lang='lat'><strong>;</strong></span> <span class='ocrx_word' id='word_1_483' title='bbox 2756 787 2815 841; x_wconf 91' lang='lat' dir='ltr'>in</span> <span class='ocrx_word' id='word_1_484' title='bbox 2845 787 3086 843; x_wconf 87' lang='lat' dir='ltr'>veritate</span> <span class='ocrx_word' id='word_1_485' title='bbox 3141 793 3364 860; x_wconf 89' lang='lat' dir='ltr'>tamen,</span> <span class='ocrx_word' id='word_1_486' title='bbox 3411 806 3549 862; x_wconf 70' lang='lat' dir='ltr'>qua:</span> 
     </span>
    </p>
   </div>
   <div class='ocr_carea' id='block_1_71' title="bbox 1894 876 3553 949">
    <p class='ocr_par' dir='ltr' id='par_1_71' title="bbox 1894 876 3553 949">
     <span class='ocr_line' id='line_1_71' title="bbox 1894 876 3553 949; baseline 0.004 -19"><span class='ocrx_word' id='word_1_487' title='bbox 1894 879 2045 932; x_wconf 88' lang='lat' dir='ltr'>Deus</span> <span class='ocrx_word' id='word_1_488' title='bbox 2075 881 2181 943; x_wconf 90' lang='lat' dir='ltr'>est,</span> <span class='ocrx_word' id='word_1_489' title='bbox 2213 876 2348 932; x_wconf 92' lang='lat' dir='ltr'>dico</span> <span class='ocrx_word' id='word_1_490' title='bbox 2376 877 2546 932; x_wconf 84' lang='lat' dir='ltr'>vobis</span> <span class='ocrx_word' id='word_1_491' title='bbox 2576 877 2722 949; x_wconf 87' lang='lat' dir='ltr'>quia</span> <span class='ocrx_word' id='word_1_492' title='bbox 2753 878 2813 932; x_wconf 89' lang='lat' dir='ltr'>in</span> <span class='ocrx_word' id='word_1_493' title='bbox 2844 878 3156 934; x_wconf 89' lang='lat' dir='ltr'>festivitate</span> <span class='ocrx_word' id='word_1_494' title='bbox 3188 884 3409 936; x_wconf 70' lang='lat' dir='ltr'>sanclaa</span> <span class='ocrx_word' id='word_1_495' title='bbox 3442 883 3553 936; x_wconf 82' lang='lat' dir='ltr'>Ma-</span> 
     </span>
    </p>
   </div>
   <div class='ocr_carea' id='block_1_72' title="bbox 1891 967 3554 1039">
    <p class='ocr_par' dir='ltr' id='par_1_72' title="bbox 1891 967 3554 1039">
     <span class='ocr_line' id='line_1_72' title="bbox 1891 967 3554 1039; baseline 0.002 -16"><span class='ocrx_word' id='word_1_496' title='bbox 1891 969 2012 1035; x_wconf 66' lang='lat' dir='ltr'>ria),</span> <span class='ocrx_word' id='word_1_497' title='bbox 2047 968 2150 1022; x_wconf 88' lang='lat' dir='ltr'>ubi</span> <span class='ocrx_word' id='word_1_498' title='bbox 2183 971 2335 1023; x_wconf 89' lang='lat' dir='ltr'>Deus</span> <span class='ocrx_word' id='word_1_499' title='bbox 2360 967 2611 1023; x_wconf 89' lang='lat' dir='ltr'>voluerit</span> <span class='ocrx_word' id='word_1_500' title='bbox 2642 973 2795 1024; x_wconf 90' lang='lat' dir='ltr'>certe</span> <span class='ocrx_word' id='word_1_501' title='bbox 2822 968 3000 1024; x_wconf 89' lang='lat' dir='ltr'>simul</span> <span class='ocrx_word' id='word_1_502' title='bbox 3025 970 3268 1039; x_wconf 84' lang='lat' dir='ltr'>erimus,</span> <span class='ocrx_word' id='word_1_503' title='bbox 3297 971 3554 1027; x_wconf 48' lang='lat' dir='ltr'>ibidem»</span> 
     </span>
    </p>
   </div>
   <div class='ocr_carea' id='block_1_73' title="bbox 1892 1057 3556 1130">
    <p class='ocr_par' dir='ltr' id='par_1_73' title="bbox 1892 1057 3556 1130">
     <span class='ocr_line' id='line_1_73' title="bbox 1892 1057 3556 1130; baseline 0.002 -19"><span class='ocrx_word' id='word_1_504' title='bbox 1892 1073 2010 1130; x_wconf 90' lang='lat' dir='ltr'>que</span> <span class='ocrx_word' id='word_1_505' title='bbox 2039 1073 2245 1113; x_wconf 90' lang='lat' dir='ltr'>coram</span> <span class='ocrx_word' id='word_1_506' title='bbox 2271 1057 2467 1112; x_wconf 88' lang='lat' dir='ltr'>veraci</span> <span class='ocrx_word' id='word_1_507' title='bbox 2500 1057 2841 1113; x_wconf 88' lang='lat' dir='ltr'>testimonio</span> <span class='ocrx_word' id='word_1_508' title='bbox 2871 1063 2928 1114; x_wconf 93' lang='lat' dir='ltr'>et</span> <span class='ocrx_word' id='word_1_509' title='bbox 2956 1059 3029 1113; x_wconf 92' lang='lat' dir='ltr'>de</span> <span class='ocrx_word' id='word_1_510' title='bbox 3059 1058 3176 1130; x_wconf 89' lang='lat' dir='ltr'>his,</span> <span class='ocrx_word' id='word_1_511' title='bbox 3208 1065 3265 1115; x_wconf 90' lang='lat' dir='ltr'>et</span> <span class='ocrx_word' id='word_1_512' title='bbox 3306 1060 3381 1115; x_wconf 90' lang='lat' dir='ltr'>de</span> <span class='ocrx_word' id='word_1_513' title='bbox 3425 1059 3556 1116; x_wconf 88' lang='lat' dir='ltr'>aliis</span> 
     </span>
    </p>
   </div>
   <div class='ocr_carea' id='block_1_74' title="bbox 1894 1147 3558 1218">
    <p class='ocr_par' dir='ltr' id='par_1_74' title="bbox 1894 1147 3558 1218">
     <span class='ocr_line' id='line_1_74' title="bbox 1894 1147 3558 1218; baseline 0.002 -16"><span class='ocrx_word' id='word_1_514' title='bbox 1894 1147 2072 1203; x_wconf 89' lang='lat' dir='ltr'>etiam</span> <span class='ocrx_word' id='word_1_515' title='bbox 2098 1164 2232 1218; x_wconf 70' lang='lat' dir='ltr'>quze</span> <span class='ocrx_word' id='word_1_516' title='bbox 2263 1147 2418 1202; x_wconf 86' lang='lat' dir='ltr'>inter</span> <span class='ocrx_word' id='word_1_517' title='bbox 2451 1163 2561 1202; x_wconf 91' lang='lat' dir='ltr'>nos</span> <span class='ocrx_word' id='word_1_518' title='bbox 2592 1147 2902 1217; x_wconf 88' lang='lat' dir='ltr'>dissident,</span> <span class='ocrx_word' id='word_1_519' title='bbox 2955 1149 3367 1204; x_wconf 87' lang='lat' dir='ltr'>tractabimus.</span> <span class='ocrx_word' id='word_1_520' title='bbox 3407 1175 3432 1200; x_wconf 88' lang='lat'>»</span> <span class='ocrx_word' id='word_1_521' title='bbox 3491 1153 3558 1205; x_wconf 90' lang='lat' dir='ltr'>Et</span> 
     </span>
    </p>
   </div>
   <div class='ocr_carea' id='block_1_75' title="bbox 1893 1236 3556 1310">
    <p class='ocr_par' dir='ltr' id='par_1_75' title="bbox 1893 1236 3556 1310">
     <span class='ocr_line' id='line_1_75' title="bbox 1893 1236 3556 1310; baseline 0.001 -18"><span class='ocrx_word' id='word_1_522' title='bbox 1893 1238 2017 1292; x_wconf 72' lang='lat' dir='ltr'>hzec</span> <span class='ocrx_word' id='word_1_523' title='bbox 2040 1237 2264 1303; x_wconf 88' lang='lat' dir='ltr'>dicens,</span> <span class='ocrx_word' id='word_1_524' title='bbox 2289 1236 2650 1308; x_wconf 83' lang='lat' dir='ltr'>compressis</span> <span class='ocrx_word' id='word_1_525' title='bbox 2682 1237 2870 1291; x_wconf 90' lang='lat' dir='ltr'>oculis</span> <span class='ocrx_word' id='word_1_526' title='bbox 2900 1237 3144 1293; x_wconf 85' lang='lat' dir='ltr'>reticuit.</span> <span class='ocrx_word' id='word_1_527' title='bbox 3179 1243 3249 1294; x_wconf 84' lang='lat' dir='ltr'>At</span> <span class='ocrx_word' id='word_1_528' title='bbox 3292 1239 3426 1310; x_wconf 90' lang='lat' dir='ltr'>ipsa</span> <span class='ocrx_word' id='word_1_529' title='bbox 3464 1239 3556 1294; x_wconf 76' lang='grc'><strong>111-</strong></span> 
     </span>
    </p>
   </div>
   <div class='ocr_carea' id='block_1_76' title="bbox 1895 1325 3556 1398">
    <p class='ocr_par' dir='ltr' id='par_1_76' title="bbox 1895 1325 3556 1398">
     <span class='ocr_line' id='line_1_76' title="bbox 1895 1325 3556 1398; baseline 0.002 -18"><span class='ocrx_word' id='word_1_530' title='bbox 1895 1326 2017 1381; x_wconf 91' lang='grc'><strong>11110</strong></span> <span class='ocrx_word' id='word_1_531' title='bbox 2054 1331 2294 1398; x_wconf 90' lang='lat' dir='ltr'>stupore</span> <span class='ocrx_word' id='word_1_532' title='bbox 2347 1326 2682 1398; x_wconf 87' lang='lat' dir='ltr'>pavefacta,</span> <span class='ocrx_word' id='word_1_533' title='bbox 2743 1325 2981 1382; x_wconf 80' lang='lat' dir='ltr'>silenter</span> <span class='ocrx_word' id='word_1_534' title='bbox 3029 1328 3556 1383; x_wconf 88' lang='lat' dir='ltr'>circumstantibus</span> 
     </span>
    </p>
   </div>
   <div class='ocr_carea' id='block_1_77' title="bbox 1897 1415 3557 1488">
    <p class='ocr_par' dir='ltr' id='par_1_77' title="bbox 1897 1415 3557 1488">
     <span class='ocr_line' id='line_1_77' title="bbox 1897 1415 3557 1488; baseline 0.002 -18"><span class='ocrx_word' id='word_1_535' title='bbox 1897 1415 2015 1471; x_wconf 88' lang='lat' dir='ltr'>ait:</span> <span class='ocrx_word' id='word_1_536' title='bbox 2051 1439 2077 1463; x_wconf 91' lang='grc'><strong>‹‹</strong></span> <span class='ocrx_word' id='word_1_537' title='bbox 2113 1416 2240 1470; x_wconf 85' lang='lat' dir='ltr'>Heu</span> <span class='ocrx_word' id='word_1_538' title='bbox 2272 1431 2366 1470; x_wconf 92' lang='lat' dir='ltr'>me</span> <span class='ocrx_word' id='word_1_539' title='bbox 2393 1415 2675 1470; x_wconf 88' lang='lat' dir='ltr'>miseram</span> <span class='ocrx_word' id='word_1_540' title='bbox 2709 1416 2719 1469; x_wconf 90' lang='lat'><strong>!</strong></span> <span class='ocrx_word' id='word_1_541' title='bbox 2747 1416 3169 1488; x_wconf 89' lang='lat' dir='ltr'>nunquidnam</span> <span class='ocrx_word' id='word_1_542' title='bbox 3199 1433 3332 1472; x_wconf 90' lang='lat' dir='ltr'>sum</span> <span class='ocrx_word' id='word_1_543' title='bbox 3374 1419 3557 1474; x_wconf 89' lang='lat' dir='ltr'>mori-</span> 
     </span>
    </p>
   </div>
   <div class='ocr_carea' id='block_1_78' title="bbox 1898 1505 3560 1578">
    <p class='ocr_par' dir='ltr' id='par_1_78' title="bbox 1898 1505 3560 1578">
     <span class='ocr_line' id='line_1_78' title="bbox 1898 1505 3560 1578; baseline 0.004 -18"><span class='ocrx_word' id='word_1_544' title='bbox 1898 1511 2048 1573; x_wconf 88' lang='lat' dir='ltr'>tura,</span> <span class='ocrx_word' id='word_1_545' title='bbox 2077 1523 2333 1578; x_wconf 90' lang='lat' dir='ltr'>sumque</span> <span class='ocrx_word' id='word_1_546' title='bbox 2361 1506 2421 1560; x_wconf 91' lang='lat' dir='ltr'>in</span> <span class='ocrx_word' id='word_1_547' title='bbox 2451 1505 2728 1578; x_wconf 80' lang='lat' dir='ltr'>proximo</span> <span class='ocrx_word' id='word_1_548' title='bbox 2755 1507 3155 1564; x_wconf 86' lang='lat' dir='ltr'>subsccutura</span> <span class='ocrx_word' id='word_1_549' title='bbox 3182 1508 3210 1562; x_wconf 70' lang='lat'>‘2</span> <span class='ocrx_word' id='word_1_550' title='bbox 3243 1530 3267 1556; x_wconf 85' lang='lat'>»</span> <span class='ocrx_word' id='word_1_551' title='bbox 3302 1511 3415 1564; x_wconf 86' lang='lat' dir='ltr'>Nec</span> <span class='ocrx_word' id='word_1_552' title='bbox 3469 1512 3560 1566; x_wconf 82' lang='grc'><strong>10-</strong></span> 
     </span>
    </p>
   </div>
   <div class='ocr_carea' id='block_1_79' title="bbox 1897 1596 3562 1671">
    <p class='ocr_par' dir='ltr' id='par_1_79' title="bbox 1897 1596 3562 1671">
     <span class='ocr_line' id='line_1_79' title="bbox 1897 1596 3562 1671; baseline 0.003 -19"><span class='ocrx_word' id='word_1_553' title='bbox 1897 1612 2037 1652; x_wconf 86' lang='grc'><strong>111011</strong></span> <span class='ocrx_word' id='word_1_554' title='bbox 2065 1596 2327 1668; x_wconf 89' lang='lat' dir='ltr'>amplius</span> <span class='ocrx_word' id='word_1_555' title='bbox 2355 1611 2494 1650; x_wconf 89' lang='lat' dir='ltr'>eum</span> <span class='ocrx_word' id='word_1_556' title='bbox 2515 1596 2846 1668; x_wconf 86' lang='lat' dir='ltr'>inquietare</span> <span class='ocrx_word' id='word_1_557' title='bbox 2876 1599 3283 1671; x_wconf 67' lang='lat' dir='ltr'>praesumpsit,</span> <span class='ocrx_word' id='word_1_558' title='bbox 3316 1602 3422 1656; x_wconf 89' lang='lat' dir='ltr'>sed</span> <span class='ocrx_word' id='word_1_559' title='bbox 3451 1601 3562 1656; x_wconf 83' lang='lat' dir='ltr'>hu-</span> 
     </span>
    </p>
   </div>
   <div class='ocr_carea' id='block_1_80' title="bbox 1899 1684 3558 1753">
    <p class='ocr_par' dir='ltr' id='par_1_80' title="bbox 1899 1684 3558 1753">
     <span class='ocr_line' id='line_1_80' title="bbox 1899 1684 3558 1753; baseline 0.004 -14"><span class='ocrx_word' id='word_1_560' title='bbox 1899 1685 2111 1740; x_wconf 90' lang='lat' dir='ltr'>militer</span> <span class='ocrx_word' id='word_1_561' title='bbox 2141 1685 2252 1740; x_wconf 87' lang='lat' dir='ltr'>sibi</span> <span class='ocrx_word' id='word_1_562' title='bbox 2284 1685 2361 1740; x_wconf 88' lang='lat' dir='ltr'>ab</span> <span class='ocrx_word' id='word_1_563' title='bbox 2420 1701 2490 1740; x_wconf 87' lang='lat' dir='ltr'>eo</span> <span class='ocrx_word' id='word_1_564' title='bbox 2540 1684 2975 1753; x_wconf 86' lang='lat' dir='ltr'>indulgentiam</span> <span class='ocrx_word' id='word_1_565' title='bbox 3031 1687 3211 1743; x_wconf 82' lang='lat' dir='ltr'>simul</span> <span class='ocrx_word' id='word_1_566' title='bbox 3265 1693 3322 1744; x_wconf 91' lang='lat' dir='ltr'>et</span> <span class='ocrx_word' id='word_1_567' title='bbox 3378 1689 3558 1746; x_wconf 90' lang='lat' dir='ltr'>licen-</span> 
     </span>
    </p>
   </div>
   <div class='ocr_carea' id='block_1_81' title="bbox 1829 1774 3558 1850">
    <p class='ocr_par' dir='ltr' id='par_1_81' title="bbox 1829 1774 3558 1850">
     <span class='ocr_line' id='line_1_81' title="bbox 1829 1774 3558 1850; baseline 0.003 -20"><span class='ocrx_word' id='word_1_568' title='bbox 1829 1795 1871 1848; x_wconf 77' lang='lat' dir='ltr'>B</span> <span class='ocrx_word' id='word_1_569' title='bbox 1902 1775 2046 1830; x_wconf 87' lang='lat' dir='ltr'>tiam</span> <span class='ocrx_word' id='word_1_570' title='bbox 2078 1775 2261 1847; x_wconf 92' lang='lat' dir='ltr'>petiit.</span> <span class='ocrx_word' id='word_1_571' title='bbox 2297 1779 2438 1830; x_wconf 90' lang='lat' dir='ltr'>ltcm</span> <span class='ocrx_word' id='word_1_572' title='bbox 2461 1774 2555 1829; x_wconf 91' lang='lat' dir='ltr'>ille</span> <span class='ocrx_word' id='word_1_573' title='bbox 2587 1774 2805 1846; x_wconf 87' lang='lat' dir='ltr'>apertis</span> <span class='ocrx_word' id='word_1_574' title='bbox 2853 1775 3041 1831; x_wconf 93' lang='lat' dir='ltr'>oculis</span> <span class='ocrx_word' id='word_1_575' title='bbox 3092 1793 3228 1832; x_wconf 89' lang='lat' dir='ltr'>eam</span> <span class='ocrx_word' id='word_1_576' title='bbox 3282 1778 3558 1850; x_wconf 88' lang='lat' dir='ltr'>breviter,</span> 
     </span>
    </p>
   </div>
   <div class='ocr_carea' id='block_1_82' title="bbox 1903 1864 3560 1935">
    <p class='ocr_par' dir='ltr' id='par_1_82' title="bbox 1903 1864 3560 1935">
     <span class='ocr_line' id='line_1_82' title="bbox 1903 1864 3560 1935; baseline 0.004 -16"><span class='ocrx_word' id='word_1_577' title='bbox 1903 1865 2026 1920; x_wconf 91' lang='lat' dir='ltr'>imo</span> <span class='ocrx_word' id='word_1_578' title='bbox 2053 1870 2107 1920; x_wconf 92' lang='lat' dir='ltr'>et</span> <span class='ocrx_word' id='word_1_579' title='bbox 2138 1864 2452 1919; x_wconf 88' lang='lat' dir='ltr'>salubriter</span> <span class='ocrx_word' id='word_1_580' title='bbox 2481 1864 2556 1919; x_wconf 91' lang='lat' dir='ltr'>de</span> <span class='ocrx_word' id='word_1_581' title='bbox 2588 1879 2770 1919; x_wconf 62' lang='lat' dir='ltr'>sacrae</span> <span class='ocrx_word' id='word_1_582' title='bbox 2791 1864 3095 1935; x_wconf 88' lang='lat' dir='ltr'>religionis</span> <span class='ocrx_word' id='word_1_583' title='bbox 3146 1867 3560 1927; x_wconf 88' lang='lat' dir='ltr'>observatione</span> 
     </span>
    </p>
   </div>
   <div class='ocr_carea' id='block_1_83' title="bbox 1903 1953 3562 2032">
    <p class='ocr_par' dir='ltr' id='par_1_83' title="bbox 1903 1953 3562 2032">
     <span class='ocr_line' id='line_1_83' title="bbox 1903 1953 3562 2032; baseline 0.003 -22"><span class='ocrx_word' id='word_1_584' title='bbox 1903 1955 2297 2021; x_wconf 89' lang='lat' dir='ltr'>commonuit,</span> <span class='ocrx_word' id='word_1_585' title='bbox 2330 1969 2399 2009; x_wconf 92' lang='grc'>00</span> <span class='ocrx_word' id='word_1_586' title='bbox 2425 1954 2498 2008; x_wconf 84' lang='grc'><strong>(10</strong></span> <span class='ocrx_word' id='word_1_587' title='bbox 2531 1953 2747 2025; x_wconf 90' lang='lat' dir='ltr'>plurali</span> <span class='ocrx_word' id='word_1_588' title='bbox 2787 1970 2910 2009; x_wconf 67' lang='lat' dir='ltr'>suae</span> <span class='ocrx_word' id='word_1_589' title='bbox 2943 1953 3296 2012; x_wconf 75' lang='lat' dir='ltr'>obedientite</span> <span class='ocrx_word' id='word_1_590' title='bbox 3362 1960 3562 2032; x_wconf 80' lang='lat' dir='ltr'>provi-</span> 
     </span>
    </p>
   </div>
   <div class='ocr_carea' id='block_1_84' title="bbox 1906 2043 3564 2112">
    <p class='ocr_par' dir='ltr' id='par_1_84' title="bbox 1906 2043 3564 2112">
     <span class='ocr_line' id='line_1_84' title="bbox 1906 2043 3564 2112; baseline 0.004 -13"><span class='ocrx_word' id='word_1_591' title='bbox 1906 2045 2072 2099; x_wconf 87' lang='lat' dir='ltr'>sione</span> <span class='ocrx_word' id='word_1_592' title='bbox 2104 2044 2390 2112; x_wconf 87' lang='lat' dir='ltr'>coarguit,</span> <span class='ocrx_word' id='word_1_593' title='bbox 2423 2048 2479 2099; x_wconf 88' lang='lat' dir='ltr'>et</span> <span class='ocrx_word' id='word_1_594' title='bbox 2513 2043 2596 2098; x_wconf 91' lang='lat' dir='ltr'>sic</span> <span class='ocrx_word' id='word_1_595' title='bbox 2645 2044 2874 2100; x_wconf 88' lang='lat' dir='ltr'>elevata</span> <span class='ocrx_word' id='word_1_596' title='bbox 2925 2045 3137 2103; x_wconf 72' lang='lat' dir='ltr'>dextra</span> <span class='ocrx_word' id='word_1_597' title='bbox 3191 2064 3328 2104; x_wconf 88' lang='lat' dir='ltr'>eam</span> <span class='ocrx_word' id='word_1_598' title='bbox 3381 2049 3564 2106; x_wconf 74' lang='lat' dir='ltr'>bene-</span> 
     </span>
    </p>
   </div>
   <div class='ocr_carea' id='block_1_85' title="bbox 1902 2131 3564 2208">
    <p class='ocr_par' dir='ltr' id='par_1_85' title="bbox 1902 2131 3564 2208">
     <span class='ocr_line' id='line_1_85' title="bbox 1902 2131 3564 2208; baseline 0.004 -19"><span class='ocrx_word' id='word_1_599' title='bbox 1902 2134 2159 2190; x_wconf 91' lang='lat' dir='ltr'>dictione</span> <span class='ocrx_word' id='word_1_600' title='bbox 2189 2133 2458 2203; x_wconf 88' lang='lat' dir='ltr'>munivit,</span> <span class='ocrx_word' id='word_1_601' title='bbox 2490 2131 2662 2206; x_wconf 89' lang='lat' dir='ltr'>eique</span> <span class='ocrx_word' id='word_1_602' title='bbox 2687 2150 2798 2206; x_wconf 91' lang='lat' dir='ltr'>pro</span> <span class='ocrx_word' id='word_1_603' title='bbox 2826 2139 3089 2208; x_wconf 90' lang='lat' dir='ltr'>tempore</span> <span class='ocrx_word' id='word_1_604' title='bbox 3147 2137 3564 2196; x_wconf 89' lang='lat' dir='ltr'>remissionem</span> 
     </span>
    </p>
   </div>
   <div class='ocr_carea' id='block_1_86' title="bbox 1903 2223 3570 2298">
    <p class='ocr_par' dir='ltr' id='par_1_86' title="bbox 1903 2223 3570 2298">
     <span class='ocr_line' id='line_1_86' title="bbox 1903 2223 3570 2298; baseline 0.004 -19"><span class='ocrx_word' id='word_1_605' title='bbox 1903 2224 2222 2295; x_wconf 84' lang='lat' dir='ltr'>indulgens</span> <span class='ocrx_word' id='word_1_606' title='bbox 2252 2239 2375 2279; x_wconf 92' lang='lat' dir='ltr'>non</span> <span class='ocrx_word' id='word_1_607' title='bbox 2407 2223 2532 2278; x_wconf 91' lang='lat' dir='ltr'>sine</span> <span class='ocrx_word' id='word_1_608' title='bbox 2561 2239 2807 2294; x_wconf 88' lang='lat' dir='ltr'>magno,</span> <span class='ocrx_word' id='word_1_609' title='bbox 2839 2231 2904 2281; x_wconf 91' lang='lat' dir='ltr'>ut</span> <span class='ocrx_word' id='word_1_610' title='bbox 2949 2226 3086 2298; x_wconf 89' lang='lat' dir='ltr'>ipsa</span> <span class='ocrx_word' id='word_1_611' title='bbox 3129 2226 3448 2298; x_wconf 87' lang='lat' dir='ltr'>fatebatur,</span> <span class='ocrx_word' id='word_1_612' title='bbox 3500 2230 3570 2286; x_wconf 82' lang='lat' dir='ltr'>ti-</span> 
     </span>
    </p>
   </div>
   <div class='ocr_carea' id='block_1_87' title="bbox 1903 2314 2347 2370">
    <p class='ocr_par' dir='ltr' id='par_1_87' title="bbox 1903 2314 2347 2370">
     <span class='ocr_line' id='line_1_87' title="bbox 1903 2314 2347 2370; baseline -0.005 0"><span class='ocrx_word' id='word_1_613' title='bbox 1903 2331 2071 2370; x_wconf 89' lang='lat' dir='ltr'>more</span> <span class='ocrx_word' id='word_1_614' title='bbox 2104 2314 2347 2369; x_wconf 90' lang='lat' dir='ltr'>dimisit.</span> 
     </span>
    </p>
   </div>
   <div class='ocr_carea' id='block_1_88' title="bbox 1927 2405 3566 2479">
    <p class='ocr_par' dir='ltr' id='par_1_88' title="bbox 1927 2405 3566 2479">
     <span class='ocr_line' id='line_1_88' title="bbox 1927 2405 3566 2479; baseline 0.004 -19"><span class='ocrx_word' id='word_1_615' title='bbox 1927 2425 1930 2430; x_wconf 73' lang='grc'><em>’</em></span> <span class='ocrx_word' id='word_1_616' title='bbox 1974 2409 2064 2461; x_wconf 82' lang='grc'>43.</span> <span class='ocrx_word' id='word_1_617' title='bbox 2097 2405 2424 2461; x_wconf 87' lang='lat' dir='ltr'>Transacta</span> <span class='ocrx_word' id='word_1_618' title='bbox 2444 2409 2645 2460; x_wconf 86' lang='lat' dir='ltr'>autem</span> <span class='ocrx_word' id='word_1_619' title='bbox 2678 2405 3082 2468; x_wconf 81' lang='lat' dir='ltr'>liebdomada.</span> <span class='ocrx_word' id='word_1_620' title='bbox 3134 2407 3348 2465; x_wconf 90' lang='lat' dir='ltr'>beatus</span> <span class='ocrx_word' id='word_1_621' title='bbox 3377 2412 3566 2479; x_wconf 85' lang='lat' dir='ltr'>Pater,</span> 
     </span>
    </p>
   </div>
   <div class='ocr_carea' id='block_1_89' title="bbox 1898 2493 3571 2568">
    <p class='ocr_par' dir='ltr' id='par_1_89' title="bbox 1898 2493 3571 2568">
     <span class='ocr_line' id='line_1_89' title="bbox 1898 2493 3571 2568; baseline 0.004 -19"><span class='ocrx_word' id='word_1_622' title='bbox 1898 2494 2029 2566; x_wconf 89' lang='lat' dir='ltr'>jam</span> <span class='ocrx_word' id='word_1_623' title='bbox 2058 2494 2368 2550; x_wconf 83' lang='lat' dir='ltr'>deficiente</span> <span class='ocrx_word' id='word_1_624' title='bbox 2399 2493 2668 2550; x_wconf 91' lang='lat' dir='ltr'>funditus</span> <span class='ocrx_word' id='word_1_625' title='bbox 2699 2512 2968 2568; x_wconf 91' lang='lat' dir='ltr'>corpore,</span> <span class='ocrx_word' id='word_1_626' title='bbox 3015 2497 3096 2552; x_wconf 84' lang='lat' dir='ltr'>ab</span> <span class='ocrx_word' id='word_1_627' title='bbox 3133 2498 3352 2554; x_wconf 88' lang='lat' dir='ltr'>abbate</span> <span class='ocrx_word' id='word_1_628' title='bbox 3403 2505 3571 2556; x_wconf 71' lang='lat' dir='ltr'>caete-</span> 
     </span>
    </p>
   </div>
   <div class='ocr_carea' id='block_1_90' title="bbox 1904 2583 3567 2657">
    <p class='ocr_par' dir='ltr' id='par_1_90' title="bbox 1904 2583 3567 2657">
     <span class='ocr_line' id='line_1_90' title="bbox 1904 2583 3567 2657; baseline 0.004 -19"><span class='ocrx_word' id='word_1_629' title='bbox 1904 2584 2105 2655; x_wconf 89' lang='lat' dir='ltr'>risque</span> <span class='ocrx_word' id='word_1_630' title='bbox 2162 2583 2446 2639; x_wconf 87' lang='lat' dir='ltr'>fratribus</span> <span class='ocrx_word' id='word_1_631' title='bbox 2502 2583 2655 2638; x_wconf 90' lang='lat' dir='ltr'>sacri</span> <span class='ocrx_word' id='word_1_632' title='bbox 2706 2583 2820 2639; x_wconf 89' lang='lat' dir='ltr'>olei</span> <span class='ocrx_word' id='word_1_633' title='bbox 2878 2584 3109 2657; x_wconf 88' lang='lat' dir='ltr'>liquore</span> <span class='ocrx_word' id='word_1_634' title='bbox 3163 2587 3567 2645; x_wconf 91' lang='lat' dir='ltr'>ecclesiastico</span> 
     </span>
    </p>
   </div>
   <div class='ocr_carea' id='block_1_91' title="bbox 1905 2673 3566 2747">
    <p class='ocr_par' dir='ltr' id='par_1_91' title="bbox 1905 2673 3566 2747">
     <span class='ocr_line' id='line_1_91' title="bbox 1905 2673 3566 2747; baseline 0.002 -18"><span class='ocrx_word' id='word_1_635' title='bbox 1905 2689 2072 2729; x_wconf 88' lang='lat' dir='ltr'>more</span> <span class='ocrx_word' id='word_1_636' title='bbox 2099 2673 2469 2746; x_wconf 87' lang='lat' dir='ltr'>perungitur,</span> <span class='ocrx_word' id='word_1_637' title='bbox 2523 2677 2598 2740; x_wconf 87' lang='lat' dir='ltr'>et,</span> <span class='ocrx_word' id='word_1_638' title='bbox 2654 2673 2737 2729; x_wconf 88' lang='lat' dir='ltr'>ita</span> <span class='ocrx_word' id='word_1_639' title='bbox 2794 2679 2858 2729; x_wconf 91' lang='lat' dir='ltr'>ut</span> <span class='ocrx_word' id='word_1_640' title='bbox 2902 2675 3195 2746; x_wconf 76' lang='lat' dir='ltr'>praedixit,</span> <span class='ocrx_word' id='word_1_641' title='bbox 3251 2676 3314 2732; x_wconf 90' lang='lat' dir='ltr'>in</span> <span class='ocrx_word' id='word_1_642' title='bbox 3361 2677 3566 2747; x_wconf 82' lang='lat' dir='ltr'>vigilia</span> 
     </span>
    </p>
   </div>
   <div class='ocr_carea' id='block_1_92' title="bbox 1906 2761 3566 2836">
    <p class='ocr_par' dir='ltr' id='par_1_92' title="bbox 1906 2761 3566 2836">
     <span class='ocr_line' id='line_1_92' title="bbox 1906 2761 3566 2836; baseline 0.002 -18"><span class='ocrx_word' id='word_1_643' title='bbox 1906 2763 2284 2818; x_wconf 88' lang='lat' dir='ltr'>Ascensionis</span> <span class='ocrx_word' id='word_1_644' title='bbox 2311 2761 2543 2817; x_wconf 79' lang='lat' dir='ltr'>Domini</span> <span class='ocrx_word' id='word_1_645' title='bbox 2569 2763 2629 2817; x_wconf 89' lang='lat' dir='ltr'>in</span> <span class='ocrx_word' id='word_1_646' title='bbox 2669 2768 2871 2818; x_wconf 89' lang='lat' dir='ltr'>monte</span> <span class='ocrx_word' id='word_1_647' title='bbox 2903 2763 3094 2820; x_wconf 89' lang='lat' dir='ltr'>sancti</span> <span class='ocrx_word' id='word_1_648' title='bbox 3137 2766 3397 2822; x_wconf 85' lang='lat' dir='ltr'>Mauricii</span> <span class='ocrx_word' id='word_1_649' title='bbox 3449 2771 3566 2836; x_wconf 86' lang='lat'>(70)</span> 
     </span>
    </p>
   </div>
   <div class='ocr_carea' id='block_1_93' title="bbox 1906 2851 3566 2913">
    <p class='ocr_par' dir='ltr' id='par_1_93' title="bbox 1906 2851 3566 2913">
     <span class='ocr_line' id='line_1_93' title="bbox 1906 2851 3566 2913; baseline 0.002 -4"><span class='ocrx_word' id='word_1_650' title='bbox 1906 2852 2326 2909; x_wconf 89' lang='lat' dir='ltr'>transvehitur.</span> <span class='ocrx_word' id='word_1_651' title='bbox 2382 2851 2468 2907; x_wconf 90' lang='lat' dir='ltr'>lbi</span> <span class='ocrx_word' id='word_1_652' title='bbox 2530 2851 2731 2907; x_wconf 89' lang='lat' dir='ltr'>statim</span> <span class='ocrx_word' id='word_1_653' title='bbox 2786 2852 2863 2908; x_wconf 91' lang='lat' dir='ltr'>ad</span> <span class='ocrx_word' id='word_1_654' title='bbox 2912 2870 3054 2909; x_wconf 90' lang='lat' dir='ltr'>eum</span> <span class='ocrx_word' id='word_1_655' title='bbox 3091 2854 3291 2911; x_wconf 90' lang='lat' dir='ltr'>ﬂendo</span> <span class='ocrx_word' id='word_1_656' title='bbox 3357 2856 3566 2913; x_wconf 88' lang='lat' dir='ltr'>fratres</span> 
     </span>
    </p>
   </div>
   <div class='ocr_carea' id='block_1_94' title="bbox 1907 2941 3566 3017">
    <p class='ocr_par' dir='ltr' id='par_1_94' title="bbox 1907 2941 3566 3017">
     <span class='ocr_line' id='line_1_94' title="bbox 1907 2941 3566 3017; baseline 0.002 -18"><span class='ocrx_word' id='word_1_657' title='bbox 1907 2945 2066 3014; x_wconf 72' lang='lat' dir='ltr'>{cum</span> <span class='ocrx_word' id='word_1_658' title='bbox 2097 2941 2523 2998; x_wconf 89' lang='lat' dir='ltr'>innumerabili</span> <span class='ocrx_word' id='word_1_659' title='bbox 2553 2941 2672 2998; x_wconf 90' lang='lat' dir='ltr'>alia</span> <span class='ocrx_word' id='word_1_660' title='bbox 2700 2942 3078 3000; x_wconf 90' lang='lat' dir='ltr'>multitudine</span> <span class='ocrx_word' id='word_1_661' title='bbox 3104 2944 3393 3017; x_wconf 86' lang='lat' dir='ltr'>fidelium]</span> <span class='ocrx_word' id='word_1_662' title='bbox 3421 2963 3566 3003; x_wconf 59' lang='lat' dir='ltr'>cona-</span> 
     </span>
    </p>
   </div>
   <div class='ocr_carea' id='block_1_95' title="bbox 1906 3031 3566 3109">
    <p class='ocr_par' dir='ltr' id='par_1_95' title="bbox 1906 3031 3566 3109">
     <span class='ocr_line' id='line_1_95' title="bbox 1906 3031 3566 3109; baseline 0.003 -21"><span class='ocrx_word' id='word_1_663' title='bbox 1906 3037 2210 3096; x_wconf 89' lang='lat' dir='ltr'>venerant,</span> <span class='ocrx_word' id='word_1_664' title='bbox 2239 3048 2350 3087; x_wconf 84' lang='lat' dir='ltr'>nec</span> <span class='ocrx_word' id='word_1_665' title='bbox 2369 3031 2629 3104; x_wconf 88' lang='lat' dir='ltr'>amplius</span> <span class='ocrx_word' id='word_1_666' title='bbox 2654 3033 3120 3089; x_wconf 89' lang='lat' dir='ltr'>amaritudinem</span> <span class='ocrx_word' id='word_1_667' title='bbox 3165 3033 3410 3105; x_wconf 91' lang='lat' dir='ltr'>doloris,</span> <span class='ocrx_word' id='word_1_668' title='bbox 3441 3053 3566 3109; x_wconf 88' lang='lat' dir='ltr'>quo</span> 
     </span>
    </p>
   </div>
   <div class='ocr_carea' id='block_1_96' title="bbox 1908 3122 3564 3191">
    <p class='ocr_par' dir='ltr' id='par_1_96' title="bbox 1908 3122 3564 3191">
     <span class='ocr_line' id='line_1_96' title="bbox 1908 3122 3564 3191; baseline 0.002 -12"><span class='ocrx_word' id='word_1_669' title='bbox 1908 3123 2087 3180; x_wconf 86' lang='lat' dir='ltr'>corde</span> <span class='ocrx_word' id='word_1_670' title='bbox 2144 3128 2316 3179; x_wconf 88' lang='lat' dir='ltr'>tenus</span> <span class='ocrx_word' id='word_1_671' title='bbox 2369 3122 2763 3191; x_wconf 81' lang='lat' dir='ltr'>vexabantur,</span> <span class='ocrx_word' id='word_1_672' title='bbox 2804 3123 3175 3180; x_wconf 89' lang='lat' dir='ltr'>abscondere</span> <span class='ocrx_word' id='word_1_673' title='bbox 3223 3125 3564 3183; x_wconf 78' lang='lat' dir='ltr'>valuerunt.</span> 
     </span>
    </p>
   </div>
   <div class='ocr_carea' id='block_1_97' title="bbox 1908 3211 3571 3271">
    <p class='ocr_par' dir='ltr' id='par_1_97' title="bbox 1908 3211 3571 3271">
     <span class='ocr_line' id='line_1_97' title="bbox 1908 3211 3571 3271; baseline 0.004 -5"><span class='ocrx_word' id='word_1_674' title='bbox 1908 3215 2132 3268; x_wconf 75' lang='lat' dir='ltr'>Caetera</span> <span class='ocrx_word' id='word_1_675' title='bbox 2158 3227 2300 3267; x_wconf 90' lang='lat' dir='ltr'>vero</span> <span class='ocrx_word' id='word_1_676' title='bbox 2325 3211 2782 3268; x_wconf 89' lang='lat' dir='ltr'>innumerabilis</span> <span class='ocrx_word' id='word_1_677' title='bbox 2813 3213 3101 3269; x_wconf 84' lang='lat' dir='ltr'>confluxit</span> <span class='ocrx_word' id='word_1_678' title='bbox 3119 3215 3388 3271; x_wconf 85' lang='lat' dir='ltr'>ﬁdelium</span> <span class='ocrx_word' id='word_1_679' title='bbox 3418 3215 3571 3271; x_wconf 74' lang='lat' dir='ltr'>mul~</span> 
     </span>
    </p>
   </div>
   <div class='ocr_carea' id='block_1_98' title="bbox 1911 3302 3571 3379">
    <p class='ocr_par' dir='ltr' id='par_1_98' title="bbox 1911 3302 3571 3379">
     <span class='ocr_line' id='line_1_98' title="bbox 1911 3302 3571 3379; baseline 0.002 -20"><span class='ocrx_word' id='word_1_680' title='bbox 1911 3303 2122 3373; x_wconf 91' lang='lat' dir='ltr'>titudo,</span> <span class='ocrx_word' id='word_1_681' title='bbox 2151 3320 2338 3376; x_wconf 88' lang='lat' dir='ltr'>quam</span> <span class='ocrx_word' id='word_1_682' title='bbox 2370 3319 2493 3358; x_wconf 91' lang='lat' dir='ltr'>non</span> <span class='ocrx_word' id='word_1_683' title='bbox 2526 3302 2724 3359; x_wconf 91' lang='lat' dir='ltr'>minor</span> <span class='ocrx_word' id='word_1_684' title='bbox 2750 3319 2861 3376; x_wconf 92' lang='lat' dir='ltr'>pro</span> <span class='ocrx_word' id='word_1_685' title='bbox 2892 3304 3058 3360; x_wconf 88' lang='lat' dir='ltr'>obitu</span> <span class='ocrx_word' id='word_1_686' title='bbox 3084 3305 3419 3361; x_wconf 89' lang='lat' dir='ltr'>charissimi</span> <span class='ocrx_word' id='word_1_687' title='bbox 3460 3322 3571 3379; x_wconf 89' lang='lat' dir='ltr'>pa-</span> 
     </span>
    </p>
   </div>
   <div class='ocr_carea' id='block_1_99' title="bbox 1911 3392 3574 3463">
    <p class='ocr_par' dir='ltr' id='par_1_99' title="bbox 1911 3392 3574 3463">
     <span class='ocr_line' id='line_1_99' title="bbox 1911 3392 3574 3463; baseline 0.003 -16"><span class='ocrx_word' id='word_1_688' title='bbox 1911 3393 2083 3448; x_wconf 88' lang='lat' dir='ltr'>storis</span> <span class='ocrx_word' id='word_1_689' title='bbox 2114 3392 2322 3449; x_wconf 81' lang='lat' dir='ltr'>aﬂlixit</span> <span class='ocrx_word' id='word_1_690' title='bbox 2344 3393 2704 3448; x_wconf 84' lang='lat' dir='ltr'>amaritudo.</span> <span class='ocrx_word' id='word_1_691' title='bbox 2739 3395 2902 3458; x_wconf 87' lang='lat' dir='ltr'>Quos</span> <span class='ocrx_word' id='word_1_692' title='bbox 2927 3398 3127 3449; x_wconf 87' lang='lat' dir='ltr'>tamen</span> <span class='ocrx_word' id='word_1_693' title='bbox 3153 3394 3268 3463; x_wconf 91' lang='lat' dir='ltr'>ille,</span> <span class='ocrx_word' id='word_1_694' title='bbox 3295 3395 3430 3451; x_wconf 89' lang='lat' dir='ltr'>licet</span> <span class='ocrx_word' id='word_1_695' title='bbox 3473 3396 3574 3452; x_wconf 84' lang='lat' dir='ltr'>de-</span> 
     </span>
    </p>
   </div>
   <div class='ocr_carea' id='block_1_100' title="bbox 1908 3481 3569 3554">
    <p class='ocr_par' dir='ltr' id='par_1_100' title="bbox 1908 3481 3569 3554">
     <span class='ocr_line' id='line_1_100' title="bbox 1908 3481 3569 3554; baseline 0.001 -16"><span class='ocrx_word' id='word_1_696' title='bbox 1908 3482 2145 3538; x_wconf 83' lang='lat' dir='ltr'>ticiente</span> <span class='ocrx_word' id='word_1_697' title='bbox 2178 3482 2308 3553; x_wconf 91' lang='lat' dir='ltr'>jam</span> <span class='ocrx_word' id='word_1_698' title='bbox 2330 3499 2482 3554; x_wconf 90' lang='lat' dir='ltr'>pene</span> <span class='ocrx_word' id='word_1_699' title='bbox 2512 3482 2739 3551; x_wconf 90' lang='lat' dir='ltr'>lingua,</span> <span class='ocrx_word' id='word_1_700' title='bbox 2771 3481 3031 3552; x_wconf 85' lang='lat' dir='ltr'>benigne</span> <span class='ocrx_word' id='word_1_701' title='bbox 3077 3484 3453 3542; x_wconf 87' lang='lat' dir='ltr'>consolando</span> <span class='ocrx_word' id='word_1_702' title='bbox 3477 3486 3569 3541; x_wconf 80' lang='lat' dir='ltr'>di-</span> 
     </span>
    </p>
   </div>
   <div class='ocr_carea' id='block_1_101' title="bbox 1911 3569 3574 3639">
    <p class='ocr_par' dir='ltr' id='par_1_101' title="bbox 1911 3569 3574 3639">
     <span class='ocr_line' id='line_1_101' title="bbox 1911 3569 3574 3639; baseline 0.002 -13"><span class='ocrx_word' id='word_1_703' title='bbox 1911 3571 2088 3638; x_wconf 91' lang='lat' dir='ltr'>misit,</span> <span class='ocrx_word' id='word_1_704' title='bbox 2123 3575 2180 3625; x_wconf 90' lang='lat' dir='ltr'>et</span> <span class='ocrx_word' id='word_1_705' title='bbox 2201 3570 2464 3625; x_wconf 90' lang='lat' dir='ltr'>diluculo</span> <span class='ocrx_word' id='word_1_706' title='bbox 2493 3569 2709 3625; x_wconf 86' lang='lat' dir='ltr'>iterum</span> <span class='ocrx_word' id='word_1_707' title='bbox 2731 3569 3013 3626; x_wconf 89' lang='lat' dir='ltr'>advenire</span> <span class='ocrx_word' id='word_1_708' title='bbox 3051 3574 3382 3629; x_wconf 83' lang='lat' dir='ltr'>mandavit.</span> <span class='ocrx_word' id='word_1_709' title='bbox 3435 3575 3574 3639; x_wconf 48' lang='lat' dir='ltr'>Qui.</span> 
     </span>
    </p>
   </div>
   <div class='ocr_carea' id='block_1_102' title="bbox 1908 3659 3575 3727">
    <p class='ocr_par' dir='ltr' id='par_1_102' title="bbox 1908 3659 3575 3727">
     <span class='ocr_line' id='line_1_102' title="bbox 1908 3659 3575 3727; baseline 0.002 -11"><span class='ocrx_word' id='word_1_710' title='bbox 1908 3661 2024 3716; x_wconf 90' lang='lat' dir='ltr'>bus</span> <span class='ocrx_word' id='word_1_711' title='bbox 2051 3659 2519 3727; x_wconf 89' lang='lat' dir='ltr'>discedentibus,</span> <span class='ocrx_word' id='word_1_712' title='bbox 2551 3665 2608 3714; x_wconf 89' lang='lat' dir='ltr'>et</span> <span class='ocrx_word' id='word_1_713' title='bbox 2637 3675 2872 3715; x_wconf 88' lang='lat' dir='ltr'>sacram</span> <span class='ocrx_word' id='word_1_714' title='bbox 2901 3665 3138 3716; x_wconf 90' lang='lat' dir='ltr'>noctem</span> <span class='ocrx_word' id='word_1_715' title='bbox 3164 3661 3328 3718; x_wconf 79' lang='lat' dir='ltr'>illam</span> <span class='ocrx_word' id='word_1_716' title='bbox 3356 3663 3417 3718; x_wconf 91' lang='lat' dir='ltr'>in</span> <span class='ocrx_word' id='word_1_717' title='bbox 3447 3680 3575 3720; x_wconf 88' lang='lat' dir='ltr'>ma-</span> 
     </span>
    </p>
   </div>
   <div class='ocr_carea' id='block_1_103' title="bbox 1912 3747 3575 3820">
    <p class='ocr_par' dir='ltr' id='par_1_103' title="bbox 1912 3747 3575 3820">
     <span class='ocr_line' id='line_1_103' title="bbox 1912 3747 3575 3820; baseline 0.004 -16"><span class='ocrx_word' id='word_1_718' title='bbox 1912 3766 2032 3820; x_wconf 87' lang='lat' dir='ltr'>gno</span> <span class='ocrx_word' id='word_1_719' title='bbox 2058 3749 2263 3804; x_wconf 88' lang='lat' dir='ltr'>dolore</span> <span class='ocrx_word' id='word_1_720' title='bbox 2291 3747 2667 3816; x_wconf 89' lang='lat' dir='ltr'>ducentibus,</span> <span class='ocrx_word' id='word_1_721' title='bbox 2699 3748 2912 3805; x_wconf 89' lang='lat' dir='ltr'>beatus</span> <span class='ocrx_word' id='word_1_722' title='bbox 2935 3753 3103 3806; x_wconf 87' lang='lat' dir='ltr'>Pater</span> <span class='ocrx_word' id='word_1_723' title='bbox 3131 3755 3420 3808; x_wconf 89' lang='lat' dir='ltr'>consueto</span> <span class='ocrx_word' id='word_1_724' title='bbox 3446 3769 3575 3810; x_wconf 78' lang='grc' dir='ltr'><strong>111οε</strong></span> 
     </span>
    </p>
   </div>
   <div class='ocr_carea' id='block_1_104' title="bbox 1910 3838 3574 3913">
    <p class='ocr_par' dir='ltr' id='par_1_104' title="bbox 1910 3838 3574 3913">
     <span class='ocr_line' id='line_1_104' title="bbox 1910 3838 3574 3913; baseline 0.002 -16"><span class='ocrx_word' id='word_1_725' title='bbox 1910 3857 1993 3908; x_wconf 89' lang='lat' dir='ltr'>re,</span> <span class='ocrx_word' id='word_1_726' title='bbox 2028 3839 2138 3895; x_wconf 91' lang='lat' dir='ltr'>sibi</span> <span class='ocrx_word' id='word_1_727' title='bbox 2168 3838 2437 3913; x_wconf 90' lang='lat' dir='ltr'>psalmos</span> <span class='ocrx_word' id='word_1_728' title='bbox 2467 3854 2704 3912; x_wconf 88' lang='lat' dir='ltr'>semper</span> <span class='ocrx_word' id='word_1_729' title='bbox 2732 3841 2910 3912; x_wconf 90' lang='lat' dir='ltr'>quasi</span> <span class='ocrx_word' id='word_1_730' title='bbox 2934 3857 3046 3913; x_wconf 92' lang='lat' dir='ltr'>pro</span> <span class='ocrx_word' id='word_1_731' title='bbox 3098 3842 3258 3898; x_wconf 90' lang='lat' dir='ltr'>dulci</span> <span class='ocrx_word' id='word_1_732' title='bbox 3303 3843 3574 3900; x_wconf 86' lang='lat' dir='ltr'>refectio-</span> 
     </span>
    </p>
   </div>
   <div class='ocr_carea' id='block_1_105' title="bbox 1912 3929 3574 3994">
    <p class='ocr_par' dir='ltr' id='par_1_105' title="bbox 1912 3929 3574 3994">
     <span class='ocr_line' id='line_1_105' title="bbox 1912 3929 3574 3994; baseline 0.002 -7"><span class='ocrx_word' id='word_1_733' title='bbox 1912 3947 1986 3987; x_wconf 89' lang='lat' dir='ltr'>ne</span> <span class='ocrx_word' id='word_1_734' title='bbox 2011 3930 2378 3994; x_wconf 89' lang='lat' dir='ltr'>ruminabat,</span> <span class='ocrx_word' id='word_1_735' title='bbox 2407 3929 2545 3984; x_wconf 88' lang='lat' dir='ltr'>etin</span> <span class='ocrx_word' id='word_1_736' title='bbox 2577 3929 2677 3986; x_wconf 89' lang='lat' dir='ltr'>tali</span> <span class='ocrx_word' id='word_1_737' title='bbox 2707 3930 3091 3988; x_wconf 87' lang='lat' dir='ltr'>meditatione</span> <span class='ocrx_word' id='word_1_738' title='bbox 3123 3949 3366 3989; x_wconf 88' lang='lat' dir='ltr'>cursum</span> <span class='ocrx_word' id='word_1_739' title='bbox 3394 3951 3574 3991; x_wconf 89' lang='lat' dir='ltr'>suum</span> 
     </span>
    </p>
   </div>
   <div class='ocr_carea' id='block_1_106' title="bbox 1913 4019 3578 4087">
    <p class='ocr_par' dir='ltr' id='par_1_106' title="bbox 1913 4019 3578 4087">
     <span class='ocr_line' id='line_1_106' title="bbox 1913 4019 3578 4087; baseline 0.002 -9"><span class='ocrx_word' id='word_1_740' title='bbox 1913 4037 2369 4087; x_wconf 88' lang='lat' dir='ltr'>consummans,</span> <span class='ocrx_word' id='word_1_741' title='bbox 2403 4019 2673 4077; x_wconf 89' lang='lat' dir='ltr'>animam</span> <span class='ocrx_word' id='word_1_742' title='bbox 2705 4021 2984 4079; x_wconf 88' lang='lat' dir='ltr'>attentius</span> <span class='ocrx_word' id='word_1_743' title='bbox 3025 4026 3144 4080; x_wconf 89' lang='lat' dir='ltr'>Deo</span> <span class='ocrx_word' id='word_1_744' title='bbox 3189 4025 3578 4082; x_wconf 90' lang='lat' dir='ltr'>commenda-</span> 
     </span>
    </p>
   </div>
   <div class='ocr_carea' id='block_1_107' title="bbox 1913 4111 3575 4187">
    <p class='ocr_par' dir='ltr' id='par_1_107' title="bbox 1913 4111 3575 4187">
     <span class='ocr_line' id='line_1_107' title="bbox 1913 4111 3575 4187; baseline 0.002 -20"><span class='ocrx_word' id='word_1_745' title='bbox 1913 4112 1994 4168; x_wconf 89' lang='lat' dir='ltr'>vit</span> <span class='ocrx_word' id='word_1_746' title='bbox 2027 4113 2154 4184; x_wconf 66' lang='grc'>(71).</span> <span class='ocrx_word' id='word_1_747' title='bbox 2194 4112 2442 4167; x_wconf 85' lang='grc'><strong>5111111110</strong></span> <span class='ocrx_word' id='word_1_748' title='bbox 2473 4127 2615 4166; x_wconf 88' lang='lat' dir='ltr'>vero</span> <span class='ocrx_word' id='word_1_749' title='bbox 2642 4111 2908 4168; x_wconf 88' lang='lat' dir='ltr'>diluculo</span> <span class='ocrx_word' id='word_1_750' title='bbox 2935 4111 3152 4169; x_wconf 90' lang='lat' dir='ltr'>iterum</span> <span class='ocrx_word' id='word_1_751' title='bbox 3181 4113 3373 4169; x_wconf 90' lang='lat' dir='ltr'>clerus</span> <span class='ocrx_word' id='word_1_752' title='bbox 3403 4130 3575 4187; x_wconf 88' lang='lat' dir='ltr'>pera-</span> 
     </span>
    </p>
   </div>
   <div class='ocr_carea' id='block_1_108' title="bbox 1915 4201 3575 4274">
    <p class='ocr_par' dir='ltr' id='par_1_108' title="bbox 1915 4201 3575 4274">
     <span class='ocr_line' id='line_1_108' title="bbox 1915 4201 3575 4274; baseline 0.001 -16"><span class='ocrx_word' id='word_1_753' title='bbox 1915 4203 2021 4259; x_wconf 89' lang='lat' dir='ltr'>ctis</span> <span class='ocrx_word' id='word_1_754' title='bbox 2068 4201 2375 4258; x_wconf 90' lang='lat' dir='ltr'>matutinis</span> <span class='ocrx_word' id='word_1_755' title='bbox 2407 4201 2664 4269; x_wconf 87' lang='lat' dir='ltr'>advenit,</span> <span class='ocrx_word' id='word_1_756' title='bbox 2697 4217 2880 4273; x_wconf 90' lang='lat' dir='ltr'>quem</span> <span class='ocrx_word' id='word_1_757' title='bbox 2918 4203 3045 4274; x_wconf 88' lang='lat' dir='ltr'>ipse</span> <span class='ocrx_word' id='word_1_758' title='bbox 3077 4203 3263 4259; x_wconf 77' lang='lat' dir='ltr'>aifatu</span> <span class='ocrx_word' id='word_1_759' title='bbox 3296 4209 3434 4259; x_wconf 89' lang='lat' dir='ltr'>tunc</span> <span class='ocrx_word' id='word_1_760' title='bbox 3472 4221 3575 4260; x_wconf 46' lang='lat' dir='ltr'>su»</span> 
     </span>
    </p>
   </div>
   <div class='ocr_carea' id='block_1_109' title="bbox 1914 4291 3576 4364">
    <p class='ocr_par' dir='ltr' id='par_1_109' title="bbox 1914 4291 3576 4364">
     <span class='ocr_line' id='line_1_109' title="bbox 1914 4291 3576 4364; baseline 0.001 -17"><span class='ocrx_word' id='word_1_761' title='bbox 1914 4307 2146 4364; x_wconf 89' lang='lat' dir='ltr'>premo,</span> <span class='ocrx_word' id='word_1_762' title='bbox 2171 4291 2444 4356; x_wconf 87' lang='lat' dir='ltr'>breviter,</span> <span class='ocrx_word' id='word_1_763' title='bbox 2481 4295 2744 4345; x_wconf 90' lang='lat' dir='ltr'>attamen</span> <span class='ocrx_word' id='word_1_764' title='bbox 2778 4291 3114 4362; x_wconf 88' lang='lat' dir='ltr'>salubriter,</span> <span class='ocrx_word' id='word_1_765' title='bbox 3136 4293 3211 4348; x_wconf 91' lang='lat' dir='ltr'>de</span> <span class='ocrx_word' id='word_1_766' title='bbox 3243 4309 3430 4348; x_wconf 63' lang='lat' dir='ltr'>sacra:</span> <span class='ocrx_word' id='word_1_767' title='bbox 3486 4309 3576 4349; x_wconf 87' lang='lat' dir='ltr'>re-</span> 
     </span>
    </p>
   </div>
   <div class='ocr_carea' id='block_1_110' title="bbox 1913 4374 3577 4451">
    <p class='ocr_par' dir='ltr' id='par_1_110' title="bbox 1913 4374 3577 4451">
     <span class='ocr_line' id='line_1_110' title="bbox 1913 4374 3577 4451; baseline 0.001 -15"><span class='ocrx_word' id='word_1_768' title='bbox 1913 4381 2150 4451; x_wconf 88' lang='lat' dir='ltr'>ligionis</span> <span class='ocrx_word' id='word_1_769' title='bbox 2177 4385 2234 4435; x_wconf 90' lang='lat' dir='ltr'>et</span> <span class='ocrx_word' id='word_1_770' title='bbox 2258 4378 2614 4435; x_wconf 67' lang='lat' dir='ltr'>obedientize</span> <span class='ocrx_word' id='word_1_771' title='bbox 2637 4374 3019 4437; x_wconf 79' lang='lat' dir='ltr'>observantia</span> <span class='ocrx_word' id='word_1_772' title='bbox 3049 4383 3440 4449; x_wconf 88' lang='lat' dir='ltr'>commonuit,</span> <span class='ocrx_word' id='word_1_773' title='bbox 3469 4383 3577 4438; x_wconf 91' lang='lat' dir='ltr'>sic-</span> 
     </span>
    </p>
   </div>
   <div class='ocr_carea' id='block_1_111' title="bbox 1917 4469 3576 4544">
    <p class='ocr_par' dir='ltr' id='par_1_111' title="bbox 1917 4469 3576 4544">
     <span class='ocr_line' id='line_1_111' title="bbox 1917 4469 3576 4544; baseline 0.001 -18"><span class='ocrx_word' id='word_1_774' title='bbox 1917 4487 2035 4543; x_wconf 87' lang='lat' dir='ltr'>que</span> <span class='ocrx_word' id='word_1_775' title='bbox 2061 4469 2452 4526; x_wconf 87' lang='lat' dir='ltr'>confessionis</span> <span class='ocrx_word' id='word_1_776' title='bbox 2477 4485 2656 4524; x_wconf 86' lang='lat' dir='ltr'>versu</span> <span class='ocrx_word' id='word_1_777' title='bbox 2680 4485 2818 4524; x_wconf 91' lang='lat' dir='ltr'>cum</span> <span class='ocrx_word' id='word_1_778' title='bbox 2877 4470 2960 4524; x_wconf 89' lang='lat' dir='ltr'>eis</span> <span class='ocrx_word' id='word_1_779' title='bbox 3008 4472 3407 4527; x_wconf 86' lang='lat' dir='ltr'>communiter</span> <span class='ocrx_word' id='word_1_780' title='bbox 3434 4484 3576 4544; x_wconf 54' lang='lat' dir='ltr'>pro:</span> 
     </span>
    </p>
   </div>
   <div class='ocr_carea' id='block_1_112' title="bbox 1916 4557 3576 4626">
    <p class='ocr_par' dir='ltr' id='par_1_112' title="bbox 1916 4557 3576 4626">
     <span class='ocr_line' id='line_1_112' title="bbox 1916 4557 3576 4626; baseline 0 -10"><span class='ocrx_word' id='word_1_781' title='bbox 1916 4560 2056 4626; x_wconf 89' lang='lat' dir='ltr'>lato,</span> <span class='ocrx_word' id='word_1_782' title='bbox 2080 4559 2157 4614; x_wconf 90' lang='lat' dir='ltr'>ad</span> <span class='ocrx_word' id='word_1_783' title='bbox 2185 4557 2545 4614; x_wconf 86' lang='lat' dir='ltr'>celebranda</span> <span class='ocrx_word' id='word_1_784' title='bbox 2576 4575 2712 4613; x_wconf 88' lang='lat' dir='ltr'>cum</span> <span class='ocrx_word' id='word_1_785' title='bbox 2737 4558 2954 4614; x_wconf 88' lang='lat' dir='ltr'>abbate</span> <span class='ocrx_word' id='word_1_786' title='bbox 2986 4559 3308 4615; x_wconf 89' lang='lat' dir='ltr'>missarum</span> <span class='ocrx_word' id='word_1_787' title='bbox 3357 4561 3576 4616; x_wconf 77' lang='lat' dir='ltr'>solem-</span> 
     </span>
    </p>
   </div>
   <div class='ocr_carea' id='block_1_113' title="bbox 1915 4647 3580 4706">
    <p class='ocr_par' dir='ltr' id='par_1_113' title="bbox 1915 4647 3580 4706">
     <span class='ocr_line' id='line_1_113' title="bbox 1915 4647 3580 4706; baseline 0 0"><span class='ocrx_word' id='word_1_788' title='bbox 1915 4649 2019 4706; x_wconf 91' lang='lat' dir='ltr'>nia</span> <span class='ocrx_word' id='word_1_789' title='bbox 2044 4647 2437 4704; x_wconf 89' lang='lat' dir='ltr'>valedictione</span> <span class='ocrx_word' id='word_1_790' title='bbox 2467 4647 2680 4703; x_wconf 88' lang='lat' dir='ltr'>ultima</span> <span class='ocrx_word' id='word_1_791' title='bbox 2709 4647 2951 4703; x_wconf 89' lang='lat' dir='ltr'>dimisit.</span> <span class='ocrx_word' id='word_1_792' title='bbox 2979 4649 3198 4703; x_wconf 82' lang='lat' dir='ltr'>Praesul</span> <span class='ocrx_word' id='word_1_793' title='bbox 3226 4655 3426 4706; x_wconf 92' lang='lat' dir='ltr'>autem</span> <span class='ocrx_word' id='word_1_794' title='bbox 3467 4650 3580 4706; x_wconf 88' lang='lat' dir='ltr'>cle-</span> 
     </span>
    </p>
   </div>
   <div class='ocr_carea' id='block_1_114' title="bbox 1917 4737 3580 4814">
    <p class='ocr_par' dir='ltr' id='par_1_114' title="bbox 1917 4737 3580 4814">
     <span class='ocr_line' id='line_1_114' title="bbox 1917 4737 3580 4814; baseline 0.001 -19"><span class='ocrx_word' id='word_1_795' title='bbox 1917 4755 2109 4805; x_wconf 89' lang='lat' dir='ltr'>mens,</span> <span class='ocrx_word' id='word_1_796' title='bbox 2143 4754 2266 4793; x_wconf 89' lang='lat' dir='ltr'>non</span> <span class='ocrx_word' id='word_1_797' title='bbox 2296 4737 2616 4793; x_wconf 90' lang='lat' dir='ltr'>immemor</span> <span class='ocrx_word' id='word_1_798' title='bbox 2647 4755 2766 4792; x_wconf 76' lang='lat' dir='ltr'>suae</span> <span class='ocrx_word' id='word_1_799' title='bbox 2807 4739 3242 4810; x_wconf 89' lang='lat' dir='ltr'>promissionis,</span> <span class='ocrx_word' id='word_1_800' title='bbox 3299 4740 3373 4796; x_wconf 91' lang='lat' dir='ltr'>de</span> <span class='ocrx_word' id='word_1_801' title='bbox 3430 4756 3580 4814; x_wconf 80' lang='lat' dir='ltr'>prae-</span> 
     </span>
    </p>
   </div>
   <div class='ocr_carea' id='block_1_115' title="bbox 1919 4825 3575 4900">
    <p class='ocr_par' dir='ltr' id='par_1_115' title="bbox 1919 4825 3575 4900">
     <span class='ocr_line' id='line_1_115' title="bbox 1919 4825 3575 4900; baseline 0.002 -20"><span class='ocrx_word' id='word_1_802' title='bbox 1919 4825 2076 4881; x_wconf 90' lang='lat' dir='ltr'>dicto</span> <span class='ocrx_word' id='word_1_803' title='bbox 2103 4842 2214 4881; x_wconf 94' lang='lat' dir='ltr'>suo</span> <span class='ocrx_word' id='word_1_804' title='bbox 2241 4825 2609 4882; x_wconf 87' lang='lat' dir='ltr'>cubiculario</span> <span class='ocrx_word' id='word_1_805' title='bbox 2640 4829 2884 4882; x_wconf 90' lang='lat' dir='ltr'>Bunone</span> <span class='ocrx_word' id='word_1_806' title='bbox 2937 4828 3248 4900; x_wconf 89' lang='lat' dir='ltr'>requisivit</span> <span class='ocrx_word' id='word_1_807' title='bbox 3297 4828 3575 4897; x_wconf 91' lang='lat' dir='ltr'>sollicite;</span> 
     </span>
    </p>
   </div>
   <div class='ocr_carea' id='block_1_116' title="bbox 1920 4915 3582 4992">
    <p class='ocr_par' dir='ltr' id='par_1_116' title="bbox 1920 4915 3582 4992">
     <span class='ocr_line' id='line_1_116' title="bbox 1920 4915 3582 4992; baseline 0.003 -23"><span class='ocrx_word' id='word_1_808' title='bbox 1920 4932 2104 4989; x_wconf 91' lang='lat' dir='ltr'>quem</span> <span class='ocrx_word' id='word_1_809' title='bbox 2125 4915 2228 4970; x_wconf 91' lang='lat' dir='ltr'>ubi</span> <span class='ocrx_word' id='word_1_810' title='bbox 2256 4915 2561 4989; x_wconf 87' lang='lat' dir='ltr'>desperari</span> <span class='ocrx_word' id='word_1_811' title='bbox 2591 4918 2978 4989; x_wconf 86' lang='lat' dir='ltr'>corporaliter</span> <span class='ocrx_word' id='word_1_812' title='bbox 3029 4918 3325 4988; x_wconf 87' lang='lat' dir='ltr'>cognovit,</span> <span class='ocrx_word' id='word_1_813' title='bbox 3385 4919 3437 4974; x_wconf 90' lang='lat' dir='ltr'>ei</span> <span class='ocrx_word' id='word_1_814' title='bbox 3473 4932 3582 4992; x_wconf 91' lang='lat' dir='ltr'>per</span> 
     </span>
    </p>
   </div>
   <div class='ocr_carea' id='block_1_117' title="bbox 1921 5003 3584 5082">
    <p class='ocr_par' dir='ltr' id='par_1_117' title="bbox 1921 5003 3584 5082">
     <span class='ocr_line' id='line_1_117' title="bbox 1921 5003 3584 5082; baseline 0.002 -22"><span class='ocrx_word' id='word_1_815' title='bbox 1921 5003 2200 5061; x_wconf 90' lang='lat' dir='ltr'>nuntium</span> <span class='ocrx_word' id='word_1_816' title='bbox 2248 5006 2576 5073; x_wconf 90' lang='lat' dir='ltr'>mandavit,</span> <span class='ocrx_word' id='word_1_817' title='bbox 2623 5007 2829 5062; x_wconf 88' lang='lat' dir='ltr'>dicens</span> <span class='ocrx_word' id='word_1_818' title='bbox 2883 5025 2895 5063; x_wconf 90' lang='lat'>:</span> <span class='ocrx_word' id='word_1_819' title='bbox 2958 5030 2986 5057; x_wconf 87' lang='lat'><strong><em>«</em></strong></span> <span class='ocrx_word' id='word_1_820' title='bbox 3016 5008 3356 5072; x_wconf 87' lang='lat' dir='ltr'>Consolare,</span> <span class='ocrx_word' id='word_1_821' title='bbox 3431 5021 3584 5082; x_wconf 86' lang='lat' dir='ltr'>puer</span> 
     </span>
    </p>
   </div>
   <div class='ocr_carea' id='block_1_118' title="bbox 1924 5095 3583 5172">
    <p class='ocr_par' dir='ltr' id='par_1_118' title="bbox 1924 5095 3583 5172">
     <span class='ocr_line' id='line_1_118' title="bbox 1924 5095 3583 5172; baseline 0.002 -21"><span class='ocrx_word' id='word_1_822' title='bbox 1924 5112 2117 5164; x_wconf 90' lang='lat' dir='ltr'>meus,</span> <span class='ocrx_word' id='word_1_823' title='bbox 2157 5096 2218 5151; x_wconf 91' lang='lat' dir='ltr'>in</span> <span class='ocrx_word' id='word_1_824' title='bbox 2252 5095 2505 5151; x_wconf 89' lang='lat' dir='ltr'>Domino</span> <span class='ocrx_word' id='word_1_825' title='bbox 2533 5101 2590 5151; x_wconf 93' lang='lat' dir='ltr'>et</span> <span class='ocrx_word' id='word_1_826' title='bbox 2616 5097 2970 5168; x_wconf 88' lang='lat' dir='ltr'>confortare,</span> <span class='ocrx_word' id='word_1_827' title='bbox 3002 5097 3147 5171; x_wconf 90' lang='lat' dir='ltr'>quia</span> <span class='ocrx_word' id='word_1_828' title='bbox 3171 5099 3302 5169; x_wconf 89' lang='lat' dir='ltr'>jam</span> <span class='ocrx_word' id='word_1_829' title='bbox 3345 5101 3583 5172; x_wconf 82' lang='lat' dir='ltr'>tempus</span> 
     </span>
    </p>
   </div>
   <div class='ocr_carea' id='block_1_119' title="bbox 1924 5185 3588 5260">
    <p class='ocr_par' dir='ltr' id='par_1_119' title="bbox 1924 5185 3588 5260">
     <span class='ocr_line' id='line_1_119' title="bbox 1924 5185 3588 5260; baseline 0.003 -19"><span class='ocrx_word' id='word_1_830' title='bbox 1924 5185 2123 5254; x_wconf 91' lang='lat' dir='ltr'>instat,</span> <span class='ocrx_word' id='word_1_831' title='bbox 2156 5201 2279 5258; x_wconf 91' lang='lat' dir='ltr'>quo</span> <span class='ocrx_word' id='word_1_832' title='bbox 2309 5202 2548 5242; x_wconf 90' lang='lat' dir='ltr'>mecum</span> <span class='ocrx_word' id='word_1_833' title='bbox 2581 5186 2656 5242; x_wconf 90' lang='lat' dir='ltr'>ad</span> <span class='ocrx_word' id='word_1_834' title='bbox 2687 5187 2944 5260; x_wconf 89' lang='lat' dir='ltr'>patriam</span> <span class='ocrx_word' id='word_1_835' title='bbox 2993 5192 3226 5244; x_wconf 67' lang='lat' dir='ltr'>aeternae</span> <span class='ocrx_word' id='word_1_836' title='bbox 3273 5189 3588 5247; x_wconf 91' lang='lat' dir='ltr'>beatitudi-</span> 
     </span>
    </p>
   </div>
   <div class='ocr_carea' id='block_1_120' title="bbox 1926 5313 3589 5390">
    <p class='ocr_par' dir='ltr' id='par_1_120' title="bbox 1926 5313 3589 5390">
     <span class='ocr_line' id='line_1_120' title="bbox 1926 5313 3589 5390; baseline 0.005 -23"><span class='ocrx_word' id='word_1_837' title='bbox 1926 5328 2081 5390; x_wconf 79' lang='lat' dir='ltr'>nem,</span> <span class='ocrx_word' id='word_1_838' title='bbox 2114 5317 2167 5368; x_wconf 88' lang='lat' dir='ltr'>et</span> <span class='ocrx_word' id='word_1_839' title='bbox 2206 5313 2279 5390; x_wconf 83' lang='lat' dir='ltr'>de</span> <span class='ocrx_word' id='word_1_840' title='bbox 2317 5315 2618 5383; x_wconf 74' lang='lat' dir='ltr'>praeterito</span> <span class='ocrx_word' id='word_1_841' title='bbox 2670 5330 2875 5371; x_wconf 80' lang='lat' dir='ltr'>errore</span> <span class='ocrx_word' id='word_1_842' title='bbox 2929 5315 3402 5386; x_wconf 78' lang='lat' dir='ltr'>satisfactionem</span> <span class='ocrx_word' id='word_1_843' title='bbox 3453 5335 3589 5390; x_wconf 79' lang='lat' dir='ltr'>pro-</span> 
     </span>
    </p>
   </div>
   <div class='ocr_carea' id='block_1_121' title="bbox 1926 5385 2320 5448">
    <p class='ocr_par' dir='ltr' id='par_1_121' title="bbox 1926 5385 2320 5448">
     <span class='ocr_line' id='line_1_121' title="bbox 1926 5385 2320 5448; baseline 0 -8"><span class='ocrx_word' id='word_1_844' title='bbox 1926 5385 2178 5448; x_wconf 77' lang='lat' dir='ltr'>mittere,</span> <span class='ocrx_word' id='word_1_845' title='bbox 2209 5389 2320 5440; x_wconf 90' lang='lat' dir='ltr'>ctc.</span> 
     </span>
    </p>
   </div>
   <div class='ocr_carea' id='block_1_122' title="bbox 1999 5457 3586 5527">
    <p class='ocr_par' dir='ltr' id='par_1_122' title="bbox 1999 5457 3586 5527">
     <span class='ocr_line' id='line_1_122' title="bbox 1999 5457 3586 5527; baseline 0.005 -18"><span class='ocrx_word' id='word_1_846' title='bbox 1999 5457 2112 5527; x_wconf 79' lang='lat'>(70)</span> <span class='ocrx_word' id='word_1_847' title='bbox 2139 5457 2215 5510; x_wconf 89' lang='lat' dir='ltr'>De</span> <span class='ocrx_word' id='word_1_848' title='bbox 2245 5457 2359 5510; x_wconf 90' lang='lat' dir='ltr'>hoc</span> <span class='ocrx_word' id='word_1_849' title='bbox 2390 5461 2592 5512; x_wconf 91' lang='lat' dir='ltr'>monte</span> <span class='ocrx_word' id='word_1_850' title='bbox 2637 5457 2998 5514; x_wconf 87' lang='lat' dir='ltr'>Chronicum</span> <span class='ocrx_word' id='word_1_851' title='bbox 3056 5460 3420 5519; x_wconf 83' lang='lat' dir='ltr'>Saxonicum</span> <span class='ocrx_word' id='word_1_852' title='bbox 3473 5479 3586 5519; x_wconf 89' lang='lat' dir='ltr'>ms.</span> 
     </span>
    </p>
   </div>
   <div class='ocr_carea' id='block_1_123' title="bbox 1930 5526 3593 5599">
    <p class='ocr_par' dir='ltr' id='par_1_123' title="bbox 1930 5526 3593 5599">
     <span class='ocr_line' id='line_1_123' title="bbox 1930 5526 3593 5599; baseline 0.004 -17"><span class='ocrx_word' id='word_1_853' title='bbox 1930 5526 2007 5582; x_wconf 88' lang='lat' dir='ltr'>ad</span> <span class='ocrx_word' id='word_1_854' title='bbox 2051 5543 2149 5582; x_wconf 92' lang='lat' dir='ltr'>an.</span> <span class='ocrx_word' id='word_1_855' title='bbox 2215 5532 2397 5582; x_wconf 72' lang='lat'>1025:</span> <span class='ocrx_word' id='word_1_856' title='bbox 2454 5530 2714 5585; x_wconf 82' lang='lat' dir='ltr'>Montem</span> <span class='ocrx_word' id='word_1_857' title='bbox 2766 5532 3091 5599; x_wconf 85' lang='lat' dir='ltr'>speciosum</span> <span class='ocrx_word' id='word_1_858' title='bbox 3119 5535 3182 5588; x_wconf 83' lang='lat' dir='ltr'>in</span> <span class='ocrx_word' id='word_1_859' title='bbox 3231 5535 3593 5592; x_wconf 84' lang='lat' dir='ltr'>occidentali</span> 
     </span>
    </p>
   </div>
   <div class='ocr_carea' id='block_1_124' title="bbox 1928 5600 3594 5677">
    <p class='ocr_par' dir='ltr' id='par_1_124' title="bbox 1928 5600 3594 5677">
     <span class='ocr_line' id='line_1_124' title="bbox 1928 5600 3594 5677; baseline 0.004 -24"><span class='ocrx_word' id='word_1_860' title='bbox 1928 5604 2102 5677; x_wconf 71' lang='lat' dir='ltr'>parte</span> <span class='ocrx_word' id='word_1_861' title='bbox 2130 5614 2252 5654; x_wconf 67' lang='lat' dir='ltr'>suae</span> <span class='ocrx_word' id='word_1_862' title='bbox 2283 5600 2540 5677; x_wconf 78' lang='lat' dir='ltr'>civitatis</span> <span class='ocrx_word' id='word_1_863' title='bbox 2588 5602 2850 5677; x_wconf 62' lang='lat' dir='ltr'>incolere</span> <span class='ocrx_word' id='word_1_864' title='bbox 2906 5605 3104 5677; x_wconf 65' lang='lat' dir='ltr'>carpit,</span> <span class='ocrx_word' id='word_1_865' title='bbox 3161 5622 3334 5676; x_wconf 85' lang='lat' dir='ltr'>quem</span> <span class='ocrx_word' id='word_1_866' title='bbox 3384 5613 3594 5677; x_wconf 83' lang='lat' dir='ltr'>postea</span> 
     </span>
    </p>
   </div>
   <div class='ocr_carea' id='block_1_125' title="bbox 1932 5671 3593 5747">
    <p class='ocr_par' dir='ltr' id='par_1_125' title="bbox 1932 5671 3593 5747">
     <span class='ocr_line' id='line_1_125' title="bbox 1932 5671 3593 5747; baseline 0.005 -23"><span class='ocrx_word' id='word_1_867' title='bbox 1932 5671 2107 5747; x_wconf 78' lang='lat' dir='ltr'>titulo</span> <span class='ocrx_word' id='word_1_868' title='bbox 2131 5672 2463 5747; x_wconf 74' lang='lat' dir='ltr'>ac_1_zomini</span> <span class='ocrx_word' id='word_1_869' title='bbox 2497 5673 2694 5729; x_wconf 87' lang='lat' dir='ltr'>sancti</span> <span class='ocrx_word' id='word_1_870' title='bbox 2715 5671 3031 5736; x_wconf 76' lang='lat' dir='ltr'>_Mam&#39;icii</span> <span class='ocrx_word' id='word_1_871' title='bbox 3077 5671 3186 5732; x_wconf 74' lang='lat' dir='ltr'>sui</span> <span class='ocrx_word' id='word_1_872' title='bbox 3220 5671 3440 5736; x_wconf 72' lang='lat' dir='ltr'>sum-iiii</span> <span class='ocrx_word' id='word_1_873' title='bbox 3482 5691 3593 5747; x_wconf 77' lang='lat' dir='ltr'>pa-</span> 
     </span>
    </p>
   </div>
   <div class='ocr_carea' id='block_1_126' title="bbox 1933 5741 2431 5799">
    <p class='ocr_par' dir='ltr' id='par_1_126' title="bbox 1933 5741 2431 5799">
     <span class='ocr_line' id='line_1_126' title="bbox 1933 5741 2431 5799; baseline 0.004 -2"><span class='ocrx_word' id='word_1_874' title='bbox 1933 5742 2096 5798; x_wconf 73' lang='lat' dir='ltr'>troni</span> <span class='ocrx_word' id='word_1_875' title='bbox 2113 5741 2431 5799; x_wconf 83' lang='lat' dir='ltr'>dedicavit.</span> 
     </span>
    </p>
   </div>
   <div class='ocr_carea' id='block_1_127' title="bbox 2003 5812 3522 5891">
    <p class='ocr_par' dir='ltr' id='par_1_127' title="bbox 2003 5812 3522 5891">
     <span class='ocr_line' id='line_1_127' title="bbox 2003 5812 3522 5891; baseline 0.005 -23"><span class='ocrx_word' id='word_1_876' title='bbox 2003 5813 2113 5886; x_wconf 80' lang='lat' dir='ltr'>(7t)</span> <span class='ocrx_word' id='word_1_877' title='bbox 2144 5812 2233 5870; x_wconf 91' lang='lat' dir='ltr'>Sic</span> <span class='ocrx_word' id='word_1_878' title='bbox 2269 5814 2499 5885; x_wconf 61' lang='lat' dir='ltr'>Bamb;</span> <span class='ocrx_word' id='word_1_879' title='bbox 2534 5815 2630 5872; x_wconf 91' lang='lat' dir='ltr'>alii</span> <span class='ocrx_word' id='word_1_880' title='bbox 2661 5831 3080 5879; x_wconf 85' lang='lat' dir='ltr'>consmnmans</span> <span class='ocrx_word' id='word_1_881' title='bbox 3102 5820 3522 5891; x_wconf 77' lang='lat' dir='ltr'>pernoctabat.</span> 
     </span>
    </p>
   </div>
   <div class='ocr_carea' id='block_1_128' title="bbox 3135 5914 3204 5974">
    <p class='ocr_par' dir='ltr' id='par_1_128' title="bbox 3135 5914 3204 5974">
     <span class='ocr_line' id='line_1_128' title="bbox 3135 5914 3204 5974; baseline 0.029 -2"><span class='ocrx_word' id='word_1_882' title='bbox 3135 5914 3204 5974; x_wconf 82' lang='grc'>38</span> 
     </span>
    </p>
   </div>
  </div>
