3888 6490
390 304 526 368 1193

1307 300 1364 354 S.
1405 294 1808 357 GODEHARDI
1849 297 2163 362 EPISCOPI
2203 297 2850 362 HlLDESHEIMENSIS.

3683 304 3807 362 H96

381 427 476 484 nis
503 426 688 483 debes
716 440 850 482 vere
879 424 1242 498 pervenire.»
1271 426 1409 489 Quae
1439 424 1619 482 verba
1654 440 1804 498 puer
1854 423 2025 480 laitus
2054 424 2102 477 A
2136 420 2237 477 tim
2263 425 2602 481 exanimem
2633 428 3013 498 aspexerant,
3045 440 3231 498 quem
3260 423 3429 481 illico
3463 428 3674 482 stratu
3723 426 3809 481 de-

381 515 629 583 audivit,
657 519 713 571 et
741 514 824 570 nil
845 515 975 585 jam
1003 513 1077 568 de
1098 512 1218 568 vita
1254 513 1531 585 praesenti
1591 513 1912 582 meditans,
1962 511 2022 567 in

379 605 514 674 ipsa
544 619 715 659 sacra
742 600 1120 657 Ascensionis
1152 600 1384 656 Domini
1430 601 1524 657 die
1550 601 1828 658 viaticum
1860 600 2020 657 salu-

380 699 502 752 tare
529 692 747 765 petivit,
779 707 902 763 quo
925 695 1226 763 percepto,
1257 690 1527 761 gaudens
1562 691 2020 764 promissionem

375 783 532 840 beati
561 779 829 854 praesulis
860 779 1236 852 exspectavit.

445 875 534 928 44.
565 870 876 927 Missarum
904 869 1083 940 igitur
1108 869 1271 942 apud
1301 886 1411 926 nos
1462 871 1796 928 celebritate
1853 886 2020 942 pera-

374 967 487 1030 cta,
510 960 945 1033 refectioneque
971 958 1177 1016 festine
1208 959 1448 1031 [festive]
1481 966 1779 1035 percepta,
1808 961 2015 1016 fratres

373 1051 588 1108 iterum
607 1051 736 1121 jam
765 1049 917 1105 hora
945 1047 1060 1104 diei
1091 1047 1324 1105 decima
1353 1049 1433 1105 ad
1456 1049 1736 1106 dilectum
1783 1049 2016 1122 pontiti-

373 1153 505 1192 cem
530 1142 903 1205 revenerunt,
936 1140 992 1193 et
1020 1135 1215 1193 oflicio
1245 1153 1396 1210 pene
1452 1137 1669 1209 linguae
1718 1141 2011 1207 cessante,

373 1224 551 1280 corde
581 1240 741 1292 vero,
767 1226 938 1296 juxta
968 1225 1320 1297 Apostolum
1364 1226 1417 1297 (Ι
1443 1227 1579 1283 Cor.
1611 1230 1753 1296 xxv),
1805 1225 2013 1298 spiritu

370 1317 429 1370 et
455 1317 650 1369 mente
671 1313 978 1384 psallente,
1009 1313 1277 1386 psalmos
1308 1315 1370 1370 in
1400 1314 1526 1371 solo
1590 1320 1826 1388 pectore
1856 1314 2011 1370 difli-

369 1402 554 1458 culter
580 1402 983 1459 ruminantem
1011 1403 1382 1460 invenerunt.
1415 1406 1574 1460 Tunc
1627 1404 1771 1460 inito
1825 1404 2012 1460 consi-

365 1490 466 1560 lio,
497 1506 714 1562 pueros
743 1495 1001 1564 quatuor
1057 1491 1355 1548 scholares
1411 1509 1484 1548 ex
1540 1497 1791 1566 utraque
1815 1493 2011 1549 lectuli

363 1584 531 1652 parte
604 1584 953 1647 statuerunt,
1022 1597 1176 1654 quos
1220 1581 1565 1653 psalterium
1617 1599 1655 1638 a
1718 1581 2009 1655 principio

363 1673 563 1742 aperte
592 1673 648 1726 et
675 1669 946 1726 distincte
975 1670 1220 1727 recitare
1247 1670 1530 1728 fecerunt.
1571 1671 1798 1737 Quibus
1843 1675 2010 1728 Pater

2132 508 2461 582 ponebant,
2482 516 2538 568 et
2561 513 2788 569 omisso
2837 514 3000 584 fletu,
3049 529 3188 570 cum
3244 513 3423 587 quod
3496 519 3806 587 optaverat

2131 597 2476 668 obtinuisse,
2507 603 2868 671 gaudebant.
3805 601 3808 606 ’

2198 690 2286 744 46.
2313 691 2536 746 Fratres
2566 708 2707 747 vero
2736 692 2797 748 in
2827 692 3203 749 monasteriis
3233 691 3698 766 exsequiarum
3725 692 3803 750 de-

2126 773 2251 832 bito
2274 780 2724 854 matutinalique
2755 781 2952 838 officio
2980 787 3244 855 peracto,
3276 783 3638 838 missarum
3671 783 3802 838 cele-

2124 863 2416 937 bratione,
2442 869 2936 943 psalmorumque
2963 870 3453 944 frequentatione
3494 875 3803 944 pastorem

2127 969 2302 1010 suum
2333 955 2548 1012 divinae
2572 958 2942 1016 miserationi
2972 963 3137 1016 tanto
3163 960 3452 1016 devotius
3499 975 3807 1016 commen-

2124 1040 2370 1112 dabant,
2403 1051 2628 1117 quanto
2658 1064 2720 1104 se
2737 1047 2816 1103 ab
2838 1048 2969 1120 ipso
2991 1049 3540 1105 commendandos
3563 1049 3804 1105 ﬁducia-

2122 1129 2236 1185 lius
2259 1133 2602 1204 sperabant.
2636 1135 2998 1192 Adveniente
3029 1141 3234 1193 autem
3264 1137 3465 1194 felicis
3488 1140 3810 1204 memoriae,

2123 1219 2836 1292 Brunone,Mindonensis
2863 1224 3134 1281 Ecclesiae
3157 1225 3484 1300 episcopo,
3509 1243 3714 1299 quem
3735 1227 3804 1299 ip-

2124 1324 2186 1362 se
2213 1311 2379 1364 Pater
2406 1312 2764 1368 venerabilis
2797 1313 2909 1369 sibi
2929 1313 2992 1369 in
3023 1314 3404 1386 spiritualem
3435 1315 3658 1371 filium
3679 1316 3803 1371 ade

2119 1400 2408 1468 ptaverat,
2441 1400 2544 1473 qui
2568 1401 2767 1471 etiam,
2791 1402 3029 1472 cognita
3057 1403 3188 1473 ejus
3219 1403 3621 1471 inﬁrmitate,
3646 1403 3808 1475 juxta.

2120 1491 2322 1543 nostra
2347 1488 2606 1546 conﬁnia
2625 1489 2954 1561 habitabat,
2993 1491 3142 1547 hora
3172 1492 3460 1563 ejusdem
3494 1492 3631 1548 diei
3651 1495 3810 1550 tertia

2120 1577 2275 1630 totus
2306 1575 2496 1632 clerus
2518 1595 2656 1634 cum
2685 1579 2912 1652 populo
2962 1579 3187 1654 militiae.
3216 1586 3375 1636 certe
3410 1587 3474 1638 et
3537 1581 3810 1650 familiar,

2118 1666 2175 1718 et
2196 1663 2410 1736 plurali
2433 1666 2651 1722 civium
2678 1668 3428 1744 comprovincialiumque,
3451 1675 3518 1728 et
3543 1672 3812 1748 maxime

360 1759 571 1815 beatus
601 1758 836 1827 auditis,
863 1759 1039 1832 quasi
1068 1760 1181 1816 hac
1211 1760 1472 1817 melodia
1503 1760 1849 1833 delectatus,
1907 1761 2007 1817 ali-
2035 1773 2080 1828 Β
2117 1767 2451 1825 Pauperum
2481 1755 2835 1828 frequentia,
2877 1757 2957 1812 ad
3006 1763 3278 1814 montem
3337 1759 3452 1815 ubi
3521 1761 3810 1833 specialis

359 1848 717 1922 quantulum
747 1848 990 1921 quievit,
1017 1849 1318 1906 interdum
1360 1855 1417 1906 et
1468 1850 1646 1906 simul
1697 1867 1834 1907 cum
1889 1850 2004 1906 illis

357 1937 609 2010 psallere
640 1938 891 2008 gestivit.
924 1941 1136 1994 Versus
1157 1943 1357 1995 tamen
1379 1939 1512 1996 illos
1541 1941 2006 2014 praecipuosqui

358 2026 692 2100 specialiter
721 2027 975 2083 Domino
999 2027 1080 2083 ad
1108 2027 1576 2100 supplicandum
1604 2029 2002 2102 pertinebant,

357 2117 576 2189 apertis
605 2117 968 2188 elevatisque
999 2117 1206 2184 oculis,
1230 2117 1404 2174 altius
1449 2119 1787 2175 ructitabat.
1819 2119 2005 2176 Media

357 2209 559 2260 autem
581 2208 776 2274 nocte,
795 2205 925 2275 jam
949 2204 1114 2260 ﬁnito
1141 2204 1440 2277 psalterio,
1480 2207 1611 2276 jam
1658 2207 2002 2264 imminente

355 2293 725 2349 manifestius
751 2294 890 2361 fine,
925 2293 1272 2350 matutinale
1303 2294 1565 2350 cilicium
1588 2295 1960 2368 inceepcrunt
1985 2315 1997 2365 ;

355 2387 412 2438 ct
438 2382 587 2438 dum
611 2382 690 2439 ad
742 2383 1046 2456 psalmum
1101 2384 1458 2440 Benedictus
1506 2385 1793 2440 Dominus
1845 2388 2000 2443 Deus

351 2473 544 2529 Israel
569 2477 982 2545 pervenerunt,
1010 2473 1100 2529 vir
1126 2473 1339 2530 beatus
1368 2475 1431 2530 in
1461 2473 1668 2530 ultimo
1698 2480 1838 2532 tunc
1863 2493 2002 2547 ago-

350 2577 426 2618 ne
455 2561 783 2630 desudans,
805 2562 904 2618 vix
931 2562 1081 2618 dum
1107 2563 1325 2635 apertis
1357 2562 1564 2633 oculis,
1609 2563 1821 2620 clerico
1864 2583 2001 2622 can-

351 2653 528 2720 tante,
565 2652 920 2707 Ittuminare
951 2651 1041 2708 his
1070 2652 1176 2722 qui
1197 2651 1259 2706 in
1287 2652 1540 2708 tenebris
1566 2658 1620 2708 et
1665 2653 1725 2707 in
1785 2653 1997 2710 umbra

348 2742 554 2797 mortis
579 2741 799 2808 sedent,
833 2739 948 2806 ille,
1008 2740 1108 2795 Ad
1161 2741 1523 2811 dirigendos,
1565 2741 1775 2814 inquit,
1821 2743 1997 2812 pedes

347 2835 578 2886 nostros
609 2831 670 2885 in
692 2831 846 2886 viam
859 2830 1029 2898 pacis
1052 2829 1288 2900 (Lam).
1315 2832 1380 2885 Et
1407 2829 1467 2884 in
1495 2829 1608 2885 hoc
1638 2830 1998 2898 verbo,dum

347 2936 385 2976 a
412 2919 569 2976 clero
592 2920 800 2976 Gloria
828 2920 1007 2975 Patri
1049 2935 1188 2974 eum
1218 2919 1546 2991 antiphona
1596 2922 1863 2977 Ascendo
1918 2923 2000 2978 ad

345 3007 588 3063 Patrem
621 3024 812 3064 meum
839 3013 893 3064 et
921 3008 1167 3063 Patrem
1198 3013 1456 3063 vestrum
1489 3007 1832 3076 cauebatur,
1868 3009 1996 3081 ipse

349 3094 429 3186 ab
461 3095 796 3186 astantibus
817 3095 893 3151 de
923 3095 1432 3186 lectolevabatur,
1466 3095 1669 3168 sicque
1695 3096 1833 3152 felix
1861 3115 1995 3154 vere
2027 3129 2067 3186 ο

349 3183 452 3240 illa
505 3184 728 3253 anima,
768 3184 944 3257 quasi
983 3183 1397 3240 obdormiente
1454 3201 1719 3257 corpore,
1772 3187 1995 3243 carnali

349 3272 648 3342 ergastulo
665 3271 1027 3329 solvebatur.
1048 3272 1523 3330 Consonantibus
1541 3274 1739 3330 statim
1768 3275 1994 3332 ibidem

346 3355 681 3432 campanis,
708 3360 917 3416 fratres
947 3359 1052 3432 qui
1074 3360 1135 3415 in
1178 3361 1556 3416 monasteriis
1603 3361 1832 3418 felicem
1863 3363 1992 3434 ejus

344 3448 574 3507 obitum
606 3449 801 3506 solerti
829 3449 1136 3520 vigilantia
1164 3449 1610 3522 exspectabant,
1634 3467 1743 3523 pro
1767 3455 1886 3507 tam
1907 3451 1993 3506 di-

340 3537 505 3595 lectae
538 3538 752 3595 anima:
774 3538 1039 3596 remedio
1069 3554 1274 3611 preces
1303 3539 1675 3611 exsequiales
1720 3539 1990 3613 frequen-

341 3627 548 3685 tabant
574 3628 804 3685 devote.

411 3722 500 3774 45.
535 3721 662 3774 Non
691 3734 834 3789 ergo
862 3734 1023 3774 nunc
1062 3718 1296 3775 aestimo
1349 3718 1580 3775 silentio
1637 3723 1990 3792 praetereun-

340 3805 489 3866 dum
518 3807 782 3879 primum
812 3806 1005 3862 meriti
1033 3807 1163 3878 ejus
1193 3806 1500 3875 indicium,
1532 3808 1593 3864 in
1622 3808 1757 3880 ipso
1812 3808 1988 3866 beato

339 3895 506 3952 obitu
536 3897 652 3950 Deo
674 3899 820 3952 teste
841 3893 1228 3952 declaratum.
1262 3899 1411 3952 Nam
1439 3913 1597 3968 saepe
1619 3896 1811 3952 dictus
1841 3913 1990 3970 puer

339 3986 536 4041 Bruno
589 3983 652 4038 in
703 3983 886 4039 domo
925 3983 1130 4040 matris
1159 4001 1282 4040 suae
1307 3984 1479 4054 juxta
1505 3985 1814 4042 ecclesiam
1847 3989 1989 4044 San-

344 4071 419 4129 cti
447 4071 764 4142 Michaelis,
797 4071 1010 4128 eodem
1037 4077 1345 4129 momento
1384 4073 1671 4130 membris
1699 4091 1986 4147 praemor-

339 4160 476 4232 tuis,
508 4164 773 4216 extremo
798 4165 1032 4217 tantum
1054 4161 1261 4234 spiritu
1285 4161 1347 4217 in
1372 4168 1606 4234 pectore
1637 4162 1983 4236 palpitante,

336 4249 687 4322 desperatus
711 4249 981 4320 jacebat:
1009 4250 1110 4322 qui
1137 4249 1721 4306 resonantibusillico
1744 4268 1986 4325 campa-

334 4337 449 4409 nis,
477 4338 654 4410 quasi
684 4354 720 4394 a
747 4353 983 4393 sommo
1009 4337 1318 4407 evigilans,
1344 4338 1492 4410 quid
1522 4339 1636 4395 hoc
1667 4345 1820 4396 esset
1868 4346 1986 4396 stu-

333 4443 484 4501 pens
514 4427 847 4500 exquisivit.
875 4427 980 4483 Cui
1009 4443 1146 4483 cum
1171 4431 1361 4483 mater
1380 4427 1765 4485 dissimulans
1795 4434 1984 4485 matu-

335 4515 516 4574 tinale
545 4515 810 4573 officium
835 4515 1057 4587 signari
1078 4516 1317 4586 diceret,
1349 4516 1474 4588 ipse
1496 4533 1565 4574 ac
1594 4518 1641 4572 si
1662 4517 1981 4588 indignans

333 4607 540 4663 matris
571 4607 1013 4680 astantiumque
1043 4605 1340 4663 fallaciam
1369 4625 1381 4662 :
1417 4629 1443 4655 «
1471 4610 1584 4664 Cur
1619 4623 1735 4677 me,
1768 4608 1977 4680 inquit,

333 4695 530 4752 fallitis
549 4696 576 4751 ?
605 4698 720 4752 Cur
734 4695 1041 4752 veritatem
1072 4694 1269 4750 celatis
1294 4697 1321 4750 ?
1342 4697 1482 4750 Vere
1511 4711 1648 4750 cum
1669 4695 1783 4751 hoc
1812 4696 1981 4766 signo

334 4784 582 4841 dilectus
611 4783 897 4841 Dominus
926 4800 1096 4840 meus
1129 4783 1347 4839 emlum
1367 4783 1620 4854 scandit,
1653 4788 1708 4839 et
1731 4786 1982 4857 promis-

336 4875 576 4931 sionum
606 4891 872 4942 suarum,
895 4875 973 4930 ah
1007 4875 1018 4928 !
1050 4873 1127 4929 ab
1161 4874 1172 4928 ἰ
1208 4873 1526 4929 immemor
1555 4873 1844 4929 miserum
1883 4890 1980 4930 me

332 4963 585 5036 reliquit.
617 4963 864 5033 Surgite,
897 4961 993 5025 ait,
1028 4966 1083 5017 et
1104 4961 1341 5018 elevatis
1367 4960 1649 5019 manibus
1680 4961 1983 5017 cordibus-

331 5069 471 5126 que,
499 5053 628 5126 ejus
653 5051 932 5109 dilectam
954 5052 1219 5108 animam
1235 5051 1448 5106 divinae
1469 5051 1796 5107 clementize
1823 5069 1983 5108 com-

330 5142 693 5214 mendate,et
712 5146 777 5198 ut
803 5141 920 5197 mei
947 5141 1129 5197 modo
1157 5140 1492 5196 meminerit
1519 5139 1882 5196 obsecrato.»
1917 5144 1980 5198 Et

333 5230 574 5288 elevatis
604 5231 739 5287 nisu
767 5247 890 5304 quo
945 5230 1137 5304 potuit
1189 5230 1267 5286 ad
1321 5229 1539 5285 caelum
1593 5228 1818 5284 oculis:
1876 5253 1902 5279 ‹‹
1934 5231 1976 5286 Ο

331 5320 576 5393 praesul,
603 5320 812 5392 inquit,
845 5325 1066 5387 sancte,
1099 5336 1132 5374 0
1161 5322 1329 5375 Pater
1367 5318 1843 5386 clementissime,
1874 5335 1980 5391 per

332 5413 538 5487 ipsum
562 5413 617 5465 te
644 5409 858 5479 adjuro
885 5409 962 5466 ad
993 5425 1177 5481 quem
1196 5407 1388 5475 vadis,
1416 5413 1478 5464 ut
1507 5407 1667 5463 nunc
1695 5407 1978 5463 memine-

332 5500 415 5557 ris
432 5496 572 5566 mei,
600 5500 657 5551 et
675 5511 751 5550 ne
775 5511 871 5552 me
898 5497 959 5552 in
989 5512 1165 5552 carne
1193 5497 1319 5567 jam
1367 5500 1503 5569 post
1546 5500 1598 5552 te
1651 5495 1973 5567 relinquas,

333 5601 518 5661 quem
546 5588 743 5639 tecum
763 5583 841 5638 ad
878 5584 1133 5655 patriam
1172 5583 1391 5640 iturum
1417 5584 1637 5658 saapius
1690 5582 1976 5656 promise-

332 5691 485 5735 ras»
523 5671 608 5728 Illi
639 5675 941 5744 stupentes
971 5671 1192 5743 pariter
1217 5688 1285 5729 ac
1315 5676 1652 5742 maerentes,
1682 5671 1829 5726 dum
1853 5671 1976 5742 jus-

338 5763 493 5838 sioui
521 5762 649 5838 ejus
673 5761 1109 5838 obtemperant,
1129 5759 1227 5818 vix
1247 5776 1385 5821 eum
1410 5760 1641 5822 reﬂexis
1661 5759 1846 5823 oculis
1863 5765 1976 5823 sta-

2115 1845 2314 1897 noster
2344 1843 2659 1899 thesaurus
2689 1845 3042 1901 servabatur
3067 1847 3386 1919 processit,
3415 1864 3714 1922 eumque
3744 1850 3808 1904 ad

2114 1932 2544 1988 monasterium
2585 1935 2782 1990 Sancti
2810 1935 3125 2006 Michaelis,
3157 1940 3221 1993 ut
3241 1936 3374 2009 ipse
3397 1938 3636 1995 vivens
3670 1956 3810 2013 prae-

2114 2017 2452 2091 destinavit,
2482 2021 2746 2078 deduxit.
2781 2025 2910 2089 Quo
2967 2023 3117 2080 dum
3156 2028 3614 2099 appropiatur,
3680 2035 3808 2084 ante

2112 2109 2317 2176 portas
2343 2107 2473 2163 atrii
2497 2108 2679 2164 funus
2707 2109 2971 2166 defuncti
2989 2111 3256 2182 juvenis,
3288 2129 3440 2169 cum
3510 2131 3656 2172 non
3689 2131 3810 2171 mo-

2112 2192 2247 2250 dica
2272 2201 2591 2267 parentum
2621 2197 2962 2270 civiumque
2986 2199 3162 2256 turba
3182 2201 3529 2273 profertur,
3552 2204 3735 2277 quod
3764 2211 3812 2259 et

2112 2288 2246 2338 ante
2273 2285 2456 2357 pedes
2478 2286 2743 2360 episcopi
2769 2303 2876 2360 per
2896 2288 3222 2362 dispositas
3251 2291 3568 2349 ecclesias
3616 2311 3656 2350 a
3706 2295 3813 2350 mi-

2110 2373 2306 2428 nistris
2336 2374 2769 2432 circumfertur.
2803 2377 3072 2438 Quantus
3098 2395 3242 2435 vero
3272 2379 3589 2452 planctus
3621 2389 3684 2440 ct
3730 2383 3812 2440 la-

2109 2462 2416 2535 mentatio,
2434 2463 2525 2519 vel
2555 2464 2714 2531 cleri,
2742 2465 2836 2520 vel
2864 2466 3094 2539 populi,
3118 2467 3214 2523 vel
3233 2472 3422 2525 etiam
3444 2485 3814 2544 pauperum

2109 2549 2334 2606 ibidem
2360 2553 2660 2622 exstiterit,
2691 2554 2916 2626 ingenii
2947 2556 3136 2612 nostri
3166 2557 3471 2616 facundia
3507 2567 3684 2618 certe
3739 2562 3812 2618 ad

2108 2640 2512 2696 enarrandum
2538 2657 2660 2697 non
2688 2642 2923 2711 sufﬁcit,
2965 2644 3108 2717 quia
3151 2645 3214 2701 in
3271 2663 3403 2703 una
3467 2649 3812 2720 cujuslibet

2107 2732 2304 2783 mente
2333 2728 2428 2784 vel
2453 2745 2595 2785 voce
2641 2729 2837 2786 luctus
2885 2737 2942 2788 et
2991 2733 3190 2791 laetitia
3245 2736 3490 2808 pariter
3555 2742 3811 2796 sonuit:

2107 2814 2252 2870 dum
2277 2820 2519 2888 pectora
2543 2817 2813 2875 ﬁdelium
2843 2819 2917 2876 de
2945 2823 3227 2893 prmsenﬁ
3259 2841 3527 2896 mmror,
3577 2828 3664 2885 de
3719 2829 3812 2884 fu-

2106 2907 2237 2960 turo
2267 2905 2504 2977 pertulit
2532 2907 2822 2976 gaudium
2858 2927 2870 2977 ;
2903 2909 3066 2982 quia,
3109 2911 3286 2969 sicuti
3348 2921 3588 2972 sancto
3621 2920 3814 2974 Marti-

2105 3007 2184 3047 no
2215 2993 2466 3063 canitur,
2494 2995 2662 3067 pium
2692 3001 2818 3053 erat
2844 2996 3006 3068 flere,
3038 3004 3096 3055 et
3120 3000 3291 3073 pium
3325 3004 3646 3072 gaudere.
3697 3010 3813 3064 Me-

2104 3080 2214 3136 rito
2236 3097 2377 3151 ergo
2414 3082 2708 3153 flevimus,
2753 3085 2898 3157 quia
2965 3085 3146 3144 talem
3202 3095 3534 3162 pastorem
3595 3095 3812 3151 amisi—

2102 3185 2273 3237 mus;
2307 3169 2411 3226 sed
2441 3176 2496 3226 et
2514 3171 2648 3242 jure
2679 3172 3122 3244 gaudebamus,
3149 3178 3319 3250 quod
3351 3181 3555 3238 talem
3620 3183 3814 3240 inter-

2104 3273 2401 3314 cessorem
2431 3261 2853 3332 praemisimus.

2172 3351 2261 3405 47.
2296 3349 2512 3419 Vigiliis
2534 3350 2711 3420 igitur
2737 3351 2820 3408 ibi
2847 3368 2959 3426 pro
2988 3359 3195 3412 nostro
3243 3359 3518 3419 modulo
3585 3364 3818 3420 condi-

2101 3452 2217 3507 gne
2243 3439 2516 3510 peractis,
2540 3438 2786 3497 beatum
2827 3458 3046 3516 corpus
3097 3462 3280 3503 mane
3339 3449 3427 3505 ad
3496 3454 3821 3510 Sanctum

2100 3526 2401 3584 Andream
2431 3528 2757 3587 honoriﬁce
2779 3537 2866 3588 est
2889 3533 3179 3605 delatum,
3206 3536 3419 3612 ibique
3438 3541 3688 3600 oblatis
3709 3533 3819 3601 sa4

2100 3616 2353 3689 criﬁciis,
2384 3617 2522 3675 inde
2552 3620 2612 3674 in
2637 3620 2951 3695 principali
2998 3630 3206 3682 nostra
3227 3629 3499 3688 ecclesia
3527 3650 3686 3690 cum
3714 3636 3823 3691 de-

2098 3704 2222 3762 bita
2251 3709 2632 3765 veneratione
2662 3709 3038 3769 collocatum.
3099 3719 3162 3771 ln
3213 3719 3572 3778 crastinum
3634 3741 3818 3795 vero,

2091 3793 2475 3852 illucescente
2499 3798 2826 3868 Dominica,
2862 3817 2935 3856 ex
2964 3801 3218 3859 diversis
3277 3821 3390 3878 per
3447 3793 3819 3870 Saxoniam

2098 3884 2385 3939 coenobiis
2415 3885 2622 3942 fratres
2653 3892 2710 3944 et
2741 3905 2974 3945 sorores
3002 3891 3064 3947 in
3085 3891 3466 3967 obsequium
3499 3903 3668 3958 tanti
3699 3920 3819 3975 pa-

2100 3973 2255 4028 troni
2282 3981 2703 4043 convenerant,
2737 3977 2840 4048 qui
2860 3977 3309 4038 destitutionem
3337 3983 3492 4042 cleri
3516 3993 3585 4045 et
3616 3973 3820 4047 deso-

2094 4059 2378 4117 lationem
2399 4063 2628 4136 populi,
2655 4081 2724 4120 ac
2756 4067 3031 4135 generale
3081 4069 3545 4132 Christianismi
3609 4081 3818 4135 totius

2095 4149 2410 4242 damnum,
2439 4151 2639 4208 debita
2660 4151 3086 4213 lamentatione
3116 4157 3506 4220 deﬂeverant
3531 4183 3548 4220 :
3583 4158 3822 4242 sicque

2096 4238 2174 4294 ab
2205 4239 2487 4312 episcopo
2509 4241 2736 4298 missali
2780 4244 2979 4301 ofﬁcio
3037 4241 3436 4307 devotissime
3506 4238 3821 4326 peracto,

2097 4345 2333 4384 sacrum
2363 4329 2521 4386 beati
2543 4332 2651 4387 viri
2677 4349 2896 4405 corpus
2951 4335 3013 4390 in
3070 4338 3274 4395 medio
3319 4347 3551 4401 nostro
3579 4347 3822 4419 choro,

2095 4418 2494 4476 ecclesiastico
2518 4437 2703 4492 more,
2723 4426 2890 4478 terrae
2904 4429 2994 4480 est
3019 4425 3325 4501 collatum,
3342 4433 3526 4502 quod
3556 4418 3827 4494 ibidem

2095 4524 2285 4580 usque
2315 4509 2373 4564 in
2412 4510 2773 4566 hodiernum
2803 4512 2961 4568 diem
2979 4531 3016 4570 a
3045 4515 3326 4573 ﬁdelibus
3353 4520 3645 4598 Christi,j
3657 4534 3827 4583 uxta

2093 4599 2374 4654 humanm
2397 4599 2725 4669 fragilitatis
2775 4603 3252 4675 possibilitatem,
3315 4611 3660 4684 condigna
3727 4626 3828 4673 est

2091 4688 2419 4745 reverentia
2431 4690 2895 4762 frequentatum.
2921 4695 3187 4752 Prredicti
3210 4703 3421 4756 autem
3439 4706 3642 4775 pueri
3664 4724 3825 4765 cor-

2090 4777 2410 4850 pusculum
2440 4785 2575 4834 ante
2606 4780 3035 4838 occidentalem
3069 4786 3274 4859 templi
3304 4789 3681 4859 introitum,
3736 4801 3829 4856 ab

2091 4867 2299 4923 eodem
2333 4868 2614 4942 episcopo
2643 4871 2807 4942 prius
2856 4877 2943 4929 est
2972 4875 3314 4932 humatum.
3357 4879 3654 4943 Domina
3709 4907 3827 4946 ve-

2088 4973 2156 5012 ro
2185 4957 2423 5029 Sephia,
2452 4957 2525 5012 de
2557 4975 2678 5031 qua
2699 4960 2878 5017 etiam
2911 4979 3094 5036 supra
3117 4965 3459 5040 retulimus,
3504 4973 3666 5043 jam
3742 4981 3828 5035 tle

2090 5062 2199 5102 sua
2215 5047 2666 5118 praemonitione
2698 5049 2891 5118 magis
2923 5053 3239 5126 magisque
3273 5056 3572 5134 sollicita,
3612 5083 3826 5125 soro-

2088 5150 2181 5191 res
2199 5151 2338 5191 suas
2361 5152 2429 5191 ac
2450 5136 2833 5209 presbyteros
2856 5139 2955 5196 illo
2982 5158 3120 5197 cum
3136 5143 3571 5206 oblationibus
3593 5158 3830 5215 trans-

2087 5224 2263 5320 misit,
2289 5241 2539 5320 seseque
2564 5224 2720 5320 beati
2753 5228 2860 5284 viri
2881 5216 3106 5286 meritis
3127 5237 3185 5287 et
3205 5228 3501 5305 precibus
3540 5249 3828 5320 suppli-

2088 5315 2228 5370 citer
2253 5315 2550 5371 commisit
2579 5335 2591 5372 :
2623 5316 2824 5390 sicque
2857 5326 3359 5393 superventuram
3421 5315 3656 5390 beatté
3695 5315 3829 5397 Sla—

2085 5403 2190 5460 tris
2223 5404 2434 5461 Christi
2453 5407 2943 5503 Assumptionem
2975 5409 3154 5503 simul
3175 5416 3232 5503 et
3253 5416 3685 5483 Nativitatem
3709 5447 3830 5503 pa.

2087 5509 2232 5549 vens
2256 5495 2635 5567 exspectavit.
2667 5497 2809 5561 Quae
2841 5502 3064 5571 tamen,
3113 5499 3441 5576 incipiente
3504 5495 3826 5587 sequi-3n-

2087 5583 2127 5638 ti
2157 5597 2337 5651 anno,
2389 5583 2582 5640 triduo
2634 5589 2770 5640 ante
2822 5587 3306 5648 Puriﬁcationem
3359 5583 3640 5658 sanctas—
3690 5611 3826 5667 ua-

2085 5671 2204 5743 riae,
2252 5689 2324 5728 ex
2378 5673 2490 5728 hac
2537 5673 2660 5728 vita
2715 5675 3064 5744 emigravit:
3126 5679 3212 5734 sic
3263 5687 3320 5738 ct
3350 5681 3415 5739 in
3444 5684 3582 5745 hoc
3631 5696 3824 5756 Deus

2082 5758 2242 5822 beati
2289 5760 2472 5820 Patris
2524 5761 2904 5838 prophetiam
2947 5763 3177 5844 liquido
3234 5763 3624 5839 declaravit.
3683 5789 3824 5850 Nos
