3944 6390
84 339 229 393 “97

77 551 360 622 ejusdem
417 552 740 610 abbatissae
797 553 1066 610 animam
1123 553 1341 610 divinae
1385 549 1755 609 miserationi

80 641 311 715 saepius
341 642 769 699 commendare
801 643 1115 711 debemus,
1159 660 1296 716 qua:
1349 640 1757 711 congregatio-

78 749 227 789 nem
256 739 548 801 nostram,
580 734 728 790 dum
760 734 921 802 vixit,
953 734 1119 790 omni
1150 750 1390 806 semper
1441 731 1755 788 dilectione

78 822 380 895 percoluit
404 824 798 897 ejusdemque
844 823 1177 880 dilectionis
1224 828 1451 880 certum
1498 822 1756 878 testimo-

79 913 258 968 nium
284 914 537 987 posteris
569 913 824 986 reliquit.

156 1006 249 1059 48.
293 1006 372 1060 De
411 1004 716 1060 miraculis
769 1003 967 1074 igitur,
1027 1021 1162 1077 quae.
1212 1021 1318 1078 per
1366 1003 1527 1059 beati
1575 1001 1757 1057 Patris

82 1093 324 1160 merita,
351 1098 490 1166 post
512 1093 966 1149 dissolutionem
997 1094 1263 1166 corporis
1300 1093 1450 1164 ejus,
1496 1093 1555 1148 in
1603 1091 1759 1146 salu-

81 1187 209 1238 tem
243 1183 614 1239 credentium
646 1182 850 1238 divina
876 1183 1065 1255 pietas
1111 1183 1432 1238 clementer
1478 1180 1754 1250 ostendit,

81 1271 304 1327 melius
329 1287 528 1345 pauca
558 1288 743 1344 quam
784 1272 959 1344 plura
1011 1271 1328 1328 scribenda
1385 1271 1754 1344 putavimus,

80 1377 162 1417 ne
195 1366 302 1417 aut
331 1360 616 1417 studiosis
646 1366 750 1416 aut
773 1360 1086 1416 desidiosis
1121 1359 1548 1428 fastidium,vel
1577 1360 1758 1416 etiam

81 1450 436 1507 inﬁdelibus
508 1450 937 1506 incredulitatis
1004 1450 1336 1523 periculum
1398 1449 1756 1506 narrationis

80 1539 424 1613 prolixitate
457 1541 906 1596 contrahamus.
956 1539 1256 1612 Praecipue
1287 1544 1487 1595 tamen
1518 1543 1760 1612 propter

83 1628 389 1701 quasdam
442 1645 612 1685 vanae
667 1629 882 1685 mentis
932 1645 1244 1702 personas,
1292 1645 1428 1701 quae
1467 1629 1527 1684 in
1558 1632 1760 1684 nostra

82 1720 286 1792 patria
311 1720 528 1775 usitato
559 1735 724 1775 more
756 1736 862 1792 per
893 1736 1062 1775 sacra
1091 1719 1222 1774 loca
1247 1718 1672 1787 discurrentes,
1698 1734 1758 1772 se

1722 333 1876 388 VITA
1887 375 1898 386 .

78 475 332 534 quoque
356 466 679 536 quantum,
697 465 815 519 Deo
847 467 1168 531 annuente,
1198 477 1523 536 possumus
1543 459 1754 517 merito
1781 462 1826 513 A

3387 309 3521 397 1198

1934 463 2022 514 50.
2066 459 2331 516 Primum
2362 475 2628 534 namque
2661 459 2787 530 fuit,
2819 462 2986 534 quod
3033 467 3089 518 et
3130 469 3275 532 erat,
3328 471 3385 522 et
3439 471 3526 524 est

1862 548 2146 604 omnibus
2171 550 2574 607 notissimum.
2609 550 2867 616 Quidam
2889 551 2964 607 de
2991 554 3277 625 operariis
3307 560 3526 614 nostrae

1861 638 2146 710 ecelesiaa,
2177 641 2419 696 nomine
2453 641 2799 712 Luidgerus,
2838 659 2977 698 cum
2998 643 3057 698 in
3089 644 3350 700 ecclesiae
3379 648 3528 704 atrio

1865 730 2030 799 ligna
2062 731 2440 799 collocarent,
2475 733 2732 801 graviori
2761 733 3028 806 quadam
3061 735 3226 790 trabe
3253 736 3531 795 deciden-

1865 822 1940 886 te,
1973 819 2195 876 femore
2222 838 2361 878 cum
2390 822 2533 878 tibia
2559 827 2616 879 et
2640 822 2791 894 pede
2813 823 3233 880 miserabiliter
3253 828 3525 896 contrito,

1864 909 2101 982 penitus
2131 911 2474 968 debilitatus
2520 916 2628 968 est.
2681 915 2869 976 Quem
2900 913 3112 970 beatus
3141 917 3327 987 Pater,
3385 917 3532 991 quia

1865 999 2032 1071 prius
2061 1016 2199 1056 eum
2226 1001 2463 1082 fidelem
2497 1006 2553 1057 et
2582 1002 2785 1058 utilem
2830 1005 3130 1074 cognovit,
3186 1011 3322 1062 ante
3367 1025 3534 1064 men-

1867 1105 2000 1144 sam
2031 1105 2205 1145 suam
2231 1091 2498 1162 quotidie
2529 1108 2668 1146 cum
2691 1093 3060 1165 pauperibus
3092 1094 3169 1150 ad
3199 1095 3530 1169 eleemosy-

1866 1194 2011 1234 nam
2040 1179 2245 1235 sedere
2275 1181 2575 1254 praecepit.
2627 1181 2737 1248 Qui
2786 1182 2966 1238 miser
3009 1201 3186 1257 super
3215 1185 3533 1244 debilitatis

1869 1285 1988 1323 suae
2016 1269 2308 1335 dolorem,
2342 1271 2601 1339 graviori
2650 1278 2837 1327 semet
2885 1289 3140 1330 maerore
3195 1276 3412 1349 szepius
3452 1279 3535 1333 af-

1866 1357 2034 1423 ﬂixit,
2067 1357 2211 1430 quia
2241 1359 2317 1414 ad
2347 1376 2502 1432 opus
2532 1361 2625 1416 cui
2657 1361 3034 1433 mancipatus
3062 1368 3187 1419 erat
3214 1364 3369 1420 utilis
3401 1382 3532 1422 esse

1867 1463 1989 1502 non
2012 1449 2220 1519 potuit.
2251 1449 2553 1520 Quidquid
2585 1454 2783 1505 tamen
2827 1449 2921 1506 vel
2963 1451 3228 1508 sedendo
3281 1453 3374 1509 vel
3401 1470 3536 1527 pro-

1866 1536 2160 1608 reptando
2191 1553 2366 1607 agere
2398 1538 2608 1611 potuit,
2651 1539 2711 1594 in
2738 1540 2852 1595 hoc
2885 1557 2946 1595 se
2998 1541 3340 1600 voluntaria
3388 1544 3537 1600 utili-

1867 1629 1982 1680 tate
2011 1626 2312 1683 studiosus
2339 1629 2620 1697 exercuit,
2662 1647 2770 1686 nec
2815 1648 3061 1705 prorsus
3114 1633 3360 1708 aliquod
3390 1639 3536 1692 temé

1868 1731 2007 1787 pus,
2032 1715 2145 1772 nisi
2171 1734 2310 1774 cum
2341 1736 2626 1776 somnum
2652 1721 2745 1776 vel
2777 1721 2978 1779 cibum
2998 1730 3254 1797 caperet,
3281 1726 3533 1781 transire

85 1813 197 1865 aut
221 1826 432 1878 caecos,
462 1814 565 1865 aut
595 1808 843 1877 debiles,
873 1813 975 1864 aut
1022 1808 1291 1877 elingues
1325 1807 1415 1862 vel
1465 1813 1617 1863 certe
1658 1807 1762 1863 ob-
1793 1816 1833 1869 Β
1871 1805 1981 1861 sibi
2008 1807 2364 1879 patiebatur,
2405 1810 2554 1882 quin
2583 1827 2822 1884 semper
2868 1812 2928 1868 in
2973 1813 3174 1886 aliquo
3227 1815 3382 1871 utilis
3407 1832 3534 1871 esse

87 1917 292 1955 sessos
325 1905 543 1956 temere
576 1899 880 1971 simulant,
913 1905 968 1956 et
1000 1905 1136 1956 ante
1167 1899 1375 1955 altaria
1423 1899 1516 1954 vel
1570 1898 1764 1970 sepul-

85 2005 194 2045 cra
252 1995 619 2054 sanctorum,
675 2005 735 2044 se
768 2005 972 2045 coram
1017 1988 1244 2062 populo
1299 1988 1610 2050 volutates,
1655 2003 1762 2060 pu-

86 2078 348 2150 gnisque
380 2077 722 2145 tundentes,
766 2081 1008 2132 sanatos
1034 2077 1190 2132 illico
1239 2094 1300 2132 se
1333 2076 1710 2149 proclamant
1744 2093 1756 2130 :

85 2184 160 2223 ea
189 2167 414 2223 scilicet
442 2167 571 2224 sola
600 2183 830 2224 vesana
885 2167 1213 2240 voluptate,
1275 2171 1336 2222 ut
1390 2167 1472 2220 sic
1527 2170 1760 2222 tantum

84 2249 388 2328 majorem
421 2257 656 2330 stipem,
684 2256 780 2312 vel
809 2261 1111 2330 quaestum
1142 2273 1177 2313 a
1202 2256 1377 2330 plebe
1405 2255 1756 2328 percipiant.

84 2347 304 2420 Sicque
327 2347 412 2416 fit,
449 2352 510 2403 ut
538 2353 594 2403 et
622 2347 869 2403 beatum
900 2346 1094 2402 virum
1141 2346 1361 2420 saepius
1415 2346 1488 2401 de
1537 2345 1758 2402 talibus

85 2438 312 2494 dixisse
342 2437 766 2511 praemisimus,
818 2437 963 2510 quia
1005 2437 1349 2503 mendaces,
1408 2436 1618 2508 inquit,
1677 2435 1761 2493 fa-

86 2528 258 2583 ciunt
283 2531 348 2583 ut
370 2527 646 2583 veridicis
672 2527 770 2582 vix
812 2525 1106 2582 credatur.
1161 2529 1396 2582 Etcum
1448 2526 1508 2582 in
1557 2526 1762 2596 hujus-

84 2616 261 2674 modi
293 2616 527 2673 fallacia
551 2616 698 2674 tales
724 2615 955 2690 liquido
985 2616 1539 2690 deprehenduntur,
1581 2615 1759 2671 etiam

84 2703 246 2764 verae
279 2711 624 2763 sanctorum
651 2706 898 2763 virtutes
927 2706 988 2763 in
1036 2705 1437 2779 periculosam
1485 2706 1762 2777 despera-

87 2797 315 2853 tionem
342 2795 457 2852 hac
487 2795 788 2852 dubietate
824 2796 1241 2862 retrahuntur;
1289 2795 1383 2850 vel
1431 2799 1585 2850 certe
1616 2800 1672 2851 et
1700 2794 1761 2850 hi

87 2886 195 2959 qui
224 2901 362 2942 vere
394 2891 702 2953 sanantur,
736 2886 916 2943 etiam
961 2901 1086 2941 non
1143 2885 1340 2940 solum
1397 2902 1433 2941 a
1489 2883 1759 2958 perfidis,

89 2976 199 3033 sed
258 2982 316 3032 et
373 2975 672 3032 interdum
737 2993 774 3033 a
826 2975 1104 3032 ﬁdelibus
1153 2975 1358 3031 fallere
1415 2975 1759 3043 creduntur,

87 3067 247 3122 sicut
274 3066 482 3140 utique
521 3065 698 3122 nobis
745 3067 820 3122 de
867 3066 1138 3140 q'iadam
1177 3065 1530 3122 muliercula
1558 3064 1762 3139 palam

94 3153 281 3211 venit.

164 3248 256 3301 49.
306 3243 501 3300 Primo
527 3259 792 3318 namque
825 3243 1090 3317 praedicti
1118 3242 1304 3300 nostri
1346 3243 1620 3300 antistitis
1662 3247 1766 3300 He-

93 3333 305 3390 lizonis
335 3333 464 3406 [al.,
500 3333 816 3405 Hetelonis]
848 3334 962 3406 (72)
990 3348 1173 3403 anno,
1197 3332 1256 3389 in
1288 3333 1531 3406 speciali
1561 3338 1766 3390 nostra

90 3422 426 3490 festivitate,
458 3421 517 3478 id
544 3428 632 3478 est
680 3423 740 3479 in
798 3422 1222 3496 Assumptione
1283 3427 1504 3478 sanctae
1550 3422 1763 3483 Mariae,

92 3527 249 3568 anus
275 3510 560 3584 quaedam
591 3511 766 3567 nobis
793 3512 1017 3580 ignota,
1043 3510 1238 3567 velato
1269 3511 1766 3584 capite,nubilata

90 3601 266 3667 facie,
298 3605 434 3656 ante
463 3600 808 3673 sepulcrum
829 3600 989 3657 beati
1031 3599 1142 3655 viri
1174 3615 1235 3654 se
1267 3600 1536 3672 projecit,
1562 3599 1764 3672 ibique

93 3691 379 3763 praedicto
409 3690 739 3747 amentium
768 3706 954 3757 more,
979 3689 1205 3746 diutius
1222 3688 1488 3744 volutata
1518 3689 1763 3746 tandem

92 3780 412 3854 prosiliens
471 3797 532 3835 se
583 3796 690 3854 per
738 3779 958 3836 multos
1015 3794 1208 3836 annos
1267 3795 1489 3835 cmcam
1539 3778 1764 3834 ibidem

99 3875 243 3926 tunc
300 3869 699 3925 illuminatam
755 3868 1169 3942 proclamavit.
1230 3869 1359 3934 Quo
1413 3867 1614 3924 statim
1671 3882 1766 3922 ru-

90 3974 264 4017 more
294 3957 630 4028 diffamato,
664 3957 857 4014 clerus
884 3958 1266 4032 populusque
1288 3957 1604 4024 concurrit,
1637 3957 1763 4029 ipse

90 4048 275 4106 etiam
309 4047 629 4120 episcopus
661 4047 922 4102 advenit.
949 4050 1218 4120 Cumque
1230 4047 1360 4118 jam
1391 4045 1467 4102 ad
1495 4046 1764 4116 agendas

90 4136 483 4212 publice_Deo
509 4136 732 4206 gratias
760 4141 1176 4210 properarent,
1229 4137 1386 4192 cives
1432 4135 1614 4200 illius,
1661 4135 1765 4208 qui

91 4207 235 4285 eam
265 4207 432 4299 pﬁus
461 4207 779 4294 noverant,
809 4207 1065 4300 eamque
1114 4226 1174 4282 in
1223 4227 1574 4299 hujusmodi
1604 4207 1766 4282 falsi-

92 4321 216 4375 tate
249 4316 468 4388 saepius
492 4321 867 4383 notaverant,
895 4320 1205 4386 venerunt,
1234 4317 1336 4388 qui
1366 4316 1528 4373 illam
1561 4321 1616 4372 ct
1646 4333 1768 4372 mo-

93 4405 178 4462 do
204 4411 261 4462 et
292 4422 449 4479 szepe
494 4406 673 4462 etiam
717 4410 895 4462 antea
939 4405 1078 4461 talia
1116 4406 1428 4462 mentitam
1481 4406 1768 4462 veraciter

93 4496 400 4586 dixerunt.
436 4499 497 4551 In
523 4511 877 4586 quamcum
919 4496 1050 4568 jam
1099 4496 1362 4586 populus
1412 4496 1644 4567 merito,
1704 4500 1768 4552 ut
1797 4532 1841 4586 Β

97 4585 258 4642 male
292 4589 660 4656 tractaretur,
707 4583 1062 4655 insurgeret.
1115 4601 1152 4639 a
1202 4583 1360 4640 clero
1408 4589 1610 4640 tamen
1656 4601 1767 4658 pro

97 4675 263 4733 beati
291 4675 590 4750 pontificis
623 4675 1006 4730 veneratione
1053 4675 1320 4743 defensa,
1381 4675 1632 4732 confusa
1688 4675 1772 4730 di-

103 4766 334 4832 scessit,
362 4769 419 4820 et
447 4780 752 4838 nusquam
781 4765 958 4820 nobis
991 4770 1200 4838 postea
1231 4765 1587 4838 comparuit.
1629 4765 1775 4822 Tali-

101 4856 219 4912 bus
250 4869 395 4925 ergo
424 4853 692 4921 fallaciis,
723 4858 899 4910 cauta
941 4853 1417 4910 consideratione
1462 4858 1599 4926 post
1645 4855 1772 4910 hzec

103 4945 399 5012 devitatis,
455 4943 730 5016 pluribus
788 4943 1134 5013 ignotorum
1181 4943 1371 5011 dictis,
1429 4960 1562 5016 quae
1620 4950 1774 5000 certe

104 5052 250 5093 vera
279 5048 408 5089 esse
438 5037 734 5107 poterant,
767 5031 1104 5090 dubitando
1135 5033 1547 5099 dissimulatis,
1600 5033 1676 5090 ad
1704 5050 1776 5090 ea

102 5122 535 5183 tantummodo
589 5122 717 5179 sola
769 5138 903 5196 qua}
955 5126 1298 5194 praesentes,
1359 5121 1598 5177 veritate
1677 5122 1776 5178 Dei

103 5218 282 5283 teste,
334 5211 619 5278 vidimus,
670 5209 764 5266 vel
808 5227 944 5283 quae
971 5214 1125 5265 certe
1170 5209 1248 5266 ab
1280 5209 1373 5264 his
1406 5208 1773 5278 audivimus,

101 5319 266 5378 quos
292 5316 535 5357 veraces
555 5300 617 5356 in
649 5299 858 5356 timore
895 5299 1126 5355 Domini
1172 5299 1590 5371 cognovimus,
1643 5316 1778 5356 nar-

102 5391 358 5453 rationis
385 5395 607 5446 nostrze
639 5389 855 5446 seriem
885 5387 1274 5445 intendimus.

182 5553 406 5624 (72),]57
443 5567 474 5607 e
526 5549 856 5624 prteposito
915 5549 1272 5606 Goslariensi
1321 5549 1381 5606 in
1429 5549 1781 5623 episcopum

109 5622 691 5682 Hilde'sheimensem
773 5627 1122 5693 assumptus
1177 5626 1291 5694 est
1341 5622 1484 5694 post
1529 5628 1783 5694 mortem

109 5696 338 5753 Azelini
394 5709 559 5752 anno
622 5695 795 5760 105i;
851 5691 1040 5763 quam
1089 5693 1294 5748 sedem
1341 5691 1515 5749 annis
1578 5691 1784 5761 viginti

112 5768 386 5850 quinque
403 5765 692 5850 .obtinuit,
717 5779 788 5821 ac
817 5763 1084 5846 sepultus
1114 5770 1204 5850 est
1227 5764 1289 5820 in
1320 5763 1787 5850 ecclesia'sancti

109 5834 378 5905 Kaurfcii
400 5837 463 5897 in
504 5839 729 5908 monte,
760 5834 947 5911 quam
967 5836 1164 5914 primo
1193 5849 1304 5919 pro
1329 5834 1691 5899 monialibus
1717 5849 1786 5894 ac

1869 1895 2186 1954 videretur.
2220 1899 2606 1955 Consuetudo
2636 1916 2904 1974 namque
2924 1901 3138 1959 dilecto
3160 1910 3366 1961 nostro
3387 1921 3537 1978 pon-

1868 1984 2009 2040 tifici
2039 1986 2233 2043 fuitut
2261 1988 2564 2061 puerulos,
2599 1991 2690 2046 vel
2718 1991 2897 2047 etiam
2946 2009 3242 2066 pauperes
3285 1995 3535 2050 validio-

1869 2091 1983 2143 res,
2037 2077 2255 2150 saepius
2312 2095 2418 2151 per
2476 2079 2708 2151 plateas
2754 2081 2849 2136 vel
2907 2082 3178 2140 defossas
3230 2090 3537 2157 petrarum

1868 2165 2073 2222 foveas
2095 2173 2316 2236 ageret,
2349 2169 2454 2242 qui
2486 2169 2600 2225 sibi
2638 2170 2880 2244 lapillos
2926 2172 3192 2230 minutos
3235 2174 3537 2247 quosdam

1868 2255 2026 2311 nivei
2054 2257 2289 2323 coloris,
2322 2257 2412 2312 vel
2441 2258 2616 2328 nigri,
2648 2260 2742 2315 vel
2768 2259 2956 2331 rubri,
2981 2261 3286 2318 interdum
3315 2263 3410 2320 vel
3438 2281 3539 2321 va-

1868 2345 1936 2400 rii
1965 2345 2283 2416 deferrent,
2314 2363 2470 2420 quos
2495 2348 2622 2420 ipse
2653 2349 2923 2406 elimatos
2972 2355 3028 2407 et
3059 2351 3298 2424 politos,
3350 2353 3542 2411 varia-

1869 2449 1985 2508 que
2017 2435 2342 2503 collisione,
2379 2437 2473 2492 vel
2503 2438 2926 2496 confricatione
2974 2441 3037 2496 in
3087 2441 3539 2501 similitudinem

1868 2525 2268 2598 pretiosorum
2300 2526 2570 2598 lapidum
2601 2529 2897 2600 redactos,
2952 2534 3056 2586 aut
3107 2531 3169 2587 in
3221 2531 3533 2602 altaribus,

1868 2618 1972 2670 aut
1995 2613 2182 2681 libris,
2214 2620 2317 2670 aut
2365 2616 2580 2688 capsis,
2619 2618 2872 2674 honeste
2914 2618 3247 2677 collocavit.
3304 2622 3369 2678 In
3412 2639 3535 2694 quo

1867 2701 2155 2758 nimirum
2186 2717 2363 2775 opere
2395 2703 2717 2775 praedictus
2748 2705 2843 2762 ille
2870 2723 3104 2780 pauper
3147 2725 3207 2764 se
3253 2710 3536 2783 privatim

1868 2793 2148 2861 exercuit,
2182 2797 2238 2849 et
2267 2798 2616 2850 caeterorum
2647 2795 3004 2854 industriam
3057 2799 3272 2856 utiliter
3312 2816 3537 2873 praeve-

1869 2881 1976 2951 nit,
2004 2887 2060 2937 et
2084 2898 2194 2955 pro
2240 2882 2577 2939 curiositate
2626 2885 2745 2955 tali,
2793 2887 3078 2960 episcopo
3110 2889 3345 2962 penitus
3376 2907 3537 2946 com-

1867 2970 2113 3045 placuit.
2169 2972 2473 3028 Interdum
2522 2977 2722 3030 autem
2770 2980 2827 3031 et
2864 2976 3193 3048 pictoribus
3237 2984 3294 3035 et
3322 2979 3404 3036 eis
3430 2980 3536 3053 qui

1869 3061 2022 3118 vitro
2050 3062 2336 3118 fenestras
2367 3063 2834 3136 componebant,
2887 3083 2948 3122 se
2997 3067 3335 3142 admiscuit,
3386 3069 3537 3127 inter

1821 3172 1835 3226 ι
1871 3165 2026 3224 quos
2055 3151 2236 3207 etiam
2266 3151 2483 3208 utiliter
2512 3168 2803 3226 operosus
2833 3155 3068 3212 exstitit.

1943 3245 2030 3297 51.
2066 3243 2242 3298 Beato
2270 3255 2411 3296 vero
2442 3243 2724 3315 pontifice
2751 3259 2824 3300 ex
2843 3245 2957 3301 hac
2976 3245 3108 3303 luce
3137 3247 3536 3322 sublato,ipse

1873 3330 2160 3386 detonsus
2191 3329 2456 3387 etlaneis
2485 3331 2747 3401 indutus,
2805 3350 2984 3391 carne
3029 3340 3086 3392 et
3137 3337 3368 3410 reliqua
3410 3337 3536 3395 lau-

1871 3421 2018 3477 tiore
2056 3419 2372 3477 refectione
2406 3422 2732 3488 abstinens,
2762 3425 2840 3479 ad
2872 3425 3215 3498 sepulcrum
3239 3429 3367 3499 ejus
3399 3445 3538 3485 con-

1871 3509 2003 3566 tulit
2029 3527 2112 3572 se,
2139 3509 2341 3582 ibique
2370 3516 2492 3566 tam
2519 3511 2870 3568 custodibus
2901 3531 3089 3587 quam
3131 3520 3187 3571 et
3216 3519 3441 3573 castoris
3471 3516 3537 3573 ii-

1871 3597 2125 3664 delibus,
2154 3602 2382 3669 quanta
2411 3599 2603 3671 potuit
2627 3598 2930 3670 fidelitate,
2961 3601 3212 3671 servivit,
3237 3608 3293 3659 et
3311 3611 3538 3677 postre-

1871 3701 1994 3756 mo,
2025 3687 2533 3742 consentientibus
2568 3688 2889 3761 magistris,
2920 3693 3106 3747 totam
3148 3693 3407 3765 sepulcri
3437 3711 3535 3751 cu-

1872 3775 2128 3831 stodiam
2154 3775 2392 3848 penitus
2424 3776 2756 3850 usurpavit.
2785 3778 2889 3834 Vix
2922 3783 3123 3837 tamen
3151 3780 3334 3838 debili
3364 3800 3536 3841 crure

1870 3865 2034 3935 ligno
2067 3870 2416 3938 sustentato,
2443 3867 2674 3940 reliquo
2722 3884 2862 3925 vero
2913 3886 3163 3944 corpore
3201 3873 3419 3930 baculo
3445 3893 3540 3932 su—

1871 3953 2112 4011 blevato
2141 3953 2258 4011 tale
2303 3955 2667 4029 obsequium
2720 3959 3000 4016 exercuit.
3057 3965 3335 4020 Attamen
3388 3965 3540 4021 vires

1871 4060 2026 4118 quas
2054 4045 2392 4102 invalitudo
2420 4046 2762 4120 denegavit,
2784 4047 3108 4108 obcdiendi
3151 4053 3388 4112 devotio
3437 4054 3544 4112 mi¢

1874 4133 2160 4192 nistravit.
2196 4136 2467 4193 Psalmos
2497 4138 2721 4211 quippe
2761 4156 2884 4196 non
2911 4147 3180 4212 noverat,
3233 4145 3420 4202 verba
3464 4151 3544 4203 ta«

1875 4242 2017 4282 men
2069 4243 2205 4298 quae
2258 4225 2531 4282 fidelium
2586 4230 2928 4287 narratione
2984 4232 3078 4288 vel
3135 4233 3544 4292 admonitione

1874 4319 2244 4389 perceperat,
2295 4315 2570 4372 devotius
2629 4316 3022 4390 invigilando,
3083 4323 3419 4396 saepiusque
3481 4323 3544 4380 in

1877 4405 2132 4461 modum
2162 4405 2370 4472 venite,
2403 4404 2672 4462 fidelium
2707 4425 2874 4464 more
2904 4409 3347 4479 decumbendo,
3391 4413 3546 4470 solli-

1879 4495 2029 4550 citus
2055 4492 2498 4566 frequentabat.
2535 4496 2665 4560 Quo
2694 4494 2922 4554 ibidem
2971 4499 3031 4555 in
3074 4498 3187 4556 hac
3236 4501 3545 4560 sedulitate

1878 4583 2110 4639 ﬁrmius
2132 4583 2514 4657 perdurantc,
2542 4591 2599 4642 et
2623 4585 2834 4643 altiora
2864 4593 3161 4660 quantum
3186 4591 3264 4646 ad
3315 4608 3375 4648 se
3415 4609 3549 4666 pro-

1879 4675 2054 4730 ﬁcere
2086 4678 2413 4746 satagcntc,
2430 4675 2701 4748 quadam
2719 4676 2814 4732 die
2839 4678 3082 4735 Sabbati
3098 4679 3177 4736 ad
3207 4698 3546 4756 vesperam,

1880 4763 2029 4819 dum
2059 4763 2121 4819 in
2151 4763 2336 4820 choro
2366 4765 2707 4839 vespertina
2737 4765 2870 4823 laus
2909 4767 3162 4842 canitur,
3208 4770 3339 4843 ipse
3377 4772 3551 4838 juxta

1882 4851 2226 4926 sepulcrum
2275 4854 2616 4926 pontificale
2667 4858 3079 4930 prosternitur,
3133 4863 3190 4915 et
3216 4859 3300 4916 ibi
3327 4848 3550 4918 diutius

1884 4944 1988 4999 aut
2008 4959 2244 5011 somno,
2261 4947 2364 5000 aut
2384 4946 2604 5002 exstasi
2630 4946 2804 5019 quasi
2847 4946 3176 5004 immobilis
3229 4949 3550 5017 detinetur,

1886 5037 1961 5102 et,
2008 5037 2072 5088 ut
2096 5033 2222 5104 ipse
2253 5039 2464 5106 postea
2519 5034 2839 5106 fatebatur,
2879 5036 3237 5094 intolerabili
3285 5041 3554 5112 quadam

1885 5119 2301 5178 membrorum
2329 5138 2396 5178 ac
2420 5139 2747 5180 nervorum
2776 5125 3141 5183 distensione
3187 5128 3279 5184 vel
3325 5134 3557 5188 contra-

1886 5206 2080 5266 ctione
2111 5208 2482 5266 invisibiliter
2512 5214 2830 5269 cruciatur.
2865 5214 2979 5270 Sed
3007 5215 3176 5274 ﬁnita
3200 5217 3378 5276 laude
3410 5237 3559 5294 qua-

1888 5298 1938 5354 si
1964 5303 2282 5370 soporatus
2315 5301 2584 5369 surrexit,
2645 5307 2702 5358 et
2756 5301 2920 5359 velut
2971 5303 3109 5378 plus
3163 5307 3336 5366 solito
3378 5325 3560 5381 aegro-

1888 5392 2045 5458 tans,
2076 5389 2177 5444 vix
2207 5388 2620 5448 habitaculum
2666 5393 2918 5466 repetiit.
2967 5396 3294 5473 Statimque
3340 5399 3560 5460 lectulo

1892 5549 2110 5622 deinde
2137 5565 2246 5622 pro
2272 5552 2580 5609 canonicis
2612 5554 2912 5612 fundarat.
2953 5558 3137 5616 Porro
3163 5565 3369 5619 monet
3417 5565 3562 5620 Hen-

1894 5621 2175 5678 scheniu’s
2205 5623 2497 5682 nonnulla
2525 5625 2620 5681 hic
2650 5627 2712 5682 in
2761 5628 2968 5685 codice
3017 5633 3334 5689 Graeciensi
3362 5634 3437 5689 de
3469 5634 3564 5690 tri-

1895 5693 2011 5748 bus
2072 5694 2128 5749 S.
2162 5695 2846 5774 gpdehardi__proximis
2877 5706 3347 5774 successoribus,
3378 5706 3562 5761 Tbiet-

1895 5765 2339 5898 rhnggriscilicet,
2372 5765 2651 5842 Akelino,
2705 5777 2763 5830 et
2809 5773 3084 5838 Helizone
3124 5792 3231 5845 seu
3257 5765 3556 5848 Ethelone,
