3944 6382
432 277 568 336 H99

1346 274 1403 334 S.
1447 271 1908 334 GODEHARDDI
1947 269 2259 328 EPISCOPI
2301 266 2949 334 HILDESHEIMENSIS.

3736 276 3755 335 Ι
3769 282 3860 335 ΞΟΟ

426 402 761 462 collocabat
788 418 871 472 se,
904 399 960 460 et
989 410 1096 477 per
1130 406 1317 459 totam
1358 405 1598 458 noctem
1651 401 1711 457 in
1753 399 1854 456 illa
1898 413 2085 454 mem-
2116 397 2163 452 Α
2205 394 2438 453 obitum
2463 398 2593 469 ejus
2623 399 2997 474 episcopales
3025 403 3222 457 curtas
3250 415 3419 458 more
3455 401 3628 459 solito
3658 403 3860 462 circui-

423 493 674 551 brorum
694 493 1074 550 distractione
1104 491 1315 548 durius
1354 490 1672 548 laborabat
1700 508 1713 547 :
1748 489 1856 546 sed
1903 485 2087 562 paulo

421 590 559 644 ante
588 583 952 641 matutinum
979 581 1224 638 tandem
1251 580 1480 655 sopitus
1507 580 1811 648 dormivit,
1834 582 1891 636 et
1929 593 2087 634 som-

420 673 589 730 nium
619 673 680 729 in
710 688 833 746 quo
864 686 1106 742 surgere
1136 675 1193 727 et
1221 669 1300 726 ad
1327 669 1641 727 ecclesiam
1685 668 1764 727 ad
1812 667 2084 739 agendas

418 765 538 819 Deo
565 761 787 831 gratias
815 775 1140 834 properare
1164 760 1372 831 jussus
1402 763 1490 815 est
1515 758 1677 815 vidit.
1725 760 1950 814 Somno
1998 759 2084 812 ta-

416 868 555 908 men
582 850 699 908 cito
730 850 956 907 excitus
982 848 1255 919 surrexit,
1278 864 1542 922 moxque
1558 852 1790 905 remoto
1811 844 2084 904 femorali

415 941 845 1012 sustentaculo,
885 941 1226 1014 rejectoque
1254 939 1494 1008 baculo,
1541 938 1879 997 matutinali
1930 938 2083 994 hora

412 1037 472 1090 et
499 1032 817 1090 ecclesiam
844 1031 1102 1099 intravit,
1132 1034 1189 1087 et
1216 1046 1423 1087 coram
1448 1029 1731 1086 omnibus
1754 1032 1941 1086 Deum
1967 1027 2083 1084 evi-

412 1123 578 1180 denti
605 1121 973 1196 professione
1002 1120 1287 1187 laudavit,
1315 1124 1372 1175 et
1395 1118 1789 1192 postmodum
1810 1118 1875 1175 in
1894 1118 2081 1175 ﬁnem

412 1212 545 1269 vitae
575 1209 912 1281 incolumis,
942 1214 1170 1284 quanto
1201 1209 1446 1280 diutius,
1478 1212 1645 1266 tanto
1669 1208 1943 1265 devotius
1969 1207 2081 1263 mi-

412 1301 705 1358 nistravit.

482 1395 570 1447 52.
614 1390 817 1448 Mulier
846 1390 1025 1447 etiam
1055 1387 1362 1464 quredam,
1388 1389 1635 1447 nomine
1657 1387 1929 1458 Mersvid,
1953 1404 2079 1444 om-

406 1478 588 1536 nibus
619 1478 939 1535 nobiscum
978 1477 1504 1535 commanentibus
1547 1477 1881 1547 notissima,
1938 1493 2075 1549 quae

405 1585 514 1643 per
541 1567 763 1626 multos
792 1584 986 1625 annos
1013 1567 1252 1626 errabat
1276 1567 1549 1638 caeca,ad
1569 1568 1731 1625 idem
1753 1567 1913 1624 beati
1928 1583 2077 1640 prae-

406 1658 552 1716 sulis
584 1658 951 1733 sepulcrum,
969 1657 1028 1715 in
1059 1658 1387 1715 crastinum
1409 1662 1548 1731 post
1587 1656 2076 1731 Assumptionem

403 1753 626 1807 sancta:
644 1748 857 1820 Mariae,
880 1764 1085 1805 coram
1103 1748 1260 1807 clero
1277 1753 1333 1805 et
1346 1748 1574 1823 populo
1607 1751 1696 1805 est
1718 1746 2071 1803 illuminata.
2106 1764 2145 1817 Β

474 1844 562 1897 53.
605 1838 861 1904 Quidam
890 1854 1135 1913 quoque
1182 1838 1440 1895 rusticus
1495 1837 1569 1895 de
1617 1854 1780 1912 pago
1811 1835 2073 1894 ecclesiae

399 1929 507 2004 qui
538 1927 858 1987 Holthlaon
887 1928 1121 1998 dicitur,
1144 1928 1390 1986 nomine
1406 1927 1598 1985 Emko
1626 1927 1918 2000 [Deniko],
1946 1926 2077 1983 diu-

398 2020 528 2077 tina
554 2019 898 2076 inﬁrmitate
927 2015 1346 2076 miserabiliter
1370 2018 1682 2089 fatigatus,
1717 2017 2073 2075 contractio-

398 2125 475 2166 ne
506 2108 858 2165 lumborum
888 2124 997 2181 per
1023 2108 1246 2164 multos
1276 2123 1472 2163 annos
1500 2112 1589 2163 est
1608 2122 1851 2163 crurum
1873 2104 2072 2163 ofﬁcio

400 2197 691 2271 spoliatus
742 2213 755 2251 :
810 2196 916 2269 qui
961 2195 1207 2253 tandem
1233 2195 1313 2251 ad
1351 2195 1461 2252 viri
1490 2195 1683 2252 sancti
1711 2194 2071 2252 memoriam

398 2285 759 2342 baculorum
808 2284 1240 2341 sustentatione
1289 2283 1389 2341 vix
1440 2284 1589 2340 dum
1658 2283 2069 2357 proreptando

396 2375 685 2450 pervenit,
712 2373 916 2447 ibique
947 2374 1009 2430 in
1040 2373 1452 2430 anniversario
1482 2373 1613 2445 ejus
1637 2372 1733 2430 die
1771 2373 2067 2443 integram

398 2466 718 2523 sanitatem
749 2481 954 2522 coram
988 2464 1147 2521 clero
1176 2468 1233 2522 et
1257 2464 1507 2539 populo,
1557 2464 1843 2522 omnibus
1886 2464 2065 2521 nobis

394 2554 765 2612 intuentibus
793 2554 1032 2628 recepit.

468 2648 556 2701 34.
601 2642 826 2701 Nobilis
852 2659 995 2700 vero
1025 2642 1309 2717 quaedam
1336 2642 1560 2700 femina
1582 2659 1705 2699 non
1733 2642 1960 2715 ignota,
1988 2642 2063 2700 de

394 2738 747 2809 episcopatu
802 2733 1194 2800 Mindonensi,
1255 2732 1430 2791 Siuve
1477 2734 1743 2807 nomine,
1797 2732 2063 2806 puellam

391 2824 592 2881 fratris
643 2822 737 2879 sui
784 2823 971 2879 filiam
1019 2822 1286 2892 nutrivit,
1340 2838 1529 2897 quam
1568 2823 1630 2880 in
1676 2822 1879 2880 locum
1923 2822 2061 2880 tiliae

393 2915 748 2988 adoptatam
779 2912 985 2969 intime
1024 2911 1229 2969 dilexit
1279 2930 1292 2968 :
1340 2930 1476 2986 quae
1509 2912 1867 2983 gravissima
1896 2911 2061 2969 inﬁr-

391 3004 597 3060 mitate
627 3006 955 3076 praeventa,
986 3001 1306 3074 periclitari
1336 3002 1536 3074 coepit,
1594 3006 1651 3057 et
1694 3000 1870 3074 quasi
1915 3018 2063 3074 prae-

389 3096 630 3150 mortua
657 3091 846 3147 biduo
874 3090 1168 3147 exanimis
1201 3090 1461 3162 jacebat.
1509 3090 1868 3165 Propinquis
1916 3106 2060 3147 vero
2090 3124 2131 3180 ρ

390 3197 531 3238 cum
576 3179 803 3237 familia
854 3181 911 3235 et
964 3177 1195 3234 civibus
1250 3176 1673 3246 assidentibus,
1724 3183 1782 3235 et
1828 3182 2060 3235 tantam

387 3269 603 3345 puellae
678 3267 1038 3340 elegantiam
1115 3283 1226 3341 pro
1306 3266 1621 3339 multiplici
1676 3266 2059 3324 miseratione

393 3375 599 3417 amare
618 3357 1002 3425 deﬂentibus,
1035 3372 1190 3413 anus
1219 3355 1527 3429 quaadam,
1576 3372 1713 3429 qua;
1760 3355 1836 3412 ad
1869 3356 2058 3413 eccle-

387 3449 541 3509 siam
572 3447 888 3516 serviebat,
938 3446 1013 3503 de
1054 3445 1351 3502 memoria
1397 3444 1587 3501 nostri
1639 3444 1911 3519 praesulis
1939 3462 2059 3503 ser-

384 3555 629 3597 monem
654 3537 888 3609 habuit,
919 3539 975 3592 et
1002 3534 1258 3609 qualiter
1286 3534 1366 3591 ad
1405 3535 1535 3606 ejus
1565 3534 1866 3591 tumulum
1894 3534 2057 3592 inﬁr-

384 3630 469 3687 mi
498 3646 604 3704 per
640 3627 912 3686 divinam
966 3624 1417 3682 miserationem
1472 3628 1830 3681 sanarentur
1872 3640 2055 3698 expo-

386 3720 523 3777 suit.
556 3718 740 3790 Cujus
770 3714 1182 3775 admonitione
1212 3713 1462 3771 domina
1499 3713 1633 3787 ipsa
1663 3719 2049 3787 compuncta,

380 3805 720 3862 matutinali
771 3809 1040 3879 tempore
1090 3802 1403 3860 ecclesiam
1453 3800 1712 3871 intravit,
1759 3806 1814 3857 et
1843 3818 2051 3859 coram

381 3894 551 3952 altari
578 3898 897 3968 prostrata,
924 3892 1187 3967 profusis
1217 3890 1520 3966 lacrymis,
1548 3894 1687 3959 Deo,
1704 3896 2051 3965 sanctreque

379 3982 594 4051 Mariae,
627 3986 684 4039 et
707 3981 867 4039 beati
894 3982 1074 4039 etiam
1107 3979 1379 4055 praesulis
1410 3983 1650 4049 animae,
1691 3996 1803 4054 pro
1832 3981 2049 4038 eadem

379 4088 491 4129 sua
519 4075 697 4146 nepte
727 4071 1063 4128 oblationes
1095 4071 1304 4127 intima
1330 4069 1649 4126 devotione
1675 4070 1951 4139 devovit;
1993 4076 2051 4129 et

378 4162 685 4232 continuo,
715 4165 782 4218 ut
811 4160 944 4234 ipsa
972 4159 1149 4217 nobis
1186 4159 1389 4216 ﬂendo
1414 4158 1658 4232 juravit,
1699 4160 2045 4232 regrediens

375 4250 640 4325 puellam
683 4250 814 4323 jam
852 4249 1177 4320 videntem,
1234 4249 1363 4321 jam
1416 4248 1762 4322 loquentem
1807 4249 2044 4323 reperit,

371 4357 508 4415 quae
530 4339 914 4397 refectionem
938 4339 1124 4414 petiit,
1157 4343 1214 4394 et
1241 4338 1491 4411 accepit,
1523 4342 1598 4409 et,
1658 4337 1887 4395 Christo
1933 4355 2045 4412 pro

369 4430 532 4489 beati
558 4430 667 4488 viri
718 4429 943 4487 meritis
984 4433 1310 4493 annuente,
1371 4427 1689 4484 sanitatem
1746 4428 2043 4499 integram

367 4521 611 4595 recepit.
646 4523 836 4588 Quam
868 4519 1053 4577 amita
1090 4519 1299 4593 ipsius,
1358 4518 1570 4593 quinto
1626 4523 1765 4591 post
1817 4518 1913 4575 die
1963 4519 2043 4577 ad

370 4615 591 4668 sanctae
616 4610 810 4669 Mariae
837 4608 1022 4667 altare
1053 4614 1110 4664 et
1139 4608 1217 4664 ad
1246 4606 1547 4664 tumulum
1594 4606 1870 4681 prtesulis
1899 4624 2041 4665 cum

367 4701 682 4775 promissis
714 4698 1122 4757 oblationibus
1150 4697 1416 4764 deduxit,
1457 4702 1515 4752 et
1543 4696 1798 4770 qualiter
1827 4702 2041 4754 sanata

368 4790 461 4861 sit,
494 4806 636 4847 cum
676 4787 994 4846 sufﬁcienti
1037 4787 1259 4843 civium
1308 4802 1377 4842 ac
1407 4784 1866 4858 provincialium
1898 4802 2039 4843 suo-

365 4895 503 4937 rum
532 4879 895 4948 testimonio,
928 4893 1134 4934 coram
1166 4874 1546 4932 multitudine
1597 4874 2035 4948 comprobavit.

437 4976 527 5029 55.
566 4971 770 5028 Frater
798 4983 1043 5043 quoque
1068 4971 1269 5023 noster
1295 4982 1417 5022 non
1456 4965 1675 5036 ignotae
1706 4965 2035 5037 memoriae,

364 5059 751 5118 Volcwardus
790 5059 918 5131 [al.,
967 5056 1359 5126 Folehardus]
1407 5054 1740 5129 presbyter,
1788 5070 1859 5111 eo
1888 5059 2035 5112 tem-

363 5164 509 5223 pore
535 5149 971 5217 vicedominus,
1003 5152 1214 5223 postea
1255 5150 1456 5203 noster
1503 5145 1882 5219 praepositus,
1930 5161 2036 5219 po-

364 5243 587 5296 stremo
615 5239 755 5295 felix
782 5236 1333 5309 Brandeburgensis
1364 5236 1641 5293 Ecclesiae
1683 5236 2031 5308 episcopus,

362 5327 470 5399 qui
494 5327 689 5385 eidem
718 5328 873 5386 Patri
899 5333 1128 5399 nostro,
1158 5332 1223 5385 ut
1250 5327 1535 5384 omnibus
1565 5330 1778 5383 notum
1818 5329 1926 5397 est,
1978 5332 2037 5384 et

364 5414 615 5472 fideliter
639 5417 879 5474 servivit
923 5421 982 5475 et
1031 5417 1239 5475 intime
1287 5415 1670 5490 complacuit,
1731 5432 1871 5473 cum
1898 5419 2036 5489 post

589 5557 926 5631 Bamberg.,
972 5562 1286 5620 reverendi
1305 5562 1609 5633 pontiﬁcis
1652 5562 1847 5618 nostri
1907 5534 2034 5618 We-

734 5698 875 5756 dicti
916 5705 1071 5779 _sunt
1123 5706 1219 5779 S_S.
1276 5704 1544 5779 Cautius,
1603 5703 1929 5760 Cantianus
1974 5707 2033 5779 et

364 5769 774 5843 Cantianilius,
824 5769 930 5846 qui
984 5787 1123 5830 cum
1154 5776 1326 5831 Proto
1354 5769 1693 5850 pazdagogo
1723 5790 1833 5832 suo
1860 5775 2030 5850 passi

2198 489 2306 555 ret,
2334 486 2395 542 in
2416 487 2622 545 villam
2652 506 2788 563 quae
2822 490 3238 547 Eckershuson
3264 492 3397 562 [al.,
3425 492 3861 564 Aschgereshn-

2197 577 2327 647 sen]
2358 576 2576 634 dicitur
2603 578 2859 651 devenit,
2914 585 2973 638 et
3013 580 3077 637 in
3118 580 3372 637 domum
3402 583 3743 654 quamdam
3789 585 3859 641 ad

2193 666 2620 737 prandendum
2652 669 2973 738 divertens,
2995 670 3321 744 puerulum
3348 670 3574 730 misera
3608 673 3858 745 languo-

2192 754 2273 811 ris
2298 755 2639 816 intirmitate
2669 759 2980 817 detentum
3010 761 3257 831 invenit,
3284 762 3389 836 qui
3418 765 3560 819 tunc
3607 779 3718 837 per
3763 764 3858 821 ali-

2191 849 2341 917 quot
2360 844 2801 921 hebdomadas,
2825 850 2992 906 omni
3020 849 3438 907 membrorum
3463 850 3664 909 officio
3689 853 3858 910 desti-

2190 937 2354 990 tutus
2396 936 2658 1006 jacebat,
2718 944 2776 996 et
2825 939 2905 996 ad
2951 939 3177 996 exitum
3228 939 3455 1010 dietim,
3485 947 3550 997 ut
3578 943 3855 999 omnibus

2187 1021 2507 1081 videbatur
2530 1027 3083 1101 appropinquabat.
3118 1030 3310 1095 Quem
3339 1029 3500 1085 idem
3523 1030 3853 1104 presbyter,

2188 1111 2340 1170 sicut
2368 1130 2606 1189 semper
2636 1122 2761 1174 erat
2791 1134 2973 1190 super
3026 1118 3243 1175 talibus
3290 1119 3607 1191 miserans,
3662 1121 3856 1195 laery-

2188 1202 2416 1259 mando
2440 1203 2666 1262 diutius
2690 1206 3051 1275 intuebatur,
3083 1207 3517 1282 languorisque
3542 1215 3783 1284 tempus
3807 1217 3856 1269 et

2188 1296 2469 1349 eventum
2500 1309 2573 1350 ex
2600 1294 2829 1353 familia
2851 1296 3287 1354 sciscitabatur.
3304 1299 3478 1365 Quod
3505 1304 3568 1355 ut
3591 1300 3852 1371 agnovit,

2187 1380 2349 1438 ﬂenti
2381 1383 2579 1454 matri,
2607 1389 2673 1441 ut
2697 1385 2777 1442 ad
2808 1386 3109 1443 tumulum
3140 1388 3330 1445 sancti
3373 1388 3675 1462 pontiﬁcis
3719 1406 3854 1447 can-

2188 1469 2356 1528 delas
2384 1472 2558 1544 juxta
2587 1474 2757 1547 pueri
2784 1492 3104 1532 mensuras
3130 1476 3500 1549 promitteret
3528 1480 3853 1552 persuasit:

2187 1561 2354 1633 quod
2402 1567 2459 1619 et
2504 1563 2637 1636 ipsa
2664 1565 2863 1622 statim
2894 1565 3288 1624 libentissime
3340 1567 3493 1625 fecit.
3551 1568 3665 1626 Sed
3724 1587 3857 1627 cum

2186 1666 2421 1725 pauper
2470 1652 2573 1710 illa
2625 1670 2827 1711 ceram
2876 1654 2955 1712 ad
3003 1655 3146 1712 talia
3195 1672 3316 1712 non
3354 1656 3607 1715 haberet
3629 1658 3760 1732 ipse
3790 1676 3857 1716 ex

2186 1740 2308 1797 lino
2339 1742 2672 1815 [lychnum]
2699 1743 2905 1801 lumen
2935 1744 3136 1817 parari
3167 1746 3468 1820 praecepit,
3514 1752 3572 1805 et
3602 1764 3856 1821 puerum

2183 1846 2292 1904 per
2316 1831 2553 1903 singula
2582 1833 2858 1891 membra
2905 1834 3101 1891 metiri
3148 1834 3285 1893 fecit
3333 1840 3399 1893 ut
3426 1841 3581 1894 certe
3612 1854 3852 1895 mensu-

2183 1935 2314 1975 ram
2348 1936 2553 1977 secum
2577 1919 2853 1993 del'erret,
2880 1927 2936 1980 et
2961 1939 3072 1995 per
3097 1940 3159 1980 se
3185 1924 3452 1997 praestita
3476 1942 3614 1983 cera
3637 1928 3853 1984 cande-

2180 2009 2271 2066 las
2302 2026 2412 2083 pro
2442 2016 2765 2081 aegrotante
2792 2012 2870 2069 ad
2896 2012 3054 2070 beati
3074 2013 3186 2070 viri
3215 2015 3573 2073 memoriam
3598 2016 3851 2075 offerret.

2179 2101 2307 2165 Quo
2352 2099 2529 2174 facto,
2589 2100 2670 2158 ad
2720 2102 3046 2174 prandium
3103 2103 3524 2174 consederunt,
3576 2110 3634 2163 et
3677 2107 3847 2180 quasi

2179 2187 2364 2245 oblito
2391 2206 2602 2262 puero,
2634 2189 2752 2247 alia
2778 2191 3065 2264 quaedam
3094 2191 3247 2249 inter
3280 2210 3343 2249 se
3369 2192 3630 2251 fabulari
3661 2212 3853 2270 empe-

2176 2284 2336 2337 runt.
2388 2280 2628 2337 Interim
2657 2296 2801 2337 vero
2832 2297 2983 2355 puer
3009 2282 3165 2340 mira
3208 2283 3502 2341 celeritate
3553 2284 3727 2358 quasi
3783 2303 3851 2343 ex

2177 2373 2368 2425 morte
2424 2369 2652 2439 revixit,
2701 2374 2759 2427 et
2804 2369 2868 2426 in
2922 2370 3075 2428 lecto
3122 2373 3352 2430 cunctis
3413 2373 3850 2431 admirantibus

2174 2459 2418 2530 resedit,
2473 2464 2531 2516 et
2580 2464 2795 2517 vocata
2844 2465 3035 2517 matre
3082 2460 3157 2518 de
3206 2468 3395 2520 stratu
3439 2465 3761 2538 prorepsit,
3799 2471 3851 2523 et

2173 2548 2557 2606 refectionem
2588 2549 2773 2623 petiit,
2806 2554 2862 2607 et
2888 2550 3104 2608 eodem
3134 2557 3443 2610 momento
3470 2556 3762 2629 percepit,
3795 2560 3849 2612 et

2173 2642 2384 2711 postea
2436 2654 2548 2712 pro
2604 2638 2766 2695 beati
2819 2639 2931 2697 viri
2957 2639 3182 2698 meritis
3213 2640 3534 2699 incolumis
3573 2659 3854 2717 perman~

2178 2727 2271 2785 sit.

2244 2821 2332 2875 56.
2375 2820 2510 2876 Erat
2557 2818 2737 2877 etiam
2786 2818 2847 2876 in
2879 2824 3087 2878 nostra
3116 2819 3581 2893 congregatione
3604 2822 3845 2893 juvenis

2172 2907 2425 2981 quidam
2455 2925 2528 2964 ex
2555 2907 2708 2965 laico
2740 2925 3097 2982 conversus,
3127 2911 3471 2967 Desiderius
3495 2913 3768 2983 nomine,
3798 2917 3849 2970 et

2171 2997 2386 3054 eodem
2412 2997 2591 3055 beato
2618 2998 2748 3055 viro
2770 2999 3020 3070 jubentc
3067 2999 3129 3055 in
3169 2999 3327 3056 clero
3375 3004 3741 3073 tonsoratus,
3796 3008 3845 3059 et

2169 3103 2363 3159 usque
2393 3087 2473 3143 ad
2499 3088 2855 3144 diaconatus
2885 3087 3162 3145 ordinem
3192 3094 3509 3162 promotus
3556 3108 3569 3146 :
3616 3096 3677 3148 et
3705 3093 3843 3166 quia

2169 3176 2420 3249 plenum
2446 3174 2713 3233 ofﬁcium
2743 3177 3048 3234 cantando
3079 3182 3135 3234 et
3162 3176 3423 3247 legendo
3468 3196 3609 3237 cum
3657 3180 3842 3239 fratri-

2166 3265 2282 3321 bus
2313 3265 2690 3338 frequentare
2720 3281 2844 3321 non
2874 3266 3086 3338 potuit,
3122 3282 3284 3336 eum,
3329 3282 3405 3322 ne
3457 3270 3700 3340 penitus
3744 3287 3841 3328 va-

2166 3357 2347 3425 caret,
2379 3371 2519 3411 cum
2544 3353 2896 3411 custodibus
2919 3354 3183 3411 ecclesiae
3228 3355 3567 3413 ministrare
3618 3375 3841 3432 praece-

2163 3444 2269 3517 pit.
2330 3447 2619 3518 Tempore
2670 3449 2871 3501 autem
2916 3443 3141 3501 Azelini
3189 3445 3375 3501 nostri
3403 3447 3838 3523 prtesulis(73),

2163 3538 2300 3608 post
2322 3533 2665 3591 miserabile
2695 3534 3043 3591 incendium
3072 3534 3257 3591 nostri
3286 3538 3657 3608 monasterii,
3689 3539 3838 3596 dum

2162 3625 2325 3681 idem
2356 3625 2536 3683 frater
2581 3630 2783 3682 noster
2833 3624 2989 3681 infra
3034 3625 3281 3681 festivos
3338 3625 3466 3683 dies
3514 3629 3838 3688 Nativitatis

2164 3713 2420 3781 Domini,
2472 3713 2741 3788 quadam
2794 3730 3050 3787 vespera
3100 3713 3163 3770 in
3213 3714 3434 3772 scholis
3466 3732 3605 3773 cum
3636 3719 3837 3792 pueris

2161 3802 2623 3860 sermocinando
2655 3802 2945 3872 consedit,
2980 3802 3180 3860 subita
3210 3804 3471 3862 caecitate
3519 3806 3835 3867 miserabi-

2156 3891 2287 3948 liter
2328 3892 2645 3966 perculsus
2703 3892 2932 3960 cecidit,
2992 3896 3048 3948 et
3094 3891 3212 3949 alia
3260 3894 3443 3952 etiam
3490 3895 3833 3955 infirmitate

2156 3987 2575 4039 concrescente
2600 3982 2784 4052 longo
2816 3986 3084 4055 tempore
3127 3980 3433 4041 decubuit.
3484 3984 3833 4059 Quadrage-

2156 4071 2353 4129 simali
2383 4088 2527 4129 vero
2554 4076 2844 4145 tempore,
2869 4071 3129 4128 caecitate
3162 4073 3439 4145 durante,
3479 4090 3554 4130 ex
3580 4074 3832 4134 infirmi-

2155 4165 2271 4243 tate
2302 4161 2621 4230 convaluit,
2654 4166 2711 4217 et
2738 4160 3056 4217 ecclesiam
3097 4160 3301 4218 debito
3329 4178 3497 4219 more
3548 4162 3829 4239 tramen-

2152 4256 2287 4308 tans
2314 4251 2393 4307 ad
2419 4249 2761 4323 pontificale
2795 4249 3139 4323 sepulcrum
3173 4267 3279 4323 spe
3308 4251 3569 4309 sanandi
3602 4255 3828 4328 saepius

2150 4345 2485 4414 prostratus
2507 4339 2846 4413 procubuit,
2866 4344 2923 4395 et
2953 4339 3199 4411 contigit
3218 4339 3489 4413 quadam
3514 4340 3659 4398 feria
3691 4349 3828 4401 ante

2150 4431 2398 4501 Pascha,
2435 4435 2588 4487 certe
2610 4430 2671 4485 in
2700 4429 2979 4486 Kalendis
3000 4430 3237 4503 Aprilis,
3282 4430 3535 4504 quando
3564 4432 3828 4490 celebra-

2148 4537 2285 4576 mus
2311 4520 2641 4577 adventum
2670 4518 3058 4593 reliquiarum
3114 4523 3483 4576 sanctorum.
3507 4521 3828 4579 Cantiano-

2147 4627 2284 4667 rum
2314 4611 2428 4682 (7i)
2458 4609 2984 4682 martyrum,dum
3006 4609 3065 4665 in
3093 4609 3403 4667 matutinis
3437 4609 3663 4668 ibidem
3691 4629 3825 4686 pro-

2147 4700 2474 4766 cumberet,
2524 4699 2680 4755 illico
2728 4698 2901 4772 quasi
2959 4698 3263 4772 pruriente
3308 4697 3520 4756 dextro
3559 4702 3740 4758 oculo
3769 4707 3823 4759 et

2145 4789 2355 4846 durius
2380 4806 2567 4846 manu
2597 4788 2944 4857 confricato,
2961 4788 3207 4859 sanguis
3224 4805 3348 4845 non
3377 4788 3655 4846 modicus
3678 4807 3819 4865 pro-

2144 4878 2326 4952 rupit,
2358 4883 2415 4935 et
2441 4877 2641 4934 statim
2663 4877 2725 4933 in
2754 4877 2968 4934 eodem
2999 4876 3176 4934 oculo
3205 4878 3401 4935 visum
3431 4879 3672 4953 recepit,
3708 4897 3819 4955 pro

2144 4984 2268 5041 qua
2300 4967 2615 5025 clementia
2642 4966 2845 5023 divina
2873 4967 3065 5041 pietas
3090 4966 3170 5023 ab
3219 4967 3504 5024 omnibus
3545 4968 3607 5024 in
3656 4986 3818 5027 com-

2145 5074 2330 5114 mune
2352 5057 2735 5126 laudabatur,
2768 5062 2825 5113 et
2844 5073 2954 5131 pro
2971 5056 3201 5130 reliquo
3220 5056 3393 5114 solita
3418 5058 3817 5116 miserationis

2145 5148 2378 5204 Domini
2412 5148 2678 5221 potentia
2703 5146 3187 5221 exspectabatur.
3236 5150 3369 5204 Post
3415 5147 3643 5205 Pascha
3672 5166 3814 5207 vero

2141 5237 2205 5294 in
2231 5238 2640 5294 anniversario
2689 5236 2785 5294 die
2829 5236 3018 5293 sancti
3067 5237 3251 5293 Patris
3291 5237 3504 5304 nostri,
3558 5254 3699 5295 cum
3754 5239 3815 5295 in

2140 5328 2271 5399 ejus
2303 5328 2597 5383 memoria
2626 5326 2814 5383 missa
2844 5342 2955 5399 pro
2984 5326 3280 5383 defunctis
3302 5326 3380 5384 ab
3410 5327 3698 5402 episcopo
3730 5345 3813 5385 ce-

2139 5416 2372 5474 lebrata
2413 5420 2521 5485 est,
2568 5421 2837 5490 tempore
2886 5415 3266 5473 oblationum
3324 5432 3531 5474 coram
3569 5417 3730 5476 clero
3759 5424 3813 5476 et

2139 5559 2421 5635 dicuntur
2431 5557 2968 5635 Aquilegizepridie
2982 5558 3233 5616 Kalend.
3248 5559 3426 5635 Junii.
3444 5561 3663 5635 Eorum
3679 5577 3811 5635 pas;

2140 5631 2323 5688 sionis
2374 5629 2630 5685 Historia
2685 5629 2965 5686 tribuitur
3017 5636 3225 5687 sancto
3269 5631 3594 5688 Ambrosio
3644 5629 3810 5690 abud

2137 5701 2535 5776 litoribritium.
2569 5700 2697 5758 Alia
2713 5717 2786 5776 ex
2805 5702 3278 5776 antiquocodicc
3297 5720 3414 5776 ms.
3449 5708 3508 5761 C.
3544 5705 3605 5776 Υ,
3637 5700 3807 5762 UIrici

2137 5773 2415 5831 Obrechti
2434 5772 2595 5832 edita
2623 5777 2713 5831 est
2732 5773 2792 5831 in
2815 5772 3165 5849 Appéndice
3188 5773 3441 5847 liturgiaa
3464 5774 3803 5838 Gallicanae.
