3888 6454
88 327 222 396 1201‘

1705 341 1886 404 VITA.

3372 355 3510 412 1202

77 461 298 536 populo
329 461 506 535 quasi
536 462 872 520 inﬁrmatus
920 465 1161 535 corruit,
1195 473 1252 525 et
1289 477 1730 546 praerumpente
1769 479 1816 532 Α
1843 478 2008 545 teste,
2038 494 2245 534 verum
2273 495 2404 535 esse
2426 480 2730 548 novimus,
2758 481 2902 553 quia
2925 481 3126 553 plures
3151 481 3510 555 plerumque

79 552 229 608 illico
256 551 549 621 sanguine
577 567 648 607 ex
679 553 866 608 oculis
899 560 955 610 et
983 557 1248 625 naribus,
1283 565 1338 616 et
1369 561 1548 618 etiam
1579 565 1734 620 auri-

82 642 210 709 bus,
242 645 448 714 aperto
492 642 666 698 oculo
695 642 892 701 visum
940 645 1170 718 liquido
1200 651 1483 723 percepit.
1524 653 1733 710 Missali

77 731 331 802 denique
363 730 561 786 officio
593 735 1192 810 peracto,episcopns
1223 739 1426 794 habito
1458 755 1732 796 sermone

76 820 297 875 clerum
325 825 381 876 et
409 820 703 894 populum
736 823 814 878 ad
857 823 1067 880 laudes
1098 827 1330 883 debitas
1355 829 1475 884 Deo
1506 830 1732 901 persol-

79 909 300 966 vendas
325 909 661 980 admonuit,
681 916 737 967 et
753 913 1013 985 profusis
1038 917 1398 974 unanimiter
1423 919 1730 991 lacrymis,

76 999 258 1052 Deum
306 1000 528 1070 pariter
573 1005 627 1056 et
681 1000 806 1074 ipse
837 1001 1121 1060 laudavit.
1155 1006 1264 1072 Qui
1311 1007 1488 1064 frater
1518 1009 1733 1065 eodem

78 1093 377 1143 momento
411 1089 537 1158 [al.,
566 1089 706 1161 die],
733 1092 852 1146 Deo
878 1093 1120 1161 gratias.
1143 1096 1380 1168 penitus
1407 1100 1730 1169 convaluit,

75 1183 128 1232 ct
157 1183 288 1250 post
335 1179 464 1234 haec
497 1180 555 1236 in
588 1182 884 1253 promissa
923 1185 1294 1256 professione
1341 1205 1533 1261 usque
1576 1189 1636 1245 in
1668 1191 1731 1245 li-

75 1285 207 1324 nem
237 1269 492 1325 lideliter
522 1273 872 1343 permansit.

141 1362 225 1413 ΞΠ.
251 1358 515 1416 Plurima
531 1360 710 1430 igitur
729 1361 888 1419 beati
916 1366 1174 1437 pastoris
1197 1369 1384 1424 nostri
1408 1371 1726 1442 praeconia,

73 1464 140 1502 ea
169 1447 554 1505 solummodo
573 1467 761 1523 quam
789 1454 1191 1526 preemisimus
1222 1458 1469 1526 ratione,
1495 1466 1729 1533 praetcr-

72 1536 395 1610 imus,quz:e
420 1553 531 1610 per
546 1539 815 1597 divinam
843 1542 1220 1602 clementiam
1248 1546 1326 1603 ab
1346 1547 1511 1604 initio
1535 1567 1726 1623 usque

73 1626 263 1681 adhuc
294 1627 551 1697 gloriose
583 1629 711 1686 fieri
761 1633 980 1704 smpius
1031 1637 1337 1692 sentimus.
1375 1641 1486 1694 Nec
1526 1644 1727 1697 tamen

73 1715 212 1772 illud
252 1717 637 1776 reticebimus
687 1723 875 1794 quod,
909 1728 1030 1781 tota
1079 1731 1287 1783 sancta
1337 1728 1438 1784 Dei
1471 1730 1727 1788 Ecclesia

1844 565 1920 620 ad
1969 568 2310 640 sepulcrum
2365 571 2493 640 ejus
2538 587 2676 626 cum
2727 570 3134 627 oblationibus
3174 572 3506 642 gaudentes

1845 655 2190 724 adveniunt,
2226 659 2329 731 qui
2361 675 2490 714 sese
2537 676 2800 732 suosque
2833 677 2868 716 a
2897 661 3079 716 variis
3113 660 3508 717 tribulationi-

1843 744 1956 799 bus
1989 745 2081 800 vcl
2110 746 2555 803 infirmitatibus
2597 748 2769 804 celeri
2801 749 3218 821 subventione,
3251 765 3357 822 per
3386 749 3505 805 vir-

1843 839 2038 892 tutum
2065 837 2193 908 ejus
2221 839 2429 894 merita
2458 839 2739 895 liberatos
2767 839 3005 912 publice
3032 841 3312 896 referunt.
3333 844 3510 896 Nam-

1843 941 1959 997 que
1991 931 2054 982 ut
2084 927 2256 983 alicui
2289 928 2516 1001 aliquid
2537 921 3068 996 incommoditatis',
3092 930 3187 986 vel
3217 930 3502 986 molestia:

1843 1016 2182 1084 occurrerit,
2213 1018 2412 1073 statim
2459 1035 2598 1073 cum
2629 1019 2708 1073 ad
2739 1019 2930 1074 sancti
2962 1019 3143 1089 hujus
3172 1019 3356 1075 Patris
3383 1036 3505 1075 mc-

1841 1105 2119 1174 moriam,
2153 1107 2246 1162 vel
2271 1107 2489 1164 absens
2521 1109 2842 1166 oblationis
2871 1126 2994 1164 suae
3021 1113 3227 1165 votum
3259 1109 3506 1166 ubicun.

1839 1212 1954 1268 que
2007 1197 2364 1268 promiserit,
2417 1197 2629 1272 procul
2683 1198 2870 1254 dubio
2926 1197 3141 1254 eodem
3197 1205 3505 1256 momento

1837 1301 2266 1360 quamcunque
2319 1287 2793 1344 consolationem
2824 1289 2886 1344 in
2915 1304 3058 1344 vera
3088 1287 3205 1344 ﬁde
3255 1305 3503 1362 sperans

1837 1373 2128 1442 obsecrat,
2162 1375 2408 1432 celerius
2441 1392 2576 1432 eam
2615 1377 2838 1433 meritis
2873 1377 3002 1449 ejus
3033 1377 3504 1448 suifragantibus

1836 1465 2133 1538 impetrat,
2169 1469 2294 1538 {per
2319 1483 2480 1536 eum,
2514 1467 2618 1539 qui
2659 1468 2862 1525 omnia
2913 1472 3195 1541 Operatur
3223 1469 3285 1524 in
3315 1469 3504 1526 omni-

1794 1610 1799 1614 _
1837 1554 1974 1620 bus,
2005 1555 2327 1611 Dominum
2354 1561 2627 1612 nostrum
2655 1560 2860 1612 Jesum
2887 1557 3205 1625 Christum,
3235 1559 3501 1631 quicum

1837 1647 2001 1699 Patre
2052 1650 2108 1700 et
2140 1646 2358 1719 Spiritu
2391 1651 2599 1703 sancto
2629 1646 2773 1703 vivit
2816 1652 2872 1703 et
2918 1652 3132 1719 regnat
3176 1647 3237 1704 in
3283 1649 3502 1706 saecula

1838 1733 2217 1792 sreculorum.
2266 1737 2500 1808 Amen]

626 1977 977 2037 MIRACULA
1023 1981 1255 2040 DECEM
1294 1983 1341 2035 A
1384 1984 1439 2040 S.
1484 1985 1923 2044 GODEHARDO
1966 1987 2211 2054 FACTA,
2255 1989 2400 2044 DUM
2439 1988 2679 2045 ADHUC
2721 1990 2934 2046 ESSET

1651 2095 1899 2152 ABBAS.

72 2268 109 2321 Ι.
133 2270 210 2324 De
225 2271 1079 2343 quodamfebricitante,quem
1099 2277 1335 2330 sanavit
1357 2277 1416 2331 in
1434 2277 1724 2333 Βηθανία,
1768 2277 1811 2330 Β
1835 2281 1910 2333 ta.
1947 2302 1971 2325 n
2007 2281 2069 2333 Et
2102 2277 2184 2333 ait
2212 2281 2454 2332 sanctus
2485 2275 2879 2332 Godehardus
2906 2293 2918 2330 :
2955 2299 2980 2325 ‹‹
3009 2281 3072 2332 In
3099 2276 3344 2333 nomine
3368 2281 3504 2334 Jesu

135 2363 217 2413 5:38.
257 2362 520 2415 Joannes
553 2361 804 2433 quidam
843 2362 985 2417 civis
1019 2365 1382 2420 Pataviensis
1428 2366 1607 2421 febris
1634 2367 1724 2422 in-

71 2449 381 2505 commodo
432 2451 768 2506 vexabatur
798 2468 904 2523 per
932 2452 1114 2520 longa
1147 2458 1434 2527 tempora.
1472 2456 1728 2526 Contigit

70 2541 260 2592 autem
291 2542 354 2593 ut
397 2544 642 2596 sanctus
683 2541 852 2596 Pater
883 2541 1274 2598 Godehardus
1307 2544 1506 2600 adhuc
1536 2545 1725 2600 abbas

68 2625 122 2680 in
171 2643 278 2682 suo
332 2629 700 2686 monasterio
745 2630 977 2700 Altach,
1010 2647 1120 2703 pro
1160 2634 1399 2703 negotio
1449 2635 1590 2691 dicti
1635 2635 1725 2692 sui

68 2717 404 2772 monasterii
459 2717 768 2774 Pataviam
819 2720 1146 2786 adveniret,
1189 2727 1245 2777 et
1287 2723 1564 2778 infirmus
1606 2724 1720 2789 ille,

69 2803 245 2874 ipsius
289 2806 534 2876 cognita
563 2807 898 2879 praesentia,
933 2807 1174 2865 fratrem
1227 2827 1403 2866 suum
1450 2811 1609 2867 misit
1646 2813 1723 2867 ad

67 2908 216 2964 cum,
250 2910 499 2965 rogans,
524 2901 587 2951 ut
615 2896 817 2968 ipsum
848 2914 1035 2954 causa
1065 2899 1166 2954 Dei
1187 2899 1425 2956 visitare
1451 2901 1727 2971 dignare-

73 2987 194 3038 tur:
244 2985 412 3057 quod
454 2989 514 3041 et
542 2986 694 3042 fecit.
733 2986 875 3042 Visis
906 2993 1106 3044 autem
1154 2989 1343 3061 ipsius
1389 2991 1451 3046 in
1499 2992 1722 3064 quibus

68 3070 342 3128 decubuit
402 3074 698 3142 febribus,
758 3076 1069 3148 ingemuit,
1130 3085 1187 3134 et
1234 3081 1352 3136 ait:
1406 3083 1506 3137 «Ο
1556 3086 1726 3153 pater

66 3160 268 3230 Adam,
301 3164 438 3236 quis
475 3169 528 3220 te
560 3169 681 3220 tam
713 3166 977 3222 celeriter
1006 3170 1348 3239 exczecavit,
1385 3175 1446 3226 ut
1475 3171 1726 3228 manda-

69 3249 132 3304 tis
176 3251 270 3307 Dei
314 3254 602 3308 creatoris
646 3254 729 3310 tui
777 3257 1124 3321 contraires,
1160 3263 1217 3314 et
1263 3264 1347 3315 tot
1391 3259 1567 3316 malis
1615 3276 1724 3316 nos

66 3356 264 3396 omnes
287 3348 540 3414 peccato
571 3348 672 3399 tuo
700 3345 1024 3416 subjiceres
1053 3349 1064 3402 Ξ
1097 3351 1239 3404 Ecce
1261 3355 1398 3422 post
1421 3351 1568 3418 haec,
1587 3367 1722 3424 quae

69 3432 468 3503 temporaliter
498 3433 593 3490 hic
615 3435 896 3507 patimur,
922 3437 1037 3492 nisi
1063 3439 1354 3496 mandata
1380 3441 1509 3511 ejus
1532 3458 1727 3497 serva-

67 3521 334 3590 verimus,
367 3525 725 3581 aaternaliter
750 3526 873 3598 pati
904 3527 1336 3598 formidamus;
1380 3536 1436 3586 et
1473 3531 1582 3588 erit
1609 3532 1723 3588 hoc

66 3610 282 3668 malum
314 3615 648 3686 temporale
677 3616 911 3672 initium
942 3619 1116 3674 nobis
1149 3620 1448 3676 malorum
1475 3626 1723 3678 asterno-
1764 3641 1802 3694 (ς

63 3716 263 3756 rum.»
315 3705 439 3760 Hoc
497 3711 698 3761 autem
747 3723 887 3762 cum
929 3708 1194 3773 dixisset,
1247 3710 1547 3782 accipiens
1586 3729 1720 3784 scy-

63 3789 242 3860 phum
271 3793 630 3865 quemdam,
655 3799 711 3850 et
736 3796 942 3852 vinum
974 3798 1032 3852 in
1066 3815 1202 3853 cum
1239 3799 1514 3867 fundens,
1548 3801 1718 3871 signo

57 3881 241 3936 crucis
271 3883 584 3952 signatum
614 3884 936 3953 benedixit,
962 3891 1017 3942 et
1047 3887 1286 3944 tradidit
1314 3889 1440 3944 viro
1470 3890 1717 3946 decum-

58 3967 231 4041 benti,
284 3974 529 4029 dicens:
584 3998 610 4022 ‹‹
640 3975 798 4041 Bibe,
843 3977 1042 4046 frater,
1079 3977 1134 4033 in
1193 3979 1436 4035 nomine
1486 3982 1742 4056 Domini

55 4062 229 4117 nostri
260 4066 400 4119 .lesu
435 4064 663 4132 Christi,
697 4070 753 4121 et
779 4065 841 4122 in
871 4084 942 4123 eo
983 4069 1336 4126 confortare.
1362 4089 1391 4122 ›
1430 4073 1540 4136 Qui
1568 4070 1718 4126 bibit

57 4151 358 4209 confidens
413 4154 474 4210 in
527 4155 623 4211 Dei
651 4155 966 4213 clementia
995 4163 1051 4214 et
1081 4159 1268 4215 sancti
1311 4160 1422 4216 viri
1451 4161 1712 4228 meritis;

54 4239 199 4297 illico
245 4244 508 4300 surrexit
537 4245 615 4300 ab
645 4247 809 4301 omni
842 4247 1022 4302 febris
1058 4249 1445 4305 incommodo
1477 4250 1715 4322 penitus

54 4328 352 4402 liberatus,
387 4339 446 4390 et
469 4334 572 4391 ivit
598 4335 676 4391 ad
707 4336 1019 4392 ecclesiam
1054 4338 1251 4394 Sancti
1285 4341 1565 4412 Stephani
1589 4341 1716 4396 lau-

52 4418 198 4475 dans
230 4425 445 4480 Deum.

119 4530 180 4581 ll.
217 4530 303 4585 De
330 4531 592 4604 quodam
623 4535 934 4597 monac/io,
959 4551 1128 4604 quem
1154 4537 1428 4604 precibus
1453 4538 1574 4592 suis
1606 4554 1640 4593 (ι

443 4603 610 4671 febre
638 4603 983 4661 acutissima
1018 4603 1317 4662 liberavit.

117 4694 200 4745 359.
245 4692 343 4746 Vir
383 4697 627 4747 sanctus
674 4693 1065 4750 Godehardus
1099 4697 1468 4753 monachum
1499 4715 1711 4770 quem-

49 4776 186 4834 dam
217 4779 293 4837 de
325 4783 694 4839 monasterio
742 4801 850 4840 suo
889 4785 1092 4842 Altacb
1152 4786 1228 4841 ad
1279 4788 1710 4844 monasterium

52 4867 448 4926 llerveldense
497 4889 699 4928 secum
745 4873 950 4942 duxit;
1011 4876 1114 4949 qui
1162 4881 1300 4949 post
1356 4877 1578 4933 ibidem
1628 4878 1709 4934 fe-

45 4953 240 5014 brium
266 4961 546 5018 molestia
576 4961 995 5020 decumbebat.
1034 4968 1195 5020 Hunc
1247 4971 1491 5021 sanctus
1544 4970 1712 5023 Pater

47 5049 473 5106 consolationis
539 5052 729 5122 gratia
790 5052 1131 5127 frequenter
1195 5055 1468 5112 visitavit.
1551 5059 1708 5123 Quo-

45 5135 182 5194 dam
227 5145 439 5196 autem
489 5146 754 5216 tempore
801 5143 946 5200 dixit
989 5145 1267 5202 infirmo:
1324 5149 1574 5202 «Frater
1602 5148 1705 5216 mi,

41 5230 353 5298 quomodo
386 5231 620 5287 habes?
655 5258 676 5280 υ
711 5236 776 5288 Et
808 5233 1083 5290 infirmus
1113 5235 1220 5291 ait:
1273 5239 1486 5305 «Ecce,
1519 5240 1704 5304 Pater,

44 5314 294 5373 febrium
345 5319 623 5376 molestia
667 5321 922 5378 nimium
982 5341 1074 5379 me
1131 5329 1327 5392 vexat,
1377 5325 1457 5381 ita
1513 5330 1576 5381 ut
1630 5326 1707 5381 vi-

40 5409 94 5459 ta
123 5407 299 5477 quasi
330 5407 502 5463 nulla
532 5410 754 5465 amodo
788 5410 862 5466 sit
889 5411 946 5465 iu
978 5429 1090 5466 me.
1116 5438 1138 5459 »
1174 5416 1235 5468 Et
1262 5413 1342 5468 ait
1371 5413 1422 5468 ei
1455 5413 1542 5470 vir
1570 5430 1706 5470 san-

40 5497 200 5549 ctus:
255 5517 280 5542 ‹‹
313 5497 606 5552 Dominus
650 5503 853 5554 noster
912 5502 1078 5555 .lesus
1143 5502 1408 5557 Christus
1476 5503 1708 5574 majora

39 5599 142 5654 pro
191 5586 377 5642 nobis
413 5601 633 5658 passus
664 5593 770 5658 est,
803 5605 988 5661 quam
1022 5591 1148 5645 iure
1184 5591 1437 5646 febrium
1467 5597 1704 5647 tuarum

39 5679 292 5742 possunt
332 5690 472 5730 esse
517 5676 978 5734 incommoda.»
1035 5679 1136 5733 Cui
1177 5679 1548 5735 decumbens
1585 5680 1702 5735 ait:

40 5784 58 5806 ι(
88 5762 241 5829 Scio,
295 5765 474 5818 Pater
522 5764 626 5836 mi,
662 5765 784 5820 seio
833 5766 998 5838 quod
1042 5767 1229 5822 multo
1280 5768 1553 5837 graviora
1594 5784 1704 5840 pro

39 5851 208 5907 nobis
240 5868 474 5926 passus
503 5859 592 5911 est
617 5855 695 5912 ad
721 5855 927 5913 mortis
955 5857 1416 5914 amaritudinem
1443 5861 1702 5916 tormen-

1836 2366 2065 2433 Christi,
2101 2366 2204 2439 qui
2256 2365 2532 2435 graviora
2572 2381 2683 2438 pro
2724 2363 2898 2420 nobis
2950 2365 3247 2432 sustinuit,
3283 2383 3501 2436 surge;

1833 2461 1888 2512 et
1935 2457 1995 2512 in
2043 2457 2292 2512 fratrum
2351 2460 2589 2512 tuorum
2642 2455 2893 2525 collegio
2939 2455 3204 2528 psallens
3250 2457 3504 2514 benedie

1833 2563 1990 2612 cum,
2026 2547 2129 2620 qui
2176 2551 2229 2602 te
2281 2563 2392 2601 suo
2425 2545 2719 2614 sanguine
2753 2545 2960 2612 abluit,
2993 2549 3051 2601 et
3075 2546 3343 2601 redemit.
3378 2570 3404 2595 ››
3439 2551 3504 2604 Et

1831 2637 2107 2692 infirmus
2148 2636 2263 2692 ait:
2310 2637 2613 2704 «Surgam
2643 2635 2704 2689 in
2745 2634 2990 2690 nomine
3017 2637 3153 2691 Jesu
3185 2636 3412 2706 Christi,
3444 2643 3502 2694 et

1828 2725 1932 2781 ibo
1983 2725 2062 2780 ad
2101 2729 2334 2798 patrem
2379 2739 2605 2789 meum,
2640 2722 2741 2795 qui
2783 2726 2840 2778 et
2886 2725 3056 2779 Pater
3101 2723 3335 2780 Domini
3377 2726 3498 2782 mei

1830 2816 1965 2868 Jesu
2009 2812 2237 2878 Christi,
2270 2817 2327 2868 et
2355 2811 2549 2866 dicam
2598 2810 2688 2866 ei:
2736 2813 2867 2867 Jam
2916 2827 3041 2866 non
3095 2828 3230 2867 sum
3272 2812 3494 2882 dignus

1829 2902 2033 2958 vocari
2063 2902 2218 2957 filius
2267 2907 2402 2958 tuus
2433 2901 2673 2969 (Matt/1,.
2708 2917 2808 2970 xv,
2843 2902 2950 2968 19),
2987 2900 3092 2955 sed
3130 2899 3223 2955 fac
3254 2917 3497 2957 mecum

1832 2991 2303 3047 misericordiam
2347 2995 2536 3060 tuam,
2566 2990 2742 3063 quasi
2776 3005 2914 3044 cum
2959 3005 3129 3044 servo
3173 2993 3275 3045 tuo
3307 2990 3492 3059 (Psal.

1832 3098 2024 3147 cxvui,
2062 3081 2202 3150 1°21),
2233 3080 2337 3135 sed
2369 3096 2403 3134 a
2433 3079 2528 3134 via
2577 3084 2681 3134 tua
2727 3078 3027 3147 deviante,
3061 3083 3116 3134 et
3161 3079 3240 3134 ad
3288 3084 3343 3134 te
3389 3080 3500 3136 cle-

1832 3176 2062 3226 menter
2090 3170 2324 3242 suscipe
2356 3173 2822 3225 revertentem.»
2874 3171 2938 3223 Et
2976 3167 3129 3224 inter
3156 3168 3284 3224 haec
3313 3169 3500 3226 verba

1833 3259 2105 3330 surrexit,
2137 3263 2193 3314 et
2223 3257 2301 3314 ad
2331 3259 2583 3313 chorum
2628 3257 2750 3323 ivit,
2783 3261 2840 3312 et
2877 3256 3163 3312 omnibus
3191 3255 3498 3312 admiran-

1832 3348 2014 3414 tibus,
2049 3365 2187 3404 cum
2240 3347 2576 3404 astantibus
2621 3346 2882 3403 laudans
2918 3349 3106 3402 Deum
3134 3350 3190 3401 et
3219 3349 3494 3413 cantans,

1828 3433 2155 3493 benedixit.

1904 3528 1993 3582 III.
2035 3529 2119 3583 De
2150 3527 2411 3597 quadam
2433 3527 2769 3596 juvencula
2797 3541 2833 3582 a
2865 3525 3137 3582 molestia
3159 3524 3422 3594 febri-mn

2524 3616 2796 3672 liberata.

1900 3711 1987 3762 60.
2019 3704 2345 3761 Juvencula
2365 3703 2647 3778 quredam
2669 3704 2728 3759 in
2748 3702 2975 3776 oppido
2996 3702 3406 3771 Teckendorff,
3425 3703 3489 3759 in

1829 3793 2117 3849 territorio
2143 3793 2649 3861 Bavariensi,cum
2665 3792 2919 3848 febrium
2945 3791 3214 3847 molestia
3231 3791 3489 3848 nimium

1828 3883 2480 3954 gravaretur,astabant
2497 3883 2548 3938 ei
2561 3883 2843 3956 quaedam
2861 3882 3125 3937 honestae
3141 3881 3494 3950 feminae,re-

1828 3974 2079 4030 ferentes
2093 3974 2142 4030 ei
2161 3973 2414 4046 qualiter
2426 3972 2746 4046 praedictus
2763 3973 2822 4028 in
2840 3971 3081 4027 Patavia
3093 3971 3317 4027 meritis
3331 3971 3491 4029 beati

1827 4061 2166 4118 Godehardi
2196 4066 2330 4135 post
2356 4063 2645 4118 haustum
2666 4061 2784 4117 vini
2810 4077 2917 4136 per
2943 4077 3083 4116 eum
3107 4057 3426 4125 benedicti,
3454 4074 3492 4114 a

1825 4152 2082 4208 febrium
2106 4152 2297 4221 rigore
2320 4151 2513 4208 fuerat
2539 4151 2840 4208 liberatus.
2870 4150 3097 4216 Quibus
3126 4148 3365 4217 auditis,
3399 4148 3490 4204 di-

1825 4241 1909 4298 xit
1938 4242 2178 4298 iufirma
2207 4241 2362 4314 patri
2393 4257 2502 4297 suo
2527 4260 2539 4297 :
2573 4261 2602 4295 (
2625 4243 2668 4296 0
2696 4241 2774 4296 mi
2809 4240 3018 4296 dilecte
3046 4242 3235 4312 pater,
3264 4253 3413 4308 rogo
3438 4243 3491 4294 te

1823 4347 1931 4405 per
1960 4334 2165 4387 Jesum
2209 4332 2504 4388 Christum
2554 4335 2618 4386 ut
2646 4330 2846 4386 mittas
2877 4329 2956 4386 ad
2987 4333 3262 4385 sanctum
3289 4327 3490 4383 virum

1825 4421 2270 4489 Godehardum,
2295 4419 2553 4492 petendo
2571 4435 2711 4475 eum
2740 4424 2802 4474 ut
2828 4418 3145 4474 benedicat
3169 4433 3388 4490 parum
3408 4416 3491 4472 vi-

1821 4510 1883 4567 ni
1913 4511 1973 4566 in
2005 4509 2224 4583 cupha,
2244 4509 2338 4563 vel
2367 4509 2596 4581 scypho
2619 4524 2750 4576 suo,
2775 4511 2831 4563 et
2858 4507 3051 4564 mittat
3075 4507 3154 4563 ad
3183 4523 3279 4562 me
3311 4510 3374 4561 ut
3393 4505 3486 4561 bi-

1823 4602 1963 4658 bam
1993 4616 2064 4655 ex
2095 4616 2185 4669 eo,
2208 4598 2523 4655 utallevier
2549 4614 2585 4653 a
2614 4598 2844 4653 fervore
2872 4597 3126 4652 febrium
3156 4595 3377 4669 quibus
3399 4595 3489 4652 in-

1823 4695 2126 4747 cessanter
2151 4687 2383 4757 aﬁligor
2404 4692 2583 4760 atque
2606 4703 2763 4742 uror.
2795 4710 2820 4734 υ
2849 4689 3015 4742 Pater
3037 4690 3238 4741 autem
3265 4684 3357 4740 bis
3379 4701 3485 4740 au-

1821 4779 1976 4848 ditis,
2006 4779 2167 4835 misit
2195 4783 2259 4834 ut
2288 4776 2491 4844 voluit,
2526 4782 2582 4832 et
2609 4776 2816 4832 vinum
2842 4775 3224 4832 benedictum
3254 4775 3485 4847 accepit

1821 4889 1856 4929 a
1888 4877 2094 4927 sancto
2126 4869 2501 4939 Godehardo,
2524 4867 2687 4942 quod
2709 4867 3032 4938 juvencula
3060 4865 3211 4921 bibit
3238 4865 3482 4923 inﬁrma

1751 4999 1794 5051 Β
1824 4957 1883 5012 in
1925 4959 2167 5014 nomine
2217 4962 2355 5015 Jesu
2403 4957 2632 5028 Christi,
2674 4963 2730 5013 et
2780 4956 2978 5051 subito
3024 4959 3240 5051 sanata
3285 4957 3482 5051 esttet

1823 5050 2075 5105 surrexit
2109 5050 2368 5106 laudans
2404 5053 2608 5116 Deum,
2640 5048 2745 5121 qui
2790 5045 3011 5103 meritis
3056 5044 3245 5100 sancti
3292 5043 3479 5100 Gode-

1817 5139 1990 5194 hardi
2018 5156 2148 5195 eam
2178 5139 2497 5194 clementer
2526 5155 2560 5194 a
2589 5138 2649 5192 vi
2676 5137 2933 5193 febrium
2961 5134 3252 5191 liberavit.

1817 5231 1903 5285 IV.
1945 5231 2031 5284 De
2059 5230 2358 5300 quondam
2389 5229 2663 5285 scholare
2691 5231 2902 5285 sanato
2936 5241 2973 5281 α
3001 5225 3190 5281 simili
3209 5225 3474 5295 febrium

2504 5319 2792 5374 molestia.
3055 5313 3062 5320 ’

1888 5416 1974 5466 6t.
2020 5413 2234 5466 Servus
2268 5409 2365 5465 Dei
2397 5407 2807 5473 Godehardus,
2841 5405 2986 5480 quia
3024 5410 3150 5462 erat
3179 5422 3251 5462 ex
3297 5406 3475 5463 corde

1815 5500 2170 5566 misericors,
2204 5503 2258 5554 et
2290 5515 2469 5572 super
2494 5497 2744 5553 afflictos
2783 5495 2886 5569 pia
2917 5496 3194 5567 gestabat
3219 5496 3472 5566 viscera,

1816 5589 2188 5645 infirmorum
2215 5589 2333 5644 sive
2356 5585 2870 5655 decumbentium,
2887 5585 2980 5642 vel
3002 5601 3108 5660 per
3129 5601 3211 5655 se,
3237 5590 3340 5641 aut
3366 5601 3476 5660 per

1816 5679 1965 5736 alios
2027 5694 2263 5751 semper
2309 5675 2569 5732 visitavit
2615 5674 2936 5732 domicilia.
2972 5675 3225 5745 Contigit
3271 5679 3474 5731 autem

1813 5769 2081 5842 quodam
2115 5773 2400 5840 tempore,
2425 5782 2560 5821 cum
2592 5764 2790 5822 adhuc
2814 5765 2876 5821 in
2906 5764 3149 5822 abbatia
3168 5763 3472 5820 Altahensi

1812 5858 2176 5930 praesideret,
2200 5855 2530 5930 quemdam
2561 5853 2896 5914 scholarem
2926 5853 3243 5927 cujusdam
3268 5850 3468 5908 vidua;
