3888 6438
89 335 120 396 ’1
131 344 238 398 205

1724 346 1878 402 νιΤΑ
1889 388 1899 398 .

3399 347 3418 400 I
3433 326 3536 400 20's

99 467 211 535 Qui
240 469 324 526 ait
355 485 367 523 :
407 491 434 518 «
468 460 728 541 Adjuva,
757 471 943 539 Pater,
987 459 1395 526 inﬁrmitatem
1442 485 1664 535 meam,
1705 473 1762 526 et
1797 470 1846 526 A
1879 493 1905 519 «
1948 471 2099 543 Scio,
2126 471 2270 546 quia
2294 485 2522 542 magna
2552 471 2643 526 est
2667 468 2896 525 malitia
2941 471 3043 526 tua
3093 471 3150 524 et
3192 470 3429 524 tuorum
3462 467 3538 524 si-

99 559 333 614 remitte
364 557 513 614 mihi
542 558 710 631 quod
727 558 949 632 deliqui
979 563 1188 616 contra
1217 563 1270 615 te
1295 577 1309 624 ;
1343 562 1398 614 et
1426 559 1645 615 cruciet
1666 575 1761 614 me

98 647 409 719 ﬂagellum
433 648 554 717 Dei,
579 653 876 721 quantum
902 649 1061 706 libet.
1087 668 1117 702 ›
1150 649 1245 705 Vir
1273 654 1474 706 autem
1504 648 1622 715 Dei,
1654 665 1760 705 au-

98 737 228 794 dita
256 737 388 809 ejus
418 737 749 804 devotione,
807 737 994 807 tetigit
1033 737 1405 795 confractum
1457 754 1525 794 os
1574 736 1762 793 cruris

97 826 255 897 ejus,
283 829 340 882 et
369 825 452 882 ait
484 843 496 880 :
528 847 556 875 ‹‹
593 827 773 882 Sanat
801 827 1087 895 te,frater,
1109 826 1396 883 Dominus
1416 830 1582 882 Jesus
1606 825 1764 882 Chri-

95 920 234 972 stus
259 933 272 983 ;
297 919 354 973 et
383 920 447 972 tu
469 916 530 973 in
561 917 805 974 nomine
837 917 966 989 ejus
993 933 1188 987 surge,
1218 922 1282 974 ut
1305 917 1707 974 ambulemus.
1732 939 1758 965 »

94 1004 211 1071 Qui
243 1005 495 1061 surrexit
523 1021 595 1060 ex
616 1009 738 1061 toto
775 1021 976 1071 sanus,
1027 1010 1084 1062 et
1113 1006 1266 1062 ultra
1289 1007 1590 1080 profectus
1621 1021 1759 1061 cum

92 1111 170 1152 eo
195 1095 356 1152 idem
371 1095 763 1170 postmodum
781 1102 1023 1152 secutus
1039 1101 1276 1152 esteum
1293 1095 1755 1166 Hildenesheim,

91 1190 153 1242 et
180 1180 401 1243 mansit
429 1187 594 1260 apud
641 1203 780 1243 eum
826 1204 1019 1261 usque
1063 1187 1142 1244 ad
1171 1188 1332 1245 diem
1360 1188 1568 1243 mortis
1608 1204 1752 1242 suae.

88 1278 234 1332 VIII.
263 1278 348 1333 De
371 1278 622 1334 muliere
651 1294 828 1347 cazca,
857 1293 1034 1350 quam
1073 1280 1198 1348 ipse
1229 1278 1598 1335 illuminavit
1620 1294 1754 1334 cum

853 1371 992 1425 Deo.

163 1462 252 1514 65.
295 1457 550 1529 Contigit
577 1459 845 1532 quadam
882 1460 1027 1527 vice,
1081 1464 1144 1516 ut
1186 1466 1429 1518 sanctus
1456 1462 1754 1518 Godehar-

85 1547 206 1604 dus
223 1548 605 1620 pertransiret
620 1549 913 1623 oppidum
933 1550 1256 1621 Strawigen
1270 1553 1284 1622 [
1296 1552 1753 1625 Stravubingen]

83 1637 363 1693 dimcesis
406 1638 878 1708 Ratisbonensis,
939 1644 995 1695 et
1046 1640 1312 1697 obviavit
1363 1642 1417 1698 ei
1467 1643 1751 1716 quaedam

83 1742 250 1783 caeca
264 1727 477 1784 mulier
490 1727 776 1785 mendica
793 1729 1051 1785 ostiatim
1067 1746 1344 1803 quaerens
1365 1747 1749 1806 panem,quee

1872 561 2106 616 milium
2136 579 2149 629 ;
2178 577 2288 617 nec
2318 565 2521 616 tamen
2549 557 2780 628 dubito,
2839 557 3006 630 quod
3058 557 3257 628 major
3293 557 3534 613 bonitas

1871 651 1971 706 Dei
2002 655 2094 706 est
2115 655 2172 706 et
2195 649 2528 706 clementia.
2563 651 2736 719 Ergo,
2778 647 3090 704 immunde
3143 647 3405 720 spiritus,
3457 647 3539 704 da

1868 740 2162 797 honorem
2191 743 2332 809 Deo,
2366 744 2421 796 et
2450 739 2658 796 recede
2685 739 2763 794 ab
2793 739 2908 795 hac
2947 743 3218 796 creatura
3265 739 3415 810 ejus,
3469 740 3538 795 ut

1868 829 2071 886 redeat
2095 831 2175 886 ad
2205 830 2480 901 gratiam,
2507 845 2695 903 quam
2718 833 2779 886 tu
2806 829 2884 884 ab
2915 845 2986 884 ea
3017 829 3333 885 abstulisti.
3389 852 3417 879 ››
3469 831 3536 885 Et

1867 919 2108 978 damon
2139 920 2220 977 ait
2251 937 2264 975 :
2297 944 2322 970 ‹‹
2353 923 2468 977 Cur
2493 937 2588 976 me
2618 920 2679 976 in
2705 923 2935 975 tantam
2978 919 3104 990 agis
3133 919 3480 976 violentiam
3505 922 3535 976 ?

1869 1009 2022 1075 Quid
2053 1009 2162 1066 feci
2189 1009 2313 1078 tibi,
2346 1015 2450 1066 aut
2479 1009 2625 1083 quid
2655 1008 2842 1065 habes
2873 1012 3079 1064 contra
3105 1025 3200 1064 me
3221 1011 3248 1064 ?
3276 1031 3303 1059 »
3348 1012 3412 1066 Et
3434 1009 3532 1067 ille

1867 1098 1947 1154 ait
1975 1116 1987 1153 :
2017 1121 2043 1147 ‹‹
2079 1099 2255 1171 Audi,
2289 1103 2562 1172 proterve
2593 1104 2649 1155 et
2676 1097 2988 1154 immunde
3015 1097 3255 1170 spiritus
3291 1116 3303 1154 :
3337 1103 3401 1155 In
3431 1099 3533 1156 illa

1867 1193 2086 1244 aeterna
2115 1189 2328 1262 patria,
2361 1189 2435 1244 de
2458 1205 2582 1262 qua
2614 1193 2678 1245 tu
2702 1187 3054 1261 superbiens
3087 1186 3370 1256 cecidisti,
3398 1192 3531 1244 tan~

1865 1280 1924 1333 ta
1956 1277 2100 1332 mihi
2133 1277 2241 1334 erit
2269 1276 2469 1333 laetitia
2499 1277 2573 1332 de
2603 1276 2767 1332 bono
2817 1275 3146 1343 communi,
3197 1280 3262 1332 ut
3289 1276 3365 1332 de
3392 1291 3529 1335 meo

1861 1367 2126 1440 proprio,
2155 1369 2276 1424 imo
2308 1373 2363 1423 et
2389 1367 2578 1424 multo
2608 1368 2807 1440 major
2846 1385 2858 1422 :
2889 1371 2947 1424 et
2992 1366 3127 1423 ideo
3170 1366 3265 1423 hic
3320 1367 3528 1425 dolore

1862 1456 2139 1512 convenit
2166 1457 2241 1512 de
2272 1457 2433 1513 malo
2484 1455 2678 1512 alieno
2725 1457 2913 1514 multo
2961 1456 3170 1513 fortius
3211 1473 3399 1530 quam
3449 1457 3525 1514 de

1860 1547 2021 1603 malo
2043 1547 2305 1620 proprio.
2336 1551 2441 1604 Per
2466 1548 2580 1603 hoc
2619 1547 2779 1604 enim
2821 1547 3011 1604 vitam
3058 1553 3340 1604 mternam
3389 1565 3526 1622 pro-

1860 1637 2153 1694 merebor.
2213 1639 2414 1694 Habeo
2443 1652 2586 1708 ergo
2641 1642 2848 1694 contra
2897 1642 2951 1694 te
2994 1638 3221 1709 justam
3268 1653 3523 1694 causam

1858 1727 2024 1799 quod
2081 1728 2280 1784 minus
2332 1729 2488 1799 juste
2533 1728 2828 1802 possides,
2909 1733 2966 1784 et
3007 1727 3187 1800 punis
3253 1743 3520 1786 sororem

78 1815 294 1873 forsan
318 1832 614 1891 equorum
642 1818 942 1874 nitebatur
970 1819 1267 1876 declinare
1313 1821 1641 1894 strepitum,
1695 1827 1751 1877 et
1786 1839 1830 1893 Β
1859 1832 2076 1883 meam,
2101 1817 2337 1891 plasma
2361 1817 2460 1873 Dei
2490 1817 2770 1873 creatoris
2803 1817 2904 1873 tui.
2941 1821 3068 1873 Non
3099 1817 3282 1878 enim.
3335 1820 3399 1872 ut
3427 1832 3520 1872 as-

78 1904 150 1961 in
180 1905 379 1979 lapide
425 1905 649 1963 laedens
695 1908 934 1982 pedem,
993 1909 1203 1965 cecidit
1253 1911 1512 1978 graviter
1547 1911 1744 1967 nimis.

78 1996 338 2051 Sanctus
369 2000 570 2052 autem
593 1996 1001 2069 Godehardus,
1050 1999 1164 2055 hoc
1215 1998 1361 2066 viso,
1418 1999 1613 2056 subito
1651 2001 1750 2056 de-

80 2084 316 2141 scendit
344 2084 417 2142 dc
447 2101 626 2159 equo,
680 2091 738 2143 et
789 2103 1106 2145 aceurrens
1157 2089 1560 2162 amplexando
1609 2107 1746 2147 eam

77 2174 387 2244 relevavit,
419 2181 496 2244 et,
535 2181 833 2250 quantum
879 2178 1092 2252 potuit,
1150 2179 1255 2235 luti
1304 2180 1610 2237 sorditiem
1669 2181 1744 2237 de

78 2265 368 2322 mantello
394 2266 757 2323 mulierculae
778 2269 942 2324 tersit
961 2269 1292 2339 diligenter,
1313 2274 1370 2326 et
1389 2269 1470 2326 ait
1498 2289 1509 2324 :
1545 2293 1570 2318 ‹‹
1593 2273 1745 2337 Qua-

74 2371 142 2410 re
174 2355 456 2422 cecidisti,
505 2358 744 2413 mater?
777 2381 804 2406 ››
860 2361 925 2413 Et
972 2357 1073 2415 illa
1110 2358 1293 2414 dixit:
1329 2382 1356 2408 ‹‹
1391 2363 1554 2416 Caeca
1584 2377 1739 2427 sum,

77 2443 292 2511 amice,
325 2443 535 2500 etideo
557 2444 921 2503 offendicula
951 2447 1188 2502 viarum
1237 2464 1444 2504 cavere
1482 2465 1606 2505 non
1635 2466 1740 2506 va-

73 2532 193 2600 leo,
225 2548 336 2588 nec
361 2549 613 2606 possum
638 2534 917 2592 devitarc.
949 2561 976 2586 ››
1022 2539 1272 2594 Sanetus
1318 2543 1520 2595 autem
1571 2540 1743 2595 Pater

76 2621 188 2677 sibi
221 2637 294 2677 ex
324 2621 502 2678 corde
535 2624 926 2697 compatiens,
956 2625 1036 2681 ait
1065 2643 1076 2680 :
1112 2648 1138 2675 ‹‹
1173 2629 1216 2682 0
1247 2626 1330 2682 mi
1361 2629 1513 2682 Deus
1545 2644 1737 2695 meus,

73 2711 227 2785 quot
252 2715 392 2768 sunt
421 2711 480 2768 in
507 2717 660 2769 terra
688 2713 957 2771 convicia
1002 2719 1059 2770 et
1102 2716 1453 2786 gravamina
1495 2717 1576 2773 tui
1615 2717 1740 2790 pla-

76 2799 324 2857 smatis!
353 2805 504 2859 Bene
533 2819 676 2874 ergo
705 2803 922 2861 dicitur
949 2823 961 2860 :
997 2827 1024 2854 ‹‹
1056 2809 1170 2874 Vae,
1203 2823 1312 2867 vae,
1346 2824 1435 2862 vae
1462 2807 1738 2863 habitan-

74 2891 240 2947 tibus
269 2891 330 2946 in
360 2895 515 2949 terra
543 2893 748 2965 (Apoc.
781 2911 899 2964 vm,
935 2897 1040 2967 I3).
1075 2918 1100 2944 ››
1159 2899 1225 2951 Et
1277 2913 1417 2952 cum
1469 2897 1738 2965 dixisset,

71 2981 271 3037 lutum
301 2998 440 3039 cum
462 2987 638 3057 sputo
663 2983 919 3055 miscuit,
979 3002 1143 3043 more
1188 2987 1374 3043 nostri
1418 2987 1737 3044 Salvatoris

72 3070 276 3141 (Joan.
307 3088 386 3143 ix,
418 3073 492 3144 6),
543 3077 600 3130 et
628 3073 814 3130 linivit
845 3075 1050 3132 oculos
1098 3077 1249 3148 ejus,
1303 3077 1508 3134 dicens
1557 3096 1568 3132 :
1616 3102 1642 3126 α
1693 3082 1736 3135 Ο

71 3158 325 3216 Domine
352 3162 492 3216 Jesu
522 3161 766 3231 Christe,
819 3162 923 3236 qui
952 3163 1014 3219 in
1045 3170 1370 3238 conspectu
1412 3166 1736 3240 discipulo—

69 3263 210 3305 rum
257 3253 498 3305 tuorum
535 3249 728 3308 lutum
776 3268 847 3308 ex
898 3257 1074 3326 sputo
1114 3253 1319 3319 fecisti,
1377 3254 1736 3330 linivistique

71 3337 282 3394 oculos
312 3339 452 3395 οωρὶ
478 3340 817 3414 cujusdam,
877 3347 934 3398 et
987 3342 1167 3412 vidit;
1225 3344 1500 3402 illumina
1557 3346 1736 3403 etiam

72 3427 282 3485 oculos
307 3429 486 3500 hujus
530 3431 913 3504 pauperculae
950 3437 1086 3503 tute,
1133 3439 1198 3490 ut
1243 3436 1596 3492 conﬁteatur
1632 3453 1736 3494 no-

71 3516 223 3572 mini
251 3521 373 3586 tuo,
406 3522 463 3574 et
488 3518 770 3590 glorietur
798 3521 859 3577 in
885 3521 1197 3594 praedigna
1212 3522 1391 3580 laude
1422 3528 1524 3580 tua
1549 3527 1731 3595 (Psal.

70 3621 164 3676 ev,
187 3607 299 3678 47).
345 3629 372 3656 ››
416 3607 514 3664 llis
541 3608 625 3664 sic
655 3610 801 3666 actis
832 3614 888 3666 et
915 3610 1088 3666 dictis
1120 3612 1334 3667 mulier
1374 3614 1552 3686 coepit
1595 3630 1733 3669 san-

68 3697 236 3750 ctum
263 3694 459 3752 virum
488 3696 724 3770 intueri,
759 3699 1087 3772 ceciditque
1114 3700 1192 3755 ad
1223 3701 1406 3773 pedes
1447 3702 1594 3773 ejus,
1651 3702 1735 3760 di-

67 3799 214 3839 cens
245 3803 258 3840 :
293 3785 628 3842 «Viderunt
655 3787 811 3843 oculi
843 3788 958 3844 mei
994 3788 1254 3846 salutare
1287 3790 1384 3846 Dei
1420 3797 1482 3844 in
1515 3796 1570 3847 et
1599 3807 1732 3864 pro-

63 3889 146 3930 na
196 3873 584 3932 osculabatur
625 3876 811 3950 pedes
867 3878 1040 3950 ejus;
1089 3885 1145 3935 et
1199 3879 1302 3936 ivit
1340 3880 1418 3936 ad
1465 3881 1728 3954 propria,

58 3961 323 4018 laudans
350 3965 538 4020 Deum
567 3981 676 4038 pro
706 3965 1020 4023 virtutibus
1049 3973 1105 4024 et
1127 3969 1349 4024 meritis
1381 3970 1567 4026 sancti
1595 3970 1726 4026 viri.

97 4055 185 4107 IX.
227 4054 315 4108 De
341 4053 573 4122 obsessa
600 4061 817 4112 sanata
848 4058 1074 4113 meritis
1103 4061 1300 4115 sancti
1330 4060 1688 4116 Uade/tardi.

131 4145 220 4202 66.
267 4145 330 4197 In
360 4143 590 4200 civitate
619 4145 963 4215 Ratisbona,
995 4148 1266 4220 quodam
1293 4153 1727 4222 tempore,san-

56 4235 192 4286 ctus
244 4231 635 4289 Godehardus
687 4235 1041 4292 morabatur
1089 4254 1198 4310 pro
1234 4239 1473 4308 negotio
1521 4240 1726 4296 forsan

54 4319 149 4374 sui
175 4321 524 4377 monasterii
553 4339 566 4376 :
599 4322 702 4379 ubi
731 4324 1014 4396 quaedam
1037 4327 1290 4384 obsessa
1343 4344 1378 4384 a
1424 4329 1724 4385 (lzemonio

54 4409 134 4465 ad
157 4425 304 4466 eum
331 4409 683 4481 ducebatur,
717 4419 783 4470 ut
805 4420 1119 4472 sanaretur
1138 4417 1216 4473 ab
1248 4435 1338 4474 eo.
1393 4421 1586 4485 Quam
1639 4420 1725 4476 vir

54 4497 158 4553 Dei
189 4498 622 4582 inspiciens,ait
653 4521 666 4558 :
698 4521 729 4555 ‹
751 4505 1064 4575 Responde
1097 4505 1580 4573 mihi,immunde
1610 4508 1723 4582 spi-

1857 1905 2020 1972 scris,
2056 1921 2172 1975 ago
2202 1906 2307 1962 tibi
2338 1905 2718 1975 violentiam;
2779 1905 2884 1961 sed
2937 1921 3046 1979 pro
3095 1905 3285 1976 gloria
3315 1905 3415 1961 Dei
3464 1909 3522 1961 et

1856 2011 2060 2050 amore
2089 1995 2399 2068 plasmatis
2439 1996 2588 2067 ejus,
2649 2012 2760 2069 pro
2811 2012 2934 2070 quo
2989 1995 3334 2066 Unigenitus
3389 1995 3520 2067 ejus

1855 2085 2217 2155 sanguinem
2244 2101 2423 2142 suum
2449 2085 2732 2155 fundens,
2783 2085 3231 2143 amarissimam
3261 2089 3520 2142 mortem

1856 2174 2154 2245 sustinuit,
2187 2179 2395 2231 contra
2417 2180 2470 2231 te
2502 2191 2625 2231 non
2653 2176 2844 2249 pugil,
2877 2175 2983 2231 sed
3011 2174 3195 2232 vietor
3225 2175 3520 2246 gloriosus

1853 2263 2152 2334 [decerto].
2191 2266 2361 2333 Ergo,
2391 2263 2494 2319 tibi
2516 2263 2819 2338 praecipio,
2840 2263 3096 2337 superbe
3122 2268 3179 2320 et
3206 2263 3519 2319 immunde

1852 2351 2116 2424 spiritus,
2149 2352 2211 2407 in
2237 2351 2480 2408 nomine
2508 2355 2646 2408 Jesu
2674 2352 2886 2411 Christi
2927 2352 3139 2409 recede
3193 2352 3271 2408 ab
3321 2369 3411 2422 ea,
3465 2356 3525 2409 et

1849 2457 1971 2498 non
1999 2458 2332 2515 praesumas
2365 2442 2589 2499 amodo
2615 2448 2953 2500 creaturam
2985 2443 3084 2498 Dei
3115 2442 3453 2499 molestare.
3489 2465 3518 2492 »

1851 2533 1916 2587 Et
1942 2532 2024 2587 sic
2055 2532 2295 2604 spiritus
2323 2532 2418 2588 ille
2445 2532 2748 2603 malignus
2780 2532 3089 2602 abscessit,
3123 2536 3180 2588 et
3217 2531 3431 2588 mulier
3455 2536 3522 2588 ut

1848 2626 2087 2677 mortua
2111 2621 2340 2677 cecidit.
2369 2621 2482 2678 Sed
2513 2620 2602 2677 vir
2633 2625 2876 2678 sanctus
2907 2621 3104 2677 subito
3126 2637 3262 2677 eam
3288 2621 3472 2678 erexit
3500 2639 3514 2677 :

1848 2715 2042 2767 erecta
2060 2727 2198 2767 vero
2225 2710 2464 2784 publice
2504 2710 2710 2766 vitium
2737 2710 3184 2778 incantationis,
3213 2711 3381 2783 quod
3410 2711 3520 2767 du-

1847 2799 1995 2855 dum
2025 2799 2323 2855 multoties
2351 2799 2696 2872 perfecerat,
2733 2817 2872 2856 cum
2916 2799 3201 2873 lacrymis
3246 2805 3334 2858 est
3375 2817 3517 2857 con-

1847 2890 2005 2945 fessa
2035 2908 2048 2958 ;
2079 2906 2268 2962 quam
2299 2897 2355 2946 et
2385 2890 2473 2946 vir
2491 2894 2734 2946 sanctus
2761 2890 3014 2947 absolvit
3041 2890 3255 2948 virtute
3283 2893 3515 2965 passio-

1847 2979 1938 3035 nis
1967 2983 2105 3035 Jesu
2135 2979 2365 3035 Christi.

1848 3072 1905 3125 Χ.
1947 3071 2034 3126 De
2074 3084 2261 3138 puero
2314 3072 2571 3127 multum
2613 3071 2832 3140 hebete,
2887 3088 3059 3144 quem
3107 3074 3378 3130 oratimie
3402 3090 3512 3131 sua

2451 3163 2702 3219 docilem
2736 3164 2900 3233 fecit.

1917 3253 2004 3306 67.
2050 3253 2110 3306 In
2139 3250 2367 3307 civitate
2398 3251 2639 3308 Patavia
2685 3257 2811 3310 erat
2847 3253 3100 3327 quidam
3153 3254 3301 3310 civis
3345 3254 3514 3311 dives

1845 3339 2040 3407 valde,
2069 3341 2173 3414 qui
2204 3341 2415 3397 habuit
2438 3341 2628 3397 ﬁlium
2677 3359 2860 3415 quem
2901 3343 3215 3400 tenerrime
3258 3343 3462 3401 dilexit
3495 3362 3508 3402 :

1843 3429 1948 3500 qui
1981 3445 2132 3501 puer
2158 3429 2310 3486 adeo
2340 3430 2526 3487 hebes
2555 3434 2700 3500 erat,
2733 3437 2798 3488 ut
2825 3432 2886 3488 in
2928 3433 3118 3489 tribus
3175 3432 3349 3490 annis
3388 3449 3514 3490 non

1843 3519 2035 3591 potuit
2060 3517 2291 3575 efﬁcere
2319 3524 2384 3576 ut
2411 3520 2633 3576 diceret
2661 3521 2859 3577 minus
2899 3522 3311 3595 alphabetum.
3345 3523 3511 3580 Unde

1842 3612 2012 3679 pater
2039 3608 2168 3678 ejus
2200 3613 2476 3664 sanctum
2499 3607 2924 3665 Godehardum
2969 3609 3132 3678 adiit,
3191 3610 3510 3683 retulitque

1842 3697 1894 3752 ei
1925 3696 2208 3753 duritiam
2238 3697 2435 3754 cordis
2468 3697 2571 3753 ﬁlii
2595 3698 2710 3768 sui,
2737 3702 2945 3772 petens
2975 3699 3256 3756 obnixius
3301 3703 3368 3756 ut
3395 3693 3506 3772 pro

1842 3803 1913 3842 eo
1944 3787 2287 3860 suppliciter
2311 3803 2483 3843 orare
2517 3787 2814 3859 dignetur,
2845 3793 3144 3862 quatenus
3190 3791 3344 3846 Deus
3372 3805 3504 3846 om-

1841 3877 2117 3951 nipotens
2143 3895 2282 3935 cum
2310 3877 2649 3934 illuminare
2680 3877 3047 3949 dignaretur.
3082 3881 3332 3937 Sanetus
3361 3896 3505 3937 vero

1842 3967 2252 4038 Godehardus,
2282 3972 2497 4024 vocato
2527 3967 2606 4025 ad
2630 3984 2690 4024 se
2717 3985 2928 4042 puero,
2962 3985 3141 4042 super
3184 3986 3324 4026 eum
3365 3969 3507 4042 legit

1840 4073 1975 4130 quae
2007 4062 2340 4131 sequuntur
2372 4073 2385 4112 :
2420 4081 2445 4107 ‹‹
2477 4057 2685 4115 Omnis
2718 4058 3011 4132 sapientia
3039 4076 3075 4115 a
3107 4056 3358 4116 Domino
3383 4060 3504 4117 Deo

1839 4146 2157 4217 est(Eccli.
2190 4164 2228 4216 ι,
2266 4149 2350 4220 I);
2380 4171 2407 4197 »
2441 4165 2582 4204 cum
2614 4148 2861 4206 collecta
2919 4167 2931 4204 :
2985 4172 3012 4198 «
3062 4152 3217 4206 Deus
3256 4149 3362 4223 qui
3398 4166 3505 4223 per

1837 4242 2198 4294 cozeternam
2229 4238 2333 4294 tibi
2377 4239 2761 4312 Sapientiam,
2819 4239 3130 4296 hominem
3182 4256 3321 4295 cum
3378 4256 3504 4297 non

1837 4320 1992 4383 esset
2017 4327 2354 4395 condidisti,
2388 4347 2417 4380 »
2449 4333 2558 4384 etc.
2595 4331 2659 4385 Et
2690 4328 2957 4384 addidit:
2993 4347 3023 4381 ‹
3055 4327 3232 4397 Vade,
3267 4327 3348 4384 ﬁli
3381 4347 3394 4396 ;
3445 4334 3504 4386 et

1834 4413 1928 4471 ille
1961 4417 2385 4486 magistrorum
2412 4417 2699 4490 optimus,
2725 4417 2830 4490 qui
2861 4417 3058 4473 subito
3108 4418 3310 4474 docuit
3356 4434 3503 4490 apo-

1837 4506 2042 4576 stolos,
2078 4512 2128 4562 te
2159 4507 2431 4572 instruat,
2473 4512 2530 4563 et
2556 4507 2617 4563 in
2662 4509 2759 4563 via
2787 4513 2948 4563 recta
3005 4506 3084 4562 ad
3128 4507 3498 4578 agnitionem

51 4587 226 4657 ritus,
257 4581 333 4643 ad
365 4605 437 4644 ea
464 4607 600 4662 quae
631 4607 668 4646 a
696 4595 746 4648 te
776 4593 1171 4664 qumro.Quid
1201 4594 1296 4650 hic
1323 4595 1452 4665 agis
1481 4596 1538 4652 in
1564 4569 1724 4653 crea-
1760 4569 1803 4622 Β
1835 4595 2123 4670 perducat
2147 4594 2479 4651 clariorem.
2516 4619 2542 4644 ››
2599 4595 2709 4662 Qui
2761 4611 2912 4668 puer
2963 4595 3044 4651 ita
3089 4601 3354 4652 mutatus
3384 4601 3493 4668 est,

55 4681 194 4734 tura
224 4677 377 4733 Dei?
405 4701 431 4728 ››
461 4683 535 4736 At
562 4680 800 4738 daemon
835 4683 916 4739 ait
948 4702 960 4739 :
993 4707 1020 4732 «
1050 4684 1225 4741 Pleno
1246 4686 1379 4757 jure
1402 4692 1487 4742 est
1518 4688 1722 4745 anima

52 4766 248 4839 ipsius
279 4783 436 4836 mea,
467 4770 633 4842 quod
663 4772 1018 4828 incantati-ix
1049 4779 1153 4842 est,
1184 4779 1240 4831 et
1269 4791 1373 4848 per
1403 4793 1538 4832 eam
1565 4779 1719 4834 mul-

51 4861 144 4911 tas
210 4856 448 4914 animas
504 4857 766 4917 lucratus
824 4879 978 4918 sum.
1015 4883 1042 4912 »
1104 4867 1168 4919 Et
1206 4864 1287 4920 ait
1316 4865 1405 4920 vir
1436 4873 1715 4924 sanctus:

53 4967 80 4991 α
116 4947 316 5011 Quare
345 4951 591 5020 propter
609 4949 1080 5008 incantationem
1107 4958 1208 5009 tua
1239 4959 1325 5010 est
1354 4956 1382 5009 ἱ)
1424 4979 1449 5003 ››
1492 4958 1559 5012 Et
1597 4959 1718 5013 (lae-

53 5051 201 5091 mon
234 5035 316 5091 ait
343 5053 354 5092 :
393 5059 421 5086 ‹‹
451 5040 654 5094 Nonne
683 5039 879 5111 legisti
909 5042 1053 5115 quia
1082 5043 1370 5099 Dominus
1396 5046 1718 5120 Pythones,

49 5124 297 5181 divinos
327 5130 384 5182 et
408 5126 807 5185 incantatores
855 5131 1034 5201 jussit
1093 5135 1515 5191 exterminari?
1565 5138 1717 5202 Quid

48 5214 216 5270 enim
247 5214 396 5271 tales
424 5215 678 5288 faciunt,
698 5219 810 5275 nisi
839 5220 1005 5292 quod
1034 5221 1181 5278 mihi
1206 5224 1474 5297 meisque
1505 5226 1718 5296 princi-

46 5304 234 5380 pibus
259 5305 624 5378 deserviunt,
657 5307 984 5366 idololatria
1013 5312 1173 5368 enim
1205 5318 1344 5369 sunt
1369 5332 1382 5382 ;
1408 5313 1507 5371 vix
1538 5315 1717 5373 etiam

46 5394 289 5468 aliquos
337 5399 504 5452 tanto
556 5397 690 5467 jure
742 5399 1048 5471 possidere
1098 5419 1443 5475 possumus,
1487 5411 1716 5478 quanto

45 5485 404 5556 hujusmodi
431 5485 876 5570 vitiisirretitos.
911 5493 1186 5564 Nunquid
1233 5493 1496 5564 ignoras,
1549 5497 1711 5570 quod

45 5571 202 5630 inter
231 5573 394 5632 mille
422 5569 840 5635 incantatrices
865 5584 967 5635 aut
995 5581 1255 5652 divinos,
1282 5583 1380 5640 vix
1409 5601 1527 5641 una
1551 5569 1712 5641 inve-

45 5661 233 5731 nitur,
261 5679 400 5738 quaa
427 5665 520 5721 vel
546 5667 648 5740 qui
685 5669 825 5725 velit
854 5669 966 5725 hoc.
1015 5671 1224 5729 vitium
1273 5672 1585 5730 conﬁteri?
1633 5675 1715 5730 sic

44 5747 214 5810 enim
237 5769 345 5812 ora
368 5754 640 5828 ipsorum
666 5753 1039 5828 claudimus,‘
1078 5766 1143 5818 ut
1183 5761 1258 5818 de
1291 5762 1504 5820 talibus
1550 5763 1716 5837 loqui

42 5843 200 5903 nihil
228 5843 474 5904 valeant
499 5847 948 5921 quovismodo.
977 5870 1007 5905 ›
1049 5853 1115 5908 Et
1165 5851 1247 5910 ait
1295 5852 1385 5910 vir
1424 5857 1665 5911 sanctus
1699 5871 1712 5908 :

1834 4691 1898 4742 ut
1923 4685 1982 4741 in
2009 4685 2176 4740 brevi
2204 4689 2469 4758 tempore
2499 4701 2710 4742 omnes
2736 4702 2876 4741 suos
2907 4685 3416 4756 consanguineos,
3439 4691 3498 4744 et

1833 4791 2043 4832 omnes
2073 4774 2184 4831 sibi
2206 4779 2561 4844 coaetaneos,
2594 4774 2716 4831 imo
2749 4774 3009 4830 seniores
3040 4777 3218 4847 atque
3261 4773 3492 4832 doctio-

1831 4883 1925 4922 res
1956 4882 2015 4920 se
2050 4866 2354 4938 sapientiae
2400 4866 2767 4940 plenitudine
2797 4865 3060 4923 anteiret.
3119 4865 3226 4930 Qui
3261 4869 3491 4938 postea,

1831 4962 2074 5029 propter
2101 4957 2430 5013 intellectus
2461 4962 2517 5014 et
2547 4957 2851 5031 sapientia:
2889 4955 3376 5030 profunditatem,
3429 4956 3492 5014 in

1832 5047 2185 5120 episcopum
2207 5046 2618 5103 Patavienscm
2650 5052 2738 5103 est
2773 5047 2992 5104 electus
3022 5050 3200 5120 atque
3248 5045 3490 5104 ordina-

1833 5142 1965 5204 tus;
2001 5136 2158 5192 unde
2201 5136 2312 5192 sibi
2360 5141 2417 5193 et
2446 5136 2698 5194 subditis
2742 5153 2852 5210 pro
2902 5135 3243 5194 animarum
3300 5137 3490 5195 salute

1829 5221 2254 5282 instantissime
2283 5225 2596 5283 laboravit.

1903 5319 2170 5390 Sequens
2199 5316 2558 5374 miraculum
2590 5317 2815 5374 factum
2844 5320 2952 5386 est,
2981 5333 3122 5375 cum
3159 5323 3318 5376 esset
3362 5321 3489 5394 epi-

1830 5422 2068 5478 scopus.
2567 5429 2574 5434 ’

1827 5497 1914 5551 De
1959 5497 2229 5567 mortuis,
2283 5498 2389 5568 qui
2438 5497 2521 5552 ad
2562 5502 2928 5568 praeceptum
2975 5501 3173 5556 sancti
3203 5503 3490 5571 praesulis

1837 5605 1841 5610 ι
1898 5591 2294 5640 surrexerunt
2323 5585 2396 5641 de
2424 5587 2738 5656 sepulcris,
2778 5593 3060 5645 exeuntes
3097 5589 3168 5646 de
3219 5590 3486 5658 ecclesia,

1897 5691 1974 5746 qu
1983 5677 2049 5737 ia.
2062 5677 2580 5747 excommunicali,
2596 5671 2754 5750 quod
2783 5680 2907 5734 vivi
2919 5681 3126 5750 facere
3139 5681 3486 5736 noluerunt.

1897 5769 1982 5819 68.
2025 5764 2248 5821 Accidit
2277 5770 2341 5821 ut
2371 5771 2616 5824 sanctus
2645 5768 2867 5842 praesul
2897 5769 3288 5827 Godehardus
3333 5783 3490 5842 quo-

1827 5855 1999 5912 sdam
2029 5854 2104 5912 de
2135 5855 2262 5912 suis
2287 5855 2561 5927 subditis,
2589 5858 2668 5916 ob
2693 5874 2903 5918 eorum
2919 5859 3326 5929 rebellionem,
3351 5860 3488 5932 post
