3888 6418
429 288 563 346 1207

1362 285 1420 340 8.
1463 281 1872 340 GODEHARDI
1907 278 2218 343 EPISCOPI
2256 274 2901 337 HILDESHEIMENSIS.

416 407 789 469 monitiones
836 409 1149 464 consuetas
1196 406 1775 473 excommunicaret;
1807 421 2067 479 quorum
2104 408 2152 460 Α
2186 408 2258 475 te,
2289 404 2537 461 rebelles
2566 408 2623 461 et
2644 399 2956 471 increduli,
2987 403 3045 457 et
3072 399 3265 457 videte
3286 392 3544 469 justum
3583 375 3675 451 Dei
3692 395 3802 466 judi-

425 498 613 573 aliqui
632 496 870 554 malitiae
902 512 1024 552 suae
1046 487 1274 551 veneno
1294 494 1545 561 excitati,
1564 495 1695 568 ipso
1715 495 2071 566 celebrante,

426 587 740 645 ecclesiam
768 586 1135 641 intraverunt
1162 588 1507 652 arroganter
1537 590 1594 640 et
1622 590 1911 657 proterve.
1946 587 2074 652 Quo

428 677 685 747 cognito,
719 690 780 729 se
810 672 1044 748 divertit
1090 672 1167 728 ab
1214 672 1405 740 altari,
1455 674 1658 730 dicens
1691 692 1703 729 :
1735 696 1762 723 «
1796 674 2074 747 Praecipio

428 765 595 822 vobis
624 762 925 833 omnibus,
948 761 1051 835 qui
1081 761 1221 816 estis
1252 762 1771 833 excommunicati,
1788 762 1846 818 in
1866 762 2075 818 virtute

431 854 680 929 Spiritus
705 852 894 910 sancti
924 857 981 908 et
1008 856 1227 908 sanctae
1256 851 1603 908 obedientiae
1633 856 1699 908 ut
1734 853 1953 909 exeatis
2002 852 2077 907 de

428 944 699 1003 ecclesia.
734 967 761 993 ››
805 942 1066 998 Rebelles
1093 946 1292 997 autem
1321 946 1378 997 et
1428 942 1929 998 excommunicati
1964 942 2103 998 hoc.

428 1037 797 1108 prteceptum
826 1047 947 1087 non
976 1035 1249 1087 curantes
1275 1029 1671 1102 perstiterunt,
1703 1034 2077 1087 remanentes

430 1124 491 1187 in
527 1122 797 1179 ecclesia.
833 1121 946 1177 Sed
982 1120 1233 1193 quidam
1275 1120 1349 1176 de
1397 1120 1666 1191 mortuis,
1721 1120 1824 1192 qui
1879 1119 2081 1176 multis

434 1212 611 1269 annis
663 1211 1010 1283 quieverant
1062 1209 1125 1265 in
1166 1208 1590 1276 monumentis,
1634 1209 1738 1282 qui
1774 1213 1831 1265 et
1856 1208 2079 1278 forsan,

433 1299 850 1373 ignorantibus
876 1298 959 1353 eis
987 1297 1087 1371 qui
1120 1314 1223 1353 eos
1258 1298 1635 1370 sepelierunt,
1660 1298 1719 1354 in
1741 1314 2084 1355 excommu-

436 1388 732 1447 nicatione
762 1389 873 1457 (75)
913 1386 1124 1459 sepulti
1170 1387 1423 1453 fuerant,
1474 1391 1854 1443 surrexerunt
1899 1391 1957 1443 et
2009 1386 2083 1443 de

437 1476 686 1533 ecclesia
714 1474 998 1531 exierunt.
1032 1474 1201 1537 Quod
1229 1473 1495 1530 videntes
1522 1474 1603 1531 illi
1650 1474 1898 1531 rebelles
1950 1491 2085 1532 eri:—

438 1566 717 1634 buerunt,
748 1568 805 1621 et
832 1568 968 1637 post
995 1567 1261 1619 mortuos
1285 1563 1568 1620 exierunt.
1605 1566 1852 1620 Sanctus
1884 1568 2084 1620 autem

439 1653 677 1731 prmsul,
705 1652 872 1709 finita
893 1652 1099 1722 missa,
1131 1653 1209 1710 ad
1234 1670 1335 1711 eos
1363 1654 1581 1721 exiens,
1614 1653 1762 1710 dixit
1794 1670 1806 1708 :
1850 1648 1882 1701 «'
1910 1653 2086 1710 Audi-

2181 494 2341 550 cium
2372 499 2580 551 contra
2609 510 2732 549 vos.
2768 495 2912 548 Ecce
2940 488 3162 547 mortui
3208 487 3311 545 Dei
3356 486 3422 544 in
3479 499 3600 542 suo
3641 484 3806 543 vicario

2183 584 2603 650 obediunt,vos
2630 587 2831 638 autem
2861 579 3123 653 superbo
3144 576 3346 635 referti
3375 573 3603 649 spiritu
3622 573 3805 632 obedire

2183 672 2641 744 contempsistis.
2663 673 2915 739 Surgent
2940 668 3120 738 igitur
3148 665 3372 723 mortui
3402 662 3510 719 isti
3528 666 3722 723 contra
3738 679 3807 720 vos

2185 761 2247 817 in
2272 761 2497 832 judicio
2544 764 2602 817 et
2649 758 3007 815 sententiam
3049 753 3471 813 damnationis
3517 750 3811 821 allegabunt

2185 854 2392 909 contra
2414 849 2663 917 vos,nisi
2692 848 2934 921 plenam
2960 850 3017 902 et
3042 844 3416 913 condignam
3438 840 3813 914 paenitentiam

2187 940 2440 1010 egeritis.
2477 962 2504 990 »
2538 942 2620 1006 Et,
2654 939 2746 994 his
2777 937 2968 1004 dictis,
2997 934 3287 992 convertit
3317 950 3384 988 se
3437 931 3530 988 ad
3579 936 3814 995 mortuos,

2187 1029 2393 1085 dicens
2426 1048 2440 1085 :
2474 1051 2503 1078 «ι
2536 1031 2654 1097 Ego
2679 1044 2810 1094 vos,
2837 1026 3064 1095 fratres,
3095 1022 3455 1080 auctoritate
3494 1019 3720 1077 Domini
3742 1036 3814 1075 no-

2189 1119 2292 1176 stri
2312 1122 2447 1175 Jesu
2481 1117 2687 1175 Christi
2720 1116 2966 1173 absolvo
2993 1130 3030 1170 a
3051 1112 3345 1170 sententia
3371 1110 3817 1167 excommunica-

2189 1207 2384 1272 tionis,
2416 1223 2539 1280 qua
2566 1207 2683 1262 huc
2706 1220 2894 1277 usque
2924 1202 3164 1260 fueratis
3187 1200 3496 1267 innodati,
3530 1199 3593 1255 in
3621 1199 3813 1257 nomine

2189 1296 2374 1352 Patris
2400 1300 2456 1351 et
2482 1295 2601 1351 Filii
2630 1300 2686 1350 et
2717 1293 2964 1367 Spiritus
2996 1291 3203 1350 sancti.
3230 1296 3451 1346 Amen.
3492 1293 3597 1355 lte,
3629 1287 3819 1344 reverti-

2190 1386 2335 1442 mini
2357 1384 2437 1441 ad
2461 1384 2614 1453 loca,
2664 1388 2722 1440 et
2772 1383 2833 1438 in
2891 1397 3040 1454 pace
3094 1378 3483 1453 requiescite,
3541 1376 3819 1433 adventum

2189 1475 2409 1531 iudicis
2464 1472 2892 1547 praestolantes.
2947 1493 2975 1520 υ
3033 1469 3241 1527 Mortui
3294 1473 3537 1536 autem,
3581 1465 3828 1522 inclinatis

2193 1562 2487 1636 capitibus
2514 1566 2571 1618 et
2594 1561 2814 1633 junctis
2842 1558 3149 1628 manibus,
3197 1556 3378 1630 quasi
3430 1556 3663 1626 gratias
3688 1569 3826 1623 agen-

2195 1657 2280 1709 tes
2312 1652 2391 1708 ad
2419 1652 2551 1708 loca
2584 1668 2692 1707 sua
2716 1652 3133 1707 remeaverunt
3156 1652 3215 1705 et
3240 1646 3638 1722 quieverunt.

842 2052 1551 2141 CANONIZATIO
1629 2054 1760 2140 ET
1832 1988 2511 2141 TRANSLATID
2584 2052 2673 2139 s.
2759 2047 3467 2138 conm-mam.

639 2250 978 2325 Quomodo
1011 2251 1235 2320 beatus
1270 2249 1710 2321 Godehczrdus
1738 2256 1811 2322 in
1839 2259 2227 2321 sanctorum
2255 2273 2615 2319 numerum
2658 2251 2742 2317 sit
2787 2251 3062 2332 relatus,
3115 2256 3176 2315 et
3212 2246 3294 2316 de
3329 2244 3704 2315 miraculis

1870 2393 2439 2485 subsequentibus.

528 2612 576 2663 t.
619 2606 811 2664 Gloria
842 2624 1081 2664 summo
1121 2608 1398 2678 Creatori,
1457 2612 1514 2665 et
1565 2607 1817 2665 humani
1868 2608 2101 2681 generis
2138 2609 2181 2662 Β
2210 2611 2395 2678 ratus,
2428 2608 2721 2666 cathedrae
2747 2612 2964 2665 nostrae
2991 2606 3254 2664 ecclesiae
3281 2606 3684 2681 praesidebat,
3706 2621 3853 2679 quam

454 2697 803 2772 reparatori,
833 2696 937 2770 qui
962 2712 1084 2753 non
1109 2697 1330 2753 nostris
1378 2696 1625 2765 meritis,
1684 2697 1790 2753 sed
1838 2714 1951 2754 sna
1990 2698 2103 2754 im-

452 2780 664 2843 mensa
693 2784 956 2841 bonitate
999 2785 1282 2855 dignatus
1338 2789 1425 2840 est
1475 2785 1877 2842 confessorem
1926 2802 2103 2843 suum

453 2870 701 2929 beatum
726 2872 1149 2928 Godehardum
1178 2872 1522 2945 pontiﬁcem
1565 2874 1644 2930 ad
1686 2873 1939 2930 salutem
1974 2890 2103 2929 om-

456 2960 626 3016 nium
655 2960 1020 3017 credentium
1050 2961 1397 3017 hominibus
1424 2962 1607 3017 nostri
1641 2962 1923 3035 temporis
1953 2978 2107 3017 reve-

456 3047 599 3115 lare,
633 3053 689 3104 et
717 3064 855 3104 eum
885 3049 990 3121 qui
1015 3065 1122 3121 pro
1167 3049 1597 3122 longinquitate
1634 3050 1942 3123 temporis,
1978 3051 2107 3122 jam

458 3136 727 3210 quadam
754 3136 915 3192 nube
945 3136 1261 3192 oblivionis
1290 3137 1636 3194 obfuscatus
1668 3139 1875 3206 fuerat,
1898 3143 1962 3194 ut
1982 3144 2107 3195 tan-

460 3225 603 3282 dem
634 3224 713 3281 ab
740 3224 949 3281 incolis
976 3231 1191 3281 nostrae
1214 3226 1482 3282 Ecclesiae
1504 3233 1900 3297 veneraretur,
1928 3228 2110 3286 voluit

458 3314 806 3371 nationibus
845 3312 1215 3370 diversarum
1259 3320 1549 3372 terrarum
1601 3317 1997 3385 manifestare,
2047 3322 2112 3374 ut

463 3404 652 3477 gloria
708 3404 896 3477 ipsius
962 3420 1085 3460 non
1156 3409 1387 3462 tantum
1446 3406 1525 3462 ad
1576 3406 1934 3463 domesticos
1971 3407 2111 3463 ﬁdei

464 3493 797 3563 attingeret,
827 3492 931 3548 sed
958 3493 1136 3548 etiam
1156 3493 1217 3549 in
1239 3498 1467 3551 exteras
1497 3494 1767 3551 nationes
1811 3513 1872 3552 se
1901 3495 2109 3552 dilata-

462 3587 566 3638 ret.
597 3581 852 3646 Qualitcr
879 3586 1079 3637 autem
1111 3586 1167 3637 et
1203 3599 1325 3655 quo
1374 3582 1581 3639 ordine
1630 3583 1935 3640 translatio
1965 3600 2111 3656 pra:-

464 3670 603 3727 dicti
629 3669 986 3727 confessoris
1032 3671 1217 3727 nostri
1270 3671 1425 3728 facta
1478 3672 1670 3740 fuerit,
1716 3689 1837 3729 non
1876 3672 2112 3744 turgido

465 3759 702 3832 eloquio
722 3758 816 3814 vel
852 3758 1045 3815 nitens
1076 3760 1291 3831 grandi
1337 3761 1649 3830 cothurno,
1700 3761 1808 3817 sed
1862 3761 2114 3835 simplici

467 3848 620 3921 stylo
652 3847 971 3917 aggredior
996 3848 1333 3906 describere
1367 3867 1379 3906 :
1407 3866 1530 3906 non
1580 3851 1843 3906 conﬁsus
1894 3850 2115 3921 ingenii

2212 2696 2463 2753 discrete
2495 2697 2908 2766 gubernando,
2943 2700 3000 2753 et
3027 2696 3340 2766 religiosos
3393 2695 3570 2752 viros
3622 2695 3853 2766 undique

2213 2802 2281 2841 ex
2315 2786 2560 2841 diversis
2590 2785 2849 2842 ecclesiis
2880 2784 2959 2840 ad
2992 2801 3055 2841 se
3086 2785 3456 2855 colligendo,
3493 2785 3660 2842 adeo
3711 2782 3856 2838 subli-

2213 2874 2483 2931 mavitut
2509 2875 2777 2931 diversas
2799 2874 2977 2931 cellas
3029 2874 3151 2930 suis
3194 2874 3590 2947 temporibus
3634 2873 3857 2929 aediﬁca-

2214 2969 2318 3033 ret,
2352 2968 2407 3019 et
2436 2964 2497 3019 in
2526 2964 2771 3037 spiritali
2797 2964 3248 3020 conversatione
3276 2963 3443 3020 dulci
3467 2962 3859 3020 adhortatione

2214 3053 2612 3109 conﬁrmaret.
2647 3054 2775 3119 Quo
2816 3052 3115 3110 residente
3142 3053 3207 3109 in
3236 3053 3570 3110 communi
3602 3058 3861 3109 conventu

2216 3141 2354 3197 cleri
2384 3141 2495 3198 sibi
2525 3141 2848 3208 commissi,
2882 3146 2938 3197 et
2966 3141 3040 3198 de
3070 3140 3281 3217 populi
3333 3141 3631 3199 Ecclesiae
3683 3144 3863 3197 nostra

2215 3230 2481 3299 utilitate,
2524 3230 2607 3285 uti
2631 3246 2763 3287 mos
2792 3230 2922 3302 ejus
2965 3235 3110 3299 erat,
3162 3246 3404 3304 semper
3466 3233 3868 3304 pertractante,

2219 3321 2336 3377 Deo
2358 3319 2625 3387 faciente,
2658 3320 2742 3376 uti
2770 3324 2907 3394 post
2935 3319 3181 3377 effectus
3203 3319 3524 3387 indicavit,
3560 3336 3640 3377 ex
3687 3320 3872 3393 imprc

2215 3409 2343 3465 \iso
2374 3425 2569 3464 sermo
2600 3407 2674 3464 de
2696 3413 2949 3481 patrono
2971 3414 3176 3466 nostro
3218 3408 3401 3466 beato
3436 3410 3680 3467 scilicet
3722 3407 3875 3466 Gode

2217 3496 2408 3553 hardo
2434 3496 2694 3553 exoritur
2718 3515 2731 3564 ;
2765 3496 2905 3553 item
2935 3501 3116 3570 atque
3143 3497 3288 3553 item
3317 3512 3354 3554 a
3399 3497 3700 3571 pluribus
3729 3495 3874 3569 repli-

2220 3589 2406 3656 catur,
2465 3584 2967 3658 conquerentibus
3009 3589 3067 3641 et
3121 3585 3608 3643 condolentibus
3670 3603 3734 3642 se
3780 3592 3877 3640 tam

2220 3673 2665 3729 misericordem
2709 3672 2930 3729 habere
2986 3677 3336 3747 patronum,
3397 3678 3462 3731 et
3522 3673 3877 3744 condignum

2222 3762 2336 3817 sibi
2364 3762 2424 3817 in
2448 3762 2704 3817 Ecclesia
2735 3761 2833 3817 Dei
2863 3778 2987 3819 non
3031 3762 3315 3819 exhibere
3360 3762 3708 3821 honorem.
3762 3766 3878 3818 Nam

2220 3855 2510 3924 quantam
2539 3849 3009 3906 miscricordiam
3039 3854 3095 3907 et
3124 3867 3312 3923 quam
3343 3852 3761 3909 manifestam
3783 3866 3878 3920 gra-

466 3936 586 3993 mei
613 3936 893 4006 igniculo,
926 3937 1031 3992 sed
1055 3936 1153 3993 illo
1184 3938 1525 4007 evangelico
1553 3939 1710 3995 dicto
1742 3958 1755 3995 :
1789 3959 1819 3993 ‹
1843 3939 2016 4012 Aperi
2044 3956 2113 3995 os
2154 3966 2193 4020 ε
2223 3939 2367 3994 tiam
2417 3936 2735 4011 praedictus
2787 3938 3094 3994 confessor
3148 3938 3442 3996 fratribus
3503 3941 3745 3997 nostris
3793 3938 3878 3993 sui:

468 4026 659 4091 tuum,
693 4027 750 4080 et
777 4040 890 4094 ego
921 4024 1263 4097 adimplebo
1304 4026 1451 4082 illud
1500 4029 1684 4094 (Psal.
1720 4036 1930 4099 Lxxx);
1981 4050 2009 4077 ››
2060 4031 2117 4083 et

468 4113 720 4170 iterum:
749 4136 775 4161 «
807 4116 935 4169 Non
964 4130 1068 4169 vos
1089 4117 1245 4184 estis,
1277 4116 1381 4188 qui
1408 4116 1757 4191 loquimini;
1800 4117 1903 4172 sed
1937 4116 2116 4190 Spiri-

471 4207 566 4258 tus
586 4202 767 4260 Patris
797 4202 933 4270 mei,
966 4203 1070 4274 qui
1112 4202 1373 4277 loquitur
1399 4205 1460 4261 in
1501 4205 1670 4261 vobis
1693 4206 1930 4277 (Matth.
1962 4207 2041 4278 x).
2087 4228 2114 4257 ››

470 4294 576 4349 Per
604 4290 925 4365 scripturas
952 4291 1111 4348 enim
1157 4308 1251 4348 res
1298 4293 1625 4367 praeteritae,
1679 4298 1736 4350 et
1776 4293 1942 4350 brevi
1968 4298 2117 4351 tem-

472 4398 617 4457 pore
643 4382 704 4439 in
733 4381 1094 4439 oblivionem
1120 4382 1427 4439 tradendae
1457 4384 1535 4440 ad
1566 4384 1919 4440 memoriam
1946 4400 2117 4440 revo-

473 4476 714 4541 cantur;
746 4475 803 4528 et
830 4486 937 4544 per
957 4487 1051 4527 res
1080 4472 1344 4528 virtuose
1373 4472 1432 4528 in
1464 4473 1721 4529 Ecclesia
1742 4478 1962 4543 gestas,
1982 4489 2121 4528 cum

472 4560 767 4632 leguntur,
797 4559 1002 4616 fideles
1030 4561 1520 4631 accenduntur,et
1540 4566 1806 4635 torpores
1831 4561 2120 4618 mentium

474 4649 885 4705 discutiuntur.
1334 4656 1339 4661 '

544 4744 597 4795 2.
640 4742 810 4795 Anno
842 4738 1160 4795 Dominicae
1190 4739 1617 4796 lncarnationis
1649 4744 1782 4796 1128
1816 4740 1944 4811 (76),
2003 4739 2125 4796 obi-

479 4832 573 4885 tus
615 4844 758 4885 vero
799 4829 977 4885 beato
1026 4828 1363 4885 Godehardi
1404 4828 1818 4898 nonagesimo,
1864 4828 2124 4885 Berthol-

478 4918 593 4974 dus
628 4919 736 4991 (77)
766 4917 856 4974 vir
884 4917 1282 4986 venerandus,
1331 4921 1387 4974 et
1432 4918 1492 4973 in
1540 4918 1704 4974 omni
1734 4918 2127 4975 ecclesiastica

478 5007 761 5078 religione
785 5006 1159 5081 perspicuus,
1216 5011 1418 5080 utpote
1475 5006 1717 5063 scientia
1761 5006 2126 5064 litteraliad-

481 5095 733 5152 modum
759 5094 1046 5165 eruditus,
1069 5099 1125 5151 et
1154 5111 1393 5151 morum
1421 5094 1729 5152 honestate
1758 5094 1929 5152 valde
1958 5095 2130 5151 deco-

500 5276 509 5325 ί
557 5254 666 5325 (75)
706 5253 967 5310 Similem
993 5253 1300 5311 historiam
1322 5254 1497 5310 refert
1519 5256 1574 5311 S.
1596 5253 2043 5325 Gregorius,lib.
2067 5270 2127 5310 ιι.

2222 4027 2444 4083 meritis
2474 4026 2637 4099 apud
2668 4030 2853 4083 Deum
2876 4026 3218 4100 obtinuerit,
3244 4027 3325 4084 ab
3350 4028 3511 4102 ipsis
3536 4030 3696 4086 viris
3721 4034 3877 4084 aucto

2222 4115 2531 4185 rabilibus,
2566 4115 2626 4170 in
2654 4115 2936 4188 prtedicto
2966 4121 3266 4174 conventu
3296 4117 3723 4175 existentibus
3738 4116 3877 4174 omni

2223 4205 2337 4261 bus
2368 4203 2818 4261 manifestatur:
2851 4221 2958 4278 per
2986 4204 3174 4278 quod,
3233 4210 3473 4283 mentes
3507 4207 3877 4264 assidentiun

2225 4292 2498 4350 omnium
2552 4309 2675 4348 non
2725 4292 2920 4350 solum
2976 4293 3410 4362 exhilarantur,
3477 4295 3603 4353 sed
3667 4294 3874 4372 qualite

2224 4382 2435 4439 laudes
2457 4381 2646 4455 ipsius
2669 4381 2731 4438 in
2760 4383 2800 4437 E
2822 4381 3018 4438 :clesia
3050 4382 3149 4437 Dei
3192 4380 3723 4456 multiplicemur,
3777 4398 3877 4438 una

2225 4470 2463 4526 nimiter
2492 4485 2701 4525 omnes
2724 4469 3152 4526 accenduntur.

2298 4563 2350 4614 3.
2384 4558 2700 4614 Praedictus
2718 4558 2878 4615 enim
2898 4558 3140 4615 antistes
3160 4564 3363 4617 noster
3387 4561 3780 4619 Bertholdus
3809 4559 3878 4635 pri

2230 4651 2431 4705 vatam
2463 4647 2736 4719 gratiam,
2761 4647 2873 4703 sibi
2898 4664 2933 4703 a
2961 4651 3217 4721 patrono
3266 4654 3483 4706 nostro
3537 4665 3878 4709 concessam

2231 4736 2510 4793 omnibus
2537 4735 2935 4792 assidentibus
2972 4736 3273 4804 indicavit,
3328 4741 3389 4794 et
3448 4740 3743 4811 qualiter
3795 4757 3877 4796 CIII

2231 4826 2398 4899 pium
2414 4824 2861 4881 intercessorem
2876 4824 3039 4897 apud
3056 4828 3244 4881 Deum
3266 4842 3399 4883 esse
3412 4843 3644 4899 cogno
3654 4830 3799 4886 verit
3813 4844 3877 4885 no

2234 4914 2357 4970 sine
2375 4911 2721 4969 contritione
2738 4912 2933 4969 cordis
2952 4912 3233 4969 fratribus
3264 4914 3498 4972 nostris
3517 4917 3876 4976 enumeravi

2234 5007 2680 5076 Nam,tempore
2705 5001 3032 5072 juventutis
3063 5019 3364 5071 suas,cum
3396 5004 3545 5078 ipse
3580 5007 3748 5066 inter
3776 5013 3878 5064 certi

2233 5109 2332 5150 ros
2363 5092 2764 5149 adolescentes
2785 5091 3027 5148 ludicris
3056 5092 3237 5148 rebus
3270 5097 3438 5150 esset
3460 5095 3784 5171 intentus,
3806 5114 3878 5154 co:

2241 5251 2500 5308 bardum
2531 5266 2692 5308 anno
2720 5255 2852 5307 1038
2874 5250 3111 5307 obiisse.
3144 5250 3396 5308 Si‘enim
3421 5269 3656 5314 annos
3704 5263 3775 5315 90
3816 5257 3877 5313 ali

483 5314 895 5397 Dialogorum,
926 5341 1057 5397 cap.
1089 5330 1202 5397 23,7
1235 5325 1339 5380 ubi
1391 5314 1868 5397 sanctimoniales
1914 5314 1950 5381 a
1979 5328 2036 5382 Β.
2068 5328 2127 5381 P.
2170 5314 2213 5369 Ι)
2248 5326 2383 5379 1038
2412 5323 2732 5397 addideris,
2752 5338 2980 5378 annum
3010 5326 3369 5396 tl28,quem
3398 5324 3512 5381 hic
3544 5314 3779 5387 auctor
3800 5345 3878 5384 ass

486 5394 799 5467 Benedicto
828 5394 1378 5467 excommunicatze,
1406 5396 1483 5452 ab
1513 5396 1761 5453 ecclesia
1798 5395 1859 5452 in
1888 5412 2011 5467 qua
2042 5412 2132 5451 se-

487 5464 667 5545 pultae
698 5464 949 5545 fuerant,
980 5465 1541 5545 videbanturexire,
1570 5467 1802 5540 quoties
1846 5464 2135 5545 diaconus

487 5533 551 5609 in
579 5534 766 5609 missa
795 5533 1093 5609 clamabat
1118 5555 1130 5591 :
1164 5538 1237 5609 Si,
1257 5540 1386 5609 quis
1414 5533 1534 5594 non
1574 5533 2011 5609 communicat,_
2038 5538 2135 5593 det

487 5604 850 5733 focumtScd
878 5606 1120 5662 tandem
1143 5604 1440 5663 oblatione
1499 5612 1554 5665 S.
1605 5607 1791 5664 Patris
1844 5604 2135 5664 absOluta:

516 5692 702 5733 uerun
734 5716 746 5730 .

516 5692 746 5733 uerunt.

560 5748 674 5823 (76)
714 5748 797 5801 Ex
822 5744 937 5801 hoc
964 5743 1095 5803 loco
1123 5746 1300 5805 etiam
1329 5746 1615 5823 probatur
1660 5748 1906 5806 beatum
1954 5748 2137 5807 Godc-

2242 5398 2415 5465 gnat,
2432 5395 2708 5465 reperies.

2314 5464 2425 5538 (77)
2459 5464 2811 5538 ‘B’crtboldus
2862 5464 3019 5520 hanc
3077 5464 3283 5520 sedem
3337 5466 3738 5538 quindecim
3779 5487 3877 5529 ann

2243 5534 2530 5608 obtinuit,
2548 5536 2811 5608 obiitque
2842 5551 3003 5591 anno
3038 5540 3190 5591 H30.
3214 5534 3437 5608 ,Ereiit
3470 5545 3878 5599 monasteriui

2245 5605 2821 5679 Dertholdiroden’seﬂ
2846 5622 2955 5679 pro
3009 5606 3314 5679 canonicis
3356 5612 3787 5679 regularibus
3825 5629 3877 5670 nc

2245 5624 2791 5661 DCI‘tllOlOlI‘OGeDSe
2890 5624 2955 5662 ro
3009 5624 3314 5662 canonicis
3356 5624 3787 5679 regularibus
3825 5629 3877 5670 nc

2242 5676 2525 5756 longe-ab
2551 5624 3156 5756 urbehltiltfeshemio,
3214 5676 3386 5749 quod
3435 5690 3694 5752 postea
3749 5687 3878 5744 Ciste

2245 5746 2539 5807 ciensibus
2560 5746 2754 5809 cessit.
3143 5746 3148 5748 ⁷
3233 5746 3255 5749 ⁷
3435 5746 3447 5816 ί
