3980 6412
220 378 318 427 221
1220 375 1381 431 VITA
1419 377 1475 431 S.
1516 374 1988 442 CUNEGUNDIS,
2033 376 2151 432 ἰ]Βί
2195 378 2283 433 DE
2323 380 2380 431 S.
2428 378 2759 433 HENRICO.

3650 384 3755 435 222

223 494 438 549 nostris
468 496 818 567 Angustensi
858 499 916 550 et
971 494 1273 550 Eistetensi
1322 502 1378 551 et
1420 497 1588 552 bonae
1644 498 1940 553 memoriae
1969 501 2016 553 Α
2054 502 2175 553 tes:
2209 498 2310 552 sed
2331 502 2387 551 et
2415 498 2526 552 alia
2555 498 2806 570 plurima
2838 498 3117 554 beneﬁcia
3146 500 3259 570 piis
3291 501 3428 554 locis
3474 505 3529 555 et
3577 518 3761 555 vene-

222 585 679 654 Wirtzburgensi
708 585 1011 655 episcopis,
1045 590 1101 639 et
1132 586 1353 639 dilectis
1388 586 1522 640 filiis
1576 587 1935 654 Eboracensi,

227 673 685 739 Lancheimensi,
718 680 776 728 et
827 675 1258 728 Hailsbrunensi
1301 675 1415 745 (84)
1474 675 1780 729 abbatibus
1836 693 1941 747 per

224 763 541 831 apostolica
561 761 772 831 scripta
801 762 1088 816 commisit
1120 778 1133 817 :
1182 768 1310 832 post
1375 764 1537 834 cujus
1578 764 1801 817 obitum
1837 781 1940 817 us-

226 867 342 921 que
378 852 521 904 adeo
569 851 929 905 manifestari
968 857 1267 921 coeperunt
1316 857 1373 905 et
1430 853 1801 923 multiplicari
1831 852 1938 907 mi—

226 940 441 1003 racula,
475 944 539 992 ut
570 955 637 993 ex
658 940 945 993 evidentia
975 942 1193 1011 pariter
1235 947 1291 994 et
1328 940 1675 1011 frequentia,
1729 940 1934 993 sancti-

228 1034 317 1081 tas
347 1028 473 1098 ejus
503 1027 573 1081 ab
612 1029 881 1082 omnibus
912 1030 1076 1100 quasi
1110 1031 1338 1083 notoria
1387 1029 1744 1100 praedicetur,
1795 1029 1945 1082 sicut

227 1132 298 1168 ex
347 1116 543 1169 multis
598 1116 1084 1171 testimonialibus
1113 1118 1322 1171 litteris
1351 1118 1776 1189 episcoporum,
1834 1117 1939 1170 ab.

227 1205 455 1268 batum,
492 1205 933 1276 prmpositorum
957 1210 1014 1259 et
1044 1206 1393 1277 principum,
1441 1203 1663 1259 necnon
1710 1211 1767 1258 et
1808 1204 1945 1257 alio—

227 1309 363 1346 rum
447 1294 764 1347 multorum
836 1310 1023 1365 nuper
1071 1299 1264 1349 nostro
1337 1296 1551 1349 exstitit
1590 1292 1942 1364 apostolatui

229 1387 577 1436 reseratum.

305 1470 610 1523 Venientes
648 1470 825 1540 igitur
867 1471 936 1525 ad
987 1472 1356 1541 apostolicam
1415 1472 1607 1525 sedem
1660 1488 1726 1525 ex
1778 1475 1942 1542 parte

228 1563 421 1611 vestra
475 1558 667 1612 dilecti
748 1559 852 1613 filii
907 1560 967 1613 D.
1027 1560 1201 1613 abbas
1254 1560 1743 1614 Michelveldensis
1809 1560 1941 1629 (85),

230 1646 533 1700 Gundelns
563 1648 833 1715 decanus,
874 1648 1174 1702 Cunradus
1221 1654 1424 1710 custos,
1485 1650 1701 1703 Marcus
1753 1650 1942 1702 archi-

230 1735 531 1801 diaconus,
576 1738 894 1791 Hermanus
942 1738 1326 1792 subdiaconus
1394 1738 1628 1808 majoris
1685 1737 1941 1791 ecclesiae

230 1829 459 1888 vestrae,
538 1826 826 1895 Lupoldus
898 1826 1170 1879 diaconus
1220 1826 1397 1879 sancti
1455 1826 1754 1896 Stephani,
1808 1828 1948 1880 Bur-

230 1911 483 1965 chardus
537 1913 812 1967 diaconus
868 1919 1073 1967 sanctae
1126 1915 1335 1981 Marias,
1396 1914 1670 1968 Henricus
1715 1915 1946 1985 presby-

233 2005 325 2053 ter
376 2000 559 2053 sancti
612 2002 918 2062 Michaelis.
972 2003 1245 2056 Henricus
1297 2003 1688 2057 subdiaconus
1732 2009 1944 2056 sancta:

235 2088 449 2154 Mariae,
478 2090 642 2143 nobis
672 2096 729 2143 et
757 2091 1028 2145 fratribus
1067 2092 1274 2145 nostris
1306 2092 1603 2147 humiliter
1660 2094 1943 2163 supplica-

235 2183 396 2241 runt,
466 2183 531 2231 ut
585 2194 652 2232 ex
734 2180 1095 2249 plenitudine
1164 2181 1462 2251 potestatis
1535 2198 1708 2252 quam
1786 2183 1948 2235 Jesus

235 2266 499 2320 Christus
558 2266 889 2321 beatissimo
948 2270 1118 2323 Petro
1190 2270 1491 2335 concessit,
1555 2270 1944 2341 praenomina-

235 2360 355 2408 tam
391 2355 817 2426 imperatricem
874 2362 1200 2411 sanctorum
1264 2359 1525 2429 catalogo
1575 2358 1949 2425 dignaremur

234 2443 545 2509 ascribere,
608 2444 983 2499 decernentes
1039 2448 1164 2516 ejus
1229 2448 1571 2501 memoriam
1622 2448 1775 2500 inter
1816 2464 1947 2500 san-

234 2538 359 2585 ctos
389 2533 461 2585 ab
504 2532 785 2586 universis
827 2533 1093 2587 ﬁdelibus
1132 2534 1203 2588 de
1255 2540 1461 2588 caetero
1493 2534 1891 2588 celebrandam
1933 2550 1945 2587 :

236 2637 370 2674 cum
405 2622 511 2675 hoc
530 2622 775 2675 sublime
797 2622 1077 2692 judicium
1110 2623 1176 2675 ad
1211 2639 1343 2676 eum
1390 2628 1613 2677 tantum
1663 2625 1951 2694 pertineat

238 2710 340 2779 qui
368 2716 455 2763 est
482 2710 629 2763 beati
666 2712 819 2765 Petri
870 2727 1162 2765 successor
1188 2716 1245 2765 et
1304 2712 1546 2765 vicarius
1591 2713 1721 2765 Jesu
1782 2711 1949 2765 Chri-

239 2798 333 2851 sti.
363 2798 475 2851 Nos
510 2798 701 2869 itaque
727 2810 1156 2869 cognoscentes,
1190 2800 1348 2871 quod
1404 2802 1510 2854 hoc
1556 2816 1755 2854 revera
1791 2800 1947 2869 judi-

240 2888 397 2940 cium
420 2888 725 2941 sublimius
757 2894 841 2941 est
870 2889 1021 2941 inter
1048 2895 1257 2942 cratera
1279 2889 1501 2960 judicia
1542 2889 1951 2958 judicandum,

242 2976 301 3028 in
333 2974 515 3043 ipsius
561 2977 980 3031 examinatione
1035 2978 1354 3048 plenariam
1409 2979 1677 3031 volumus
1738 2979 1950 3032 habere

2048 586 2328 641 rabilibus
2383 587 2634 641 ecclesiis
2682 589 3074 653 contulerunt,
3146 590 3435 643 Christum
3495 590 3603 643 sibi
3674 590 3754 642 fa-

2049 676 2264 731 cientes
2325 676 2633 730 hasredem.
2685 679 2814 731 Herc
2894 681 2952 730 et
2998 677 3110 730 alia
3169 678 3414 731 retulere
3460 678 3530 731 de
3589 678 3760 732 meri-

2049 764 2169 819 tis:
2230 765 2300 818 de
2353 764 2640 819 miraculis
2723 770 3062 831 asserentes,
3138 767 3291 836 quod
3362 766 3442 819 eis
3500 782 3754 837 praesen-

2049 854 2200 908 tibus
2248 858 2305 907 et
2346 854 2672 907 videntibus
2726 854 2797 907 ad
2864 854 3206 908 memoriam
3276 854 3450 924 hujus
3513 854 3755 924 virginis

2050 943 2183 996 caeci
2205 942 2410 1008 visum,
2443 943 2637 996 claudi
2682 958 2944 1011 gressum
2981 984 2997 1011 ,
3030 943 3175 996 muti
3210 942 3469 1007 verbum,
3504 949 3563 997 et
3591 943 3756 996 surdi

2050 1035 2537 1101 recuperaverunt
2576 1031 2865 1098 auditum,
2918 1031 3159 1103 aliisque
3212 1032 3589 1101 languoribus
3644 1032 3753 1085 im-

2052 1119 2217 1188 petiti
2246 1119 2579 1189 frequenter
2610 1123 2667 1172 et
2695 1118 2992 1172 evidenter
3019 1121 3254 1189 plenam
3294 1120 3589 1173 consecuti
3623 1126 3761 1173 sunt

2053 1208 2358 1260 sanitatem
2395 1224 2408 1272 ;
2442 1213 2519 1271 et,
2552 1207 2704 1277 quod
2742 1212 2829 1260 est
2875 1208 3155 1260 mirabilis
3209 1207 3478 1260 novitatis
3513 1213 3569 1260 et
3624 1206 3762 1260 novi

2054 1296 2341 1360 miraculi,
2378 1297 2565 1365 pulvus
2586 1296 2656 1349 de
2690 1296 2914 1349 tumulo
2954 1297 3078 1364 ejus
3104 1296 3411 1364 assumptis
3444 1310 3601 1365 saepe
3624 1312 3763 1349 con-

2053 1400 2248 1437 versus
2278 1388 2364 1437 est
2402 1384 2461 1437 in
2521 1384 2898 1437 frumentum.
2955 1384 3065 1436 Nos
3096 1399 3234 1451 ergo
3287 1383 3358 1436 de
3427 1383 3653 1436 meritis
3703 1388 3762 1437 et

2056 1472 2347 1526 miraculis
2379 1474 2503 1542 ejus
2533 1472 2728 1525 multis
2748 1477 2803 1525 et
2843 1471 3067 1540 magnis
3098 1487 3213 1524 non
3266 1473 3455 1524 solum
3496 1470 3759 1525 testimo-

2054 1562 2187 1628 niis,
2212 1561 2308 1615 sed
2331 1566 2389 1614 et
2434 1562 2674 1614 testibus
2703 1560 2974 1613 certiores
3013 1560 3219 1627 effecti,
3251 1576 3382 1613 cum
3437 1560 3753 1613 secundum

2055 1651 2402 1720 Prophetam
2460 1649 2780 1703 laudandus
2810 1648 2883 1701 sit
2913 1650 3058 1702 Deus
3098 1648 3156 1701 in
3216 1648 3423 1701 sanctis
3466 1648 3623 1713 suis;
3684 1647 3754 1701 de

2056 1739 2296 1792 fratrum
2326 1743 2653 1791 nostrorum
2676 1737 2936 1804 consilio,
2971 1743 3029 1790 et
3060 1737 3399 1807 pontificum
3434 1737 3754 1789 multorum

2056 1827 2207 1896 apud
2234 1828 2428 1881 sedem
2459 1826 2829 1897 apostolicam
2861 1826 3252 1889 existentium,
3284 1825 3467 1895 ipsam
3526 1824 3755 1878 beatam

2055 1916 2340 1985 virginem
2397 1914 2805 1983 Cunegundem
2855 1915 3113 1983 catalogo
3192 1920 3519 1967 sanctorum
3577 1912 3754 1966 ascri-

2057 2005 2297 2073 psimus,
2339 2003 2577 2073 ejusque
2612 2003 2949 2055 memoriam
2980 2002 3131 2055 inter
3158 2007 3381 2055 sanctos
3404 2001 3757 2055 decrevimus

2055 2093 2478 2148 celebrandam.
2509 2093 2869 2162 Quapropter
2890 2091 3319 2144 universitatem
3352 2096 3597 2144 vestram
3633 2106 3756 2143 mo-

2058 2198 2263 2236 nemus
2284 2187 2341 2235 et
2370 2182 2669 2235 hortamur
2699 2180 2758 2233 in
2807 2180 3070 2243 Domino,
3106 2196 3211 2248 per
3256 2179 3565 2249 apostolica
3620 2178 3756 2231 scri-

2055 2278 2156 2342 pta
2213 2270 2571 2335 mandantes,
2605 2274 2888 2340 quatenus
2954 2268 3107 2338 quod
3135 2284 3236 2321 nos
3296 2268 3637 2321 solemuiter
3700 2271 3758 2320 et

2056 2366 2218 2415 caute
2268 2360 2595 2425 statuimus,
2665 2374 2765 2411 vos
2816 2358 3111 2411 humiliter
3158 2361 3216 2409 et
3272 2356 3475 2410 devote
3522 2356 3759 2409 servetis

2061 2456 2124 2504 ut
2154 2449 2375 2503 meritis
2399 2450 2522 2519 ejus
2551 2452 2607 2501 et
2634 2446 2901 2516 precibus
2955 2446 3106 2516 apud
3162 2444 3760 2498 misericordissimum

2054 2539 2309 2610 judicem
2338 2536 2757 2606 indulgentiam
2803 2549 3245 2605 consequamur.
3289 2534 3601 2587 Collectam
3661 2548 3763 2585 au-

2060 2634 2176 2682 tem
2201 2631 2257 2680 et
2292 2626 2434 2679 alias
2482 2624 2771 2679 orationes
2823 2623 2882 2676 in
2932 2622 3485 2676 commemoratione
3533 2621 3655 2691 ejus
3685 2620 3767 2674 di-

2060 2715 2269 2769 cendas
2308 2712 2617 2778 edidimus,
2650 2728 2791 2782 quas
2822 2711 2881 2764 in
2912 2711 3018 2765 hac
3050 2709 3260 2781 pagina
3300 2708 3570 2762 duximus
3606 2706 3765 2760 subs-

2062 2802 2363 2859 cribendas
2390 2818 2402 2856 :

2800 2937 3022 2976 ORATIO.

241 3041 548 3118 cautelam.
598 3066 664 3118 Et
703 3065 834 3119 ideo
884 3041 1328 3137 praenominatos
1386 3067 1767 3136 jurisjurandi
1814 3066 1945 3120 reli-
1990 3058 2030 3113 C
2131 3050 2509 3121 Omnipotens
2544 3051 2600 3101 et
2648 3046 2972 3137 misericors
3017 3046 3185 3109 Deus,
3360 3059 3411 3137 la
3440 3041 3626 3112 gloria
3664 3044 3763 3137 tua

242 3152 415 3222 gione
438 3153 906 3221 constrinximus,
959 3160 1019 3209 ut
1058 3171 1263 3225 puram
1308 3156 1475 3209 nobis
1522 3172 1695 3225 super
1725 3156 1833 3210 hoc
1862 3155 1946 3209 di-

242 3244 442 3295 cerent
480 3243 798 3295 veritatem.
834 3243 943 3307 Qui
966 3244 1440 3313 juratidixeruut
1469 3244 1645 3315 quod,
1696 3244 1842 3298 sicut
1886 3261 1951 3298 ex

241 3330 458 3383 celebri
488 3330 641 3384 fama
694 3336 751 3385 et
795 3332 1041 3386 solemni
1087 3333 1370 3403 scriptura
1424 3337 1731 3397 noverunt,
1784 3333 1952 3387 beata

241 3418 620 3489 Cunegundis
654 3426 849 3473 sancto
909 3421 1147 3474 Henrico
1203 3420 1541 3491 imperatori
1591 3421 1701 3475 fuit
1746 3420 1952 3474 matri-

243 3508 577 3561 monialiter
601 3510 888 3578 copulata,
920 3509 1016 3563 sed
1049 3510 1119 3563 ab
1153 3527 1221 3564 eo
1252 3527 1364 3565 non
1388 3510 1603 3565 exstitit
1648 3510 1954 3564 carnaliter

238 3596 497 3663 cognita.
554 3596 715 3650 Unde
763 3613 894 3651 cum
952 3598 1225 3653 dominus
1289 3600 1604 3669 imperator
1653 3603 1851 3668 ageret
1890 3598 1949 3650 in

240 3684 546 3750 extremis,
588 3684 947 3755 principibus
984 3691 1041 3740 et
1071 3688 1410 3756 parentibus
1455 3685 1648 3758 inquit
1690 3687 1762 3739 de
1804 3685 1947 3739 illa:

243 3796 271 3819 α
312 3772 555 3836 Qualem
597 3773 740 3826 mihi
791 3789 919 3828 eam
974 3775 1324 3844 assignastis,
1367 3775 1543 3828 talem
1609 3774 1769 3828 vobis
1826 3789 1953 3827 eam

244 3862 505 3930 resigno.
549 3862 839 3933 Virginem
876 3879 1001 3916 eam
1026 3863 1285 3929 dedistis,
1310 3870 1366 3916 et
1391 3862 1674 3933 virginem
1706 3863 1898 3916 reddo.
1926 3884 1953 3910 ››

245 3954 423 4005 Suam
466 3966 604 4021 ergo
662 3951 986 4021 virgitatem
1048 3952 1289 4007 Domino
1329 3953 1684 4005 consecravit
1740 3955 1796 4004 et
1838 3967 1957 4003 ser-

247 4038 404 4091 vavit
434 4038 704 4093 intactam
739 4056 752 4093 :
782 4040 861 4093 ita
888 4041 1039 4111 quod
1081 4057 1211 4095 cum
1262 4041 1595 4112 aliquando,
1649 4040 1958 4109 instigante

250 4127 496 4183 humani
539 4128 769 4197 generis
812 4128 1066 4195 inimico,
1137 4129 1387 4199 suspicio
1435 4130 1699 4200 quaedam
1762 4135 1961 4185 contra

250 4218 439 4289 ipsam
490 4217 688 4271 fuisset
745 4222 958 4283 exorta,
1033 4218 1180 4287 ipsa,
1232 4223 1296 4272 ut
1348 4234 1509 4272 suam
1572 4218 1958 4273 innocentiam

250 4308 675 4360 demonstraret
739 4322 912 4376 super
956 4307 1176 4377 ignitos
1226 4323 1486 4361 vomeres
1532 4308 1702 4361 nudis
1747 4309 1960 4378 plantis
1987 4338 2033 4391 D

250 4397 504 4462 incessit,
546 4402 605 4449 et
659 4397 937 4467 processit
983 4396 1183 4451 illaasa.
1252 4399 1393 4450 Item
1428 4403 1658 4452 sanctus
1706 4398 1956 4468 impera-

248 4490 343 4537 tor
373 4484 647 4538 Henricus
698 4489 757 4538 et
806 4484 927 4538 haec
974 4484 1309 4555 imperatrix
1350 4486 1583 4556 egregia
1646 4488 1955 4555 Cunegun-

248 4574 340 4629 dis
367 4573 439 4628 de
473 4572 722 4643 propriis
761 4572 1131 4628 facultatibus
1190 4575 1779 4644 Bambenbergensem
1827 4576 1956 4629 fun-

247 4666 533 4719 daverunt
572 4664 869 4718 ecclesiam
920 4667 977 4717 et
1017 4663 1403 4731 dotaverunt;
1454 4680 1627 4735 quam
1660 4680 1791 4717 cum
1840 4665 1959 4718 suis

248 4747 523 4802 omnibus
575 4746 938 4818 pertinentiis
1002 4762 1071 4800 ex
1125 4746 1349 4801 fervore
1402 4748 1721 4801 devotionis
1781 4763 1957 4817 quam

246 4837 319 4891 ad
388 4835 767 4907 apostolicam
814 4837 1011 4890 sedem
1052 4834 1366 4902 habebant,
1410 4836 1575 4890 beato
1616 4837 1783 4889 Petro
1817 4852 1955 4907 apo-

248 4926 531 4979 stolorum
558 4924 807 4996 principi
837 4924 1195 4991 obtulerunt,
1230 4940 1489 4978 annuum
1510 4924 1562 4977 ei
1601 4940 1859 4989 censum,
1885 4926 1957 4980 ad

248 5014 529 5069 indicium
576 5013 730 5085 quod
782 5013 930 5084 juris
977 5014 1051 5068 sit
1101 5013 1363 5068 Ecclesia:
1412 5014 1707 5079 Romanas,
1742 5013 1961 5067 solven-
1999 5007 2013 5017 “

318 5200 432 5265 (84)
467 5196 784 5252 Eboracum
813 5197 987 5268 vulgo
1033 5197 1279 5268 Ebrach,
1312 5196 1737 5251 nobilissimum
1772 5197 1963 5268 Fran-

245 5271 429 5325 conia!
459 5269 880 5323 monasterium
915 5267 1138 5322 ordinis
1168 5268 1580 5330 Cisterciensis,
1622 5270 1679 5321 in
1725 5267 1959 5321 dioecesi

247 5339 877 5411 Herbipolensiisitum.
908 5340 1173 5411 Ejusdem
1196 5339 1416 5411 ordinis
1447 5345 1533 5393 est
1570 5339 1956 5411 Lanckheimb,

244 5415 342 5467 sed
376 5409 437 5465 in
472 5413 595 5482 ipsa
651 5409 881 5482 dimcesi
928 5410 1380 5482 Bambergensi._
1420 5410 1730 5482 conditum
1787 5409 1897 5463 fuit
1926 5426 1960 5463 a

246 5486 416 5538 beato
449 5480 659 5537 Ottone
680 5481 947 5552 episcOpo
978 5480 1405 5552 Bambergensi,
1446 5480 1591 5534 sicut
1612 5487 1669 5535 et
1714 5496 1961 5552 sequens

242 5554 659 5619 Heilbrunnem,
690 5552 829 5607 item
855 5551 1076 5607 Ordinis
1114 5551 1524 5607 Cisterciensis.

2062 3143 2289 3195 nullum
2311 3138 2522 3208 excipis
2546 3153 2766 3201 sexum,
2795 3136 3130 3204 nullamque
3153 3132 3545 3186 conditionem
3570 3129 3760 3182 exclu-

2062 3230 2169 3296 dis,
2205 3236 2260 3284 te
2316 3228 2651 3299 suppliciter
2689 3240 3012 3289 exoramus,
3065 3223 3304 3275 utsicut
3352 3221 3535 3274 beatae
3578 3219 3761 3273 Cune-

2062 3319 2241 3389 gundi
2272 3318 2478 3389 virgini
2502 3321 2634 3381 tum,
2677 3320 2803 3386 post
2834 3312 3047 3366 terreni
3077 3313 3308 3365 culmen
3366 3306 3620 3378 imperii,
3653 3323 3766 3359 coe-

2063 3408 2218 3462 lestis
2269 3406 2436 3476 regni
2503 3404 2714 3458 solium
2781 3400 3091 3465 contulisti,
3143 3400 3220 3453 ita
3271 3396 3493 3452 meritis
3556 3396 3681 3465 ejus
3712 3398 3770 3447 et

2064 3496 2351 3567 precibus,
2392 3493 2558 3547 nobis
2606 3507 2838 3562 quoque
2888 3490 3119 3543 famulis
3157 3487 3271 3541 tuis
3308 3494 3537 3540 internae
3597 3483 3770 3537 felici-

2064 3585 2195 3639 tatis
2224 3582 2465 3654 praamia
2503 3580 2783 3650 largiaris.
2821 3580 2925 3632 Per
2959 3577 3295 3631 Dominum.

2795 3734 3050 3772 SECRETA.

2137 3855 2489 3915 Sacrificium
2531 3852 2717 3907 laudis
2745 3856 2859 3905 tua:
2892 3850 3018 3916 tibi,
3054 3847 3294 3903 Domine
3354 3848 3503 3901 Deus
3550 3849 3763 3911 noster,

2068 3947 2382 4009 offerimus,
2442 3950 2603 3998 tuam
2659 3940 3026 3996 clementiam
3095 3938 3493 4008 implorantes,
3558 3938 3623 3987 ut
3667 3949 3770 4003 per

2066 4036 2241 4107 hujus
2266 4032 2607 4088 sacramenti
2652 4030 2944 4095 virtutem,
3003 4026 3394 4082 intercedente
3442 4024 3610 4077 beata
3664 4021 3769 4075 Cu-

2068 4124 2335 4195 negunde
2366 4122 2589 4193 virgine
2619 4124 2737 4186 tua,
2786 4135 2890 4172 nos
2936 4121 2993 4172 et
3039 4133 3071 4169 a
3118 4114 3364 4187 peccatis
3393 4111 3679 4182 expedias,
3714 4112 3772 4163 et

2070 4230 2103 4267 a
2132 4211 2402 4284 periculis
2432 4207 2664 4265 tuearis.
2693 4210 2801 4262 Per
2826 4206 3160 4261 Dominum.

2758 4364 3098 4404 COIPLENDA.

2139 4481 2571 4536 Sacramentum
2625 4471 3039 4543 redemptionis
3095 4471 3391 4532 humanae,
3471 4466 3627 4538 quod
3706 4467 3765 4521 in

2070 4572 2288 4626 honore
2370 4567 2553 4621 beatas
2624 4560 2996 4631 Cunegundis
3077 4558 3413 4621 obtulimus,
3483 4555 3588 4608 libi
3640 4571 3766 4618 nos,

2070 4657 2335 4721 Domine,
2369 4654 2567 4708 reddat
2613 4656 2890 4719 acceptos,
2922 4652 2983 4700 ut
3008 4662 3113 4717 per
3142 4646 3254 4699 huc
3302 4645 3457 4716 quod
3490 4649 3549 4699 et
3605 4659 3771 4697 acce-

2068 4748 2261 4818 pimus
2291 4744 2402 4815 ipsi
2440 4742 2510 4797 de
2568 4746 2693 4807 tuo,
2741 4743 2797 4791 et
2848 4734 3150 4807 suscepisti
3197 4735 3266 4789 de
3326 4739 3543 4802 nostro,
3596 4734 3655 4787 in
3688 4732 3771 4787 tui

2070 4850 2299 4905 semper
2318 4831 2536 4886 unione
2569 4828 2826 4882 vivamus
2851 4842 2865 4880 :
2889 4825 2989 4897 qui
3020 4840 3153 4879 cum
3180 4825 3367 4879 Patre.

2146 4924 2349 4976 Datum
2439 4916 2701 4973 Laterani
2759 4932 2817 4970 ιιι
2879 4916 3069 4969 Nonas
3122 4912 3357 4985 Aprilis,
3407 4910 3774 4983 pontificatus

2070 5011 2253 5065 nostri
2296 5024 2449 5063 anno
2468 5006 2636 5061 tertio
2650 5046 2665 5061 .

2144 5194 2253 5265 (85)
2280 5193 2434 5265 Alias
2492 5190 2791 5265 Michaelis
2823 5188 3099 5265 Campus,
3143 5186 3364 5265 illustre
3404 5182 3639 5265 ordinis
3674 5197 3775 5235 no-

2072 5254 2173 5319 stri
2214 5254 2539 5319 emnobium
2570 5264 2643 5317 ab
2689 5261 2891 5316 eodem
2948 5254 3145 5312 s'ancto
3186 5258 3394 5313 Ottone
3454 5254 3773 5313 conditum,

2072 5338 2234 5407 cujus
2265 5337 2537 5390 abbatum
2554 5332 2881 5403 catalogum
2912 5330 3144 5407 exhibet
3176 5327 3477 5405 Bucelinus
3520 5326 3587 5407 in
3632 5325 3773 5407 Cer-

2073 5393 2265 5461 mania
2284 5422 2464 5469 sacra,
2498 5420 2599 5477 ex
2628 5393 2775 5477 quov
2795 5408 2951 5477 patet
2991 5406 3164 5477 tunc__
3174 5396 3458 5477 temporis
3505 5393 3775 5477 A'dalber-

2070 5484 2192 5531 tum
2225 5480 2351 5548 ejus
2404 5464 2513 5548 loci
2552 5464 2816 5548 abbatem
2873 5471 3065 5528 fuisse.
3122 5470 3264 5522 Hinc
3303 5464 3506 5521 littera
3539 5466 3581 5519 D
3624 5464 3774 5519 forte

2073 5550 2164 5604 hic
2184 5546 2440 5603 doinnum
2470 5546 2773 5617 significat.
