3944 6372
83 339 86 342 ·
107 314 239 372 1209

1710 314 1884 371 νιτΑ.

3387 313 3524 370 1210

105 439 232 510 tigit
257 444 320 496 ut
358 439 488 514 ipse
519 440 582 498 in
636 440 928 500 suburbio
980 446 1198 500 nostrte
1257 442 1506 500 civitatis
1558 457 1763 516 quem-
1792 445 1838 497 Α
1873 439 1967 509 tis,
1997 445 2051 499 et
2075 441 2200 516 ipse
2229 442 2611 501 manifestam
2643 440 2896 514 gratiam
2924 437 3162 514 patroni
3191 436 3378 495 nostri
3429 452 3527 493 ex-

104 528 245 584 dam
275 528 496 586 laicum
528 547 652 587 non
680 533 1014 589 voluntarie
1045 534 1257 590 lancea
1296 534 1642 607 perforarat,
1709 536 1765 587 et

109 634 247 674 cum
278 621 454 694 quasi
484 628 791 679 mortuum
823 623 899 679 ad
940 630 1156 681 terram
1192 628 1555 698 postcrncrct
1587 641 1599 679 :
1662 619 1765 695 qui

104 709 276 782 quasi
305 710 626 766 semivivus
652 712 904 768 domum
935 711 1271 783 deducitur,
1312 711 1462 770 lecto
1505 711 1765 781 aftigitur

106 804 163 854 et
188 815 375 873 usque
408 800 487 856 ad
527 807 781 858 mortem
807 803 1195 876 periclitatur.
1224 803 1336 860 Sed
1354 803 1634 876 praefatus
1665 819 1766 856 an-

107 887 264 945 tistes
292 894 495 946 noster
524 891 735 947 dolens
768 898 824 949 et
861 905 1124 950 moerens
1155 895 1214 950 in
1246 894 1482 950 diversa
1512 889 1760 965 rapitur,

109 995 169 1034 se
200 979 378 1036 sacris
399 981 712 1036 ordinibus
737 981 911 1054 quasi
933 983 1296 1039 homicidam
1322 999 1451 1039 esse
1482 981 1766 1055 repellen-

108 1067 252 1124 dum
291 1066 668 1140 angustatur,
693 1077 749 1127 et
770 1068 849 1127 ita
871 1071 930 1127 in
954 1072 1220 1128 diversas
1238 1072 1621 1142 cogitationes
1644 1070 1766 1126 ani-

108 1169 242 1214 mus
272 1157 465 1232 ipsius
498 1161 798 1218 invitatur.
833 1162 1099 1218 Tandem
1131 1168 1350 1219 nutans
1390 1162 1561 1235 quasi
1594 1161 1764 1216 navis

109 1249 482 1322 deprehensa
508 1250 568 1307 in
595 1250 874 1308 fluctibus
907 1253 1110 1320 maris,
1154 1253 1232 1308 ad
1286 1261 1610 1326 patronum
1655 1267 1764 1307 no-

109 1344 292 1396 strum
323 1341 570 1398 beatum
599 1341 1024 1399 Godehardum
1059 1348 1120 1400 ut
1152 1343 1231 1400 ad
1275 1348 1515 1416 portum
1569 1329 1763 1399 tutum

110 1445 171 1485 se
201 1429 416 1499 dirigit,
438 1446 611 1503 spem
644 1447 816 1486 suam
844 1432 904 1487 in
935 1430 1074 1488 eum
1114 1430 1288 1504 quasi
1322 1433 1651 1488 anchoram
1703 1431 1764 1487 in

107 1518 348 1574 ﬁrmum
379 1518 540 1576 littus
593 1519 801 1589 inﬁgit,
835 1525 900 1576 ut
937 1521 1016 1578 ab
1071 1522 1419 1578 imminente
1469 1522 1764 1578 anxietate

110 1621 246 1663 eum
271 1608 541 1681 eriperet,
575 1610 752 1665 corde
783 1610 1036 1666 contrito
1081 1615 1135 1666 et
1191 1611 1504 1666 humiliato
1555 1610 1764 1682 spiritu

107 1697 449 1770 postulavit.
487 1699 598 1755 Sed
627 1699 718 1755 vir
768 1699 1136 1768 vulneratus,
1175 1701 1322 1756 dum
1347 1701 1476 1772 jam
1507 1706 1660 1756 esset
1704 1699 1765 1755 in

1870 537 2092 603 pertus,
2135 551 2272 590 cum
2305 539 2715 608 opportunum
2741 532 2987 601 videret,
3018 546 3140 586 non
3171 545 3307 585 eam
3340 523 3525 584 subtis

1871 617 2008 684 cuit,
2045 617 2149 678 sed
2179 621 2461 679 omnibus
2491 623 2551 680 in
2583 627 2879 679 conventu
2903 624 3108 677 nostro
3139 611 3527 698 existentibus

1872 711 2174 768 evidenter
2198 713 2491 787 patefecit,
2520 714 2725 770 dicens
2758 731 2769 768 :
2797 736 2822 759 ‹‹
2861 705 2983 768 Fuit
3013 710 3172 766 enim
3203 717 3353 782 puer
3387 707 3529 780 qui-

1871 799 2014 856 dam
2039 803 2320 878 custodire
2345 804 2532 876 ipsius
2565 801 2858 872 addictus,
2888 802 2948 857 in
2979 799 3529 858 clericaliarteeruL

1872 889 2151 959 (liendus,
2185 885 2287 965 qui
2321 893 2634 966 cpileptico
2665 891 2898 959 morbo,
2931 906 3114 964 quem
3166 886 3398 958 vulgari
3426 903 3530 943 no-

1872 981 2031 1036 mine
2045 983 2343 1040 caducum
2364 982 2688 1056 appellant,
2714 981 2866 1038 adeo
2895 975 3222 1036 vexabatur
3256 983 3318 1033 ut
3337 974 3529 1050 quoti-

1873 1070 1968 1126 die
2010 1071 2198 1127 sexies
2247 1072 2324 1128 ad
2377 1073 2579 1128 minus
2642 1071 2721 1127 ad
2787 1075 3005 1126 terram
3036 1070 3526 1142 prosterneretur,

1872 1166 1927 1216 et
2004 1178 2193 1235 usque
2243 1162 2319 1218 ad
2398 1169 2653 1219 mortem
2727 1161 2914 1217 nimia
3001 1159 3346 1234 fatigatione
3433 1152 3533 1230 pe-

1870 1251 2242 1324 riclitaretur,
2299 1255 2568 1326 quadam
2621 1250 2716 1308 die
2794 1251 2874 1307 ad
2914 1243 3315 1324 patrocinium
3370 1237 3530 1304 beati

1874 1342 2233 1398 confessoris
2264 1343 2452 1400 nostri
2471 1341 2804 1413 deducitur,
2839 1339 2942 1398 sed
2975 1339 3035 1396 in
3063 1341 3160 1396 via
3184 1339 3275 1395 bis
3292 1336 3371 1395 ad
3416 1342 3530 1394 ter-

1872 1448 2003 1487 ram
2017 1433 2432 1504 prosternitur.
2468 1432 2774 1489 Orationes
2793 1430 2871 1487 ad
2897 1429 3170 1486 tumbam
3194 1428 3380 1501 ipsius
3417 1443 3529 1501 pro

1873 1537 1944 1577 co
1968 1522 2333 1591 funduntur;
2369 1523 2764 1594 eleemosynte
2787 1519 3153 1594 pauperibus
3173 1517 3529 1588 largiuntur,

1865 1615 1931 1668 "et
1961 1613 2216 1684 perfecte
2249 1617 2494 1670 sanatus
2529 1613 2588 1668 in
2619 1613 2872 1668 domum
2893 1610 3084 1684 ipsius
3116 1608 3466 1680 regreditur.
3500 1627 3528 1657 »

1949 1705 2000 1756 6.
2027 1702 2127 1757 His
2155 1702 2345 1758 tribus
2377 1702 2560 1771 signis
2591 1703 2651 1758 in
2683 1700 2990 1758 communi
3009 1703 3305 1756 conventu
3331 1697 3408 1753 ab
3431 1713 3534 1754 au-

107 1803 301 1858 agone
349 1789 599 1862 positus,
655 1788 782 1862 ipse
836 1789 954 1846 ﬁde
1012 1791 1246 1860 ﬁrmus,
1279 1791 1357 1846 ad
1420 1790 1763 1863 sepulcrum
1796 1807 1835 1862 Β
1875 1790 2259 1846 ctorabilibus
2316 1790 2458 1847 viris
2510 1790 2787 1858 recitatis,
2843 1805 3055 1846 omnes
3106 1786 3281 1846 hilari
3333 1788 3532 1844 mento

111 1877 299 1935 sancti
329 1879 567 1950 patroni
596 1878 782 1935 nostri
810 1896 870 1934 se
897 1880 1235 1953 prostravit,
1266 1885 1571 1954 totamque
1628 1896 1766 1936 noc-

107 1971 226 2024 tem
253 1968 313 2024 in
345 1968 613 2024 oratione
641 1970 1030 2041 pernoctavit,
1066 1974 1122 2025 et
1152 1970 1346 2040 magis
1394 1971 1595 2039 rugitu
1641 1987 1768 2026 cor-

105 2058 198 2114 dis
224 2074 409 2131 quam
434 2058 850 2132 propalatione
905 2059 1067 2116 vocis
1117 2058 1595 2116 misericordiam
1661 2061 1768 2116 im-

102 2147 381 2221 ploravit.
430 2147 542 2204 Sed
575 2148 818 2204 tandem
845 2164 1032 2221 prope
1061 2149 1311 2205 termino
1336 2149 1525 2205 noctis
1554 2149 1766 2220 vigiliis

105 2236 488 2308 defatigatus,
522 2241 578 2293 et
599 2236 803 2293 dolore
838 2237 1522 2312 conturbatus,quietem
1549 2239 1766 2296 intrare

107 2323 504 2396 compellitur.
535 2329 598 2380 In
628 2342 750 2400 qua
776 2326 828 2381 ei
858 2330 916 2382 et
944 2332 1171 2383 statura
1202 2332 1259 2382 et
1310 2327 1504 2384 forma
1530 2329 1767 2401 patroni

103 2411 293 2468 nostri
315 2411 375 2468 in
405 2412 627 2469 visione
655 2417 769 2484 (78)
800 2419 1094 2488 quantum
1129 2420 1332 2472 tamen
1360 2433 1544 2489 quam
1571 2416 1629 2472 in
1656 2417 1768 2473 hac

110 2500 232 2557 vita
271 2501 517 2569 viderat,
546 2503 868 2560 certissime
909 2503 1343 2560 manifestatur.
1396 2509 1568 2571 Nam,
1619 2505 1766 2562 dum

107 2590 307 2645 adhuc
338 2595 494 2646 esset
536 2591 688 2648 inter
743 2592 977 2662 vigilias
1040 2597 1096 2649 et
1150 2594 1420 2650 adultam
1482 2594 1765 2668 quietem,

105 2695 367 2752 persona
397 2681 634 2752 patroni
660 2683 848 2738 nostri
878 2684 929 2739 ei
960 2683 1020 2739 in
1077 2683 1304 2738 visione
1361 2685 1659 2758 apparuit,
1705 2690 1770 2740 ut

105 2768 431 2826 missarum
461 2769 751 2827 solemnia
788 2771 1074 2828 celebrari
1105 2773 1321 2828 faceret
1351 2773 1402 2828 ei
1448 2772 1769 2842 diligentis-

108 2859 256 2914 sime
284 2859 516 2930 indixit,
549 2864 689 2916 etut
719 2861 985 2916 officium
1016 2879 1028 2916 :
1092 2885 1117 2910 ‹‹
1149 2865 1225 2917 Ne
1283 2863 1510 2932 timeas,
1543 2863 1766 2918 Zacha-

103 2947 213 3016 ria,
243 2948 526 3004 exaudita
555 2954 645 3004 est
670 2950 860 3005 oratio
889 2955 990 3006 tua
1032 2951 1192 3020 (Luc.
1225 2968 1262 3021 ι,
1301 2955 1457 3021 13),»
1489 2951 1768 3007 decanta-

106 3036 154 3092 ri
185 3035 422 3103 faceret,
453 3037 736 3093 continuo
767 3038 1061 3109 adjunxit.
1099 3039 1198 3094 His
1256 3040 1397 3095 visis
1452 3040 1762 3107 excitatus,

1875 1881 2228 1954 percipiunt,
2259 1881 2460 1954 ipsum
2483 1879 2805 1937 antistitem
2862 1883 3158 1945 nostrum,
3215 1875 3382 1950 quod
3431 1891 3534 1930 vo-

1873 1971 2126 2027 luntarie
2154 1987 2261 2044 per
2291 1987 2352 2026 se
2375 1970 2630 2027 faceret:
2664 1970 2969 2040 instigant,
3001 1973 3070 2025 ut
3096 1967 3379 2024 omnibus
3409 1980 3537 2022 mo-

1875 2060 1966 2116 dis
1999 2060 2351 2126 elaboraret,
2393 2059 2646 2133 qualiter
2699 2058 2945 2114 beatum
3000 2056 3345 2130 pontificem
3397 2069 3536 2110 nos-

1874 2155 2032 2207 trum
2057 2150 2480 2206 Godehardum
2505 2149 2656 2204 inter
2689 2152 2933 2204 czeteros
2967 2151 3208 2203 sanctos
3229 2143 3330 2202 Dei
3361 2159 3539 2201 cano-

1875 2240 2117 2296 nizaret.
2155 2239 2271 2296 Sed
2299 2239 2446 2294 dum
2507 2238 2568 2294 in
2616 2238 2798 2294 rebus
2861 2236 3150 2304 minimis,
3203 2234 3430 2291 nedum
3476 2229 3537 2289 in

1876 2328 2178 2398 maximis,
2211 2329 2274 2385 in
2299 2328 2522 2402 quibus
2547 2327 2748 2383 laetum
2779 2331 3199 2400 exspectamUS
3219 2323 3424 2394 finem,
3457 2321 3540 2379 dl-

1875 2419 2086 2474 vinum
2115 2418 2525 2474 invocandum
2557 2417 2630 2472 sit
2656 2416 2968 2486 auxilium,
2999 2413 3224 2489 placuit
3253 2407 3538 2470 omnibus

1876 2512 1941 2563 ut
1968 2505 2256 2580 speciales
2287 2505 2509 2578 ubique
2539 2505 2602 2560 in
2626 2503 2885 2560 Ecclesia
2909 2509 3116 2560 nostra
3146 2503 3540 2559 funderentur

1879 2596 1955 2652 ad
1988 2598 2173 2651 Deum
2199 2612 2310 2669 pro
2337 2596 2452 2650 hac
2481 2609 2665 2650 causa
2686 2609 2913 2667 preces,
2941 2609 3017 2648 ne
3055 2591 3201 2666 quid
3230 2589 3536 2648 incassum

1876 2685 1972 2741 vel
1997 2684 2404 2740 inconsultum
2439 2687 2646 2739 contra
2699 2687 2913 2738 nutum
2971 2679 3206 2739 Domini
3257 2679 3542 2752 incipere-

1882 2792 2036 2844 mus,
2092 2773 2258 2847 quod
2311 2773 2391 2829 ad
2447 2772 2680 2828 bonum
2729 2772 3004 2828 effectum
3051 2770 3379 2844 perducere
3413 2783 3537 2823 non

1881 2863 2239 2920 valcremus.
2267 2863 2445 2934 Igitur
2476 2866 2763 2918 statutum
2788 2866 2877 2918 est
2902 2866 2968 2918 ut
2996 2877 3206 2917 omnes
3245 2865 3369 2916 tam
3414 2873 3540 2913 ma~

1875 2954 2035 3022 jores
2065 2970 2252 3026 quam
2285 2952 2574 3022 minores,
2631 2951 2799 3008 ﬁnita
2847 2949 3183 3007 matutinali
3228 2949 3400 3015 hora,
3462 2945 3540 3002 ad

1878 3043 2153 3098 tumbam
2183 3042 2370 3115 ipsius
2392 3040 2549 3097 beati
2578 3041 2818 3114 patroni
2841 3039 3027 3096 nostri
3046 3037 3385 3097 Godehardi
3407 3051 3545 3092 con-

107 3125 406 3181 orationes
439 3143 579 3181 suas
609 3127 804 3196 magis
854 3145 922 3183 ac
973 3128 1166 3198 magis
1207 3129 1556 3184 continuare
1608 3129 1770 3184 insti-
1801 3163 1841 3216 Ο
1879 3133 2169 3200 venirent,
2203 3137 2260 3189 et
2290 3149 2419 3188 sese
2450 3132 2750 3187 humiliter
2806 3131 2883 3188 ad
2936 3135 3157 3187 terram
3211 3133 3545 3204 prosterne-

105 3214 214 3270 tuit
249 3233 262 3280 ;
297 3214 401 3269 sed
425 3215 482 3270 in
511 3215 608 3271 via
639 3217 917 3272 nuntium
961 3218 1243 3290 suscepit,
1293 3217 1395 3290 qui
1444 3218 1768 3274 certissime

107 3320 338 3373 (egrum
379 3305 638 3360 evasisse
697 3311 951 3361 mortem
1005 3307 1321 3362 nuntiavit.
1379 3308 1480 3363 His
1529 3308 1766 3374 auditis,

105 3393 287 3449 corde
315 3399 371 3450 et
401 3395 605 3450 animo
635 3395 1017 3465 exhilaratus,
1065 3400 1252 3452 Deum
1283 3398 1414 3453 cceli
1445 3398 1768 3467 benedixit,

104 3483 211 3556 qui
242 3483 417 3540 nobis
449 3484 626 3540 talem
643 3486 1046 3558 patronumin
1074 3487 1325 3543 ecclesia
1347 3493 1552 3544 nostra
1582 3504 1770 3543 reser~

103 3571 286 3627 vavit.

178 3665 233 3716 4.
269 3662 399 3718 Fuit
422 3679 560 3718 vero
584 3666 724 3718 tunc
750 3664 1032 3736 temporis
1051 3664 1112 3720 in
1142 3670 1440 3721 conventu
1461 3670 1666 3721 nostro
1688 3682 1772 3722 sa-

106 3751 321 3807 cerdos
361 3753 611 3826 quidam
638 3753 971 3823 religiosus,
1001 3755 1353 3810 Adelbertus
1375 3757 1640 3826 nomine,
1667 3755 1771 3828 qui

104 3841 367 3911 regulari
397 3842 601 3898 vitain
633 3842 780 3900 cella
807 3843 966 3900 beati
996 3845 1431 3913 Bartholomazi,
1472 3863 1608 3918 qua:
1663 3848 1774 3901 sita

105 3935 197 3986 est
225 3931 286 3986 in
317 3931 587 3990 orientali
609 3932 792 4005 plaga
821 3938 1040 3989 nostrae
1069 3935 1344 4003 civitatis,
1377 3936 1632 3992 vivebat.
1664 3938 1774 4003 Qui

107 4035 252 4075 cum
280 4020 546 4076 audisset
574 4037 710 4093 quia
740 4022 959 4094 priesul
999 4027 1200 4079 noster
1223 4025 1506 4095 narravit,
1561 4025 1776 4082 videns

105 4112 352 4181 tempus
381 4108 690 4176 idoneum,
720 4115 778 4165 et
805 4111 935 4184 ipse
970 4111 1079 4166 sibi
1126 4112 1383 4182 gratiam
1436 4129 1474 4170 a
1518 4115 1773 4171 Domino

105 4197 390 4254 collatam
420 4204 676 4272 patrono
709 4205 937 4268 nostro,
970 4202 1255 4256 omnibus
1285 4202 1596 4260 intimavit.
1623 4207 1774 4260 Dum

105 4287 270 4343 enim
320 4288 447 4361 ipse
497 4290 768 4362 quadam
820 4295 994 4346 nocte
1046 4291 1378 4363 patrocinia
1426 4298 1773 4350 sanctorum

104 4377 517 4450 implorando,
549 4379 758 4437 altaria
785 4385 1002 4436 nostrae
1033 4381 1307 4437 circuiret
1334 4383 1618 4441 ecclesiae.
1646 4389 1775 4440 tan-

104 4467 249 4523 dem
275 4468 446 4538 juxta
476 4469 820 4542 sepulcrum
850 4471 1011 4526 beati
1033 4470 1390 4528 confessoris
1421 4489 1483 4528 se
1513 4480 1775 4545 prostra-

102 4557 191 4613 vit
220 4576 232 4625 ;
260 4558 367 4614 sed
408 4559 710 4628 surgendo
731 4576 918 4616 manu
949 4560 1262 4618 indiscrete
1288 4563 1546 4619 tenendo
1578 4580 1774 4620 sarco-

103 4648 380 4720 phagum
407 4649 536 4719 ejus
565 4666 627 4706 se
655 4649 984 4706 sublevavit
1012 4675 1025 4720 ,
1060 4651 1217 4707 illico
1271 4652 1468 4724 pollex
1519 4653 1648 4724 ejus
1695 4653 1770 4710 de

104 4737 358 4810 propria
373 4738 656 4808 junctura
686 4741 998 4796 emarcuit.
1027 4741 1245 4796 Videns
1276 4748 1478 4798 autem
1498 4743 1625 4813 jam
1645 4762 1773 4800 sese

105 4839 301 4882 manu
329 4827 725 4896 debilitatum,
761 4829 1017 4902 supplex
1056 4835 1112 4886 et
1143 4831 1565 4900 gemebundus
1598 4850 1661 4889 se
1694 4833 1772 4889 ad

106 4921 331 4972 terram
375 4917 741 4989 prostravit;
803 4919 1042 4975 veniam
1098 4925 1155 4975 et
1212 4920 1684 4978 misericordiam
1737 4939 1772 4977 a

102 5005 291 5062 beato
323 5007 680 5063 Godehardo
695 5008 1039 5081 postulavit.
1061 5009 1123 5064 Ei
1143 5009 1340 5070 statim
1371 5010 1430 5064 in
1457 5011 1770 5084 proprium

101 5096 312 5152 locum
343 5097 467 5152 sine
490 5114 662 5154 mora
691 5103 748 5154 et
775 5097 1015 5154 laesione
1046 5099 1243 5171 pollex
1273 5099 1514 5155 resiluit.

175 5186 232 5240 5.
268 5185 534 5241 Audiens
552 5187 680 5242 haec
706 5186 992 5256 magister
1015 5187 1266 5258 quidam
1289 5187 1362 5242 de
1395 5193 1596 5244 monte
1623 5191 1774 5246 San-

103 5275 182 5332 cti
210 5274 494 5341 Mauricii,
527 5276 858 5332 Reinardus
883 5275 1148 5341 nomine,
1174 5276 1264 5331 vir
1289 5283 1584 5349 provectae
1638 5282 1774 5335 aeta-

180 5455 295 5525 (78)
328 5454 470 5530 Boll_.
505 5454 732 5530 habet;
775 5472 956 5530 quam
1007 5463 1203 5514 tamen
1258 5474 1570 5530 nunquam
1620 5459 1774 5515 vide-

103 5533 206 5582 rat
238 5541 262 5582 .·
291 5527 459 5598 quod
490 5543 568 5582 an
592 5527 829 5593 rectius,
862 5529 1174 5586 incertum.
1213 5529 1267 5586 Si
1299 5527 1457 5586 enim
1509 5531 1773 5586 Berthol-

101 5598 222 5652 dus
241 5597 666 5671 octogenarius
689 5605 791 5654 aut
844 5601 1293 5668 nonagenarius
1334 5602 1563 5671 obierit,
1609 5618 1775 5658 sanc-

103 5669 689 5748 tum‘tiqdehardum
707 5671 906 5748 adhuc
929 5671 1443 5748 viventein_vi(_.lcre
1460 5669 1769 5748 potuisset.

177 5743 290 5810 (79)
323 5741 659 5796 Bernardus
690 5742 768 5797 ab
797 5757 958 5798 anno
995 5747 1128 5798 1130
1167 5743 1246 5799 ad
1310 5741 1478 5799 “57'
1500 5743 1773 5799 Ecclesiae

103 5811 610 5870 Hildesheimcnsi
668 5813 922 5886 praefuit,
967 5829 1106 5870 cum
1147 5818 1346 5872 tamen
1373 5821 1405 5873 9
1433 5815 1605 5875 annis
1636 5819 1772 5872 ante

1878 3229 2028 3293 rent,
2063 3228 2118 3280 et
2146 3223 2496 3297 psalmum:
2552 3222 2948 3289 Benedzxisti,
2994 3221 3262 3289 Domine,
3320 3226 3542 3276 terram

1884 3320 2048 3369 tuam
2075 3315 2259 3384 (Psal.
2295 3329 2528 3380 Lxinv,
2558 3314 2636 3382 '2),
2663 3311 2841 3367 corde
2869 3310 3121 3366 contrito
3147 3314 3204 3366 et
3231 3307 3544 3364 humiliato

1886 3403 2136 3459 Domino
2165 3403 2573 3458 decantarent.
2613 3403 3027 3472 Statutumque
3059 3403 3147 3454 est
3195 3403 3262 3453 ut
3315 3397 3376 3452 in
3417 3396 3548 3452 ‘sin-

1881 3492 2035 3563 gulis
2067 3490 2377 3562 coenobiis,
2411 3490 2472 3545 in
2497 3489 2781 3546 territorio
2813 3492 3029 3544 nostrae
3071 3485 3345 3542 Ecclesiae
3400 3501 3543 3541 con-

1882 3581 2116 3645 stitutis,
2142 3579 2428 3652 speciales
2461 3594 2570 3651 pro
2601 3594 2671 3634 eo
2701 3578 2911 3633 tierent
2953 3576 3253 3632 orationes
3312 3579 3370 3630 et
3399 3573 3545 3629 elee-

1881 3685 2282 3742 mosynarum
2304 3667 2645 3737 largitiones
2673 3685 2685 3735 ;
2718 3668 2861 3740 quia
2889 3665 3257 3740 impossibile
3287 3668 3376 3720 est
3393 3663 3546 3720 mul-

1883 3763 2080 3817 tarum
2120 3775 2244 3814 non
2271 3757 2540 3812 exaudiri
2571 3773 2747 3813 voces
2773 3757 3133 3812 orationum.

1955 3855 2006 3905 7.
2043 3849 2142 3903 His
2172 3863 2314 3917 ergo
2344 3847 2654 3919 aliquanto
2683 3852 2949 3920 tempore
2979 3845 3253 3920 peractis,
3288 3843 3543 3901 Ecclesia

1883 3944 2092 3995 nostra
2113 3953 2270 3993 nova
2298 3935 2680 3992 tribulatione
2722 3936 3074 3992 concutitur.
3137 3939 3285 3992 Nam
3338 3933 3547 4008 praedi-

1885 4033 2015 4084 ctus
2049 4029 2214 4083 Pater
2235 4030 2463 4097 noster,
2503 4027 2656 4099 proh
2688 4026 2860 4082 dolor
2889 4026 2899 4080 !
2935 4025 3112 4082 nobis
3143 4042 3214 4081 ex
3253 4025 3368 4081 hac
3427 4025 3548 4082 vita

1887 4117 2282 4187 subtrahitur,
2314 4121 2371 4172 et
2399 4115 2595 4172 omnis
2644 4115 2939 4172 Eccclesia
2990 4120 3199 4171 nostra
3251 4118 3415 4172 tanto
3439 4131 3548 4189 pa-

1886 4209 2044 4259 store
2086 4204 2353 4261 desolata
2407 4204 2820 4262 conturbatur.
2883 4203 2998 4262 Sed
3049 4204 3154 4277 qui
3207 4202 3550 4260 consolatur

1885 4294 2136 4349 miseros
2167 4293 2227 4349 in
2254 4292 2633 4349 tribulatione
2693 4311 2821 4362 sua,
2881 4295 3056 4360 Deus,
3103 4307 3225 4348 non
3281 4291 3551 4364 permisit

1889 4382 2209 4438 Ecclesiam
2237 4398 2413 4438 suam
2439 4383 2500 4438 in
2519 4381 2800 4438 ﬂuctibus
2825 4383 3008 4454 hujus
3050 4381 3251 4438 saeculi
3274 4382 3399 4437 sine
3444 4396 3548 4451 gu-

1887 4471 2203 4528 bernatore
2225 4470 2330 4526 diu
2354 4471 2664 4536 ﬂuctuare,
2695 4471 2889 4527 sciens
2929 4470 3092 4545 quia,
3151 4469 3258 4526 ubi
3304 4485 3430 4527 non
3460 4473 3548 4525 est

1888 4562 2272 4632 gubernator,
2305 4565 2541 4617 corruet
2567 4560 2850 4635 populus.
2885 4565 3030 4617 Nam
3058 4560 3254 4617 omnis
3285 4559 3548 4616 Ecclesia

1883 4657 2088 4709 nostra
2109 4649 2287 4706 simul
2317 4651 2676 4720 coadunata,
2710 4651 3080 4707 Bernardum
3102 4650 3214 4722 (79)
3237 4665 3546 4706 summum

1883 4741 2300 4815 praepositum,
2325 4741 2519 4795 virum
2548 4740 2711 4796 omni
2760 4739 3016 4796 clericali
3059 4739 3303 4796 scientia
3356 4739 3549 4796 crudi-

1882 4836 2033 4901 tum,
2085 4835 2142 4887 et
2206 4830 2478 4886 moribus
2531 4829 2772 4903 optimis
2821 4830 3193 4902 decoratum,
3233 4829 3543 4886 communi

1883 4937 2186 4976 consensu
2217 4919 2355 4976 cleri
2385 4921 2440 4975 et
2496 4919 2798 4976 alacritate
2845 4917 3075 4994 populi,
3116 4918 3545 4974 reclamantem

1881 5016 1937 5066 et
1971 5010 2256 5066 omnibus
2308 5008 2508 5066 modis
2558 5008 2932 5076 renitentem,
2990 5024 3176 5081 seque
3221 5007 3542 5079 indignum

1879 5100 2328 5165 vociferantem,
2353 5098 2414 5154 in
2459 5097 2831 5172 spiritualem
2880 5102 3185 5170 pastorem
3242 5096 3436 5169 elegit,
3492 5102 3550 5156 et

1879 5207 2076 5264 usque
2108 5189 2188 5246 ad
2226 5188 2575 5245 cathedram
2607 5187 2831 5244 summi
2870 5187 3186 5245 sacerdotii
3244 5188 3543 5262 perduxit.

1882 5280 1984 5336 His
2015 5279 2097 5335 ita
2123 5278 2322 5350 gestis,
2367 5293 2552 5334 causa
2581 5277 2817 5350 patroni
2862 5278 3072 5350 nostri,
3132 5294 3268 5353 quae
3303 5282 3550 5352 propter

1881 5462 2139 5515 mortem
2169 5473 2362 5513 caecus
2392 5457 2586 5514 factus
2615 5456 2842 5528 fuisset,
2899 5459 3241 5514 Brunoncm
3274 5458 3546 5516 Ecclesiae

1885 5547 2007 5604 sua:
2039 5529 2342 5604 decanum
2362 5529 2776 5604 coadjutorem
2806 5529 3036 5598 habuit,
3061 5531 3164 5604 qui
3195 5532 3547 5604 posteaipsi

1883 5602 1943 5657 in
1971 5601 2322 5674 episcopatu
2354 5601 2654 5674 successit.
2686 5603 2989 5666 Quantum
3019 5601 3290 5659 Ecclesiae
3349 5601 3545 5658 Hilde-

1886 5671 2208 5747 shei'mensi
2239 5676 2294 5747 et
2321 5671 2519 5747 ordini
2557 5677 2763 5747 nostro
2818 5674 3126 5747 profuerit.
3177 5692 3250 5731 ex
3300 5673 3547 5747 transla-

1886 5745 2043 5800 tione
2075 5742 2264 5798 sancti
2303 5743 2662 5810 Godehardi,
2695 5749 2752 5799 et
2781 5742 3129 5802 monasterii
3181 5744 3377 5802 Sancti
3436 5745 3548 5801 60-.

1885 5815 2139 5874 dehardi
2165 5815 2458 5874 creatione
2485 5815 2654 5874 facile
2685 5821 2777 5874 est
2795 5817 3087 5890 judicare.
3287 5817 3292 5820 ’
