3944 6392
417 293 561 366 ΊΞΗ

1373 305 1428 361 S.
1471 300 1880 360 GODEHARDI
1918 293 2235 354 EPISCOPI
2273 293 2926 353 HILDESHEIMENSIS.

3737 288 3877 345 l2l2

430 431 842 490 tribulationes
917 433 1159 488 nostras
1211 429 1340 501 jam
1407 423 1853 501 aliquantulum
1923 421 2088 478 deci-
2120 420 2170 477 Α
2199 425 2317 478 ster
2344 420 2686 478 Bernardus
2708 418 3110 494 apostolicum
3127 414 3542 474 Innocentium
3571 429 3714 471 cum
3745 411 3875 467 suis

427 523 617 590 derat,
658 521 1118 590 redintegratur,
1149 523 1356 592 etquo
1413 516 1626 573 ordine
1679 515 1760 571 ad
1809 512 2091 570 effectum

426 611 853 687 perduceretur
884 609 961 665 ab
984 608 1269 665 omnibus
1299 607 1662 664 elaboratur.

497 706 554 760 8.
583 699 696 755 Sed
728 715 866 754 cum
899 697 1191 754 canonica
1213 712 1486 765 censura,
1517 699 1763 770 propter
1781 691 2088 751 illusiones

426 788 797 854 damonum,
830 804 967 860 qua
999 787 1340 860 frequenter
1363 787 1423 842 in
1459 785 1716 842 Ecclesia
1739 783 1840 840 Dei
1863 783 1926 840 in
1955 780 2088 838 tali-

421 877 543 934 bus
572 877 966 949 contigerunt,
1000 880 1288 933 statutum
1318 877 1391 932 sit
1413 891 1488 932 ne
1519 875 1655 948 quis
1684 875 1812 930 sine
1850 875 2088 946 aposto-

423 966 541 1024 lica
570 967 942 1037 auctoritate,
971 972 1028 1022 et
1058 967 1181 1022 vita
1211 966 1400 1039 ipsius
1440 982 1547 1040 per
1596 965 1756 1020 viros
1811 965 2088 1019 auctora-

425 1057 576 1114 biles
616 1056 974 1130 approbata,
1033 1056 1502 1127 canonizaretur,
1557 1053 1725 1128 quod
1780 1057 1982 1109 tamen
2026 1051 2088 1107 in

423 1146 906 1220 pracedentibus
957 1150 1082 1202 tum
1133 1149 1377 1220 propter
1441 1143 1876 1212 difﬁcultatem,
1959 1145 2088 1197 tum

424 1239 671 1310 propter
698 1234 1199 1308 longinquitatem
1226 1234 1469 1304 itineris,
1520 1248 1771 1289 causam
1819 1234 2088 1287 nostram

425 1324 601 1382 valde
637 1323 1064 1394 retardat-erat,
1099 1323 1324 1379 factum
1355 1327 1466 1389 est,
1501 1325 1620 1378 Deo
1659 1324 1983 1387 annuente,
2025 1323 2090 1376 ut

421 1413 590 1488 quod
619 1418 758 1470 ante
791 1412 916 1468 sine
951 1429 1175 1481 magna
1204 1412 1480 1485 impensa
1511 1429 1582 1469 ac
1613 1426 1852 1467 summo
1881 1408 2088 1466 labore

420 1519 546 1560 non
575 1507 809 1577 poterat
838 1502 916 1558 ad
943 1504 1226 1558 affectum
1253 1502 1524 1576 perduci,
1568 1501 1628 1559 id
1677 1499 1855 1557 nobis
1913 1497 2089 1572 quasi

421 1596 560 1670 ante
589 1593 810 1648 ostium
841 1589 1150 1664 inopinate
1183 1590 1533 1647 deferretur.
1564 1593 1712 1646 Nam
1760 1589 1822 1646 in
1879 1586 2087 1644 Leodi-

422 1697 666 1740 censem
696 1679 1000 1737 civrtatem
1031 1680 1196 1736 curia
1223 1680 1450 1737 indicta
1480 1683 1588 1749 est,
1644 1677 1750 1735 ubi
1799 1682 2086 1735 Innocen-

2197 510 2607 569 cardinalibus
2633 509 2932 576 convenit,
2965 513 3023 564 et
3052 507 3128 564 de
3158 522 3346 563 causa
3383 503 3628 580 patroni
3684 501 3874 559 nostri

2196 600 2357 658 beati
2387 600 2726 658 Godehardi
2757 614 2950 673 usque
2995 614 3066 654 eo
3124 594 3432 652 induciata
3479 591 3872 649 devotissime

2199 689 2570 747 submonuit.
2607 689 2741 759 Sed,
2769 690 2890 745 Deo
2918 690 3224 745 annuente
3255 689 3311 741 et
3345 684 3407 740 id
3433 682 3705 754 faciente,
3735 697 3873 738 om-

2196 793 2305 835 nes
2333 780 2654 837 unanimes
2681 785 2739 838 et
2770 777 3101 837 concordes
3131 776 3194 832 in
3223 791 3334 832 sua
3376 773 3659 849 petitione
3707 771 3876 828 inve-

2195 868 2302 938 nit,
2338 873 2401 926 ut
2425 873 2561 942 post
2588 869 2722 943 ipsa
2753 886 2847 925 res
2874 865 3174 924 indicavit.

2272 963 2356 1015 10.
2392 962 2541 1016 Nam
2570 963 2810 1032 postera
2857 957 2953 1014 die
3002 973 3142 1013 cum
3197 955 3258 1011 in
3315 953 3552 1027 synodo
3601 949 3872 1024 generali

2196 1048 2562 1120 apostolicus
2592 1048 2897 1119 resideret,
2929 1047 3095 1104 nullo
3149 1045 3536 1113 admonente,
3586 1042 3692 1099 sed
3743 1045 3875 1098 Deo

2196 1135 2470 1206 faciente,
2494 1137 2864 1212 apostolicus
2892 1136 2971 1193 ad
3001 1152 3214 1193 omnes
3240 1134 3611 1192 luculentam
3643 1131 3867 1189 oratio-

2193 1241 2335 1282 nem
2360 1225 2590 1294 habuit,
2622 1226 2683 1283 in
2712 1242 2836 1300 qua
2864 1224 3250 1282 disertissime
3279 1223 3629 1298 petitionem
3646 1225 3871 1278 nostra

2197 1316 2470 1372 Ecclesia
2519 1316 2594 1373 de
2652 1321 2909 1390 patrono
2955 1321 3166 1372 nostro
3204 1313 3500 1388 exposuit,
3561 1316 3639 1383 et,
3680 1316 3745 1368 ut
3775 1328 3873 1368 as-

2196 1421 2442 1462 sensum
2468 1405 2826 1479 prabercnt,
2861 1404 3244 1461 devotissime
3270 1402 3616 1478 postulavit.
3651 1401 3753 1458 His
3785 1401 3871 1457 ita

2195 1495 2395 1564 gestis,
2425 1495 2745 1569 episcopus
2770 1493 3357 1564 TarraconensistSt)
3412 1492 3500 1548 vir
3529 1490 3868 1562 religiosus,

2195 1589 2251 1641 et
2279 1583 2514 1641 litterali
2544 1584 2790 1642 scientia
2815 1584 3109 1654 eruditus,
3141 1583 3308 1657 quod
3349 1581 3559 1641 ordine
3608 1581 3868 1638 transla-

2195 1674 2277 1730 tio
2306 1674 2432 1732 tieri
2460 1675 2722 1745 deberet,
2757 1665 3033 1748 exposuit
3063 1691 3076 1730 :
3109 1673 3331 1730 scilicet
3356 1672 3404 1729 si
3433 1688 3504 1728 ea
3533 1688 3669 1746 qua
3699 1671 3867 1727 dice-

420 1768 536 1826 tius
565 1785 729 1845 papa
759 1787 900 1825 cum
933 1773 1206 1826 Romana
1238 1769 1517 1832 Ecclesia.
1550 1773 1607 1825 et
1639 1784 1862 1838 magna
1919 1770 2087 1841 parte
2120 1787 2160 1842 Β
2194 1763 2418 1820 bantur
2442 1764 2517 1820 de
2548 1770 2805 1838 patrono
2829 1769 3054 1832 nostro,
3091 1762 3353 1820 Ecclesia
3381 1767 3588 1818 nostra
3613 1777 3722 1836 per
3781 1762 3864 1817 le-

424 1858 646 1928 Gallia,
680 1876 819 1916 cum
852 1859 1129 1917 Lothario
1149 1876 1290 1931 rege
1322 1865 1380 1916 et
1415 1859 1538 1916 fere
1579 1859 1877 1916 universis
1928 1857 2084 1931 epis-

421 1948 590 2029 copis
619 1949 954 2006 Teutonica
986 1949 1250 2019 regionis
1291 1953 1722 2032 convenerunt,
1746 1952 1813 2005 ut
1862 1947 1937 2004 de
1964 1947 2086 2003 vio-

417 2036 601 2095 lentia
631 2041 912 2095 Romana
944 2038 1214 2094 Ecclesia
1247 2056 1354 2113 per
1383 2040 1624 2095 Petrum
1647 2039 1856 2095 Leonis
1879 2052 2087 2111 perpe-

418 2130 593 2196 trata,
621 2127 727 2200 qui
753 2132 882 2184 tum
939 2129 1228 2202 temporis
1276 2134 1570 2202 papatum
1629 2127 1742 2184 sibi
1799 2126 2088 2184 violenter

418 2216 752 2289 usurpavit,
786 2221 1234 2290 pertractarcnt,
1263 2222 1321 2274 et
1366 2217 1622 2292 qualiter
1677 2217 1826 2274 illud
1855 2216 2084 2274 idolum

420 2304 486 2362 in
516 2305 741 2380 templo
770 2306 1004 2363 Domini
1033 2307 1301 2380 positum
1351 2308 1747 2376 destruerent,
1810 2307 2084 2364 elabora-

419 2399 572 2453 rent.
604 2399 851 2452 Pactum
877 2396 1056 2466 igitur
1086 2403 1173 2454 est
1216 2403 1282 2454 ut
1311 2397 1389 2454 ad
1448 2397 1822 2454 Dominicam
1851 2398 2086 2453 Latare

417 2486 757 2542 Jerusalem
789 2485 868 2540 ad
899 2478 1251 2558 praedictam
1279 2486 1577 2542 civitatem
1606 2485 1777 2543 multi
1808 2485 2085 2542 catholici

418 2573 548 2642 viri,
581 2578 706 2630 tam
733 2590 872 2630 cum
895 2573 1230 2647 apostolico
1254 2591 1442 2648 quam
1473 2593 1612 2632 cum
1637 2592 1776 2646 rege
1800 2574 2083 2632 conveni-

418 2667 570 2731 rent,
606 2668 662 2720 et
681 2662 756 2718 de
787 2666 1098 2719 communi
1129 2668 1285 2720 statu
1327 2665 1600 2721 Ecclesia
1630 2669 2078 2739 pertractarent.

419 2754 578 2809 Inter
605 2767 760 2826 quos
791 2768 1012 2825 prases
1045 2759 1246 2809 noster
1273 2753 1609 2810 Bernartius
1649 2771 1788 2811 eum
1843 2753 2085 2826 majori-

415 2843 534 2899 bus
553 2847 772 2900 nostra
802 2842 1076 2898 Ecclesia
1115 2844 1419 2914 assistens,
1470 2845 1681 2900 videns
1733 2844 2082 2918 opportuni-

415 2937 599 2990 tatem
628 2933 784 2990 ultro
815 2933 926 2989 sibi
959 2932 1264 3003 collatam,
1286 2934 1489 3009 ipsum
1517 2935 1918 3008 apostolicum
1939 2951 2080 2991 cum

414 3023 584 3081 omni
621 3023 787 3080 curia
845 3027 1117 3081 Romana
1165 3025 1533 3096 aggreditur,
1584 3026 1827 3101 vitaque
1880 3031 2081 3100 pasto-

412 3110 496 3169 ris
519 3112 706 3170 nostri
737 3129 943 3170 coram
971 3113 1117 3189 ipsis
1137 3113 1440 3184 recitatur,
1471 3120 1529 3172 et
1570 3121 1654 3175 ut.
1689 3132 1796 3190 per
1844 3132 1985 3172 eum
2017 3117 2079 3173 in
2109 3150 2150 3206 ρ

414 3200 676 3259 Ecclesia
706 3202 807 3259 Dei
836 3203 1242 3270 canonizetur,
1275 3203 1660 3261 devotissime
1689 3220 1897 3278 preces
1950 3205 2080 3262 fun-

411 3282 658 3348 duntur.

483 3385 538 3438 9.
568 3379 682 3437 Sed
712 3397 852 3438 cum
896 3379 1272 3438 consuetudo
1332 3381 1408 3438 sit
1463 3383 1746 3438 Romanae
1802 3383 2077 3440 Ecclesia

411 3469 474 3527 in
500 3469 766 3542 generali
791 3471 1044 3528 concilio
1077 3475 1319 3526 sanctos
1347 3471 1448 3528 Dei
1476 3472 1850 3541 canonizare,
1908 3473 2077 3547 quod

412 3563 554 3617 tunc
611 3560 900 3634 temporis
942 3559 1003 3616 in
1054 3563 1409 3618 Remensem
1464 3562 1766 3620 civitatem
1817 3563 1879 3620 in
1926 3564 2075 3620 festo

411 3650 603 3708 sancti
631 3653 800 3706 Luca
830 3648 1123 3705 indictum
1155 3649 1368 3721 fuerat,
1403 3659 1652 3726 accepto
1673 3653 1943 3723 consilio,
1976 3670 2076 3728 pe-

408 3739 680 3797 titionem
712 3737 983 3796 Ecclesia
1011 3744 1231 3796 nostra
1259 3758 1450 3816 usque
1477 3743 1541 3799 in
1578 3744 1930 3818 praedictum
1985 3745 2074 3802 lo-

411 3846 553 3886 cum
582 3828 830 3899 distulit,
863 3829 1066 3903 ibique
1098 3830 1498 3890 difliniturum
1553 3835 1883 3892 certissime
1933 3851 2074 3909 pro-

409 3917 591 3975 misit.
617 3918 718 3974 His
744 3917 826 3976 ita
851 3921 1055 3992 gestis,
1087 3921 1331 3978 antistes
1358 3927 1562 3980 noster
1585 3925 1916 3998 apostolica
1938 3942 2075 3999 pro-

410 4007 704 4066 missione
735 4009 1065 4075 animatus,
1092 4010 1263 4067 latus
1291 4014 1646 4084 regreditur,
1677 4020 1734 4072 et
1753 4016 1832 4072 ab
1883 4017 2075 4073 omni-

408 4095 527 4152 bus
566 4097 777 4155 devote
805 4099 1148 4173 suscipitur,
1181 4105 1238 4156 et
1267 4117 1405 4175 qua
1437 4101 1549 4158 sibi
1588 4119 1882 4177 responsa
1935 4106 2071 4176 sint,

409 4192 785 4243 enarrantur.
813 4191 976 4244 Tunc
1005 4205 1220 4246 omnes
1255 4191 1568 4248 audientes
1599 4209 1736 4267 qua
1797 4211 1904 4268 per
1933 4211 2076 4268 apo-

407 4275 654 4334 tolicum
685 4278 988 4351 promissa
1015 4284 1175 4349 sunt,
1221 4281 1585 4339 unanimiter
1612 4282 1909 4353 latantur,
1944 4301 2076 4358 pre-

405 4382 625 4441 cesque
653 4368 817 4441 apud
845 4368 1196 4443 pontificem
1225 4377 1501 4429 nostrum
1527 4372 1911 4431 devotissime
1941 4375 2074 4432 fun-

404 4457 651 4529 duntur,
682 4473 757 4514 ne
799 4475 862 4515 se
903 4463 1083 4516 tanta
1131 4461 1520 4535 promissioni
1577 4464 1912 4534 subtrahat,
1967 4466 2074 4523 scd

405 4545 541 4604 licet
566 4546 940 4606 laboriosum
971 4548 1064 4620 sit,
1090 4549 1217 4624 ipse
1245 4569 1307 4608 se
1338 4557 1542 4610 tamen
1569 4570 1693 4611 una
1723 4571 1863 4612 cum
1883 4557 2072 4628 majo-

403 4635 571 4694 ribus
597 4636 872 4694 Ecclesia
893 4644 1112 4696 nostra
1143 4641 1222 4697 ad
1269 4641 1564 4700 indictam
1615 4645 1922 4716 synodum
1977 4662 2071 4702 re-

404 4731 748 4801 prasentet.
781 4729 912 4784 Jam
957 4728 1086 4785 dies
1132 4729 1456 4789 advenerat
1508 4732 1570 4788 in
1617 4750 1742 4806 qua
1798 4735 2070 4807 synodus

403 4815 698 4873 universae
731 4816 1006 4874 Ecclesia
1056 4818 1510 4878 citramontana
1563 4822 1789 4880 indicta
1855 4825 2068 4882 fuerat.

402 4907 551 4962 Tum
582 4922 724 4962 vero
754 4906 1039 4981 prafatus
1063 4908 1308 4965 antistes
1326 4915 1531 4968 noster
1559 4914 1918 4984 Bernardus,
1947 4932 2073 4972 una

402 5011 543 5051 cum
575 4996 1038 5070 metropolitano
1069 4999 1578 5071 Magdeburgcnse
1608 5003 1897 5062 Norberto
1934 5006 2068 5078 (80),

402 5084 505 5158 qui
538 5088 678 5142 tunc
709 5087 994 5160 temporis
1020 5087 1081 5145 in
1114 5089 1378 5147 Ecclesia
1402 5091 1502 5148 Dei
1551 5093 1758 5165 magni
1808 5095 2072 5152 nominis

402 5173 614 5244 fuerat,
643 5181 701 5234 et
727 5178 1061 5250 majoribus
1096 5179 1361 5238 Ecclesia
1393 5187 1633 5252 nostra,
1657 5184 1736 5242 ad
1756 5186 2070 5258 praefatam

405 5264 709 5334 synodum
731 5266 841 5324 iter
877 5268 1145 5338 instituit,
1173 5275 1247 5339 et,
1281 5274 1400 5329 Deo
1430 5279 1755 5346 annuente,
1781 5293 1920 5332 cum
1943 5294 2070 5334 ma-

406 5367 528 5420 gna
554 5357 944 5429 prosperitate
975 5365 1033 5416 et
1075 5364 1520 5435 opportunitate
1576 5365 1656 5421 ad
1714 5369 2070 5425 Eemensem

405 5439 607 5530 locum
636 5448 922 5530 pervenit.
958 5449 1065 5506 Ubi
1091 5451 1422 5510 honorifice
1449 5457 1730 5529 suscepti,
1763 5456 1913 5513 dum
1936 5459 2069 5530 jam

409 5529 682 5597 synodus
710 5529 937 5604 aliquot
965 5536 1094 5594 dies
1124 5545 1278 5598 esset
1307 5541 1625 5615 celebrata,
1658 5546 1902 5603 antistes
1941 5529 2067 5604 ino-

482 5702 601 5792 ρο),
620 5707 723 5789 Hie
745 5711 835 5792 est
855 5709 1103 5792 celebris
1131 5717 1452 5792 Norbcrtus
1483 5725 2069 5786 Pramonstratensis

407 5773 636 5838 Ordinis
664 5779 985 5858 institutor.
1301 5773 1342 5776 ’ί
1367 5773 1448 5792 "‘n
1483 5773 1502 5777 ﬁ
1528 5773 1545 5779 ’
1575 5773 1954 5795 “”””””’”⁸

2198 1853 2439 1926 gitimos
2496 1858 2679 1912 testes
2737 1869 2807 1910 ac
2858 1855 3207 1926 juramento
3255 1851 3698 1927 comprobaret.
3759 1851 3863 1907 llis

2195 1959 2338 2000 vero
2360 1942 2560 2000 verbis
2595 1942 2965 2016 apostolicus
2994 1959 3056 1998 se
3082 1941 3454 2015 interposuit,
3486 1944 3545 1996 et
3571 1956 3608 1996 a
3646 1938 3869 2012 princi-

2194 2033 2375 2106 pibus
2407 2037 2574 2090 terra
2604 2038 2825 2090 nostra
2875 2032 3030 2090 adeo
3084 2035 3142 2089 in
3191 2029 3538 2087 Leodiceusi
3597 2029 3865 2086 Ecclesia

2193 2123 2589 2181 certiticatum
2621 2123 2803 2180 fuisse
2833 2123 3105 2191 asseruit,
3136 2126 3204 2178 ut
3238 2137 3371 2196 non.
3405 2136 3563 2194 opus
3594 2124 3752 2177 esset
3801 2119 3866 2176 id

2195 2214 2461 2272 secundo
2492 2213 2814 2281 testiﬁcari,
2839 2213 3005 2288 quod
3030 2212 3288 2270 lucidius
3319 2211 3443 2268 sole
3465 2215 3669 2286 posset
3695 2226 3867 2267 com-

2192 2303 2457 2377 probari.
2490 2303 2719 2360 Auditis
2751 2308 2951 2360 autem
3003 2318 3138 2375 qua
3199 2301 3278 2358 ab
3327 2300 3654 2375 apostolico
3702 2300 3867 2357 dice-

2191 2392 2434 2461 bantur,
2457 2409 2670 2450 omnes
2713 2392 3077 2450 unanimiter
3107 2397 3170 2447 ut
3215 2389 3596 2448 canonizetur
3651 2406 3863 2446 assen—

2191 2499 2327 2541 sum
2365 2484 2657 2557 prabcnt,
2690 2488 2748 2540 et
2785 2487 2850 2540 ut
2869 2481 3079 2538 laudes
3109 2480 3364 2538 Domino
3415 2479 3861 2554 persolvantur,

2191 2573 2524 2631 admonent
2553 2574 2658 2650 qui
2687 2573 2970 2646 dignatur
2999 2588 3205 2630 servos
3239 2588 3382 2628 suos
3410 2571 3489 2628 ab
3511 2571 3866 2627 infirmitate

2189 2663 2375 2735 hujus
2405 2663 2600 2720 carnis
2639 2663 2886 2738 eripere,
2941 2667 2999 2719 et
3052 2665 3206 2718 inter
3244 2666 3485 2718 sanctos
3543 2665 3600 2717 et
3636 2660 3861 2718 electos

2190 2770 2333 2809 suos
2360 2753 2676 2810 collocare.
2701 2753 2996 2810 Continuo
3038 2755 3114 2808 Te
3133 2754 3321 2810 Deum
3386 2752 3706 2809 laudamus
3763 2767 3863 2806 ca-

2187 2843 2348 2900 nitur
2372 2861 2386 2912 ;
2420 2843 2552 2899 laus
2581 2842 2974 2914 omnipotenti
3006 2845 3124 2899 Deo
3153 2841 3526 2915 persolvitur,
3561 2845 3619 2898 et
3643 2839 3729 2896 sic
3757 2840 3861 2896 de-

2187 2950 2358 2990 mum
2389 2934 2734 2991 coadunata
2767 2933 3041 3006 synodus
3085 2932 3455 2990 terminatur.
3511 2931 3668 2988 Tum
3712 2948 3861 2987 vero

2185 3023 2433 3081 antistes
2482 3029 2704 3091 noster,
2766 3023 3032 3080 munitus
3084 3020 3426 3096 apostolicis
3477 3020 3717 3092 litteris,
3776 3024 3856 3078 ad

2186 3127 2298 3168 nos
2354 3129 2547 3188 usque
2604 3113 2960 3184 regreditur,
3019 3116 3076 3168 et
3122 3112 3345 3167 aelero
3376 3117 3433 3167 et
3470 3111 3699 3184 populo
3754 3111 3857 3167 be-

2188 3201 2370 3272 nigne
2410 3202 2752 3275 suscipitur,
2806 3201 3135 3274 litteraque
3189 3200 3531 3274 apostolica
3588 3216 3856 3258 reseran-

2186 3295 2300 3347 tur.
2355 3291 2586 3358 Quibus
2639 3291 2920 3356 recitatis,
2970 3294 3090 3348 Deo
3146 3290 3357 3347 laudes
3410 3290 3853 3363 persolvuntur.

2184 3385 2374 3438 Tenor
2423 3397 2567 3438 vero
2625 3381 2970 3455 apostolica
3029 3380 3433 3438 concessionis
3468 3381 3734 3454 sequitur
3791 3381 3856 3438 in

2184 3471 2316 3531 hac
2347 3472 2533 3528 verba
2567 3489 2580 3527 ε

2260 3567 2344 3618 ll.
2372 3563 2734 3618 lxsocexru‘s
2766 3562 3107 3636 episcopus,
3138 3577 3348 3618 servus
3382 3577 3695 3618 servorum
3725 3563 3850 3631 Dei,

2181 3652 2410 3708 dilectis
2443 3652 2600 3724 ﬁliis,
2629 3651 2787 3709 clero
2819 3657 2875 3708 et
2899 3652 3128 3725 populo
3161 3651 3728 3708 Hildenesheimensi
3760 3669 3853 3710 sa-

2182 3742 2366 3800 lutem
2394 3747 2450 3799 et
2476 3742 2872 3816 apostolicam
2899 3742 3402 3799 benedictionem.

2255 3834 2507 3890 Veniens
2537 3833 2616 3890 ad
2647 3850 2758 3891 nos
2786 3833 3146 3890 venerabilis
3171 3833 3351 3890 frater
3375 3838 3576 3890 noster
3607 3837 3853 3890 Bernar-

2181 3924 2298 3980 dus
2329 3924 2651 3998 episcopus
2703 3929 2919 3991 vester,
2967 3926 3028 3980 in
3072 3924 3346 3998 plenaria
3403 3925 3660 3998 synodo,
3710 3941 3850 3998 qua

2182 4014 2380 4070 Remis
2401 4030 2508 4087 per
2534 4014 2636 4071 Dei
2657 4014 2914 4084 gratiam
2944 4015 3138 4072 fuerat
3161 4019 3550 4087 congregata,
3609 4017 3850 4070 attesta-

2183 4104 2340 4161 tione
2367 4105 2617 4160 fratrum
2659 4109 3004 4160 nostrorum
3056 4104 3505 4178 episcoporum,
3552 4109 3610 4160 et
3665 4102 3855 4160 abba-

2183 4198 2331 4261 tum,
2366 4197 2422 4249 et
2447 4193 2702 4249 aliorum
2733 4194 2838 4267 qui
2864 4211 3072 4250 secum
3102 4199 3408 4261 venerant,
3459 4198 3679 4250 sancta
3727 4210 3855 4248 me-

2181 4283 2387 4340 moria
2420 4283 2844 4339 Godehardum
2876 4284 3232 4357 episcopum
3263 4289 3526 4340 vestrum
3577 4283 3854 4341 laudabi-

2179 4373 2310 4430 liter
2340 4372 2556 4429 vixisse
2587 4373 2647 4429 in
2678 4373 2929 4441 mundo,
2964 4379 3020 4431 et
3046 4379 3169 4430 tam
3195 4374 3258 4430 in
3314 4373 3435 4430 vita
3471 4389 3660 4448 quam
3710 4379 3853 4446 post

2180 4467 2436 4519 mortem
2459 4462 2661 4518 multis
2694 4462 3000 4518 miraculis
3022 4479 3370 4520 coruscasse
3398 4461 3851 4518 asseruit.Unde

2181 4568 2292 4609 nos
2315 4568 2454 4608 cum
2485 4551 2766 4608 fratribus
2795 4552 3013 4608 nostris
3045 4551 3442 4626 omnipotenti
3473 4555 3592 4608 Deo
3623 4551 3850 4622 gratias

2181 4642 2522 4712 referentes,
2554 4642 2761 4699 habito
2783 4658 2992 4698 eorum
3019 4642 3270 4700 consilio
3297 4646 3352 4698 et
3383 4641 3848 4712 collaudatione,

2180 4733 2325 4807 quia
2352 4733 2636 4788 eumdem
2665 4732 2727 4788 in
2756 4732 2923 4788 calis
2955 4749 3094 4789 cum
3117 4733 3338 4788 sanctis
3384 4731 3688 4789 credimus
3747 4748 3850 4788 co-

2178 4822 2399 4892 ronari,
2427 4823 2630 4896 ipsum
2656 4823 2808 4879 inter
2834 4828 3073 4880 sanctos
3091 4823 3378 4880 honorari
3408 4822 3794 4896 pracipimus
3831 4841 3846 4879 :

2179 4913 2542 4970 mandantes
2561 4913 2735 4970 vobis
2764 4918 2828 4969 ut
2843 4918 2898 4970 et
2923 4913 3119 4970 eidem
3142 4913 3322 4970 beato
3345 4913 3473 4968 viro
3505 4912 3849 4971 solemnita-

2180 5008 2297 5060 tem
2325 5003 2387 5062 in
2416 5009 2610 5061 vestra
2641 5003 2900 5060 Ecclesia
2925 5003 3219 5076 statuatis,
3248 5008 3305 5060 et
3325 5003 3405 5060 ad
3430 5019 3566 5059 eam
3607 5017 3847 5062 annua-

2177 5092 2306 5150 liter
2337 5093 2654 5150 convenire
2686 5094 2924 5150 curetis.

2193 5239 2215 5248 ,
2252 5187 2401 5241 Data
2431 5183 2628 5240 Remis
2659 5196 2714 5238 1v
2734 5174 3036 5240 Kalendas
3067 5182 3436 5240 Novembris.

2253 5279 2336 5330 l2.
2365 5274 2478 5331 Sed
2509 5273 2654 5346 quia
2681 5278 2820 5329 tunc
2849 5272 3171 5329 hibernum
3198 5277 3438 5345 tempus
3467 5273 3844 5343 imminebat,

2177 5380 2287 5420 nec
2305 5364 2383 5419 ad
2406 5369 2635 5419 tantum
2660 5363 2967 5432 negotium
2992 5380 3054 5418 se
3077 5362 3356 5435 expedire
3381 5362 3842 5433 valebat,visum

2177 5459 2265 5512 est
2293 5469 2807 5526 congruum,qua
2829 5469 2934 5525 per
2955 5452 3356 5524 apostolicum
3389 5469 3676 5514 concessa
3709 5461 3844 5510 sunt

2177 5543 2480 5602 catholicis
2503 5547 2560 5599 et
2581 5541 2875 5612 religiosis
2898 5543 3038 5598 viris
3059 5542 3342 5610 nuntiari,
3363 5549 3421 5599 et
3437 5543 3635 5615 ipsam
3658 5550 3842 5601 trans-

2249 5723 2731 5800 (81)_Michaelem
2752 5724 3016 5800 appellat
3038 5724 3448 5789 Henschenius
3475 5724 3533 5784 in
3580 5725 3738 5785 notis
3766 5726 3836 5783 ad

2177 5797 2345 5858 hunc
2365 5797 2590 5856 locum.
