3944 6384
99 281 239 348 ,1213

1726 270 1887 333 νΙΤΑ
1898 313 1911 329 .

3397 273 3535 337 ιω

96 402 378 460 lationem
405 416 602 476 usque
631 400 692 459 in
723 403 1010 478 quartum
1039 404 1239 462 Nonas
1270 402 1400 461 Maii
1426 399 1669 459 differri.
1696 402 1761 455 Et
1795 400 1842 461 Α
1872 414 2096 470 magna
2121 400 2449 459 reverentia
2479 399 2618 457 cleri
2650 402 2707 459 et
2734 398 2943 477 populi
2980 398 3263 468 defertur,
3292 399 3536 471 contigit

92 493 216 563 jam
246 495 486 564 tempus
521 490 863 558 advenerat,
899 508 1037 548 cum
1076 496 1201 547 tam
1251 490 1499 547 celebris
1530 504 1759 557 rumor,

99 580 315 636 scilicet
365 580 441 635 de
488 579 880 637 translatione
931 580 1075 637 tanti
1112 579 1370 655 patroni,
1400 579 1459 635 in
1488 582 1761 635 nostram

97 670 392 726 civitatem
424 669 627 743 plures
677 675 803 726 tam
852 670 1164 741 religiosos
1204 686 1391 746 quam
1436 667 1761 743 promiscui

99 776 273 816 sexus
298 759 578 816 homines
604 758 1011 816 coadunabat.
1043 760 1140 815 His
1168 759 1328 831 visis,
1361 758 1679 815 consilium
1701 756 1760 811 in

98 849 403 906 communi
450 854 750 907 conventu
798 850 1049 925 capitur,
1089 848 1347 924 qualiter
1388 853 1583 916 caute,
1634 849 1759 903 sine

99 939 435 996 turbatione
466 940 873 1009 transferatur,
897 955 974 995 ne
1004 939 1252 1014 aliquod
1283 939 1638 997 scandalum
1664 938 1777 993 ec-'

98 1028 288 1085 clesite
320 1033 542 1085 nostrze
573 1028 711 1084 inde
742 1029 984 1085 oriatur.
1020 1032 1169 1085 Nam
1196 1028 1358 1084 fuere
1388 1027 1639 1101 quidam
1668 1042 1760 1081 re-

96 1116 285 1189 ligiosi
315 1118 426 1173 viri
452 1118 791 1174 admodum
820 1118 1113 1188 timentes,
1145 1123 1389 1192 propter
1416 1115 1760 1189 longinqui-

99 1211 273 1264 tatem
305 1208 617 1280 temporis,
648 1207 743 1263 vel
772 1223 992 1280 corpus
1035 1223 1160 1263 non
1204 1207 1475 1275 inveniri,
1505 1206 1595 1261 vel
1625 1204 1760 1261 nul—

97 1295 219 1350 lum
246 1295 539 1351 indicium
570 1295 897 1353 sanctitatis
927 1295 1189 1368 reperiri.
1210 1294 1325 1353 Sed
1354 1294 1596 1351 tandem
1628 1297 1764 1367 post

98 1384 311 1441 multas
336 1384 803 1459 disceptationes
827 1384 889 1440 in
914 1385 1027 1441 hoc
1060 1402 1271 1441 omnes
1293 1384 1658 1441 conveniunt
1675 1389 1759 1451 ut,

96 1478 320 1532 remota
348 1475 752 1544 multitudine,
785 1479 922 1531 ante
982 1474 1367 1531 matutinales
1414 1474 1595 1529 horas
1636 1489 1762 1529 om-

100 1580 201 1620 nes
226 1564 608 1631 conveniant,
629 1568 685 1621 et
711 1564 792 1619 sic
823 1563 1122 1631 tumbam,
1142 1563 1201 1620 in
1228 1580 1353 1637 qua
1381 1562 1611 1637 positus
1638 1562 1761 1618 fue-

98 1658 202 1721 rat,
231 1671 370 1710 cum
395 1654 565 1710 omni
594 1653 909 1710 devotione
937 1656 1225 1727 aperiant.
1261 1654 1460 1710 Mediae
1487 1670 1628 1725 ergo
1650 1669 1759 1709 no-

1869 490 2201 562 quemdam
2231 491 2292 547 in
2322 490 2549 547 flumen
2583 491 2713 562 (82),
2746 490 2915 564 quod
2953 490 3301 567 praeterfluit
3329 490 3535 547 civita-

1870 585 1989 637 tem
2019 586 2313 652 nostram,
2344 581 2644 649 incidisse,
2679 585 2735 637 et
2762 581 2945 650 longo
2978 585 3246 655 tempore
3279 580 3392 636 sub
3422 596 3536 636 un-

1868 669 1959 725 dis
1986 676 2325 727 morantcm
2352 672 2600 727 omnino
2632 672 2990 744 exspirasse.
3020 670 3120 729 Hic
3144 671 3291 729 dum
3316 686 3535 746 corpus

1868 761 2106 833 patroni
2136 761 2323 817 nostri
2355 760 2432 817 ad
2462 777 2602 817 eum
2633 760 2974 834 appropiat,
3000 759 3132 817 vitze
3159 758 3340 832 priori
3367 758 3535 815 resti-

1869 849 2066 917 tuitur,
2100 854 2177 921 et,
2212 850 2465 907 Domino
2495 850 2848 923 opitulante,
2881 865 3065 907 sanus
3117 854 3173 905 et
3215 847 3534 905 incolumis

1868 956 1905 995 a
1935 944 2090 997 terra
2119 940 2485 998 sublevatur.
2523 941 2633 1008 Qui
2662 944 2873 1015 postea
2900 956 3006 1013 per
3032 939 3220 996 multa
3260 942 3535 1013 tempora

1866 1029 1928 1095 in
1972 1028 2266 1085 famulatu
2312 1030 2549 1105 patroni
2597 1030 2784 1085 nostri
2840 1028 3139 1104 apparuit,
3172 1032 3229 1084 et
3273 1044 3383 1103 pro
3412 1027 3535 1085 vita

1868 1119 2137 1175 restituta
2166 1136 2289 1176 non
2320 1120 2591 1190 ingratus
2622 1124 2741 1176 Deo
2769 1119 3007 1179 exstitit.

1944 1211 2026 1263 14.
2070 1208 2166 1264 llis
2192 1225 2334 1265 vero
2366 1209 2603 1279 auditis,
2637 1208 2886 1265 ecclesia
2916 1211 3127 1265 nostra
3175 1222 3297 1263 non
3331 1205 3532 1263 statim

1867 1301 1924 1353 et
1968 1297 2281 1354 indiscrete
2322 1298 2639 1371 acquievit,
2674 1298 2779 1353 sed
2809 1296 2975 1353 aliud
3012 1295 3228 1353 certius
3257 1299 3314 1351 et
3343 1295 3535 1351 mani-

1868 1386 2073 1442 festius
2128 1387 2491 1443 miraculum
2538 1386 2840 1443 humiliter
2868 1374 3256 1458 exspectavit.
3289 1385 3534 1440 Postera

1867 1492 2010 1531 vero
2056 1476 2173 1540 die,
2206 1493 2346 1533 cum
2394 1477 2521 1532 dies
2571 1474 3011 1533 anniversarius
3059 1473 3298 1548 patroni
3344 1473 3531 1532 nostri

1866 1566 2178 1635 illuxisset,
2207 1567 2375 1623 ﬁnita
2420 1567 2604 1623 missa
2652 1570 2709 1623 et
2736 1565 2898 1623 horis
2930 1564 3285 1632 constitutis,
3318 1564 3533 1621 mulier

1866 1657 2151 1728 quaedam
2199 1661 2389 1724 muta,
2420 1656 2652 1712 habens
2694 1655 2883 1712 ﬁlium
2937 1654 3235 1735 privatum
3280 1654 3530 1724 lumine,

100 1744 201 1799 ctis
231 1749 503 1818 tempore
534 1744 778 1800 antistes
807 1748 1030 1811 noster,
1051 1760 1175 1800 una
1205 1760 1344 1799 cum
1371 1743 1660 1813 religiosis
1682 1743 1763 1798 vi-
1790 1763 1828 1817 Β
1868 1746 2063 1802 subito
2111 1746 2290 1819 quasi
2336 1747 2397 1802 in
2444 1746 2728 1803 exstasim
2780 1745 3029 1819 rapitur,
3062 1762 3132 1802 ac
3179 1760 3286 1819 per
3316 1744 3529 1801 horam

98 1834 175 1889 ris
206 1837 328 1890 tam
358 1833 677 1891 monachis
703 1850 892 1907 quam
916 1833 1292 1904 regularibus
1323 1834 1436 1889 sibi
1457 1834 1762 1890 coaduna-

101 1924 187 1991 tis,
210 1940 347 1979 cum
378 1940 607 1993 magno
638 1923 849 1980 timore
872 1940 941 1980 ac
966 1929 1223 1980 tremore
1246 1929 1519 1998 cryptam
1541 1928 1757 1980 nostrae

99 2012 353 2069 ecclesia:
406 2014 609 2081 subiit,
642 2018 699 2069 et
746 2014 1214 2088 sarcophagum,
1246 2014 1309 2070 in
1357 2029 1479 2087 quo
1528 2013 1759 2087 positus

98 2102 283 2160 fuerat
329 2106 535 2160 noster
562 2106 874 2176 patronus,
910 2103 1125 2175 aperiri
1176 2103 1477 2177 praecepit,
1510 2104 1759 2177 ipseque

100 2209 233 2249 cum
261 2193 485 2249 caeteris
508 2192 787 2249 ﬁdelibus
809 2194 1182 2249 orationibus
1205 2193 1429 2249 interea
1454 2192 1763 2249 devotissi-

98 2299 191 2339 me
216 2282 440 2353 institit;
461 2283 567 2338 sed
592 2282 692 2338 ubi
718 2299 993 2339 summus
1014 2282 1186 2339 labor
1206 2283 1267 2339 in
1287 2282 1622 2353 frangendo
1644 2298 1762 2338 sar-

101 2370 369 2445 cophago
400 2376 579 2428 antea
607 2370 774 2427 visus
800 2372 1009 2441 fuerat,
1033 2373 1185 2442 jam.
1214 2375 1333 2429 Deo
1360 2372 1630 2441 faciente,
1656 2372 1762 2427 illi-

100 2478 167 2517 co
214 2479 274 2519 se
324 2462 655 2536 aperiebat,
688 2468 745 2518 et
772 2463 1001 2519 aditum
1035 2462 1386 2520 facillimum
1430 2464 1510 2520 ad
1543 2479 1762 2537 corpus

101 2550 418 2623 praebebat.
450 2554 599 2607 Tum
628 2567 771 2607 vero
813 2557 1022 2626 aperto
1067 2553 1470 2625 sarcophago,
1503 2557 1761 2626 quantas

101 2640 396 2713 lacrymas
421 2640 750 2698 astantium
790 2641 1112 2715 aspiceres,
1144 2659 1300 2715 quos
1330 2643 1623 2713 singultus
1653 2659 1761 2699 au-

102 2729 275 2797 dires,
328 2747 517 2803 quam
564 2730 938 2803 spiritualem
993 2731 1449 2804 dispositionem
1497 2731 1763 2806 corporis

102 2817 282 2890 ipsius
310 2819 713 2892 prospiceres,
741 2819 877 2891 quis
902 2819 993 2875 vel
1025 2836 1323 2888 sermone,
1346 2820 1439 2875 vel
1471 2822 1629 2893 stylo
1659 2837 1762 2875 cx-

103 2907 349 2979 primere
396 2908 647 2964 valeat?
690 2908 842 2973 Quid
872 2908 1099 2981 plura?
1147 2910 1387 2965 divinus
1426 2910 1677 2983 quidam
1708 2914 1764 2965 et

104 2995 434 3066 incognitus
464 2997 617 3052 odor
644 2995 977 3068 fragrabat,
1010 2997 1114 3070 qui
1144 2998 1445 3071 quosdam
1476 3002 1760 3068 astantes,

104 3086 276 3158 quasi
297 3086 570 3159 quadam
601 3085 849 3159 spiritali
875 3086 1193 3143 dulcedine
1218 3087 1607 3158 refocillabat,
1632 3094 1687 3145 et
1703 3088 1764 3145 in

110 3174 362 3245 perfecta
398 3174 519 3231 ﬁde
560 3175 887 3232 sanctitatis
918 3175 1110 3249 ipsius
1161 3193 1264 3233 eos
1309 3178 1761 3235 corroborabat.

106 3265 246 3319 Tum
274 3281 413 3321 vero
440 3264 677 3321 videres
705 3281 919 3321 omnes
953 3282 1083 3321 sese
1123 3266 1424 3323 humiliter
1453 3284 1760 3337 excusare,

109 3370 278 3425 seque
308 3371 439 3411 esse
472 3355 756 3425 indignos
799 3356 945 3412 tanti
981 3357 1218 3429 patroni
1263 3374 1483 3431 corpus
1512 3360 1765 3429 attinge-

107 3459 185 3513 re,
208 3461 343 3501 cum
370 3445 644 3501 noverint
670 3445 857 3501 vitam
890 3462 1064 3503 suam
1091 3446 1268 3518 longe
1299 3448 1376 3503 ab
1402 3449 1533 3519 ejus
1555 3449 1768 3506 sancti-

109 3538 219 3590 tate
270 3534 636 3592 discordare.
672 3536 959 3603 Tandem,
1012 3537 1297 3593 omnibus
1343 3540 1764 3595 cunctantibus

110 3628 161 3679 et
180 3624 419 3697 longam
444 3642 684 3682 moram
707 3626 1082 3697 facientibus,
1106 3643 1213 3700 per
1233 3626 1474 3683 fratrem
1490 3632 1764 3684 nostrum

109 3717 490 3789 przepositum
554 3716 937 3773 Bertholdum
1005 3733 1224 3790 corpus
1286 3716 1652 3786 sublevatur,
1709 3722 1766 3775 et

108 3811 343 3878 propter
368 3806 816 3863 multitudinem
843 3807 1073 3880 populi,
1104 3824 1239 3882 quae
1268 3808 1344 3863 ad
1376 3811 1607 3864 tantam
1636 3826 1764 3865 rem

107 3895 421 3954 videndam
452 3901 835 3966 convenerat,
867 3897 927 3952 in
955 3902 1249 3953 secretum
1298 3898 1539 3954 sacrarii
1579 3899 1765 3955 nostri

108 3983 467 4058 deportatur.

178 4080 258 4131 t3.
300 4076 415 4133 Sed
457 4076 584 4133 haec
628 4077 921 4134 hactenus
968 4078 1126 4134 dicta
1170 4078 1468 4135 sufﬁciant
1510 4080 1766 4153 qualiter

108 4162 177 4219 sit
224 4164 436 4223 beatus
511 4167 905 4224 Godehardus
969 4168 1312 4225 translatus.
1364 4172 1529 4225 Nunc
1586 4187 1764 4243 supe-

106 4259 222 4310 rest
271 4256 545 4313 charitati
595 4261 807 4313 vestrae
864 4258 1138 4315 intimare
1178 4259 1431 4332 qualiter
1475 4276 1583 4333 per
1625 4277 1765 4317 eum

107 4346 367 4402 mundus
423 4346 498 4403 sit
550 4347 943 4417 illuminatus,
1002 4353 1059 4404 et
1109 4366 1305 4423 usque
1363 4349 1443 4406 ad
1490 4351 1764 4407 remotis-

107 4430 281 4489 simas
327 4439 533 4506 gentes
575 4439 631 4492 et
672 4437 1116 4509 paganissimas
1156 4438 1468 4495 exaltatus.
1502 4443 1650 4497 Nam
1691 4458 1762 4496 ex

105 4518 531 4597 longinquitate
572 4525 859 4599 temporis
904 4527 1115 4583 merita
1144 4527 1277 4583 vitae
1308 4527 1496 4600 ipsius
1526 4528 1766 4587 fuerunt

107 4624 253 4682 pene
283 4612 507 4669 abolita
545 4617 602 4669 et
638 4614 849 4687 paucis
884 4615 1305 4672 tantummodo
1336 4615 1594 4687 cognita,
1627 4634 1764 4691 quae

106 4714 207 4770 per
254 4702 707 4760 translationem
761 4706 1028 4779 corporis
1080 4705 1270 4779 ipsius
1326 4706 1764 4764 evidentissime

108 4789 383 4846 omnibus
444 4796 585 4848 sunt
635 4792 1037 4851 manifestata.
1094 4798 1200 4851 Tot
1253 4795 1413 4851 enim
1478 4798 1766 4853 Dominus

108 4894 210 4950 per
255 4895 393 4936 eum
450 4880 586 4937 fecit
636 4881 949 4951 miracula,
1007 4889 1072 4940 ut
1117 4901 1227 4941 nec
1275 4884 1483 4957 lingua
1528 4887 1769 4944 valeant

110 4968 357 5041 exprimi
387 4970 479 5026 vel
508 4971 821 5045 scriptura.
859 4975 939 5030 Ea
984 4978 1185 5031 autem
1217 4992 1351 5048 quze
1398 4979 1536 5031 sunt
1579 4977 1769 5033 notio-

109 5072 173 5111 ra
220 5062 276 5114 ct
331 5060 749 5117 manifestiora
800 5063 1118 5135 aggredior
1172 5063 1530 5134 describere,
1586 5072 1650 5121 ut
1705 5067 1767 5122 in

110 5145 188 5200 cis
211 5149 527 5220 posteritas
558 5149 632 5207 de
661 5151 994 5225 patrocinio
1023 5153 1166 5208 tanti
1188 5153 1372 5209 Patris
1401 5154 1593 5226 possit
1623 5172 1766 5210 con-

108 5235 303 5294 ﬁdere.
355 5242 503 5295 Nam
552 5240 684 5313 ipsa
731 5241 827 5297 die
875 5241 1300 5314 translationis,
1351 5260 1490 5298 cum
1548 5262 1767 5318 corpus

105 5320 289 5396 ipsius
350 5325 544 5403 usque
598 5330 676 5386 ad
734 5335 1004 5387 montem
1059 5331 1259 5387 Sancti
1311 5333 1569 5390 Mauricii
1626 5352 1765 5391 cum

177 5488 281 5570 (8?)
318 5490 625 5571 μέζω.-
650 5490 861 5571 incolis
906 5492 1141 5571 dicitur,
1172 5494 1508 5571 qui_tribus
1538 5496 1766 5554 circiter

110 5556 286 5614 leucis
315 5556 473 5618 infra
498 5562 969 5619 Hildeshemium
1002 5556 1523 5624 Lein'ze‘miscetur.

198 5632 558 5721 §3_)Llnsigne
588 5636 1021 5716 monasterium
1051 5638 1540 5721 Saronize,_quod_
1558 5642 1763 5721 sancto

110 5700 472 5786 Adhelardo'
491 5721 676 5786 suam
721 5706 1014 5786 originem
1067 5708 1266 5781 debet,
1298 5700 1364 5767 ut
1388 5700 1460 5768 in
1490 5710 1763 5783 ejusdem

112 5777 295 5831 sancti
327 5777 453 5835 Vita
488 5777 717 5837 Steculo
750 5781 833 5835 IX.

1866 1852 2120 1909 parvam
2169 1836 2229 1892 in
2282 1840 2438 1893 terra
2480 1835 2801 1892 volutatur.
2855 1837 3177 1891 Transacto
3232 1849 3375 1890 vero
3425 1832 3531 1890 ali-

1865 1930 2093 1998 quanto
2137 1929 2427 1999 tempore,
2479 1924 2655 1982 matri
2706 1924 2915 1995 lingua
2962 1928 3277 1992 reseratur,
3324 1923 3531 1979 lumen

1865 2028 2053 2085 puero
2084 2013 2441 2070 restituitur:
2484 2018 2542 2069 et
2569 2013 2961 2070 manifestum
2993 2028 3121 2069 esse
3170 2010 3532 2068 miraculum

1866 2102 2149 2159 omnibus
2175 2104 2624 2177 comprobatur.
2658 2108 2806 2160 Nam
2835 2103 2999 2160 fuere
3046 2102 3109 2158 in
3154 2101 3389 2159 civitate
3420 2117 3531 2159 no—

1868 2198 1990 2249 stra
2036 2198 2177 2249 tunc
2225 2193 2512 2268 temporis
2559 2193 2813 2267 quidam
2860 2193 2973 2251 viri
3020 2192 3421 2250 auctorabiles
3458 2191 3533 2247 de

1867 2281 2117 2338 Corbeia
2148 2286 2279 2349 (83),
2309 2282 2499 2356 ipsius
2540 2281 2805 2337 mulieris
2840 2280 3400 2354 comprovinciales,
3430 2278 3536 2354 qui

1867 2387 2003 2427 eam
2034 2376 2445 2441 cognoverunt
2474 2375 2531 2427 et
2556 2369 2859 2427 verissime
2890 2386 3025 2426 eam
3055 2374 3289 2429 mutam
3312 2368 3534 2424 ﬁlium-

1868 2477 1986 2535 que
2016 2462 2148 2531 ejus
2201 2461 2430 2517 lumine
2476 2460 2778 2533 privatum
2820 2460 3003 2530 longo
3050 2467 3321 2533 tempore
3351 2457 3532 2515 fuisse

1868 2551 2316 2608 nuntiaverunt.
2348 2551 2445 2607 His
2476 2550 2719 2619 auditis,
2753 2550 2860 2623 [in]
2893 2550 3142 2609 ecclesia
3169 2554 3379 2605 nostra
3406 2553 3531 2605 tam

1869 2642 2061 2697 clerus
2090 2656 2277 2713 quam
2308 2639 2570 2712 populus
2600 2638 2662 2694 in
2692 2654 2885 2694 unum
2929 2638 3367 2706 coadunantur,
3399 2636 3531 2692 lau-

1868 2732 1974 2787 des
2004 2730 2261 2786 tireatori
2282 2729 2682 2803 persolvutur,
2709 2729 2813 2802 qui
2838 2728 3006 2789 novit
3030 2728 3248 2785 electos
3283 2743 3426 2783 suos
3451 2726 3530 2783 ab

1869 2820 2035 2878 omni
2077 2819 2469 2890 ambiguitate
2522 2818 2856 2891 absolvere,
2901 2822 2958 2875 et
3001 2819 3064 2875 in
3105 2817 3367 2893 perfecta
3410 2816 3532 2874 ﬁde

1870 2910 2147 2967 solidare.
2183 2909 2364 2979 Signa
2393 2908 2555 2965 enim
2598 2908 2893 2965 debentur
2934 2907 3279 2965 inﬁdelibus
3316 2923 3439 2963 non
3464 2906 3533 2962 ﬁ-

1870 3000 2128 3068 delibus,
2150 3003 2217 3055 ut
2245 3015 2353 3073 per
2381 2998 2672 3055 miracula
2702 3002 2759 3054 et
2788 2998 3076 3059 inusitata
3104 2996 3535 3055 conﬁrmentur

1792 3118 1830 3173 ρ
1870 3090 1930 3146 in
1956 3090 2050 3146 his
2081 3106 2217 3163 quze
2246 3106 2283 3146 a
2314 3089 2592 3145 sensibus
2620 3087 2837 3145 nostris
2868 3092 2925 3145 et
2949 3088 3242 3146 memoria
3272 3089 3414 3143 sunt
3440 3102 3534 3171 re-

1871 3185 2056 3237 mota.

1948 3276 2032 3326 t5.
2072 3270 2176 3325 Vix
2225 3268 2436 3326 laudes
2486 3269 2562 3326 de
2601 3268 2894 3326 miraculo
2925 3267 3212 3343 praedicto
3257 3270 3377 3323 Deo
3404 3282 3538 3341 per-

1873 3359 2207 3432 solvuntur,
2241 3376 2382 3416 cum
2430 3358 2683 3415 claudus
2713 3358 2988 3431 quidam,
3017 3357 3122 3432 qui
3167 3358 3351 3429 longo
3395 3361 3539 3413 tem-

1871 3465 2017 3521 pore
2062 3453 2403 3505 contractus
2450 3448 2660 3514 fuerat,
2696 3464 2758 3503 se
2789 3446 2987 3501 subito
3032 3445 3317 3517 erigebat,
3346 3434 3536 3518 etpe-

1872 3539 2011 3594 dem
2039 3537 2215 3593 ﬁrmo
2265 3553 2480 3607 gressu
2509 3542 2677 3591 terrae
2708 3534 3010 3605 afﬁgebat.
3047 3535 3261 3608 Sicque
3309 3532 3537 3593 factum

1872 3632 1961 3683 est
2010 3631 2076 3683 ut
2126 3627 2259 3700 ipsa
2306 3626 2402 3682 die
2452 3624 2846 3681 anniversarii
2892 3623 3129 3697 patroni
3158 3623 3349 3680 nostri
3380 3622 3539 3679 infra

1870 3717 2189 3774 basilicam
2244 3719 2515 3772 nostram
2571 3714 2839 3787 quinque
2894 3712 3187 3769 miracula
3234 3711 3538 3781 continge-

1870 3810 2020 3874 rent,
2053 3822 2189 3879 quze
2233 3804 2518 3861 omnibus
2559 3803 2879 3860 manifesta
2921 3802 3102 3860 fuisse
3152 3805 3533 3875 apparerent.

1872 3900 2076 3953 Caecus
2131 3896 2292 3953 enim
2335 3895 2517 3965 videt,
2549 3899 2739 3951 mater
2783 3892 2971 3967 ipsius
3012 3893 3296 3969 loquitur,
3338 3891 3537 3948 claudi

1873 3994 1989 4045 tres
2048 3991 2406 4062 potestatem
2463 3984 2818 4042 ambulandi
2868 3988 3240 4057 receperunt.
3301 3982 3397 4039 llis
3458 3982 3539 4039 ita

1875 4077 2074 4148 gestis,
2103 4093 2313 4133 rumor
2343 4079 2401 4132 et
2442 4075 2607 4131 fama
2635 4074 2873 4147 patroni
2920 4073 3107 4131 nostri
3152 4077 3396 4150 propter
3424 4072 3537 4127 fre-

1874 4168 2185 4241 quentiam
2213 4166 2632 4232 multitudinis,
2650 4181 2786 4238 quae
2813 4163 2892 4219 ad
2926 4163 3379 4221 translationem
3411 4166 3540 4219 tan-

1872 4259 1916 4315 ti
1945 4258 2056 4315 viri
2084 4260 2466 4323 convenerat,
2500 4254 2695 4324 magis
2724 4257 2781 4309 et
2801 4253 2997 4324 magis
3030 4253 3306 4322 innotuit,
3326 4255 3383 4307 et
3406 4267 3538 4308 sese

1873 4348 1934 4405 in
1964 4364 2176 4404 omnes
2226 4342 2763 4417 comprovinciales
2813 4347 3003 4400 terras
3050 4340 3335 4398 dilatavit.
3367 4340 3538 4396 Unde

1874 4439 2100 4495 factum
2131 4440 2218 4493 est
2246 4440 2310 4491 ut
2349 4438 2516 4490 tanta
2557 4432 2878 4488 multitudo
2931 4432 3250 4491 hominum
3278 4430 3537 4503 patroci-

1873 4529 1975 4586 nia
2020 4525 2279 4602 pastoris
2325 4523 2512 4580 nostri
2537 4521 2987 4595 implorantium
3019 4522 3082 4578 in
3109 4521 3402 4579 civitatem
3434 4536 3539 4575 no-

1875 4624 2060 4675 stram
2090 4615 2438 4681 conﬂueret,
2468 4617 2762 4687 quantam
2810 4611 3011 4669 nullus
3059 4610 3378 4669 hominum
3425 4625 3537 4666 nec

1875 4714 2052 4766 antea
2101 4707 2163 4763 in
2210 4704 2460 4761 ecclesia
2504 4706 2713 4759 nostra
2764 4700 2929 4766 vidit,
2978 4717 3108 4768 nec,
3159 4703 3222 4756 ut
3258 4699 3534 4770 arbitror,

1875 4797 2159 4869 deinceps
2186 4793 2429 4850 videbit.
2463 4795 2613 4848 Nam
2644 4805 2855 4846 omnes
2900 4789 3193 4848 habentes
3240 4786 3534 4857 inﬁrmos,

1872 4885 2214 4957 languidos,
2263 4882 2532 4949 claudos,
2585 4879 2799 4936 surdos
2874 4882 2930 4935 et
2976 4881 3197 4946 mutos,
3250 4892 3360 4932 nec
3412 4892 3536 4932 non

1876 4981 1931 5035 et
1960 4972 2393 5040 deemoniacos,
2420 4970 2514 5028 vel
2543 4970 2759 5044 quovis
2786 4967 3000 5025 morbo
3038 4967 3309 5029 detentos
3338 4982 3536 5040 usque

1877 5065 1953 5122 ad
1984 5061 2386 5139 patrocinium
2430 5060 2689 5134 pastoris
2736 5057 2924 5114 nostri
2970 5072 3081 5130 pro
3121 5055 3539 5129 recuperanda

1876 5154 2128 5211 sanitate
2158 5150 2451 5208 deferunt.

1953 5245 2036 5301 16.
2078 5240 2335 5311 Contigit
2356 5255 2495 5296 vero
2526 5238 2683 5295 circa
2727 5236 2890 5294 idem
2918 5239 3179 5310 tempus,
3210 5226 3378 5311 quod
3406 5226 3538 5312 qui-

1876 5336 2019 5392 dam
2049 5333 2159 5390 viri
2185 5330 2581 5389 auctorabiles
2607 5329 2682 5385 de
2706 5327 3029 5399 Thuringia
3053 5328 3162 5402 (84)
3184 5327 3535 5401 adveniunt,

1946 5497 2055 5575 (84)
2087 5492 2407 5575 Thuringia
2422 5489 2967 5575 amplissimaplim
2992 5489 3177 5564 regio,
3200 5506 3335 5575 quae
3358 5489 3538 5547 etiam

1873 5562 2057 5638 Regni
2088 5562 2335 5623 titulum
2352 5562 2572 5638 habuit
2590 5562 2931 5638 subprima
2948 5562 3162 5638 regum
3188 5562 3538 5638 nostrorum

1873 5633 2094 5711 stirpe:
2142 5652 2309 5711 nunc
2338 5635 2510 5711 valde
2559 5633 2897 5711 imminuta,
2930 5633 3370 5711 provinciaest
3403 5636 3539 5711 _Ger_—

1870 5702 2090 5792 manias
2112 5709 2199 5839 ,ἔῃ
2255 5707 2515 5766 Saxonia
2544 5706 2858 5780 superiori,
2884 5702 3300 5786 qureediversis
3331 5702 3536 5761 subest

1870 5798 2125 5839 nrmcmi
2172 5797 2263 5839 us.

1870 5797 2263 5861 princ1pinus.
