  <div class='ocr_page' id='page_1' title='image "/cluster/home/n/w/nwhite01/storage/ocr_20150623/140-141/uc1.31175018559917/1183.png"; bbox 0 0 3944 6388; ppageno 0'>
   <div class='ocr_carea' id='block_1_1' title="bbox 425 307 565 393">
    <p class='ocr_par' dir='ltr' id='par_1_1' title="bbox 425 307 565 393">
     <span class='ocr_line' id='line_1_1' title="bbox 425 307 565 393; baseline 0 -23"><span class='ocrx_word' id='word_1_1' title='bbox 425 307 565 393; x_wconf 73' lang='lat' dir='ltr'>ms</span> 
     </span>
    </p>
   </div>
   <div class='ocr_carea' id='block_1_2' title="bbox 1354 310 2919 391">
    <p class='ocr_par' dir='ltr' id='par_1_2' title="bbox 1354 310 2919 391">
     <span class='ocr_line' id='line_1_2' title="bbox 1354 310 2919 391; baseline -0.004 -17"><span class='ocrx_word' id='word_1_2' title='bbox 1354 317 1414 391; x_wconf 19' lang='lat' dir='ltr'>AS.</span> <span class='ocrx_word' id='word_1_3' title='bbox 1457 314 1869 374; x_wconf 84' lang='lat' dir='ltr'>GODEHARDI</span> <span class='ocrx_word' id='word_1_4' title='bbox 1920 311 2231 369; x_wconf 82' lang='lat' dir='ltr'>EPISCOPI</span> <span class='ocrx_word' id='word_1_5' title='bbox 2268 310 2919 372; x_wconf 83' lang='lat' dir='ltr'>HILDESHEIMENSIS.</span> 
     </span>
    </p>
   </div>
   <div class='ocr_carea' id='block_1_3' title="bbox 3724 305 3879 362">
    <p class='ocr_par' dir='ltr' id='par_1_3' title="bbox 3724 305 3879 362">
     <span class='ocr_line' id='line_1_3' title="bbox 3724 305 3879 362; baseline -0.019 0"><span class='ocrx_word' id='word_1_6' title='bbox 3724 305 3879 362; x_wconf 79' lang='grc'><strong>1216</strong></span> 
     </span>
    </p>
   </div>
   <div class='ocr_carea' id='block_1_4' title="bbox 421 426 3875 514">
    <p class='ocr_par' dir='ltr' id='par_1_4' title="bbox 421 426 3875 514">
     <span class='ocr_line' id='line_1_4' title="bbox 421 426 3875 514; baseline -0.003 -18"><span class='ocrx_word' id='word_1_7' title='bbox 421 436 529 513; x_wconf 81' lang='lat' dir='ltr'>qui</span> <span class='ocrx_word' id='word_1_8' title='bbox 557 454 738 497; x_wconf 83' lang='lat' dir='ltr'>suum</span> <span class='ocrx_word' id='word_1_9' title='bbox 767 443 1070 514; x_wconf 83' lang='lat' dir='ltr'>pastorem</span> <span class='ocrx_word' id='word_1_10' title='bbox 1100 456 1220 497; x_wconf 90' lang='lat' dir='ltr'>una</span> <span class='ocrx_word' id='word_1_11' title='bbox 1252 456 1440 498; x_wconf 90' lang='lat' dir='ltr'>manu</span> <span class='ocrx_word' id='word_1_12' title='bbox 1466 440 1727 499; x_wconf 84' lang='lat' dir='ltr'>debilem</span> <span class='ocrx_word' id='word_1_13' title='bbox 1759 454 1966 495; x_wconf 85' lang='lat' dir='ltr'><strong>secum</strong></span> <span class='ocrx_word' id='word_1_14' title='bbox 1994 435 2075 495; x_wconf 90' lang='lat' dir='ltr'>ad</span> <span class='ocrx_word' id='word_1_15' title='bbox 2104 426 2153 493; x_wconf 79' lang='grc' dir='ltr'><strong>Α</strong></span> <span class='ocrx_word' id='word_1_16' title='bbox 2193 452 2308 509; x_wconf 90' lang='lat' dir='ltr'>gne</span> <span class='ocrx_word' id='word_1_17' title='bbox 2338 437 2719 505; x_wconf 81' lang='lat' dir='ltr'>miraculum,</span> <span class='ocrx_word' id='word_1_18' title='bbox 2751 443 2806 497; x_wconf 91' lang='lat' dir='ltr'>et</span> <span class='ocrx_word' id='word_1_19' title='bbox 2834 437 3089 508; x_wconf 87' lang='lat' dir='ltr'>dignum</span> <span class='ocrx_word' id='word_1_20' title='bbox 3127 433 3433 494; x_wconf 70' lang='lat' dir='ltr'>memoriae</span> <span class='ocrx_word' id='word_1_21' title='bbox 3463 430 3875 491; x_wconf 85' lang='lat' dir='ltr'>tradendum.</span> 
     </span>
    </p>
   </div>
   <div class='ocr_carea' id='block_1_5' title="bbox 422 524 2079 604">
    <p class='ocr_par' dir='ltr' id='par_1_5' title="bbox 422 524 2079 604">
     <span class='ocr_line' id='line_1_5' title="bbox 422 524 2079 604; baseline 0 -19"><span class='ocrx_word' id='word_1_22' title='bbox 422 524 742 604; x_wconf 73' lang='lat' dir='ltr'>duxerunt.</span> <span class='ocrx_word' id='word_1_23' title='bbox 776 527 839 586; x_wconf 86' lang='lat' dir='ltr'>lii</span> <span class='ocrx_word' id='word_1_24' title='bbox 868 535 930 585; x_wconf 91' lang='lat' dir='ltr'>ut</span> <span class='ocrx_word' id='word_1_25' title='bbox 958 529 1357 602; x_wconf 81' lang='lat' dir='ltr'>patrocinium</span> <span class='ocrx_word' id='word_1_26' title='bbox 1404 531 1563 588; x_wconf 82' lang='lat' dir='ltr'>beati</span> <span class='ocrx_word' id='word_1_27' title='bbox 1600 528 1939 586; x_wconf 87' lang='lat' dir='ltr'>Godehardi</span> <span class='ocrx_word' id='word_1_28' title='bbox 1967 527 2079 585; x_wconf 82' lang='lat' dir='ltr'>im-</span> 
     </span>
    </p>
   </div>
   <div class='ocr_carea' id='block_1_6' title="bbox 422 603 2080 764">
    <p class='ocr_par' dir='ltr' id='par_1_6' title="bbox 422 603 2080 764">
     <span class='ocr_line' id='line_1_6' title="bbox 422 603 2080 764; baseline 0 -90"><span class='ocrx_word' id='word_1_29' title='bbox 422 603 828 764; x_wconf 59' lang='lat' dir='ltr'>gloraverunt,</span> <span class='ocrx_word' id='word_1_30' title='bbox 852 608 1009 675; x_wconf 87' lang='lat' dir='ltr'>illico</span> <span class='ocrx_word' id='word_1_31' title='bbox 1033 606 1350 701; x_wconf 84' lang='lat' dir='ltr'>sanitatem</span> <span class='ocrx_word' id='word_1_32' title='bbox 1373 609 1611 695; x_wconf 76' lang='lat' dir='ltr'>recepit,</span> <span class='ocrx_word' id='word_1_33' title='bbox 1635 616 1691 678; x_wconf 85' lang='lat' dir='ltr'>et</span> <span class='ocrx_word' id='word_1_34' title='bbox 1708 627 1962 677; x_wconf 78' lang='lat' dir='ltr'>manum</span> <span class='ocrx_word' id='word_1_35' title='bbox 1981 618 2080 675; x_wconf 87' lang='lat' dir='ltr'>de-</span> 
     </span>
     <span class='ocr_line' id='line_1_7' title="bbox 468 708 2078 764; baseline 0.001 -1"><span class='ocrx_word' id='word_1_36' title='bbox 468 708 606 764; x_wconf 92' lang='lat' dir='ltr'>ilem</span> <span class='ocrx_word' id='word_1_37' title='bbox 636 708 838 764; x_wconf 85' lang='lat' dir='ltr'>erexit.</span> <span class='ocrx_word' id='word_1_38' title='bbox 873 711 1002 764; x_wconf 92' lang='lat' dir='ltr'>Ouo</span> <span class='ocrx_word' id='word_1_39' title='bbox 1028 709 1204 764; x_wconf 86' lang='lat' dir='ltr'>facto.</span> <span class='ocrx_word' id='word_1_40' title='bbox 1234 720 1446 764; x_wconf 81' lang='lat' dir='ltr'>omnes</span> <span class='ocrx_word' id='word_1_41' title='bbox 1477 711 1839 764; x_wconf 88' lang='lat' dir='ltr'>unanimiter</span> <span class='ocrx_word' id='word_1_42' title='bbox 1866 709 2078 764; x_wconf 81' lang='lat' dir='ltr'>laudes</span> 
     </span>
    </p>
   </div>
   <div class='ocr_carea' id='block_1_7' title="bbox 433 698 2078 791">
    <p class='ocr_par' dir='ltr' id='par_1_7' title="bbox 433 698 2078 791">
     <span class='ocr_line' id='line_1_8' title="bbox 433 698 2078 791; baseline 0.001 -28"><span class='ocrx_word' id='word_1_43' title='bbox 433 701 606 791; x_wconf 70' lang='lat' dir='ltr'>bilem</span> <span class='ocrx_word' id='word_1_44' title='bbox 636 708 838 764; x_wconf 85' lang='lat' dir='ltr'>erexit.</span> <span class='ocrx_word' id='word_1_45' title='bbox 873 711 1002 775; x_wconf 88' lang='lat' dir='ltr'>Quo</span> <span class='ocrx_word' id='word_1_46' title='bbox 1028 698 1204 777; x_wconf 87' lang='lat' dir='ltr'>facto,</span> <span class='ocrx_word' id='word_1_47' title='bbox 1234 720 1446 768; x_wconf 81' lang='lat' dir='ltr'>Omnes</span> <span class='ocrx_word' id='word_1_48' title='bbox 1477 700 1839 768; x_wconf 87' lang='lat' dir='ltr'>unanimiter</span> <span class='ocrx_word' id='word_1_49' title='bbox 1866 700 2078 766; x_wconf 89' lang='lat' dir='ltr'>laudes</span> 
     </span>
    </p>
   </div>
   <div class='ocr_carea' id='block_1_8' title="bbox 424 786 2084 880">
    <p class='ocr_par' dir='ltr' id='par_1_8' title="bbox 424 786 2084 880">
     <span class='ocr_line' id='line_1_9' title="bbox 424 786 2084 880; baseline 0.002 -29"><span class='ocrx_word' id='word_1_50' title='bbox 424 786 544 880; x_wconf 76' lang='lat' dir='ltr'>Deo</span> <span class='ocrx_word' id='word_1_51' title='bbox 571 796 926 877; x_wconf 78' lang='lat' dir='ltr'>referebant,</span> <span class='ocrx_word' id='word_1_52' title='bbox 958 800 1014 855; x_wconf 87' lang='lat' dir='ltr'>et</span> <span class='ocrx_word' id='word_1_53' title='bbox 1038 799 1098 869; x_wconf 79' lang='lat' dir='ltr'>in</span> <span class='ocrx_word' id='word_1_54' title='bbox 1130 800 1371 880; x_wconf 80' lang='lat' dir='ltr'>signum</span> <span class='ocrx_word' id='word_1_55' title='bbox 1396 802 1656 858; x_wconf 83' lang='lat' dir='ltr'>veritatis</span> <span class='ocrx_word' id='word_1_56' title='bbox 1683 816 1936 880; x_wconf 87' lang='lat' dir='ltr'>manum</span> <span class='ocrx_word' id='word_1_57' title='bbox 1958 803 2084 855; x_wconf 78' lang='lat' dir='ltr'>ma-</span> 
     </span>
    </p>
   </div>
   <div class='ocr_carea' id='block_1_9' title="bbox 422 877 2082 971">
    <p class='ocr_par' dir='ltr' id='par_1_9' title="bbox 422 877 2082 971">
     <span class='ocr_line' id='line_1_10' title="bbox 422 877 2082 971; baseline 0.001 -29"><span class='ocrx_word' id='word_1_58' title='bbox 422 878 529 971; x_wconf 79' lang='lat' dir='ltr'>nui</span> <span class='ocrx_word' id='word_1_59' title='bbox 571 888 1028 971; x_wconf 81' lang='lat' dir='ltr'>comparabant.</span> <span class='ocrx_word' id='word_1_60' title='bbox 1064 877 1212 947; x_wconf 77' lang='lat' dir='ltr'>Nam</span> <span class='ocrx_word' id='word_1_61' title='bbox 1253 878 1506 948; x_wconf 81' lang='lat' dir='ltr'>manum</span> <span class='ocrx_word' id='word_1_62' title='bbox 1548 881 1671 965; x_wconf 80' lang='lat' dir='ltr'>qua</span> <span class='ocrx_word' id='word_1_63' title='bbox 1719 878 2082 971; x_wconf 65' lang='lat' dir='ltr'>pastoralem</span> 
     </span>
    </p>
   </div>
   <div class='ocr_carea' id='block_1_10' title="bbox 423 966 2084 1049">
    <p class='ocr_par' dir='ltr' id='par_1_10' title="bbox 423 966 2084 1049">
     <span class='ocr_line' id='line_1_11' title="bbox 423 966 2084 1049; baseline 0.001 -19"><span class='ocrx_word' id='word_1_64' title='bbox 423 968 659 1047; x_wconf 83' lang='lat' dir='ltr'>virgam</span> <span class='ocrx_word' id='word_1_65' title='bbox 689 966 826 1033; x_wconf 89' lang='lat' dir='ltr'>ante</span> <span class='ocrx_word' id='word_1_66' title='bbox 857 976 1115 1047; x_wconf 87' lang='lat' dir='ltr'>tenebat,</span> <span class='ocrx_word' id='word_1_67' title='bbox 1147 988 1430 1049; x_wconf 78' lang='lat' dir='ltr'>rugosa‘m</span> <span class='ocrx_word' id='word_1_68' title='bbox 1463 984 1518 1035; x_wconf 85' lang='lat' dir='ltr'>et</span> <span class='ocrx_word' id='word_1_69' title='bbox 1548 979 1894 1047; x_wconf 80' lang='lat' dir='ltr'>in&#39;duratam</span> <span class='ocrx_word' id='word_1_70' title='bbox 1922 966 2084 1033; x_wconf 82' lang='lat' dir='ltr'>inve-</span> 
     </span>
    </p>
   </div>
   <div class='ocr_carea' id='block_1_11' title="bbox 424 1060 2080 1144">
    <p class='ocr_par' dir='ltr' id='par_1_11' title="bbox 424 1060 2080 1144">
     <span class='ocr_line' id='line_1_12' title="bbox 424 1060 2080 1144; baseline 0.002 -23"><span class='ocrx_word' id='word_1_71' title='bbox 424 1060 643 1123; x_wconf 78' lang='lat' dir='ltr'>nerunt</span> <span class='ocrx_word' id='word_1_72' title='bbox 671 1084 685 1136; x_wconf 89' lang='lat'><strong>;</strong></span> <span class='ocrx_word' id='word_1_73' title='bbox 738 1066 988 1125; x_wconf 86' lang='lat' dir='ltr'>alteram</span> <span class='ocrx_word' id='word_1_74' title='bbox 1018 1084 1161 1127; x_wconf 88' lang='lat' dir='ltr'>vero</span> <span class='ocrx_word' id='word_1_75' title='bbox 1208 1087 1346 1127; x_wconf 90' lang='lat' dir='ltr'>cum</span> <span class='ocrx_word' id='word_1_76' title='bbox 1378 1087 1501 1144; x_wconf 90' lang='lat' dir='ltr'>qua</span> <span class='ocrx_word' id='word_1_77' title='bbox 1529 1084 1653 1128; x_wconf 91' lang='lat' dir='ltr'>non</span> <span class='ocrx_word' id='word_1_78' title='bbox 1682 1070 2080 1137; x_wconf 82' lang='lat' dir='ltr'>laboraverat,</span> 
     </span>
    </p>
   </div>
   <div class='ocr_carea' id='block_1_12' title="bbox 426 1152 1508 1240">
    <p class='ocr_par' dir='ltr' id='par_1_12' title="bbox 426 1152 1508 1240">
     <span class='ocr_line' id='line_1_13' title="bbox 426 1152 1508 1240; baseline 0.003 -26"><span class='ocrx_word' id='word_1_79' title='bbox 426 1154 756 1240; x_wconf 71' lang='lat' dir='ltr'>Candidam</span> <span class='ocrx_word' id='word_1_80' title='bbox 787 1152 844 1214; x_wconf 85' lang='lat' dir='ltr'>et</span> <span class='ocrx_word' id='word_1_81' title='bbox 872 1159 1112 1216; x_wconf 90' lang='lat' dir='ltr'>mollem</span> <span class='ocrx_word' id='word_1_82' title='bbox 1146 1166 1508 1240; x_wconf 76' lang='lat' dir='ltr'>repererunt.</span> 
     </span>
    </p>
   </div>
   <div class='ocr_carea' id='block_1_13' title="bbox 426 1233 2085 1324">
    <p class='ocr_par' dir='ltr' id='par_1_13' title="bbox 426 1233 2085 1324">
     <span class='ocr_line' id='line_1_14' title="bbox 426 1233 2085 1324; baseline 0.002 -24"><span class='ocrx_word' id='word_1_83' title='bbox 426 1314 431 1317; x_wconf 15' lang='grc' dir='ltr'><strong>μ</strong></span> <span class='ocrx_word' id='word_1_84' title='bbox 503 1233 586 1301; x_wconf 77' lang='lat' dir='ltr'>i7.</span> <span class='ocrx_word' id='word_1_85' title='bbox 630 1235 728 1302; x_wconf 77' lang='lat' dir='ltr'>His</span> <span class='ocrx_word' id='word_1_86' title='bbox 759 1246 842 1304; x_wconf 83' lang='lat' dir='ltr'>ita</span> <span class='ocrx_word' id='word_1_87' title='bbox 885 1249 1085 1319; x_wconf 78' lang='lat' dir='ltr'>gestis,</span> <span class='ocrx_word' id='word_1_88' title='bbox 1122 1233 1409 1307; x_wconf 71' lang='lat' dir='ltr'>matrona:</span> <span class='ocrx_word' id='word_1_89' title='bbox 1438 1233 1722 1324; x_wconf 70' lang='lat' dir='ltr'>qtneda‘in</span> <span class='ocrx_word' id='word_1_90' title='bbox 1752 1249 1831 1306; x_wconf 89' lang='lat' dir='ltr'>ab</span> <span class='ocrx_word' id='word_1_91' title='bbox 1868 1238 2085 1307; x_wconf 81' lang='lat' dir='ltr'>eadem</span> 
     </span>
    </p>
   </div>
   <div class='ocr_carea' id='block_1_14' title="bbox 426 1330 2085 1412">
    <p class='ocr_par' dir='ltr' id='par_1_14' title="bbox 426 1330 2085 1412">
     <span class='ocr_line' id='line_1_15' title="bbox 426 1330 2085 1412; baseline 0.001 -19"><span class='ocrx_word' id='word_1_92' title='bbox 426 1333 579 1393; x_wconf 81' lang='lat' dir='ltr'>terra</span> <span class='ocrx_word' id='word_1_93' title='bbox 613 1350 803 1409; x_wconf 85' lang='lat' dir='ltr'>usque</span> <span class='ocrx_word' id='word_1_94' title='bbox 841 1330 918 1394; x_wconf 87' lang='lat' dir='ltr'>ad</span> <span class='ocrx_word' id='word_1_95' title='bbox 967 1355 1079 1394; x_wconf 90' lang='lat' dir='ltr'>nos</span> <span class='ocrx_word' id='word_1_96' title='bbox 1110 1344 1528 1412; x_wconf 82' lang='lat' dir='ltr'>pervenerunt,</span> <span class='ocrx_word' id='word_1_97' title='bbox 1563 1334 1849 1397; x_wconf 80' lang='lat' dir='ltr'>ducentes</span> <span class='ocrx_word' id='word_1_98' title='bbox 1879 1330 2085 1395; x_wconf 82' lang='lat' dir='ltr'>secum</span> 
     </span>
    </p>
   </div>
   <div class='ocr_carea' id='block_1_15' title="bbox 424 1424 2085 1504">
    <p class='ocr_par' dir='ltr' id='par_1_15' title="bbox 424 1424 2085 1504">
     <span class='ocr_line' id='line_1_16' title="bbox 424 1424 2085 1504; baseline 0.001 -23"><span class='ocrx_word' id='word_1_99' title='bbox 424 1427 669 1481; x_wconf 87' lang='lat' dir='ltr'>mutum</span> <span class='ocrx_word' id='word_1_100' title='bbox 694 1424 877 1497; x_wconf 86' lang='lat' dir='ltr'>longo</span> <span class='ocrx_word' id='word_1_101' title='bbox 912 1432 1178 1500; x_wconf 86' lang='lat' dir='ltr'>tempore</span> <span class='ocrx_word' id='word_1_102' title='bbox 1233 1430 1395 1504; x_wconf 80' lang='lat' dir='ltr'>loqui</span> <span class='ocrx_word' id='word_1_103' title='bbox 1443 1446 1564 1486; x_wconf 89' lang='lat' dir='ltr'>non</span> <span class='ocrx_word' id='word_1_104' title='bbox 1592 1429 1909 1486; x_wconf 85' lang='lat' dir='ltr'>valentem.</span> <span class='ocrx_word' id='word_1_105' title='bbox 1941 1430 2085 1495; x_wconf 72' lang='lat' dir='ltr'>Quae</span> 
     </span>
    </p>
   </div>
   <div class='ocr_carea' id='block_1_16' title="bbox 425 1511 2088 1592">
    <p class='ocr_par' dir='ltr' id='par_1_16' title="bbox 425 1511 2088 1592">
     <span class='ocr_line' id='line_1_17' title="bbox 425 1511 2088 1592; baseline 0.003 -23"><span class='ocrx_word' id='word_1_106' title='bbox 425 1511 575 1579; x_wconf 91' lang='lat' dir='ltr'>dum</span> <span class='ocrx_word' id='word_1_107' title='bbox 604 1515 976 1572; x_wconf 85' lang='lat' dir='ltr'>orationibus</span> <span class='ocrx_word' id='word_1_108' title='bbox 1006 1517 1359 1584; x_wconf 75' lang='lat' dir='ltr'>insisterent,</span> <span class='ocrx_word' id='word_1_109' title='bbox 1395 1536 1462 1576; x_wconf 89' lang='lat' dir='ltr'>ac</span> <span class='ocrx_word' id='word_1_110' title='bbox 1510 1535 1618 1592; x_wconf 84' lang='lat' dir='ltr'>pro</span> <span class='ocrx_word' id='word_1_111' title='bbox 1664 1519 1793 1592; x_wconf 84' lang='lat' dir='ltr'>ipso</span> <span class='ocrx_word' id='word_1_112' title='bbox 1832 1518 2088 1592; x_wconf 85' lang='lat' dir='ltr'>patroci-</span> 
     </span>
    </p>
   </div>
   <div class='ocr_carea' id='block_1_17' title="bbox 424 1601 2087 1683">
    <p class='ocr_par' dir='ltr' id='par_1_17' title="bbox 424 1601 2087 1683">
     <span class='ocr_line' id='line_1_18' title="bbox 424 1601 2087 1683; baseline 0.001 -22"><span class='ocrx_word' id='word_1_113' title='bbox 424 1601 596 1661; x_wconf 87' lang='lat' dir='ltr'>nium</span> <span class='ocrx_word' id='word_1_114' title='bbox 625 1601 785 1663; x_wconf 80' lang='lat' dir='ltr'>beatt</span> <span class='ocrx_word' id='word_1_115' title='bbox 828 1606 1165 1664; x_wconf 67' lang='lat' dir='ltr'>Godehardi</span> <span class='ocrx_word' id='word_1_116' title='bbox 1205 1609 1614 1683; x_wconf 84' lang='lat' dir='ltr'>implorarent,</span> <span class='ocrx_word' id='word_1_117' title='bbox 1648 1609 1847 1665; x_wconf 86' lang='lat' dir='ltr'>subito</span> <span class='ocrx_word' id='word_1_118' title='bbox 1883 1608 2087 1664; x_wconf 90' lang='lat' dir='ltr'>vincu-</span> 
     </span>
    </p>
   </div>
   <div class='ocr_carea' id='block_1_18' title="bbox 424 1686 2086 1775">
    <p class='ocr_par' dir='ltr' id='par_1_18' title="bbox 424 1686 2086 1775">
     <span class='ocr_line' id='line_1_19' title="bbox 424 1686 2086 1775; baseline 0.003 -25"><span class='ocrx_word' id='word_1_119' title='bbox 424 1686 553 1750; x_wconf 87' lang='lat' dir='ltr'>lum</span> <span class='ocrx_word' id='word_1_120' title='bbox 579 1692 801 1765; x_wconf 71' lang='lat' dir='ltr'>linguae</span> <span class='ocrx_word' id='word_1_121' title='bbox 832 1700 920 1753; x_wconf 89' lang='lat' dir='ltr'>est</span> <span class='ocrx_word' id='word_1_122' title='bbox 949 1703 1215 1773; x_wconf 89' lang='lat' dir='ltr'>ruptum,</span> <span class='ocrx_word' id='word_1_123' title='bbox 1251 1703 1307 1755; x_wconf 92' lang='lat' dir='ltr'>et</span> <span class='ocrx_word' id='word_1_124' title='bbox 1332 1699 1598 1757; x_wconf 79' lang='lat' dir='ltr'>ofﬁcium</span> <span class='ocrx_word' id='word_1_125' title='bbox 1624 1699 1813 1775; x_wconf 87' lang='lat' dir='ltr'>ipsius</span> <span class='ocrx_word' id='word_1_126' title='bbox 1843 1715 1950 1772; x_wconf 89' lang='lat' dir='ltr'>per</span> <span class='ocrx_word' id='word_1_127' title='bbox 1975 1696 2086 1755; x_wconf 87' lang='lat' dir='ltr'>mi-</span> 
     </span>
    </p>
   </div>
   <div class='ocr_carea' id='block_1_19' title="bbox 427 1783 1443 1862">
    <p class='ocr_par' dir='ltr' id='par_1_19' title="bbox 427 1783 1443 1862">
     <span class='ocr_line' id='line_1_20' title="bbox 427 1783 1443 1862; baseline 0.007 -23"><span class='ocrx_word' id='word_1_128' title='bbox 427 1783 814 1862; x_wconf 76' lang='lat' dir='ltr'>sericordiam</span> <span class='ocrx_word' id='word_1_129' title='bbox 848 1785 947 1842; x_wconf 87' lang='lat' dir='ltr'>Dei</span> <span class='ocrx_word' id='word_1_130' title='bbox 972 1793 1060 1843; x_wconf 88' lang='lat' dir='ltr'>est</span> <span class='ocrx_word' id='word_1_131' title='bbox 1084 1789 1443 1846; x_wconf 88' lang='lat' dir='ltr'>restitutum.</span> 
     </span>
    </p>
   </div>
   <div class='ocr_carea' id='block_1_20' title="bbox 503 1874 2090 1954">
    <p class='ocr_par' dir='ltr' id='par_1_20' title="bbox 503 1874 2090 1954">
     <span class='ocr_line' id='line_1_21' title="bbox 503 1874 2090 1954; baseline 0.003 -24"><span class='ocrx_word' id='word_1_132' title='bbox 503 1877 587 1931; x_wconf 80' lang='grc'>18.</span> <span class='ocrx_word' id='word_1_133' title='bbox 630 1874 763 1931; x_wconf 86' lang='lat' dir='ltr'>Fuit</span> <span class='ocrx_word' id='word_1_134' title='bbox 788 1891 926 1933; x_wconf 89' lang='lat' dir='ltr'>vero</span> <span class='ocrx_word' id='word_1_135' title='bbox 972 1881 1112 1935; x_wconf 89' lang='lat' dir='ltr'>tunc</span> <span class='ocrx_word' id='word_1_136' title='bbox 1144 1880 1432 1953; x_wconf 90' lang='lat' dir='ltr'>temporis</span> <span class='ocrx_word' id='word_1_137' title='bbox 1466 1879 1839 1954; x_wconf 77' lang='lat' dir='ltr'>Erpisfordiae</span> <span class='ocrx_word' id='word_1_138' title='bbox 1872 1880 1976 1953; x_wconf 78' lang='lat'>(85)</span> <span class='ocrx_word' id='word_1_139' title='bbox 2007 1878 2090 1935; x_wconf 86' lang='lat' dir='ltr'>vi-</span> 
     </span>
    </p>
   </div>
   <div class='ocr_carea' id='block_1_21' title="bbox 427 1962 2088 2042">
    <p class='ocr_par' dir='ltr' id='par_1_21' title="bbox 427 1962 2088 2042">
     <span class='ocr_line' id='line_1_22' title="bbox 427 1962 2088 2042; baseline 0.005 -22"><span class='ocrx_word' id='word_1_140' title='bbox 427 1962 801 2035; x_wconf 88' lang='lat' dir='ltr'>cedominus,</span> <span class='ocrx_word' id='word_1_141' title='bbox 828 1966 1062 2025; x_wconf 84' lang='lat' dir='ltr'>habens</span> <span class='ocrx_word' id='word_1_142' title='bbox 1085 1985 1194 2042; x_wconf 88' lang='lat' dir='ltr'>pro</span> <span class='ocrx_word' id='word_1_143' title='bbox 1223 1970 1631 2027; x_wconf 86' lang='lat' dir='ltr'>misericordia</span> <span class='ocrx_word' id='word_1_144' title='bbox 1658 1971 1758 2028; x_wconf 88' lang='lat' dir='ltr'>Dei</span> <span class='ocrx_word' id='word_1_145' title='bbox 1779 1970 2088 2039; x_wconf 91' lang='lat' dir='ltr'>claudum,</span> 
     </span>
    </p>
   </div>
   <div class='ocr_carea' id='block_1_22' title="bbox 427 2054 2091 2134">
    <p class='ocr_par' dir='ltr' id='par_1_22' title="bbox 427 2054 2091 2134">
     <span class='ocr_line' id='line_1_23' title="bbox 427 2054 2091 2134; baseline 0.004 -24"><span class='ocrx_word' id='word_1_146' title='bbox 427 2058 486 2111; x_wconf 88' lang='lat' dir='ltr'>et</span> <span class='ocrx_word' id='word_1_147' title='bbox 513 2069 665 2127; x_wconf 91' lang='lat' dir='ltr'>pene</span> <span class='ocrx_word' id='word_1_148' title='bbox 694 2054 979 2113; x_wconf 88' lang='lat' dir='ltr'>omnibus</span> <span class='ocrx_word' id='word_1_149' title='bbox 1012 2059 1301 2117; x_wconf 87' lang='lat' dir='ltr'>membris</span> <span class='ocrx_word' id='word_1_150' title='bbox 1331 2060 1728 2128; x_wconf 85' lang='lat' dir='ltr'>debilitatum,</span> <span class='ocrx_word' id='word_1_151' title='bbox 1762 2061 2091 2134; x_wconf 83' lang='lat' dir='ltr'>eleemosy-</span> 
     </span>
    </p>
   </div>
   <div class='ocr_carea' id='block_1_23' title="bbox 427 2136 2088 2221">
    <p class='ocr_par' dir='ltr' id='par_1_23' title="bbox 427 2136 2088 2221">
     <span class='ocr_line' id='line_1_24' title="bbox 427 2136 2088 2221; baseline 0.004 -22"><span class='ocrx_word' id='word_1_152' title='bbox 427 2136 523 2199; x_wconf 81' lang='lat' dir='ltr'>nis</span> <span class='ocrx_word' id='word_1_153' title='bbox 567 2140 691 2199; x_wconf 88' lang='lat' dir='ltr'>suis</span> <span class='ocrx_word' id='word_1_154' title='bbox 736 2142 1075 2215; x_wconf 88' lang='lat' dir='ltr'>addictum;</span> <span class='ocrx_word' id='word_1_155' title='bbox 1107 2160 1314 2220; x_wconf 85' lang='lat' dir='ltr'>quem,</span> <span class='ocrx_word' id='word_1_156' title='bbox 1347 2145 1565 2206; x_wconf 82' lang='lat' dir='ltr'>auditis</span> <span class='ocrx_word' id='word_1_157' title='bbox 1597 2146 1922 2218; x_wconf 84' lang='lat' dir='ltr'>miraculis,</span> <span class='ocrx_word' id='word_1_158' title='bbox 1952 2164 2088 2221; x_wconf 68' lang='lat' dir='ltr'>quas</span> 
     </span>
    </p>
   </div>
   <div class='ocr_carea' id='block_1_24' title="bbox 427 2234 2092 2315">
    <p class='ocr_par' dir='ltr' id='par_1_24' title="bbox 427 2234 2092 2315">
     <span class='ocr_line' id='line_1_25' title="bbox 427 2234 2092 2315; baseline 0.003 -27"><span class='ocrx_word' id='word_1_159' title='bbox 427 2240 537 2306; x_wconf 86' lang='lat' dir='ltr'>per</span> <span class='ocrx_word' id='word_1_160' title='bbox 565 2234 889 2305; x_wconf 86' lang='lat' dir='ltr'>patronum</span> <span class='ocrx_word' id='word_1_161' title='bbox 918 2240 1194 2293; x_wconf 87' lang='lat' dir='ltr'>nostrum</span> <span class='ocrx_word' id='word_1_162' title='bbox 1227 2237 1472 2305; x_wconf 79' lang='lat' dir='ltr'>fiebant,</span> <span class='ocrx_word' id='word_1_163' title='bbox 1505 2249 1697 2312; x_wconf 83' lang='lat' dir='ltr'>usque</span> <span class='ocrx_word' id='word_1_164' title='bbox 1730 2237 1809 2294; x_wconf 87' lang='lat' dir='ltr'>ad</span> <span class='ocrx_word' id='word_1_165' title='bbox 1838 2238 2092 2315; x_wconf 88' lang='lat' dir='ltr'>patroci-</span> 
     </span>
    </p>
   </div>
   <div class='ocr_carea' id='block_1_25' title="bbox 427 2316 2093 2403">
    <p class='ocr_par' dir='ltr' id='par_1_25' title="bbox 427 2316 2093 2403">
     <span class='ocr_line' id='line_1_26' title="bbox 427 2316 2093 2403; baseline 0.004 -24"><span class='ocrx_word' id='word_1_166' title='bbox 427 2322 601 2403; x_wconf 71' lang='lat' dir='ltr'>nium</span> <span class='ocrx_word' id='word_1_167' title='bbox 625 2323 835 2399; x_wconf 81' lang='lat' dir='ltr'>ipsius,</span> <span class='ocrx_word' id='word_1_168' title='bbox 867 2325 929 2383; x_wconf 90' lang='lat' dir='ltr'>in</span> <span class='ocrx_word' id='word_1_169' title='bbox 954 2316 1270 2384; x_wconf 86' lang='lat' dir='ltr'>ecclesiam</span> <span class='ocrx_word' id='word_1_170' title='bbox 1291 2333 1561 2385; x_wconf 86' lang='lat' dir='ltr'>nostram</span> <span class='ocrx_word' id='word_1_171' title='bbox 1593 2329 1823 2386; x_wconf 78' lang='lat' dir='ltr'>direxit.</span> <span class='ocrx_word' id='word_1_172' title='bbox 1852 2332 1917 2386; x_wconf 89' lang='lat' dir='ltr'>Et</span> <span class='ocrx_word' id='word_1_173' title='bbox 1941 2329 2093 2386; x_wconf 88' lang='lat' dir='ltr'>sicut</span> 
     </span>
    </p>
   </div>
   <div class='ocr_carea' id='block_1_26' title="bbox 429 2413 2091 2494">
    <p class='ocr_par' dir='ltr' id='par_1_26' title="bbox 429 2413 2091 2494">
     <span class='ocr_line' id='line_1_27' title="bbox 429 2413 2091 2494; baseline 0.005 -25"><span class='ocrx_word' id='word_1_174' title='bbox 429 2413 702 2485; x_wconf 87' lang='lat' dir='ltr'>credidit,</span> <span class='ocrx_word' id='word_1_175' title='bbox 737 2415 821 2493; x_wconf 88' lang='lat' dir='ltr'>sic</span> <span class='ocrx_word' id='word_1_176' title='bbox 873 2433 981 2490; x_wconf 91' lang='lat' dir='ltr'>per</span> <span class='ocrx_word' id='word_1_177' title='bbox 1028 2418 1498 2475; x_wconf 85' lang='lat' dir='ltr'>misericordiam</span> <span class='ocrx_word' id='word_1_178' title='bbox 1542 2420 1643 2475; x_wconf 90' lang='lat' dir='ltr'>Dei</span> <span class='ocrx_word' id='word_1_179' title='bbox 1674 2421 1912 2494; x_wconf 87' lang='lat' dir='ltr'>recepit.</span> <span class='ocrx_word' id='word_1_180' title='bbox 1943 2424 2091 2477; x_wconf 79' lang='lat' dir='ltr'>Nam</span> 
     </span>
    </p>
   </div>
   <div class='ocr_carea' id='block_1_27' title="bbox 428 2499 2094 2577">
    <p class='ocr_par' dir='ltr' id='par_1_27' title="bbox 428 2499 2094 2577">
     <span class='ocr_line' id='line_1_28' title="bbox 428 2499 2094 2577; baseline 0.005 -19"><span class='ocrx_word' id='word_1_181' title='bbox 428 2518 610 2577; x_wconf 89' lang='lat' dir='ltr'>quem</span> <span class='ocrx_word' id='word_1_182' title='bbox 665 2499 925 2561; x_wconf 87' lang='lat' dir='ltr'>debilem</span> <span class='ocrx_word' id='word_1_183' title='bbox 955 2510 1013 2561; x_wconf 89' lang='lat' dir='ltr'>et</span> <span class='ocrx_word' id='word_1_184' title='bbox 1042 2507 1290 2565; x_wconf 88' lang='lat' dir='ltr'>omnino</span> <span class='ocrx_word' id='word_1_185' title='bbox 1320 2508 1599 2568; x_wconf 85' lang='lat' dir='ltr'>incedere</span> <span class='ocrx_word' id='word_1_186' title='bbox 1640 2526 1763 2565; x_wconf 89' lang='lat' dir='ltr'>non</span> <span class='ocrx_word' id='word_1_187' title='bbox 1796 2509 2094 2567; x_wconf 85' lang='lat' dir='ltr'>valentem</span> 
     </span>
    </p>
   </div>
   <div class='ocr_carea' id='block_1_28' title="bbox 428 2592 2093 2671">
    <p class='ocr_par' dir='ltr' id='par_1_28' title="bbox 428 2592 2093 2671">
     <span class='ocr_line' id='line_1_29' title="bbox 428 2592 2093 2671; baseline 0.005 -22"><span class='ocrx_word' id='word_1_188' title='bbox 428 2606 627 2667; x_wconf 84' lang='lat' dir='ltr'>usque</span> <span class='ocrx_word' id='word_1_189' title='bbox 674 2592 754 2651; x_wconf 90' lang='lat' dir='ltr'>ad</span> <span class='ocrx_word' id='word_1_190' title='bbox 801 2610 917 2651; x_wconf 92' lang='lat' dir='ltr'>nos</span> <span class='ocrx_word' id='word_1_191' title='bbox 961 2597 1310 2666; x_wconf 85' lang='lat' dir='ltr'>transmisit,</span> <span class='ocrx_word' id='word_1_192' title='bbox 1346 2600 1463 2655; x_wconf 88' lang='lat' dir='ltr'>Deo</span> <span class='ocrx_word' id='word_1_193' title='bbox 1496 2598 1843 2671; x_wconf 72' lang='lat' dir='ltr'>adiuvante,</span> <span class='ocrx_word' id='word_1_194' title='bbox 1875 2615 2093 2657; x_wconf 88' lang='lat' dir='ltr'>sanum</span> 
     </span>
    </p>
   </div>
   <div class='ocr_carea' id='block_1_29' title="bbox 429 2682 1203 2761">
    <p class='ocr_par' dir='ltr' id='par_1_29' title="bbox 429 2682 1203 2761">
     <span class='ocr_line' id='line_1_30' title="bbox 429 2682 1203 2761; baseline 0.006 -22"><span class='ocrx_word' id='word_1_195' title='bbox 429 2686 487 2739; x_wconf 89' lang='lat' dir='ltr'>et</span> <span class='ocrx_word' id='word_1_196' title='bbox 517 2682 886 2741; x_wconf 90' lang='lat' dir='ltr'>incolumem</span> <span class='ocrx_word' id='word_1_197' title='bbox 918 2686 1203 2761; x_wconf 87' lang='lat' dir='ltr'>suscepit.</span> 
     </span>
    </p>
   </div>
   <div class='ocr_carea' id='block_1_30' title="bbox 504 2774 2093 2850">
    <p class='ocr_par' dir='ltr' id='par_1_30' title="bbox 504 2774 2093 2850">
     <span class='ocr_line' id='line_1_31' title="bbox 504 2774 2093 2850; baseline 0.004 -20"><span class='ocrx_word' id='word_1_198' title='bbox 504 2776 587 2830; x_wconf 82' lang='lat' dir='ltr'>l9.</span> <span class='ocrx_word' id='word_1_199' title='bbox 632 2774 759 2831; x_wconf 84' lang='lat' dir='ltr'>Fuit</span> <span class='ocrx_word' id='word_1_200' title='bbox 787 2791 930 2833; x_wconf 92' lang='lat' dir='ltr'>vero</span> <span class='ocrx_word' id='word_1_201' title='bbox 959 2775 1117 2833; x_wconf 88' lang='lat' dir='ltr'>circa</span> <span class='ocrx_word' id='word_1_202' title='bbox 1146 2776 1308 2835; x_wconf 91' lang='lat' dir='ltr'>idem</span> <span class='ocrx_word' id='word_1_203' title='bbox 1359 2783 1597 2850; x_wconf 84' lang='lat' dir='ltr'>tempus</span> <span class='ocrx_word' id='word_1_204' title='bbox 1629 2779 1689 2835; x_wconf 88' lang='lat' dir='ltr'>iu</span> <span class='ocrx_word' id='word_1_205' title='bbox 1723 2779 1873 2837; x_wconf 88' lang='lat' dir='ltr'>cella</span> <span class='ocrx_word' id='word_1_206' title='bbox 1898 2779 2093 2837; x_wconf 78' lang='lat' dir='ltr'>beatae</span> 
     </span>
    </p>
   </div>
   <div class='ocr_carea' id='block_1_31' title="bbox 427 2863 2095 2943">
    <p class='ocr_par' dir='ltr' id='par_1_31' title="bbox 427 2863 2095 2943">
     <span class='ocr_line' id='line_1_32' title="bbox 427 2863 2095 2943; baseline 0.004 -22"><span class='ocrx_word' id='word_1_207' title='bbox 427 2863 690 2922; x_wconf 75' lang='lat' dir='ltr'>Paulinae</span> <span class='ocrx_word' id='word_1_208' title='bbox 722 2866 858 2937; x_wconf 83' lang='lat'>(86),</span> <span class='ocrx_word' id='word_1_209' title='bbox 880 2866 1070 2924; x_wconf 89' lang='lat' dir='ltr'>multo</span> <span class='ocrx_word' id='word_1_210' title='bbox 1100 2870 1370 2942; x_wconf 90' lang='lat' dir='ltr'>tempore</span> <span class='ocrx_word' id='word_1_211' title='bbox 1395 2870 1651 2943; x_wconf 84' lang='lat' dir='ltr'>quidam</span> <span class='ocrx_word' id='word_1_212' title='bbox 1682 2870 1937 2927; x_wconf 86' lang='lat' dir='ltr'>claudus</span> <span class='ocrx_word' id='word_1_213' title='bbox 1970 2888 2095 2927; x_wconf 91' lang='lat' dir='ltr'>om-</span> 
     </span>
    </p>
   </div>
   <div class='ocr_carea' id='block_1_32' title="bbox 428 2947 2095 3033">
    <p class='ocr_par' dir='ltr' id='par_1_32' title="bbox 428 2947 2095 3033">
     <span class='ocr_line' id='line_1_33' title="bbox 428 2947 2095 3033; baseline 0.001 -18"><span class='ocrx_word' id='word_1_214' title='bbox 428 2947 611 3015; x_wconf 88' lang='lat' dir='ltr'>nibus</span> <span class='ocrx_word' id='word_1_215' title='bbox 660 2958 840 3012; x_wconf 90' lang='lat' dir='ltr'>notus</span> <span class='ocrx_word' id='word_1_216' title='bbox 895 2960 951 3012; x_wconf 89' lang='lat' dir='ltr'>et</span> <span class='ocrx_word' id='word_1_217' title='bbox 987 2957 1365 3015; x_wconf 86' lang='lat' dir='ltr'>manifestus.</span> <span class='ocrx_word' id='word_1_218' title='bbox 1401 2958 1568 3016; x_wconf 89' lang='lat' dir='ltr'>llunc</span> <span class='ocrx_word' id='word_1_219' title='bbox 1600 2964 1812 3033; x_wconf 88' lang='lat' dir='ltr'>potens</span> <span class='ocrx_word' id='word_1_220' title='bbox 1841 2959 2095 3033; x_wconf 87' lang='lat' dir='ltr'>quidam</span> 
     </span>
    </p>
   </div>
   <div class='ocr_carea' id='block_1_33' title="bbox 429 3036 2097 3123">
    <p class='ocr_par' dir='ltr' id='par_1_33' title="bbox 429 3036 2097 3123">
     <span class='ocr_line' id='line_1_34' title="bbox 429 3036 2097 3123; baseline 0.005 -25"><span class='ocrx_word' id='word_1_221' title='bbox 429 3036 506 3118; x_wconf 79' lang='lat' dir='ltr'>de</span> <span class='ocrx_word' id='word_1_222' title='bbox 536 3042 862 3116; x_wconf 87' lang='lat' dir='ltr'>Thuringia</span> <span class='ocrx_word' id='word_1_223' title='bbox 892 3060 999 3120; x_wconf 91' lang='lat' dir='ltr'>per</span> <span class='ocrx_word' id='word_1_224' title='bbox 1026 3046 1329 3104; x_wconf 85' lang='lat' dir='ltr'>licentiam</span> <span class='ocrx_word' id='word_1_225' title='bbox 1361 3048 1598 3105; x_wconf 79' lang='lat' dir='ltr'>abbatis</span> <span class='ocrx_word' id='word_1_226' title='bbox 1638 3047 1717 3106; x_wconf 89' lang='lat' dir='ltr'>ad</span> <span class='ocrx_word' id='word_1_227' title='bbox 1766 3065 1827 3105; x_wconf 91' lang='lat' dir='ltr'>se</span> <span class='ocrx_word' id='word_1_228' title='bbox 1875 3050 2097 3123; x_wconf 87' lang='lat' dir='ltr'>recepit</span> 
     </span>
    </p>
   </div>
   <div class='ocr_carea' id='block_1_34' title="bbox 430 3135 2165 3220">
    <p class='ocr_par' dir='ltr' id='par_1_34' title="bbox 430 3135 2165 3220">
     <span class='ocr_line' id='line_1_35' title="bbox 430 3135 2165 3220; baseline 0.006 -33"><span class='ocrx_word' id='word_1_229' title='bbox 430 3135 489 3188; x_wconf 92' lang='lat' dir='ltr'>et</span> <span class='ocrx_word' id='word_1_230' title='bbox 516 3147 654 3205; x_wconf 69' lang='lat' dir='ltr'>quae</span> <span class='ocrx_word' id='word_1_231' title='bbox 685 3136 923 3207; x_wconf 88' lang='lat' dir='ltr'>corpori</span> <span class='ocrx_word' id='word_1_232' title='bbox 949 3136 1252 3193; x_wconf 89' lang='lat' dir='ltr'>ncessaria</span> <span class='ocrx_word' id='word_1_233' title='bbox 1280 3138 1517 3194; x_wconf 89' lang='lat' dir='ltr'>fuerant</span> <span class='ocrx_word' id='word_1_234' title='bbox 1544 3154 1655 3204; x_wconf 88' lang='lat' dir='ltr'>pro</span> <span class='ocrx_word' id='word_1_235' title='bbox 1684 3137 2096 3197; x_wconf 86' lang='lat' dir='ltr'>misericordia</span> <span class='ocrx_word' id='word_1_236' title='bbox 2125 3164 2165 3220; x_wconf 74' lang='grc' dir='ltr'><strong>ρ</strong></span> 
     </span>
    </p>
   </div>
   <div class='ocr_carea' id='block_1_35' title="bbox 430 3220 2097 3298">
    <p class='ocr_par' dir='ltr' id='par_1_35' title="bbox 430 3220 2097 3298">
     <span class='ocr_line' id='line_1_36' title="bbox 430 3220 2097 3298; baseline 0.004 -22"><span class='ocrx_word' id='word_1_237' title='bbox 430 3220 671 3278; x_wconf 90' lang='lat' dir='ltr'>Domini</span> <span class='ocrx_word' id='word_1_238' title='bbox 719 3221 835 3297; x_wconf 90' lang='lat' dir='ltr'>ipsi</span> <span class='ocrx_word' id='word_1_239' title='bbox 882 3224 1169 3296; x_wconf 88' lang='lat' dir='ltr'>erogavit.</span> <span class='ocrx_word' id='word_1_240' title='bbox 1213 3224 1313 3281; x_wconf 89' lang='lat' dir='ltr'>Hic</span> <span class='ocrx_word' id='word_1_241' title='bbox 1355 3225 1434 3283; x_wconf 94' lang='lat' dir='ltr'>ad</span> <span class='ocrx_word' id='word_1_242' title='bbox 1485 3225 1888 3298; x_wconf 87' lang='lat' dir='ltr'>patrocinium</span> <span class='ocrx_word' id='word_1_243' title='bbox 1936 3225 2097 3284; x_wconf 86' lang='lat' dir='ltr'>beati</span> 
     </span>
    </p>
   </div>
   <div class='ocr_carea' id='block_1_36' title="bbox 426 3310 2094 3392">
    <p class='ocr_par' dir='ltr' id='par_1_36' title="bbox 426 3310 2094 3392">
     <span class='ocr_line' id='line_1_37' title="bbox 426 3310 2094 3392; baseline 0.004 -24"><span class='ocrx_word' id='word_1_244' title='bbox 426 3310 769 3385; x_wconf 74' lang='lat' dir='ltr'>Godehardi</span> <span class='ocrx_word' id='word_1_245' title='bbox 796 3314 1088 3389; x_wconf 88' lang='lat' dir='ltr'>pervenit,</span> <span class='ocrx_word' id='word_1_246' title='bbox 1120 3320 1177 3372; x_wconf 90' lang='lat' dir='ltr'>et</span> <span class='ocrx_word' id='word_1_247' title='bbox 1205 3315 1607 3389; x_wconf 84' lang='lat' dir='ltr'>integritatem</span> <span class='ocrx_word' id='word_1_248' title='bbox 1653 3318 1921 3391; x_wconf 89' lang='lat' dir='ltr'>corporis</span> <span class='ocrx_word' id='word_1_249' title='bbox 1960 3334 2094 3392; x_wconf 91' lang='lat' dir='ltr'>per-</span> 
     </span>
    </p>
   </div>
   <div class='ocr_carea' id='block_1_37' title="bbox 430 3401 605 3475">
    <p class='ocr_par' dir='ltr' id='par_1_37' title="bbox 430 3401 605 3475">
     <span class='ocr_line' id='line_1_38' title="bbox 430 3401 605 3475; baseline 0 -18"><span class='ocrx_word' id='word_1_250' title='bbox 430 3401 605 3475; x_wconf 90' lang='lat' dir='ltr'>cepit.</span> 
     </span>
    </p>
   </div>
   <div class='ocr_carea' id='block_1_38' title="bbox 499 3491 2097 3571">
    <p class='ocr_par' dir='ltr' id='par_1_38' title="bbox 499 3491 2097 3571">
     <span class='ocr_line' id='line_1_39' title="bbox 499 3491 2097 3571; baseline 0.004 -24"><span class='ocrx_word' id='word_1_251' title='bbox 499 3493 587 3547; x_wconf 85' lang='lat'>20.</span> <span class='ocrx_word' id='word_1_252' title='bbox 632 3492 759 3550; x_wconf 88' lang='lat' dir='ltr'>Fuit</span> <span class='ocrx_word' id='word_1_253' title='bbox 787 3491 967 3552; x_wconf 89' lang='lat' dir='ltr'>etiam</span> <span class='ocrx_word' id='word_1_254' title='bbox 993 3498 1135 3552; x_wconf 92' lang='lat' dir='ltr'>tunc</span> <span class='ocrx_word' id='word_1_255' title='bbox 1162 3493 1447 3569; x_wconf 89' lang='lat' dir='ltr'>temporis</span> <span class='ocrx_word' id='word_1_256' title='bbox 1477 3495 1539 3551; x_wconf 88' lang='lat' dir='ltr'>in</span> <span class='ocrx_word' id='word_1_257' title='bbox 1571 3495 1902 3569; x_wconf 87' lang='lat' dir='ltr'>Thuringia</span> <span class='ocrx_word' id='word_1_258' title='bbox 1931 3497 2097 3571; x_wconf 90' lang='lat' dir='ltr'>puel-</span> 
     </span>
    </p>
   </div>
   <div class='ocr_carea' id='block_1_39' title="bbox 426 3575 2095 3662">
    <p class='ocr_par' dir='ltr' id='par_1_39' title="bbox 426 3575 2095 3662">
     <span class='ocr_line' id='line_1_40' title="bbox 426 3575 2095 3662; baseline 0.004 -25"><span class='ocrx_word' id='word_1_259' title='bbox 426 3575 795 3662; x_wconf 56' lang='lat' dir='ltr'>laguaedam</span> <span class='ocrx_word' id='word_1_260' title='bbox 825 3582 1104 3655; x_wconf 89' lang='lat' dir='ltr'>gibbosa,</span> <span class='ocrx_word' id='word_1_261' title='bbox 1137 3584 1199 3641; x_wconf 91' lang='lat' dir='ltr'>in</span> <span class='ocrx_word' id='word_1_262' title='bbox 1243 3584 1425 3641; x_wconf 88' lang='lat' dir='ltr'>dorso</span> <span class='ocrx_word' id='word_1_263' title='bbox 1458 3584 1631 3643; x_wconf 88' lang='lat' dir='ltr'>valde</span> <span class='ocrx_word' id='word_1_264' title='bbox 1661 3590 1929 3643; x_wconf 88' lang='lat' dir='ltr'>curvata.</span> <span class='ocrx_word' id='word_1_265' title='bbox 1964 3587 2095 3643; x_wconf 81' lang='lat' dir='ltr'>Haec</span> 
     </span>
    </p>
   </div>
   <div class='ocr_carea' id='block_1_40' title="bbox 425 3671 2096 3750">
    <p class='ocr_par' dir='ltr' id='par_1_40' title="bbox 425 3671 2096 3750">
     <span class='ocr_line' id='line_1_41' title="bbox 425 3671 2096 3750; baseline 0.004 -23"><span class='ocrx_word' id='word_1_266' title='bbox 425 3671 671 3729; x_wconf 90' lang='lat' dir='ltr'>veniens</span> <span class='ocrx_word' id='word_1_267' title='bbox 701 3673 781 3729; x_wconf 92' lang='lat' dir='ltr'>ad</span> <span class='ocrx_word' id='word_1_268' title='bbox 819 3674 1221 3747; x_wconf 89' lang='lat' dir='ltr'>patrocinium</span> <span class='ocrx_word' id='word_1_269' title='bbox 1252 3674 1410 3731; x_wconf 89' lang='lat' dir='ltr'>beati</span> <span class='ocrx_word' id='word_1_270' title='bbox 1451 3675 1812 3747; x_wconf 88' lang='lat' dir='ltr'>Godehardi,</span> <span class='ocrx_word' id='word_1_271' title='bbox 1846 3692 1954 3750; x_wconf 90' lang='lat' dir='ltr'>per</span> <span class='ocrx_word' id='word_1_272' title='bbox 1983 3677 2096 3733; x_wconf 92' lang='lat' dir='ltr'>mi-</span> 
     </span>
    </p>
   </div>
   <div class='ocr_carea' id='block_1_41' title="bbox 427 3760 2096 3840">
    <p class='ocr_par' dir='ltr' id='par_1_41' title="bbox 427 3760 2096 3840">
     <span class='ocr_line' id='line_1_42' title="bbox 427 3760 2096 3840; baseline 0.004 -23"><span class='ocrx_word' id='word_1_273' title='bbox 427 3760 817 3820; x_wconf 91' lang='lat' dir='ltr'>sericordiam</span> <span class='ocrx_word' id='word_1_274' title='bbox 844 3764 943 3821; x_wconf 91' lang='lat' dir='ltr'>Dei</span> <span class='ocrx_word' id='word_1_275' title='bbox 971 3770 1063 3822; x_wconf 91' lang='lat' dir='ltr'>est</span> <span class='ocrx_word' id='word_1_276' title='bbox 1093 3770 1312 3837; x_wconf 85' lang='lat' dir='ltr'>erecta,</span> <span class='ocrx_word' id='word_1_277' title='bbox 1334 3769 1389 3822; x_wconf 92' lang='lat' dir='ltr'>et</span> <span class='ocrx_word' id='word_1_278' title='bbox 1409 3766 1576 3840; x_wconf 89' lang='lat' dir='ltr'>quod</span> <span class='ocrx_word' id='word_1_279' title='bbox 1604 3783 1742 3824; x_wconf 91' lang='lat' dir='ltr'>raro</span> <span class='ocrx_word' id='word_1_280' title='bbox 1768 3767 1897 3823; x_wconf 89' lang='lat' dir='ltr'>ﬁeri</span> <span class='ocrx_word' id='word_1_281' title='bbox 1928 3767 2096 3839; x_wconf 89' lang='lat' dir='ltr'>solet,</span> 
     </span>
    </p>
   </div>
   <div class='ocr_carea' id='block_1_42' title="bbox 429 3842 2099 3929">
    <p class='ocr_par' dir='ltr' id='par_1_42' title="bbox 429 3842 2099 3929">
     <span class='ocr_line' id='line_1_43' title="bbox 429 3842 2099 3929; baseline 0.004 -22"><span class='ocrx_word' id='word_1_282' title='bbox 429 3842 613 3922; x_wconf 77' lang='lat' dir='ltr'>gibbo</span> <span class='ocrx_word' id='word_1_283' title='bbox 641 3855 731 3910; x_wconf 90' lang='lat' dir='ltr'>est</span> <span class='ocrx_word' id='word_1_284' title='bbox 760 3854 1009 3912; x_wconf 89' lang='lat' dir='ltr'>omnino</span> <span class='ocrx_word' id='word_1_285' title='bbox 1037 3855 1292 3928; x_wconf 89' lang='lat' dir='ltr'>privata.</span> <span class='ocrx_word' id='word_1_286' title='bbox 1327 3856 1422 3912; x_wconf 86' lang='lat' dir='ltr'>Vir</span> <span class='ocrx_word' id='word_1_287' title='bbox 1468 3856 1722 3929; x_wconf 91' lang='lat' dir='ltr'>quidam</span> <span class='ocrx_word' id='word_1_288' title='bbox 1767 3856 1845 3913; x_wconf 90' lang='lat' dir='ltr'>ab</span> <span class='ocrx_word' id='word_1_289' title='bbox 1884 3856 2099 3914; x_wconf 91' lang='lat' dir='ltr'>eadem</span> 
     </span>
    </p>
   </div>
   <div class='ocr_carea' id='block_1_43' title="bbox 428 3936 2097 4015">
    <p class='ocr_par' dir='ltr' id='par_1_43' title="bbox 428 3936 2097 4015">
     <span class='ocr_line' id='line_1_44' title="bbox 428 3936 2097 4015; baseline 0.005 -20"><span class='ocrx_word' id='word_1_290' title='bbox 428 3936 586 3997; x_wconf 87' lang='lat' dir='ltr'>terra</span> <span class='ocrx_word' id='word_1_291' title='bbox 633 3946 830 4012; x_wconf 89' lang='lat' dir='ltr'>natus,</span> <span class='ocrx_word' id='word_1_292' title='bbox 870 3959 979 4015; x_wconf 90' lang='lat' dir='ltr'>per</span> <span class='ocrx_word' id='word_1_293' title='bbox 1030 3944 1506 4001; x_wconf 87' lang='lat' dir='ltr'>misericordiam</span> <span class='ocrx_word' id='word_1_294' title='bbox 1556 3945 1792 4002; x_wconf 89' lang='lat' dir='ltr'>Domini</span> <span class='ocrx_word' id='word_1_295' title='bbox 1835 3949 1894 4002; x_wconf 87' lang='lat' dir='ltr'>et</span> <span class='ocrx_word' id='word_1_296' title='bbox 1940 3945 2097 4003; x_wconf 89' lang='lat' dir='ltr'>beati</span> 
     </span>
    </p>
   </div>
   <div class='ocr_carea' id='block_1_44' title="bbox 430 4029 1824 4101">
    <p class='ocr_par' dir='ltr' id='par_1_44' title="bbox 430 4029 1824 4101">
     <span class='ocr_line' id='line_1_45' title="bbox 430 4029 1824 4101; baseline 0.004 -16"><span class='ocrx_word' id='word_1_297' title='bbox 430 4029 791 4101; x_wconf 89' lang='lat' dir='ltr'>Godehardi,</span> <span class='ocrx_word' id='word_1_298' title='bbox 823 4030 901 4087; x_wconf 90' lang='lat' dir='ltr'>ab</span> <span class='ocrx_word' id='word_1_299' title='bbox 931 4031 1146 4088; x_wconf 88' lang='lat' dir='ltr'>eodem</span> <span class='ocrx_word' id='word_1_300' title='bbox 1177 4031 1392 4089; x_wconf 91' lang='lat' dir='ltr'>morbo</span> <span class='ocrx_word' id='word_1_301' title='bbox 1422 4038 1511 4090; x_wconf 90' lang='lat' dir='ltr'>est</span> <span class='ocrx_word' id='word_1_302' title='bbox 1536 4031 1824 4090; x_wconf 90' lang='lat' dir='ltr'>liberatus</span> 
     </span>
    </p>
   </div>
   <div class='ocr_carea' id='block_1_45' title="bbox 498 4119 2097 4198">
    <p class='ocr_par' dir='ltr' id='par_1_45' title="bbox 498 4119 2097 4198">
     <span class='ocr_line' id='line_1_46' title="bbox 498 4119 2097 4198; baseline 0.003 -23"><span class='ocrx_word' id='word_1_303' title='bbox 498 4122 589 4175; x_wconf 79' lang='lat' dir='ltr'>2t.</span> <span class='ocrx_word' id='word_1_304' title='bbox 632 4119 855 4178; x_wconf 90' lang='lat' dir='ltr'>Iisdem</span> <span class='ocrx_word' id='word_1_305' title='bbox 913 4137 1056 4177; x_wconf 88' lang='lat' dir='ltr'>vero</span> <span class='ocrx_word' id='word_1_306' title='bbox 1088 4121 1461 4195; x_wconf 88' lang='lat' dir='ltr'>temporibus</span> <span class='ocrx_word' id='word_1_307' title='bbox 1490 4121 1598 4179; x_wconf 91' lang='lat' dir='ltr'>fuit</span> <span class='ocrx_word' id='word_1_308' title='bbox 1625 4128 1904 4181; x_wconf 87' lang='lat' dir='ltr'>matrona</span> <span class='ocrx_word' id='word_1_309' title='bbox 1931 4140 2097 4198; x_wconf 71' lang='lat' dir='ltr'>quas-</span> 
     </span>
    </p>
   </div>
   <div class='ocr_carea' id='block_1_46' title="bbox 428 4208 2097 4286">
    <p class='ocr_par' dir='ltr' id='par_1_46' title="bbox 428 4208 2097 4286">
     <span class='ocr_line' id='line_1_47' title="bbox 428 4208 2097 4286; baseline 0.001 -17"><span class='ocrx_word' id='word_1_310' title='bbox 428 4208 573 4269; x_wconf 88' lang='lat' dir='ltr'>dam</span> <span class='ocrx_word' id='word_1_311' title='bbox 604 4209 683 4267; x_wconf 88' lang='lat' dir='ltr'>ab</span> <span class='ocrx_word' id='word_1_312' title='bbox 728 4209 939 4267; x_wconf 83' lang='lat' dir='ltr'>Hassia</span> <span class='ocrx_word' id='word_1_313' title='bbox 978 4210 1113 4283; x_wconf 90' lang='grc'>(87),</span> <span class='ocrx_word' id='word_1_314' title='bbox 1146 4211 1431 4268; x_wconf 86' lang='lat' dir='ltr'>omnibus</span> <span class='ocrx_word' id='word_1_315' title='bbox 1484 4210 2097 4286; x_wconf 88' lang='lat' dir='ltr'>comprovincialibus</span> 
     </span>
    </p>
   </div>
   <div class='ocr_carea' id='block_1_47' title="bbox 426 4300 2096 4378">
    <p class='ocr_par' dir='ltr' id='par_1_47' title="bbox 426 4300 2096 4378">
     <span class='ocr_line' id='line_1_48' title="bbox 426 4300 2096 4378; baseline -0.002 -16"><span class='ocrx_word' id='word_1_316' title='bbox 426 4303 591 4370; x_wconf 87' lang='lat' dir='ltr'>nota,</span> <span class='ocrx_word' id='word_1_317' title='bbox 620 4303 676 4358; x_wconf 89' lang='lat' dir='ltr'>et</span> <span class='ocrx_word' id='word_1_318' title='bbox 704 4300 988 4361; x_wconf 79' lang='lat' dir='ltr'>maximis</span> <span class='ocrx_word' id='word_1_319' title='bbox 1035 4300 1483 4359; x_wconf 83' lang='lat' dir='ltr'>inﬁrmitatibus</span> <span class='ocrx_word' id='word_1_320' title='bbox 1512 4318 1619 4377; x_wconf 92' lang='lat' dir='ltr'>per</span> <span class='ocrx_word' id='word_1_321' title='bbox 1645 4300 1836 4359; x_wconf 90' lang='lat' dir='ltr'>multa</span> <span class='ocrx_word' id='word_1_322' title='bbox 1865 4307 2096 4378; x_wconf 80' lang='lat' dir='ltr'>tempo-</span> 
     </span>
    </p>
   </div>
   <div class='ocr_carea' id='block_1_48' title="bbox 426 4390 2098 4466">
    <p class='ocr_par' dir='ltr' id='par_1_48' title="bbox 426 4390 2098 4466">
     <span class='ocr_line' id='line_1_49' title="bbox 426 4390 2098 4466; baseline 0 -17"><span class='ocrx_word' id='word_1_323' title='bbox 426 4406 497 4461; x_wconf 81' lang='lat' dir='ltr'>ra</span> <span class='ocrx_word' id='word_1_324' title='bbox 533 4390 795 4449; x_wconf 88' lang='lat' dir='ltr'>detenta.</span> <span class='ocrx_word' id='word_1_325' title='bbox 829 4391 964 4448; x_wconf 59' lang='lat' dir='ltr'>Haec</span> <span class='ocrx_word' id='word_1_326' title='bbox 1013 4408 1154 4448; x_wconf 88' lang='lat' dir='ltr'>cum</span> <span class='ocrx_word' id='word_1_327' title='bbox 1206 4391 1353 4449; x_wconf 89' lang='lat' dir='ltr'>nihil</span> <span class='ocrx_word' id='word_1_328' title='bbox 1394 4391 1526 4464; x_wconf 89' lang='lat' dir='ltr'>jam</span> <span class='ocrx_word' id='word_1_329' title='bbox 1577 4396 1793 4466; x_wconf 66' lang='lat' dir='ltr'>praeter</span> <span class='ocrx_word' id='word_1_330' title='bbox 1840 4398 2098 4450; x_wconf 91' lang='lat' dir='ltr'>mortem</span> 
     </span>
    </p>
   </div>
   <div class='ocr_carea' id='block_1_49' title="bbox 431 4480 2098 4555">
    <p class='ocr_par' dir='ltr' id='par_1_49' title="bbox 431 4480 2098 4555">
     <span class='ocr_line' id='line_1_50' title="bbox 431 4480 2098 4555; baseline 0.001 -18"><span class='ocrx_word' id='word_1_331' title='bbox 431 4484 717 4555; x_wconf 84' lang='lat' dir='ltr'>speraret,</span> <span class='ocrx_word' id='word_1_332' title='bbox 778 4480 1026 4539; x_wconf 87' lang='lat' dir='ltr'>tandem</span> <span class='ocrx_word' id='word_1_333' title='bbox 1078 4481 1482 4555; x_wconf 87' lang='lat' dir='ltr'>patrocinium</span> <span class='ocrx_word' id='word_1_334' title='bbox 1545 4481 1707 4539; x_wconf 90' lang='lat' dir='ltr'>beati</span> <span class='ocrx_word' id='word_1_335' title='bbox 1761 4480 2098 4539; x_wconf 89' lang='lat' dir='ltr'>Godehardi</span> 
     </span>
    </p>
   </div>
   <div class='ocr_carea' id='block_1_50' title="bbox 426 4568 2097 4645">
    <p class='ocr_par' dir='ltr' id='par_1_50' title="bbox 426 4568 2097 4645">
     <span class='ocr_line' id='line_1_51' title="bbox 426 4568 2097 4645; baseline -0.001 -17"><span class='ocrx_word' id='word_1_336' title='bbox 426 4569 732 4629; x_wconf 88' lang='lat' dir='ltr'>humiliter</span> <span class='ocrx_word' id='word_1_337' title='bbox 756 4568 1115 4644; x_wconf 86' lang='lat' dir='ltr'>imploravit,</span> <span class='ocrx_word' id='word_1_338' title='bbox 1140 4584 1390 4644; x_wconf 88' lang='lat' dir='ltr'>seseque</span> <span class='ocrx_word' id='word_1_339' title='bbox 1413 4570 1492 4628; x_wconf 89' lang='lat' dir='ltr'>ad</span> <span class='ocrx_word' id='word_1_340' title='bbox 1512 4575 1735 4629; x_wconf 80' lang='lat' dir='ltr'>terram</span> <span class='ocrx_word' id='word_1_341' title='bbox 1758 4572 2097 4645; x_wconf 81' lang='lat' dir='ltr'>prostravit,</span> 
     </span>
    </p>
   </div>
   <div class='ocr_carea' id='block_1_51' title="bbox 429 4656 2097 4734">
    <p class='ocr_par' dir='ltr' id='par_1_51' title="bbox 429 4656 2097 4734">
     <span class='ocr_line' id='line_1_52' title="bbox 429 4656 2097 4734; baseline -0.001 -16"><span class='ocrx_word' id='word_1_342' title='bbox 429 4664 488 4718; x_wconf 89' lang='lat' dir='ltr'>et</span> <span class='ocrx_word' id='word_1_343' title='bbox 514 4656 668 4717; x_wconf 88' lang='lat' dir='ltr'>miro</span> <span class='ocrx_word' id='word_1_344' title='bbox 695 4660 881 4717; x_wconf 90' lang='lat' dir='ltr'>modo</span> <span class='ocrx_word' id='word_1_345' title='bbox 913 4656 1233 4718; x_wconf 86' lang='lat' dir='ltr'>sanitatem</span> <span class='ocrx_word' id='word_1_346' title='bbox 1263 4660 1503 4734; x_wconf 89' lang='lat' dir='ltr'>recepit.</span> <span class='ocrx_word' id='word_1_347' title='bbox 1539 4663 1686 4717; x_wconf 88' lang='lat' dir='ltr'>Nam</span> <span class='ocrx_word' id='word_1_348' title='bbox 1725 4665 1784 4717; x_wconf 88' lang='lat' dir='ltr'>et</span> <span class='ocrx_word' id='word_1_349' title='bbox 1809 4660 1871 4717; x_wconf 90' lang='lat' dir='ltr'>in</span> <span class='ocrx_word' id='word_1_350' title='bbox 1902 4659 2097 4733; x_wconf 91' lang='lat' dir='ltr'>ingui-</span> 
     </span>
    </p>
   </div>
   <div class='ocr_carea' id='block_1_52' title="bbox 428 4749 2096 4824">
    <p class='ocr_par' dir='ltr' id='par_1_52' title="bbox 428 4749 2096 4824">
     <span class='ocr_line' id='line_1_53' title="bbox 428 4749 2096 4824; baseline -0.002 -14"><span class='ocrx_word' id='word_1_351' title='bbox 428 4766 506 4811; x_wconf 90' lang='lat' dir='ltr'>ne</span> <span class='ocrx_word' id='word_1_352' title='bbox 552 4750 657 4808; x_wconf 89' lang='lat' dir='ltr'>ubi</span> <span class='ocrx_word' id='word_1_353' title='bbox 686 4754 863 4807; x_wconf 86' lang='lat' dir='ltr'>antea</span> <span class='ocrx_word' id='word_1_354' title='bbox 892 4766 1033 4807; x_wconf 89' lang='lat' dir='ltr'>caro</span> <span class='ocrx_word' id='word_1_355' title='bbox 1077 4766 1227 4806; x_wconf 90' lang='lat' dir='ltr'>sana</span> <span class='ocrx_word' id='word_1_356' title='bbox 1276 4750 1488 4819; x_wconf 87' lang='lat' dir='ltr'>fuerat,</span> <span class='ocrx_word' id='word_1_357' title='bbox 1522 4749 1719 4807; x_wconf 90' lang='lat' dir='ltr'>subito</span> <span class='ocrx_word' id='word_1_358' title='bbox 1750 4767 1812 4806; x_wconf 92' lang='lat' dir='ltr'>se</span> <span class='ocrx_word' id='word_1_359' title='bbox 1843 4754 2096 4824; x_wconf 82' lang='lat' dir='ltr'>aperuit,</span> 
     </span>
    </p>
   </div>
   <div class='ocr_carea' id='block_1_53' title="bbox 429 4838 2100 4914">
    <p class='ocr_par' dir='ltr' id='par_1_53' title="bbox 429 4838 2100 4914">
     <span class='ocr_line' id='line_1_54' title="bbox 429 4838 2100 4914; baseline 0 -16"><span class='ocrx_word' id='word_1_360' title='bbox 429 4845 490 4899; x_wconf 89' lang='lat' dir='ltr'>et</span> <span class='ocrx_word' id='word_1_361' title='bbox 532 4840 689 4898; x_wconf 90' lang='lat' dir='ltr'>duos</span> <span class='ocrx_word' id='word_1_362' title='bbox 734 4838 968 4914; x_wconf 89' lang='lat' dir='ltr'>lapides</span> <span class='ocrx_word' id='word_1_363' title='bbox 1021 4844 1199 4896; x_wconf 70' lang='lat' dir='ltr'>tantas</span> <span class='ocrx_word' id='word_1_364' title='bbox 1250 4838 1712 4911; x_wconf 86' lang='lat' dir='ltr'>magnitudinis,</span> <span class='ocrx_word' id='word_1_365' title='bbox 1756 4845 1999 4914; x_wconf 70' lang='lat' dir='ltr'>quantae</span> <span class='ocrx_word' id='word_1_366' title='bbox 2038 4841 2100 4898; x_wconf 89' lang='lat' dir='ltr'>in</span> 
     </span>
    </p>
   </div>
   <div class='ocr_carea' id='block_1_54' title="bbox 429 4929 2099 5005">
    <p class='ocr_par' dir='ltr' id='par_1_54' title="bbox 429 4929 2099 5005">
     <span class='ocr_line' id='line_1_55' title="bbox 429 4929 2099 5005; baseline -0.002 -15"><span class='ocrx_word' id='word_1_367' title='bbox 429 4933 701 4991; x_wconf 89' lang='lat' dir='ltr'>humano</span> <span class='ocrx_word' id='word_1_368' title='bbox 733 4946 983 5005; x_wconf 89' lang='lat' dir='ltr'>corpore</span> <span class='ocrx_word' id='word_1_369' title='bbox 1026 4946 1206 4987; x_wconf 91' lang='lat' dir='ltr'>nemo</span> <span class='ocrx_word' id='word_1_370' title='bbox 1254 4931 1420 5004; x_wconf 91' lang='lat' dir='ltr'>prius</span> <span class='ocrx_word' id='word_1_371' title='bbox 1450 4929 1701 5002; x_wconf 89' lang='lat' dir='ltr'>viderat,</span> <span class='ocrx_word' id='word_1_372' title='bbox 1734 4929 1930 4988; x_wconf 91' lang='lat' dir='ltr'>subito</span> <span class='ocrx_word' id='word_1_373' title='bbox 1960 4930 2099 4987; x_wconf 91' lang='lat' dir='ltr'>emi-</span> 
     </span>
    </p>
   </div>
   <div class='ocr_carea' id='block_1_55' title="bbox 433 5018 2097 5091">
    <p class='ocr_par' dir='ltr' id='par_1_55' title="bbox 433 5018 2097 5091">
     <span class='ocr_line' id='line_1_56' title="bbox 433 5018 2097 5091; baseline -0.002 -13"><span class='ocrx_word' id='word_1_374' title='bbox 433 5020 525 5078; x_wconf 86' lang='lat' dir='ltr'>sit.</span> <span class='ocrx_word' id='word_1_375' title='bbox 555 5022 686 5087; x_wconf 86' lang='lat' dir='ltr'>Quo</span> <span class='ocrx_word' id='word_1_376' title='bbox 736 5019 914 5086; x_wconf 89' lang='lat' dir='ltr'>facto,</span> <span class='ocrx_word' id='word_1_377' title='bbox 949 5035 1141 5076; x_wconf 90' lang='lat' dir='ltr'>unum</span> <span class='ocrx_word' id='word_1_378' title='bbox 1171 5036 1377 5076; x_wconf 91' lang='lat' dir='ltr'>secum</span> <span class='ocrx_word' id='word_1_379' title='bbox 1421 5019 1484 5076; x_wconf 90' lang='lat' dir='ltr'>in</span> <span class='ocrx_word' id='word_1_380' title='bbox 1530 5019 1772 5091; x_wconf 90' lang='lat' dir='ltr'>signum</span> <span class='ocrx_word' id='word_1_381' title='bbox 1802 5018 2097 5090; x_wconf 88' lang='lat' dir='ltr'>miraculi,</span> 
     </span>
    </p>
   </div>
   <div class='ocr_carea' id='block_1_56' title="bbox 433 5108 2101 5184">
    <p class='ocr_par' dir='ltr' id='par_1_56' title="bbox 433 5108 2101 5184">
     <span class='ocr_line' id='line_1_57' title="bbox 433 5108 2101 5184; baseline -0.001 -17"><span class='ocrx_word' id='word_1_382' title='bbox 433 5127 628 5184; x_wconf 89' lang='lat' dir='ltr'>usque</span> <span class='ocrx_word' id='word_1_383' title='bbox 654 5109 734 5166; x_wconf 90' lang='lat' dir='ltr'>ad</span> <span class='ocrx_word' id='word_1_384' title='bbox 748 5109 1149 5184; x_wconf 89' lang='lat' dir='ltr'>patrocinium</span> <span class='ocrx_word' id='word_1_385' title='bbox 1170 5108 1330 5166; x_wconf 90' lang='lat' dir='ltr'>beati</span> <span class='ocrx_word' id='word_1_386' title='bbox 1343 5108 1683 5168; x_wconf 88' lang='lat' dir='ltr'>Godehardi</span> <span class='ocrx_word' id='word_1_387' title='bbox 1704 5109 1764 5166; x_wconf 91' lang='lat' dir='ltr'>in</span> <span class='ocrx_word' id='word_1_388' title='bbox 1782 5108 2101 5166; x_wconf 90' lang='lat' dir='ltr'>ecclesiam</span> 
     </span>
    </p>
   </div>
   <div class='ocr_carea' id='block_1_57' title="bbox 433 5197 2102 5270">
    <p class='ocr_par' dir='ltr' id='par_1_57' title="bbox 433 5197 2102 5270">
     <span class='ocr_line' id='line_1_58' title="bbox 433 5197 2102 5270; baseline -0.002 -13"><span class='ocrx_word' id='word_1_389' title='bbox 433 5205 706 5258; x_wconf 89' lang='lat' dir='ltr'>nostram</span> <span class='ocrx_word' id='word_1_390' title='bbox 736 5197 982 5268; x_wconf 89' lang='lat' dir='ltr'>detulit;</span> <span class='ocrx_word' id='word_1_391' title='bbox 1030 5197 1286 5256; x_wconf 90' lang='lat' dir='ltr'>alterum</span> <span class='ocrx_word' id='word_1_392' title='bbox 1317 5214 1455 5256; x_wconf 87' lang='lat' dir='ltr'>vero</span> <span class='ocrx_word' id='word_1_393' title='bbox 1485 5198 1549 5256; x_wconf 91' lang='lat' dir='ltr'>in</span> <span class='ocrx_word' id='word_1_394' title='bbox 1596 5197 1837 5270; x_wconf 89' lang='lat' dir='ltr'>signum</span> <span class='ocrx_word' id='word_1_395' title='bbox 1870 5197 2102 5255; x_wconf 90' lang='lat' dir='ltr'>virtutis</span> 
     </span>
    </p>
   </div>
   <div class='ocr_carea' id='block_1_58' title="bbox 438 5283 1941 5346">
    <p class='ocr_par' dir='ltr' id='par_1_58' title="bbox 438 5283 1941 5346">
     <span class='ocr_line' id='line_1_59' title="bbox 438 5283 1941 5346; baseline -0.001 -2"><span class='ocrx_word' id='word_1_396' title='bbox 438 5287 541 5345; x_wconf 91' lang='lat' dir='ltr'>Dei</span> <span class='ocrx_word' id='word_1_397' title='bbox 570 5287 737 5346; x_wconf 90' lang='lat' dir='ltr'>domi</span> <span class='ocrx_word' id='word_1_398' title='bbox 762 5287 1109 5345; x_wconf 87' lang='lat' dir='ltr'>reservavit.</span> <span class='ocrx_word' id='word_1_399' title='bbox 1933 5283 1941 5292; x_wconf 87' lang='grc'><strong>’</strong></span> 
     </span>
    </p>
   </div>
   <div class='ocr_carea' id='block_1_59' title="bbox 511 5375 2101 5450">
    <p class='ocr_par' dir='ltr' id='par_1_59' title="bbox 511 5375 2101 5450">
     <span class='ocr_line' id='line_1_60' title="bbox 511 5375 2101 5450; baseline 0.003 -21"><span class='ocrx_word' id='word_1_400' title='bbox 511 5379 601 5430; x_wconf 76' lang='lat'>22.</span> <span class='ocrx_word' id='word_1_401' title='bbox 625 5375 792 5433; x_wconf 86' lang='lat' dir='ltr'>Circa</span> <span class='ocrx_word' id='word_1_402' title='bbox 816 5375 981 5432; x_wconf 89' lang='lat' dir='ltr'>idem</span> <span class='ocrx_word' id='word_1_403' title='bbox 1006 5379 1244 5450; x_wconf 91' lang='lat' dir='ltr'>tempus</span> <span class='ocrx_word' id='word_1_404' title='bbox 1267 5377 1510 5450; x_wconf 90' lang='lat' dir='ltr'>contigit</span> <span class='ocrx_word' id='word_1_405' title='bbox 1534 5377 1596 5436; x_wconf 92' lang='lat' dir='ltr'>in</span> <span class='ocrx_word' id='word_1_406' title='bbox 1612 5378 1936 5450; x_wconf 87' lang='lat' dir='ltr'>Thuringia</span> <span class='ocrx_word' id='word_1_407' title='bbox 1958 5377 2101 5435; x_wconf 92' lang='lat' dir='ltr'>insi-</span> 
     </span>
    </p>
   </div>
   <div class='ocr_carea' id='block_1_60' title="bbox 516 5531 2106 5616">
    <p class='ocr_par' dir='ltr' id='par_1_60' title="bbox 516 5531 2106 5616">
     <span class='ocr_line' id='line_1_61' title="bbox 516 5531 2106 5616; baseline 0.005 -29"><span class='ocrx_word' id='word_1_408' title='bbox 516 5533 625 5616; x_wconf 67' lang='lat' dir='ltr'>(8ij)</span> <span class='ocrx_word' id='word_1_409' title='bbox 666 5534 816 5616; x_wconf 68' lang='lat' dir='ltr'>urbs</span> <span class='ocrx_word' id='word_1_410' title='bbox 861 5531 1204 5605; x_wconf 66' lang='lat' dir='ltr'>Thuringiae</span> <span class='ocrx_word' id='word_1_411' title='bbox 1234 5539 1561 5614; x_wconf 74' lang='lat' dir='ltr'>praecipua,</span> <span class='ocrx_word' id='word_1_412' title='bbox 1593 5538 1891 5598; x_wconf 91' lang='lat' dir='ltr'>celebrem</span> <span class='ocrx_word' id='word_1_413' title='bbox 1919 5539 2106 5597; x_wconf 87' lang='lat' dir='ltr'>habet</span> 
     </span>
    </p>
   </div>
   <div class='ocr_carea' id='block_1_61' title="bbox 445 5602 848 5662">
    <p class='ocr_par' dir='ltr' id='par_1_61' title="bbox 445 5602 848 5662">
     <span class='ocr_line' id='line_1_62' title="bbox 445 5602 848 5662; baseline -0.002 -3"><span class='ocrx_word' id='word_1_414' title='bbox 445 5602 848 5662; x_wconf 84' lang='lat' dir='ltr'>academiam.</span> 
     </span>
    </p>
   </div>
   <div class='ocr_carea' id='block_1_62' title="bbox 516 5669 2105 5754">
    <p class='ocr_par' dir='ltr' id='par_1_62' title="bbox 516 5669 2105 5754">
     <span class='ocr_line' id='line_1_63' title="bbox 516 5669 2105 5754; baseline 0.005 -25"><span class='ocrx_word' id='word_1_415' title='bbox 516 5675 625 5754; x_wconf 65' lang='lat'>(85)</span> <span class='ocrx_word' id='word_1_416' title='bbox 665 5669 1087 5754; x_wconf 60' lang='lat' dir='ltr'>Monastgrilltp</span> <span class='ocrx_word' id='word_1_417' title='bbox 1103 5677 1433 5754; x_wconf 63' lang='lat' dir='ltr'>Thuringize</span> <span class='ocrx_word' id='word_1_418' title='bbox 1459 5698 1496 5739; x_wconf 90' lang='lat' dir='ltr'>a</span> <span class='ocrx_word' id='word_1_419' title='bbox 1526 5682 1770 5754; x_wconf 85' lang='lat' dir='ltr'>Paulina</span> <span class='ocrx_word' id='word_1_420' title='bbox 1799 5682 2105 5754; x_wconf 78' lang='lat' dir='ltr'>comitissa</span> 
     </span>
    </p>
   </div>
   <div class='ocr_carea' id='block_1_63' title="bbox 445 5740 2108 5826">
    <p class='ocr_par' dir='ltr' id='par_1_63' title="bbox 445 5740 2108 5826">
     <span class='ocr_line' id='line_1_64' title="bbox 445 5740 2108 5826; baseline 0.006 -26"><span class='ocrx_word' id='word_1_421' title='bbox 445 5740 706 5826; x_wconf 73' lang='lat' dir='ltr'>erectum</span> <span class='ocrx_word' id='word_1_422' title='bbox 733 5744 873 5802; x_wconf 85' lang='lat' dir='ltr'>sub.</span> <span class='ocrx_word' id='word_1_423' title='bbox 896 5740 1123 5826; x_wconf 44' lang='lat' dir='ltr'>nautici</span> <span class='ocrx_word' id='word_1_424' title='bbox 1146 5740 1605 5826; x_wconf 63' lang='lat' dir='ltr'>tYimﬁeratoris</span> <span class='ocrx_word' id='word_1_425' title='bbox 1622 5752 1983 5826; x_wconf 77' lang='lat' dir='ltr'>principatu,</span> <span class='ocrx_word' id='word_1_426' title='bbox 2002 5752 2108 5809; x_wconf 88' lang='lat' dir='ltr'>ad-</span> 
     </span>
    </p>
   </div>
   <div class='ocr_carea' id='block_1_64' title="bbox 443 5813 2104 5895">
    <p class='ocr_par' dir='ltr' id='par_1_64' title="bbox 443 5813 2104 5895">
     <span class='ocr_line' id='line_1_65' title="bbox 443 5813 2104 5895; baseline 0.002 -18"><span class='ocrx_word' id='word_1_427' title='bbox 443 5819 670 5877; x_wconf 80' lang='lat' dir='ltr'>vocatis</span> <span class='ocrx_word' id='word_1_428' title='bbox 698 5836 731 5877; x_wconf 87' lang='lat' dir='ltr'>e</span> <span class='ocrx_word' id='word_1_429' title='bbox 760 5813 1134 5875; x_wconf 87' lang='lat' dir='ltr'>monasterio</span> <span class='ocrx_word' id='word_1_430' title='bbox 1187 5813 1591 5895; x_wconf 70' lang='lat' dir='ltr'>Hirs&#39;augiensi</span> <span class='ocrx_word' id='word_1_431' title='bbox 1622 5813 1949 5882; x_wconf 65' lang='lat' dir='ltr'>monachis</span> <span class='ocrx_word' id='word_1_432' title='bbox 1967 5813 1989 5880; x_wconf 72' lang='grc' dir='ltr'>’ξ</span> <span class='ocrx_word' id='word_1_433' title='bbox 2030 5829 2104 5882; x_wconf 87' lang='lat' dir='ltr'>de</span> 
     </span>
    </p>
   </div>
   <div class='ocr_carea' id='block_1_65' title="bbox 2192 522 3878 603">
    <p class='ocr_par' dir='ltr' id='par_1_65' title="bbox 2192 522 3878 603">
     <span class='ocr_line' id='line_1_66' title="bbox 2192 522 3878 603; baseline -0.004 -20"><span class='ocrx_word' id='word_1_434' title='bbox 2192 528 2346 586; x_wconf 90' lang='lat' dir='ltr'>Nam</span> <span class='ocrx_word' id='word_1_435' title='bbox 2374 529 2497 586; x_wconf 93' lang='lat' dir='ltr'>duo</span> <span class='ocrx_word' id='word_1_436' title='bbox 2526 529 2654 601; x_wconf 87' lang='lat' dir='ltr'>viri,</span> <span class='ocrx_word' id='word_1_437' title='bbox 2684 522 2839 603; x_wconf 71' lang='grc' dir='ltr'>ρι’οΠ</span> <span class='ocrx_word' id='word_1_438' title='bbox 2863 528 3071 585; x_wconf 85' lang='lat' dir='ltr'>dolor!</span> <span class='ocrx_word' id='word_1_439' title='bbox 3102 525 3265 583; x_wconf 90' lang='lat' dir='ltr'>mala</span> <span class='ocrx_word' id='word_1_440' title='bbox 3291 525 3573 582; x_wconf 85' lang='lat' dir='ltr'>societate</span> <span class='ocrx_word' id='word_1_441' title='bbox 3599 522 3878 593; x_wconf 87' lang='lat' dir='ltr'>conjun-</span> 
     </span>
    </p>
   </div>
   <div class='ocr_carea' id='block_1_66' title="bbox 2188 610 3879 694">
    <p class='ocr_par' dir='ltr' id='par_1_66' title="bbox 2188 610 3879 694">
     <span class='ocr_line' id='line_1_67' title="bbox 2188 610 3879 694; baseline -0.006 -20"><span class='ocrx_word' id='word_1_442' title='bbox 2188 616 2284 688; x_wconf 87' lang='lat' dir='ltr'>cti,</span> <span class='ocrx_word' id='word_1_443' title='bbox 2303 617 2527 676; x_wconf 76' lang='lat' dir='ltr'>furtUm</span> <span class='ocrx_word' id='word_1_444' title='bbox 2557 616 2870 694; x_wconf 88' lang='lat' dir='ltr'>quoddam</span> <span class='ocrx_word' id='word_1_445' title='bbox 2899 620 3279 692; x_wconf 84' lang='lat' dir='ltr'>peregerunt,</span> <span class='ocrx_word' id='word_1_446' title='bbox 3304 620 3361 672; x_wconf 92' lang='lat' dir='ltr'>et</span> <span class='ocrx_word' id='word_1_447' title='bbox 3388 612 3574 688; x_wconf 85' lang='lat' dir='ltr'>pelles</span> <span class='ocrx_word' id='word_1_448' title='bbox 3603 610 3879 686; x_wconf 87' lang='lat' dir='ltr'>quidam</span> 
     </span>
    </p>
   </div>
   <div class='ocr_carea' id='block_1_67' title="bbox 2189 699 3883 783">
    <p class='ocr_par' dir='ltr' id='par_1_67' title="bbox 2189 699 3883 783">
     <span class='ocr_line' id='line_1_68' title="bbox 2189 699 3883 783; baseline -0.005 -20"><span class='ocrx_word' id='word_1_449' title='bbox 2189 699 2638 783; x_wconf 73' lang='lat' dir='ltr'>subripuerunt.</span> <span class='ocrx_word' id='word_1_450' title='bbox 2674 710 2916 766; x_wconf 82' lang='lat' dir='ltr'>Factum</span> <span class='ocrx_word' id='word_1_451' title='bbox 2948 712 3037 764; x_wconf 90' lang='lat' dir='ltr'>est</span> <span class='ocrx_word' id='word_1_452' title='bbox 3060 722 3204 778; x_wconf 85' lang='lat' dir='ltr'>ergo</span> <span class='ocrx_word' id='word_1_453' title='bbox 3245 710 3309 762; x_wconf 89' lang='lat' dir='ltr'>ut</span> <span class='ocrx_word' id='word_1_454' title='bbox 3338 710 3586 778; x_wconf 86' lang='lat' dir='ltr'>uterque</span> <span class='ocrx_word' id='word_1_455' title='bbox 3618 715 3883 776; x_wconf 71' lang='lat' dir='ltr'>caperc~</span> 
     </span>
    </p>
   </div>
   <div class='ocr_carea' id='block_1_68' title="bbox 2188 790 3883 870">
    <p class='ocr_par' dir='ltr' id='par_1_68' title="bbox 2188 790 3883 870">
     <span class='ocr_line' id='line_1_69' title="bbox 2188 790 3883 870; baseline -0.008 -15"><span class='ocrx_word' id='word_1_456' title='bbox 2188 801 2285 855; x_wconf 90' lang='lat' dir='ltr'>tur</span> <span class='ocrx_word' id='word_1_457' title='bbox 2326 802 2381 854; x_wconf 89' lang='lat' dir='ltr'>et</span> <span class='ocrx_word' id='word_1_458' title='bbox 2407 798 2486 855; x_wconf 91' lang='lat' dir='ltr'>ad</span> <span class='ocrx_word' id='word_1_459' title='bbox 2511 797 2806 870; x_wconf 84' lang='lat' dir='ltr'>judicium</span> <span class='ocrx_word' id='word_1_460' title='bbox 2840 790 3189 854; x_wconf 72' lang='lat' dir='ltr'>traheretUr.</span> <span class='ocrx_word' id='word_1_461' title='bbox 3224 794 3337 851; x_wconf 79' lang='lat' dir='ltr'>Sed</span> <span class='ocrx_word' id='word_1_462' title='bbox 3375 810 3515 850; x_wconf 88' lang='lat' dir='ltr'>cum</span> <span class='ocrx_word' id='word_1_463' title='bbox 3542 790 3675 864; x_wconf 88' lang='lat' dir='ltr'>jam</span> <span class='ocrx_word' id='word_1_464' title='bbox 3708 793 3883 844; x_wconf 84' lang='lat' dir='ltr'>uter—</span> 
     </span>
    </p>
   </div>
   <div class='ocr_carea' id='block_1_69' title="bbox 2188 880 3885 963">
    <p class='ocr_par' dir='ltr' id='par_1_69' title="bbox 2188 880 3885 963">
     <span class='ocr_line' id='line_1_70' title="bbox 2188 880 3885 963; baseline -0.008 -18"><span class='ocrx_word' id='word_1_465' title='bbox 2188 883 2307 963; x_wconf 71' lang='lat' dir='ltr'>q&#39;ue</span> <span class='ocrx_word' id='word_1_466' title='bbox 2338 887 2593 945; x_wconf 85' lang='lat' dir='ltr'>convicti</span> <span class='ocrx_word' id='word_1_467' title='bbox 2624 886 2950 961; x_wconf 80' lang='lat' dir='ltr'>suspendio</span> <span class='ocrx_word' id='word_1_468' title='bbox 2981 886 3377 955; x_wconf 86' lang='lat' dir='ltr'>traderentur,</span> <span class='ocrx_word' id='word_1_469' title='bbox 3409 881 3556 941; x_wconf 87' lang='lat' dir='ltr'>alter</span> <span class='ocrx_word' id='word_1_470' title='bbox 3583 880 3885 955; x_wconf 87' lang='lat' dir='ltr'>ipsorum</span> 
     </span>
    </p>
   </div>
   <div class='ocr_carea' id='block_1_70' title="bbox 2190 970 3885 1051">
    <p class='ocr_par' dir='ltr' id='par_1_70' title="bbox 2190 970 3885 1051">
     <span class='ocr_line' id='line_1_71' title="bbox 2190 970 3885 1051; baseline -0.008 -15"><span class='ocrx_word' id='word_1_471' title='bbox 2190 974 2315 1036; x_wconf 86' lang='lat' dir='ltr'>toto</span> <span class='ocrx_word' id='word_1_472' title='bbox 2360 978 2538 1035; x_wconf 78' lang='lat' dir='ltr'>cerde</span> <span class='ocrx_word' id='word_1_473' title='bbox 2567 973 2881 1050; x_wconf 75' lang='lat' dir='ltr'>ingemuit,-</span> <span class='ocrx_word' id='word_1_474' title='bbox 2910 978 2983 1045; x_wconf 63' lang='grc' dir='ltr'>σε,</span> <span class='ocrx_word' id='word_1_475' title='bbox 3019 976 3183 1051; x_wconf 89' lang='lat' dir='ltr'>quod</span> <span class='ocrx_word' id='word_1_476' title='bbox 3218 975 3413 1032; x_wconf 81' lang='lat' dir='ltr'>solum</span> <span class='ocrx_word' id='word_1_477' title='bbox 3450 970 3711 1048; x_wconf 82' lang='lat' dir='ltr'>poterat,</span> <span class='ocrx_word' id='word_1_478' title='bbox 3743 983 3885 1024; x_wconf 84' lang='lat' dir='ltr'>cor-</span> 
     </span>
    </p>
   </div>
   <div class='ocr_carea' id='block_1_71' title="bbox 2191 1056 3882 1139">
    <p class='ocr_par' dir='ltr' id='par_1_71' title="bbox 2191 1056 3882 1139">
     <span class='ocr_line' id='line_1_72' title="bbox 2191 1056 3882 1139; baseline -0.006 -16"><span class='ocrx_word' id='word_1_479' title='bbox 2191 1068 2266 1123; x_wconf 91' lang='lat' dir='ltr'>de</span> <span class='ocrx_word' id='word_1_480' title='bbox 2295 1066 2547 1125; x_wconf 75' lang='lat' dir='ltr'>COntrito</span> <span class='ocrx_word' id='word_1_481' title='bbox 2577 1071 2634 1125; x_wconf 89' lang='lat' dir='ltr'>et</span> <span class='ocrx_word' id='word_1_482' title='bbox 2675 1056 2989 1123; x_wconf 75' lang='lat' dir='ltr'>humiliato</span> <span class='ocrx_word' id='word_1_483' title='bbox 3039 1062 3443 1139; x_wconf 75' lang='lat' dir='ltr'>patrocinium</span> <span class='ocrx_word' id='word_1_484' title='bbox 3471 1060 3633 1119; x_wconf 85' lang='lat' dir='ltr'>beati</span> <span class='ocrx_word' id='word_1_485' title='bbox 3673 1058 3882 1117; x_wconf 83' lang='lat' dir='ltr'>Gode-</span> 
     </span>
    </p>
   </div>
   <div class='ocr_carea' id='block_1_72' title="bbox 2190 1147 3883 1231">
    <p class='ocr_par' dir='ltr' id='par_1_72' title="bbox 2190 1147 3883 1231">
     <span class='ocr_line' id='line_1_73' title="bbox 2190 1147 3883 1231; baseline -0.007 -16"><span class='ocrx_word' id='word_1_486' title='bbox 2190 1158 2364 1215; x_wconf 91' lang='lat' dir='ltr'>hardi</span> <span class='ocrx_word' id='word_1_487' title='bbox 2392 1156 2730 1231; x_wconf 91' lang='lat' dir='ltr'>imploravit</span> <span class='ocrx_word' id='word_1_488' title='bbox 2756 1176 2769 1225; x_wconf 91' lang='lat'><strong>;</strong></span> <span class='ocrx_word' id='word_1_489' title='bbox 2803 1154 2950 1213; x_wconf 89' lang='lat' dir='ltr'>alter</span> <span class='ocrx_word' id='word_1_490' title='bbox 2980 1173 3122 1223; x_wconf 81' lang='lat' dir='ltr'>vero</span> <span class='ocrx_word' id='word_1_491' title='bbox 3148 1155 3324 1230; x_wconf 88' lang='lat' dir='ltr'>quasi</span> <span class='ocrx_word' id='word_1_492' title='bbox 3353 1153 3687 1227; x_wconf 84' lang='lat' dir='ltr'>desperans</span> <span class='ocrx_word' id='word_1_493' title='bbox 3718 1147 3883 1207; x_wconf 82' lang='lat' dir='ltr'>nulli</span> 
     </span>
    </p>
   </div>
   <div class='ocr_carea' id='block_1_73' title="bbox 2190 1234 3873 1329">
    <p class='ocr_par' dir='ltr' id='par_1_73' title="bbox 2190 1234 3873 1329">
     <span class='ocr_line' id='line_1_74' title="bbox 2190 1234 3873 1329; baseline -0.008 -23"><span class='ocrx_word' id='word_1_494' title='bbox 2190 1247 2457 1329; x_wconf 83' lang='lat' dir='ltr'>petitioni</span> <span class='ocrx_word' id='word_1_495' title='bbox 2482 1245 2707 1318; x_wconf 89' lang='lat' dir='ltr'>institit,</span> <span class='ocrx_word' id='word_1_496' title='bbox 2734 1246 2827 1303; x_wconf 88' lang='lat' dir='ltr'>vel</span> <span class='ocrx_word' id='word_1_497' title='bbox 2863 1263 3076 1303; x_wconf 90' lang='lat' dir='ltr'>vocem</span> <span class='ocrx_word' id='word_1_498' title='bbox 3126 1242 3607 1318; x_wconf 89' lang='lat' dir='ltr'>compunctionis</span> <span class='ocrx_word' id='word_1_499' title='bbox 3640 1234 3873 1297; x_wconf 88' lang='lat' dir='ltr'>emisit.</span> 
     </span>
    </p>
   </div>
   <div class='ocr_carea' id='block_1_74' title="bbox 2193 1333 3881 1406">
    <p class='ocr_par' dir='ltr' id='par_1_74' title="bbox 2193 1333 3881 1406">
     <span class='ocr_line' id='line_1_75' title="bbox 2193 1333 3881 1406; baseline -0.005 -14"><span class='ocrx_word' id='word_1_500' title='bbox 2193 1339 2441 1394; x_wconf 87' lang='lat' dir='ltr'>Factum</span> <span class='ocrx_word' id='word_1_501' title='bbox 2469 1341 2559 1393; x_wconf 92' lang='lat' dir='ltr'>est</span> <span class='ocrx_word' id='word_1_502' title='bbox 2582 1335 2763 1406; x_wconf 85' lang='lat' dir='ltr'>igitur</span> <span class='ocrx_word' id='word_1_503' title='bbox 2794 1339 2856 1392; x_wconf 95' lang='lat' dir='ltr'>ut</span> <span class='ocrx_word' id='word_1_504' title='bbox 2886 1351 3008 1392; x_wconf 91' lang='lat' dir='ltr'>uno</span> <span class='ocrx_word' id='word_1_505' title='bbox 3025 1335 3166 1391; x_wconf 86' lang='lat' dir='ltr'>fune</span> <span class='ocrx_word' id='word_1_506' title='bbox 3188 1333 3631 1404; x_wconf 88' lang='lat' dir='ltr'>colligarentur,</span> <span class='ocrx_word' id='word_1_507' title='bbox 3657 1335 3718 1387; x_wconf 92' lang='lat' dir='ltr'>et</span> <span class='ocrx_word' id='word_1_508' title='bbox 3744 1344 3881 1385; x_wconf 89' lang='lat' dir='ltr'>uno</span> 
     </span>
    </p>
   </div>
   <div class='ocr_carea' id='block_1_75' title="bbox 2192 1418 3885 1501">
    <p class='ocr_par' dir='ltr' id='par_1_75' title="bbox 2192 1418 3885 1501">
     <span class='ocr_line' id='line_1_76' title="bbox 2192 1418 3885 1501; baseline -0.006 -17"><span class='ocrx_word' id='word_1_509' title='bbox 2192 1444 2364 1485; x_wconf 90' lang='lat' dir='ltr'>ramo</span> <span class='ocrx_word' id='word_1_510' title='bbox 2382 1418 2913 1501; x_wconf 77' lang='lat' dir='ltr'>suspenderentur.</span> <span class='ocrx_word' id='word_1_511' title='bbox 2934 1427 3064 1491; x_wconf 86' lang='lat' dir='ltr'>Quo</span> <span class='ocrx_word' id='word_1_512' title='bbox 3087 1425 3263 1492; x_wconf 88' lang='lat' dir='ltr'>facto,</span> <span class='ocrx_word' id='word_1_513' title='bbox 3284 1424 3430 1481; x_wconf 90' lang='lat' dir='ltr'>alter</span> <span class='ocrx_word' id='word_1_514' title='bbox 3452 1422 3738 1498; x_wconf 89' lang='lat' dir='ltr'>spiritum</span> <span class='ocrx_word' id='word_1_515' title='bbox 3766 1418 3885 1476; x_wconf 63' lang='lat' dir='ltr'>illi«</span> 
     </span>
    </p>
   </div>
   <div class='ocr_carea' id='block_1_76' title="bbox 2194 1506 3883 1593">
    <p class='ocr_par' dir='ltr' id='par_1_76' title="bbox 2194 1506 3883 1593">
     <span class='ocr_line' id='line_1_77' title="bbox 2194 1506 3883 1593; baseline -0.005 -19"><span class='ocrx_word' id='word_1_516' title='bbox 2194 1535 2265 1575; x_wconf 93' lang='lat' dir='ltr'>co</span> <span class='ocrx_word' id='word_1_517' title='bbox 2295 1517 2521 1584; x_wconf 88' lang='lat' dir='ltr'>emisit;</span> <span class='ocrx_word' id='word_1_518' title='bbox 2554 1516 2701 1574; x_wconf 91' lang='lat' dir='ltr'>alter</span> <span class='ocrx_word' id='word_1_519' title='bbox 2724 1532 2886 1583; x_wconf 90' lang='lat' dir='ltr'>vero,</span> <span class='ocrx_word' id='word_1_520' title='bbox 2916 1514 3021 1588; x_wconf 83' lang='lat' dir='ltr'>qui</span> <span class='ocrx_word' id='word_1_521' title='bbox 3050 1506 3451 1587; x_wconf 80' lang='lat' dir='ltr'>patrocinium</span> <span class='ocrx_word' id='word_1_522' title='bbox 3482 1511 3644 1568; x_wconf 87' lang='lat' dir='ltr'>beati</span> <span class='ocrx_word' id='word_1_523' title='bbox 3672 1508 3883 1593; x_wconf 70' lang='lat' dir='ltr'>Gode-</span> 
     </span>
    </p>
   </div>
   <div class='ocr_carea' id='block_1_77' title="bbox 2193 1594 3884 1680">
    <p class='ocr_par' dir='ltr' id='par_1_77' title="bbox 2193 1594 3884 1680">
     <span class='ocr_line' id='line_1_78' title="bbox 2193 1594 3884 1680; baseline -0.005 -15"><span class='ocrx_word' id='word_1_524' title='bbox 2193 1607 2365 1665; x_wconf 90' lang='lat' dir='ltr'>hardi</span> <span class='ocrx_word' id='word_1_525' title='bbox 2414 1606 2858 1680; x_wconf 88' lang='lat' dir='ltr'>impioraverat,</span> <span class='ocrx_word' id='word_1_526' title='bbox 2892 1605 3018 1661; x_wconf 90' lang='lat' dir='ltr'>sine</span> <span class='ocrx_word' id='word_1_527' title='bbox 3046 1605 3289 1661; x_wconf 64' lang='lat' dir='ltr'>laesione</span> <span class='ocrx_word' id='word_1_528' title='bbox 3338 1609 3396 1661; x_wconf 91' lang='lat' dir='ltr'>et</span> <span class='ocrx_word' id='word_1_529' title='bbox 3442 1594 3724 1660; x_wconf 85' lang='lat' dir='ltr'>molestia</span> <span class='ocrx_word' id='word_1_530' title='bbox 3771 1605 3884 1674; x_wconf 77' lang='lat' dir='ltr'>pe-</span> 
     </span>
    </p>
   </div>
   <div class='ocr_carea' id='block_1_78' title="bbox 2194 1693 3879 1771">
    <p class='ocr_par' dir='ltr' id='par_1_78' title="bbox 2194 1693 3879 1771">
     <span class='ocr_line' id='line_1_79' title="bbox 2194 1693 3879 1771; baseline -0.005 -18"><span class='ocrx_word' id='word_1_531' title='bbox 2194 1696 2420 1771; x_wconf 88' lang='lat' dir='ltr'>pendit.</span> <span class='ocrx_word' id='word_1_532' title='bbox 2454 1696 2568 1753; x_wconf 87' lang='lat' dir='ltr'>Sed</span> <span class='ocrx_word' id='word_1_533' title='bbox 2590 1696 2721 1768; x_wconf 90' lang='lat' dir='ltr'>jam</span> <span class='ocrx_word' id='word_1_534' title='bbox 2763 1695 2945 1764; x_wconf 83' lang='lat' dir='ltr'>longe</span> <span class='ocrx_word' id='word_1_535' title='bbox 2977 1693 3170 1770; x_wconf 89' lang='lat' dir='ltr'>spatio</span> <span class='ocrx_word' id='word_1_536' title='bbox 3199 1693 3489 1751; x_wconf 88' lang='lat' dir='ltr'>horarum</span> <span class='ocrx_word' id='word_1_537' title='bbox 3535 1694 3879 1759; x_wconf 89' lang='lat' dir='ltr'>transacto,</span> 
     </span>
    </p>
   </div>
   <div class='ocr_carea' id='block_1_79' title="bbox 2118 1780 3883 1861">
    <p class='ocr_par' dir='ltr' id='par_1_79' title="bbox 2118 1780 3883 1861">
     <span class='ocr_line' id='line_1_80' title="bbox 2118 1780 3883 1861; baseline -0.006 -18"><span class='ocrx_word' id='word_1_538' title='bbox 2118 1807 2159 1861; x_wconf 79' lang='grc' dir='ltr'><strong>Β</strong></span> <span class='ocrx_word' id='word_1_539' title='bbox 2196 1786 2292 1844; x_wconf 93' lang='lat' dir='ltr'>ille</span> <span class='ocrx_word' id='word_1_540' title='bbox 2309 1787 2484 1858; x_wconf 90' lang='lat' dir='ltr'>cujus</span> <span class='ocrx_word' id='word_1_541' title='bbox 2512 1785 2695 1859; x_wconf 76' lang='lat' dir='ltr'>pelles</span> <span class='ocrx_word' id='word_1_542' title='bbox 2722 1784 2958 1843; x_wconf 84' lang='lat' dir='ltr'>fuerant</span> <span class='ocrx_word' id='word_1_543' title='bbox 2971 1783 3223 1859; x_wconf 90' lang='lat' dir='ltr'>propius</span> <span class='ocrx_word' id='word_1_544' title='bbox 3255 1783 3550 1841; x_wconf 87' lang='lat' dir='ltr'>accedens</span> <span class='ocrx_word' id='word_1_545' title='bbox 3580 1786 3639 1840; x_wconf 88' lang='lat' dir='ltr'>et</span> <span class='ocrx_word' id='word_1_546' title='bbox 3654 1780 3883 1839; x_wconf 86' lang='lat' dir='ltr'>videns</span> 
     </span>
    </p>
   </div>
   <div class='ocr_carea' id='block_1_80' title="bbox 2198 1873 3885 1950">
    <p class='ocr_par' dir='ltr' id='par_1_80' title="bbox 2198 1873 3885 1950">
     <span class='ocr_line' id='line_1_81' title="bbox 2198 1873 3885 1950; baseline -0.003 -16"><span class='ocrx_word' id='word_1_547' title='bbox 2198 1876 2453 1935; x_wconf 91' lang='lat' dir='ltr'>alterum</span> <span class='ocrx_word' id='word_1_548' title='bbox 2482 1875 2845 1950; x_wconf 75' lang='lat' dir='ltr'>exspirasse,</span> <span class='ocrx_word' id='word_1_549' title='bbox 2868 1875 3007 1931; x_wconf 92' lang='lat' dir='ltr'>huic</span> <span class='ocrx_word' id='word_1_550' title='bbox 3027 1891 3211 1949; x_wconf 85' lang='lat' dir='ltr'>quem</span> <span class='ocrx_word' id='word_1_551' title='bbox 3242 1873 3442 1931; x_wconf 88' lang='lat' dir='ltr'>adhuc</span> <span class='ocrx_word' id='word_1_552' title='bbox 3470 1874 3670 1931; x_wconf 83' lang='lat' dir='ltr'>vivere</span> <span class='ocrx_word' id='word_1_553' title='bbox 3697 1877 3885 1947; x_wconf 86' lang='lat' dir='ltr'>puta-</span> 
     </span>
    </p>
   </div>
   <div class='ocr_carea' id='block_1_81' title="bbox 2195 1962 3883 2039">
    <p class='ocr_par' dir='ltr' id='par_1_81' title="bbox 2195 1962 3883 2039">
     <span class='ocr_line' id='line_1_82' title="bbox 2195 1962 3883 2039; baseline -0.003 -15"><span class='ocrx_word' id='word_1_554' title='bbox 2195 1967 2280 2024; x_wconf 89' lang='lat' dir='ltr'>vit</span> <span class='ocrx_word' id='word_1_555' title='bbox 2306 1967 2369 2023; x_wconf 90' lang='lat' dir='ltr'>in</span> <span class='ocrx_word' id='word_1_556' title='bbox 2397 1966 2525 2023; x_wconf 78' lang='lat' dir='ltr'>haec</span> <span class='ocrx_word' id='word_1_557' title='bbox 2554 1965 2741 2023; x_wconf 89' lang='lat' dir='ltr'>verba</span> <span class='ocrx_word' id='word_1_558' title='bbox 2770 1965 3063 2039; x_wconf 89' lang='lat' dir='ltr'>prorupit,</span> <span class='ocrx_word' id='word_1_559' title='bbox 3095 1964 3405 2039; x_wconf 71' lang='lat' dir='ltr'>quaerebat</span> <span class='ocrx_word' id='word_1_560' title='bbox 3434 1964 3596 2020; x_wconf 90' lang='lat' dir='ltr'>enim</span> <span class='ocrx_word' id='word_1_561' title='bbox 3627 1962 3679 2020; x_wconf 91' lang='lat' dir='ltr'>si</span> <span class='ocrx_word' id='word_1_562' title='bbox 3709 1962 3883 2019; x_wconf 83' lang='lat' dir='ltr'>vive-</span> 
     </span>
    </p>
   </div>
   <div class='ocr_carea' id='block_1_82' title="bbox 2196 2054 3886 2128">
    <p class='ocr_par' dir='ltr' id='par_1_82' title="bbox 2196 2054 3886 2128">
     <span class='ocr_line' id='line_1_83' title="bbox 2196 2054 3886 2128; baseline -0.004 -14"><span class='ocrx_word' id='word_1_563' title='bbox 2196 2062 2304 2127; x_wconf 89' lang='lat' dir='ltr'>ret,</span> <span class='ocrx_word' id='word_1_564' title='bbox 2334 2059 2440 2114; x_wconf 86' lang='lat' dir='ltr'>aut</span> <span class='ocrx_word' id='word_1_565' title='bbox 2487 2056 2540 2113; x_wconf 92' lang='lat' dir='ltr'>si</span> <span class='ocrx_word' id='word_1_566' title='bbox 2566 2056 2752 2114; x_wconf 92' lang='lat' dir='ltr'>vitam</span> <span class='ocrx_word' id='word_1_567' title='bbox 2790 2056 3041 2113; x_wconf 80' lang='lat' dir='ltr'>retinere</span> <span class='ocrx_word' id='word_1_568' title='bbox 3089 2055 3398 2128; x_wconf 88' lang='lat' dir='ltr'>potuisset.</span> <span class='ocrx_word' id='word_1_569' title='bbox 3433 2054 3530 2111; x_wconf 86' lang='lat' dir='ltr'>ille</span> <span class='ocrx_word' id='word_1_570' title='bbox 3559 2069 3705 2111; x_wconf 91' lang='lat' dir='ltr'>vero</span> <span class='ocrx_word' id='word_1_571' title='bbox 3739 2068 3886 2126; x_wconf 88' lang='lat' dir='ltr'>spe-</span> 
     </span>
    </p>
   </div>
   <div class='ocr_carea' id='block_1_83' title="bbox 2196 2144 3883 2219">
    <p class='ocr_par' dir='ltr' id='par_1_83' title="bbox 2196 2144 3883 2219">
     <span class='ocr_line' id='line_1_84' title="bbox 2196 2144 3883 2219; baseline -0.004 -15"><span class='ocrx_word' id='word_1_572' title='bbox 2196 2164 2338 2205; x_wconf 90' lang='lat' dir='ltr'>rans</span> <span class='ocrx_word' id='word_1_573' title='bbox 2370 2146 2484 2203; x_wconf 90' lang='lat' dir='ltr'>sibi</span> <span class='ocrx_word' id='word_1_574' title='bbox 2508 2144 2878 2219; x_wconf 90' lang='lat' dir='ltr'>adjutorium</span> <span class='ocrx_word' id='word_1_575' title='bbox 2906 2145 3243 2214; x_wconf 88' lang='lat' dir='ltr'>advenisse,</span> <span class='ocrx_word' id='word_1_576' title='bbox 3277 2144 3585 2202; x_wconf 91' lang='lat' dir='ltr'>confessus</span> <span class='ocrx_word' id='word_1_577' title='bbox 3612 2147 3703 2199; x_wconf 92' lang='lat' dir='ltr'>est</span> <span class='ocrx_word' id='word_1_578' title='bbox 3728 2147 3791 2199; x_wconf 89' lang='lat' dir='ltr'>et</span> <span class='ocrx_word' id='word_1_579' title='bbox 3815 2158 3883 2198; x_wconf 92' lang='lat' dir='ltr'>se</span> 
     </span>
    </p>
   </div>
   <div class='ocr_carea' id='block_1_84' title="bbox 2197 2234 3884 2306">
    <p class='ocr_par' dir='ltr' id='par_1_84' title="bbox 2197 2234 3884 2306">
     <span class='ocr_line' id='line_1_85' title="bbox 2197 2234 3884 2306; baseline -0.005 -10"><span class='ocrx_word' id='word_1_580' title='bbox 2197 2239 2418 2306; x_wconf 88' lang='lat' dir='ltr'>vivere,</span> <span class='ocrx_word' id='word_1_581' title='bbox 2450 2242 2508 2295; x_wconf 91' lang='lat' dir='ltr'>et</span> <span class='ocrx_word' id='word_1_582' title='bbox 2555 2237 2791 2294; x_wconf 89' lang='lat' dir='ltr'>nullum</span> <span class='ocrx_word' id='word_1_583' title='bbox 2838 2236 3110 2294; x_wconf 90' lang='lat' dir='ltr'>dolorem</span> <span class='ocrx_word' id='word_1_584' title='bbox 3164 2237 3399 2293; x_wconf 89' lang='lat' dir='ltr'>sentire.</span> <span class='ocrx_word' id='word_1_585' title='bbox 3436 2239 3558 2293; x_wconf 86' lang='lat' dir='ltr'>Hoc</span> <span class='ocrx_word' id='word_1_586' title='bbox 3610 2234 3884 2292; x_wconf 87' lang='lat' dir='ltr'>audiens</span> 
     </span>
    </p>
   </div>
   <div class='ocr_carea' id='block_1_85' title="bbox 2198 2324 3884 2403">
    <p class='ocr_par' dir='ltr' id='par_1_85' title="bbox 2198 2324 3884 2403">
     <span class='ocr_line' id='line_1_86' title="bbox 2198 2324 3884 2403; baseline -0.004 -17"><span class='ocrx_word' id='word_1_587' title='bbox 2198 2327 2304 2403; x_wconf 88' lang='lat' dir='ltr'>qui</span> <span class='ocrx_word' id='word_1_588' title='bbox 2345 2343 2485 2386; x_wconf 90' lang='lat' dir='ltr'>eum</span> <span class='ocrx_word' id='word_1_589' title='bbox 2536 2325 2825 2399; x_wconf 89' lang='lat' dir='ltr'>suspendi</span> <span class='ocrx_word' id='word_1_590' title='bbox 2856 2326 3095 2397; x_wconf 85' lang='lat' dir='ltr'>fecerat,</span> <span class='ocrx_word' id='word_1_591' title='bbox 3130 2342 3419 2397; x_wconf 85' lang='lat' dir='ltr'>magnam</span> <span class='ocrx_word' id='word_1_592' title='bbox 3457 2324 3884 2382; x_wconf 89' lang='lat' dir='ltr'>inhumanita-</span> 
     </span>
    </p>
   </div>
   <div class='ocr_carea' id='block_1_86' title="bbox 2200 2412 3883 2491">
    <p class='ocr_par' dir='ltr' id='par_1_86' title="bbox 2200 2412 3883 2491">
     <span class='ocr_line' id='line_1_87' title="bbox 2200 2412 3883 2491; baseline -0.002 -19"><span class='ocrx_word' id='word_1_593' title='bbox 2200 2418 2322 2473; x_wconf 90' lang='lat' dir='ltr'>tem</span> <span class='ocrx_word' id='word_1_594' title='bbox 2352 2416 2405 2473; x_wconf 92' lang='lat' dir='ltr'>ei</span> <span class='ocrx_word' id='word_1_595' title='bbox 2432 2414 2646 2473; x_wconf 89' lang='lat' dir='ltr'>intulit.</span> <span class='ocrx_word' id='word_1_596' title='bbox 2674 2420 2821 2473; x_wconf 80' lang='lat' dir='ltr'>Nam</span> <span class='ocrx_word' id='word_1_597' title='bbox 2852 2416 2991 2473; x_wconf 91' lang='lat' dir='ltr'>fune</span> <span class='ocrx_word' id='word_1_598' title='bbox 3022 2433 3143 2491; x_wconf 87' lang='lat' dir='ltr'>quo</span> <span class='ocrx_word' id='word_1_599' title='bbox 3175 2432 3506 2489; x_wconf 88' lang='lat' dir='ltr'>suspensus</span> <span class='ocrx_word' id='word_1_600' title='bbox 3536 2412 3732 2470; x_wconf 88' lang='lat' dir='ltr'>fuerat</span> <span class='ocrx_word' id='word_1_601' title='bbox 3757 2417 3883 2469; x_wconf 89' lang='lat' dir='ltr'>tor-</span> 
     </span>
    </p>
   </div>
   <div class='ocr_carea' id='block_1_87' title="bbox 2201 2503 3881 2580">
    <p class='ocr_par' dir='ltr' id='par_1_87' title="bbox 2201 2503 3881 2580">
     <span class='ocr_line' id='line_1_88' title="bbox 2201 2503 3881 2580; baseline -0.004 -17"><span class='ocrx_word' id='word_1_602' title='bbox 2201 2509 2364 2574; x_wconf 86' lang='lat' dir='ltr'>nato,</span> <span class='ocrx_word' id='word_1_603' title='bbox 2391 2507 2568 2563; x_wconf 90' lang='lat' dir='ltr'>ﬁrmo</span> <span class='ocrx_word' id='word_1_604' title='bbox 2599 2506 2739 2563; x_wconf 90' lang='lat' dir='ltr'>nisu</span> <span class='ocrx_word' id='word_1_605' title='bbox 2765 2506 2844 2563; x_wconf 93' lang='lat' dir='ltr'>ad</span> <span class='ocrx_word' id='word_1_606' title='bbox 2874 2510 3094 2564; x_wconf 85' lang='lat' dir='ltr'>terram</span> <span class='ocrx_word' id='word_1_607' title='bbox 3124 2523 3343 2580; x_wconf 89' lang='lat' dir='ltr'>corpus</span> <span class='ocrx_word' id='word_1_608' title='bbox 3368 2504 3681 2579; x_wconf 90' lang='lat' dir='ltr'>depressit,</span> <span class='ocrx_word' id='word_1_609' title='bbox 3699 2506 3761 2560; x_wconf 87' lang='lat' dir='ltr'>et</span> <span class='ocrx_word' id='word_1_610' title='bbox 3794 2503 3881 2558; x_wconf 89' lang='lat' dir='ltr'>sic</span> 
     </span>
    </p>
   </div>
   <div class='ocr_carea' id='block_1_88' title="bbox 2202 2592 3881 2671">
    <p class='ocr_par' dir='ltr' id='par_1_88' title="bbox 2202 2592 3881 2671">
     <span class='ocr_line' id='line_1_89' title="bbox 2202 2592 3881 2671; baseline -0.001 -18"><span class='ocrx_word' id='word_1_611' title='bbox 2202 2596 2497 2655; x_wconf 88' lang='lat' dir='ltr'>scondilia</span> <span class='ocrx_word' id='word_1_612' title='bbox 2535 2596 2670 2653; x_wconf 91' lang='lat' dir='ltr'>colli</span> <span class='ocrx_word' id='word_1_613' title='bbox 2718 2613 2781 2654; x_wconf 90' lang='lat' dir='ltr'>se</span> <span class='ocrx_word' id='word_1_614' title='bbox 2820 2596 3154 2654; x_wconf 82' lang='lat' dir='ltr'>fractarum</span> <span class='ocrx_word' id='word_1_615' title='bbox 3201 2596 3476 2671; x_wconf 87' lang='lat' dir='ltr'>speravit.</span> <span class='ocrx_word' id='word_1_616' title='bbox 3510 2598 3638 2662; x_wconf 86' lang='lat' dir='ltr'>Quo</span> <span class='ocrx_word' id='word_1_617' title='bbox 3688 2592 3881 2667; x_wconf 88' lang='lat' dir='ltr'>facto,</span> 
     </span>
    </p>
   </div>
   <div class='ocr_carea' id='block_1_89' title="bbox 2202 2686 3881 2755">
    <p class='ocr_par' dir='ltr' id='par_1_89' title="bbox 2202 2686 3881 2755">
     <span class='ocr_line' id='line_1_90' title="bbox 2202 2686 3881 2755; baseline -0.001 -12"><span class='ocrx_word' id='word_1_618' title='bbox 2202 2687 2402 2744; x_wconf 90' lang='lat' dir='ltr'>statim</span> <span class='ocrx_word' id='word_1_619' title='bbox 2449 2686 2739 2755; x_wconf 88' lang='lat' dir='ltr'>discessit,</span> <span class='ocrx_word' id='word_1_620' title='bbox 2773 2692 2830 2744; x_wconf 91' lang='lat' dir='ltr'>et</span> <span class='ocrx_word' id='word_1_621' title='bbox 2875 2703 3122 2744; x_wconf 90' lang='lat' dir='ltr'>omnem</span> <span class='ocrx_word' id='word_1_622' title='bbox 3160 2686 3533 2744; x_wconf 89' lang='lat' dir='ltr'>voluntatem</span> <span class='ocrx_word' id='word_1_623' title='bbox 3577 2701 3761 2741; x_wconf 88' lang='lat' dir='ltr'>suam</span> <span class='ocrx_word' id='word_1_624' title='bbox 3819 2703 3881 2741; x_wconf 85' lang='lat' dir='ltr'>se</span> 
     </span>
    </p>
   </div>
   <div class='ocr_carea' id='block_1_90' title="bbox 2195 2777 3881 2850">
    <p class='ocr_par' dir='ltr' id='par_1_90' title="bbox 2195 2777 3881 2850">
     <span class='ocr_line' id='line_1_91' title="bbox 2195 2777 3881 2850; baseline 0.001 -18"><span class='ocrx_word' id='word_1_625' title='bbox 2195 2777 2326 2849; x_wconf 89' lang='lat' dir='ltr'>jam</span> <span class='ocrx_word' id='word_1_626' title='bbox 2357 2777 2723 2850; x_wconf 85' lang='lat' dir='ltr'>adimplesse</span> <span class='ocrx_word' id='word_1_627' title='bbox 2766 2794 2891 2833; x_wconf 89' lang='lat' dir='ltr'>non</span> <span class='ocrx_word' id='word_1_628' title='bbox 2920 2777 3237 2834; x_wconf 86' lang='lat' dir='ltr'>dubitavit.</span> <span class='ocrx_word' id='word_1_629' title='bbox 3272 2779 3514 2845; x_wconf 75' lang='lat' dir='ltr'>Factum</span> <span class='ocrx_word' id='word_1_630' title='bbox 3539 2779 3627 2832; x_wconf 89' lang='lat' dir='ltr'>est</span> <span class='ocrx_word' id='word_1_631' title='bbox 3664 2780 3881 2833; x_wconf 87' lang='lat' dir='ltr'>autem</span> 
     </span>
    </p>
   </div>
   <div class='ocr_carea' id='block_1_91' title="bbox 2201 2865 3881 2941">
    <p class='ocr_par' dir='ltr' id='par_1_91' title="bbox 2201 2865 3881 2941">
     <span class='ocr_line' id='line_1_92' title="bbox 2201 2865 3881 2941; baseline -0.001 -19"><span class='ocrx_word' id='word_1_632' title='bbox 2201 2871 2339 2941; x_wconf 91' lang='lat' dir='ltr'>post</span> <span class='ocrx_word' id='word_1_633' title='bbox 2358 2866 2693 2924; x_wconf 88' lang='lat' dir='ltr'>discessum</span> <span class='ocrx_word' id='word_1_634' title='bbox 2712 2882 2924 2923; x_wconf 88' lang='lat' dir='ltr'>eorum</span> <span class='ocrx_word' id='word_1_635' title='bbox 2944 2867 3126 2938; x_wconf 90' lang='lat' dir='ltr'>longo</span> <span class='ocrx_word' id='word_1_636' title='bbox 3150 2872 3438 2940; x_wconf 90' lang='lat' dir='ltr'>tempore,</span> <span class='ocrx_word' id='word_1_637' title='bbox 3458 2870 3522 2921; x_wconf 89' lang='lat' dir='ltr'>ut</span> <span class='ocrx_word' id='word_1_638' title='bbox 3547 2865 3881 2938; x_wconf 64' lang='lat' dir='ltr'>praedictus</span> 
     </span>
    </p>
   </div>
   <div class='ocr_carea' id='block_1_92' title="bbox 2202 2956 3882 3031">
    <p class='ocr_par' dir='ltr' id='par_1_92' title="bbox 2202 2956 3882 3031">
     <span class='ocr_line' id='line_1_93' title="bbox 2202 2956 3882 3031; baseline -0.001 -18"><span class='ocrx_word' id='word_1_639' title='bbox 2202 2958 2293 3014; x_wconf 88' lang='lat' dir='ltr'>vir</span> <span class='ocrx_word' id='word_1_640' title='bbox 2318 2973 2537 3015; x_wconf 88' lang='lat' dir='ltr'>manus</span> <span class='ocrx_word' id='word_1_641' title='bbox 2566 2962 2706 3031; x_wconf 89' lang='lat' dir='ltr'>post</span> <span class='ocrx_word' id='word_1_642' title='bbox 2733 2963 2970 3027; x_wconf 88' lang='lat' dir='ltr'>tergum</span> <span class='ocrx_word' id='word_1_643' title='bbox 3000 2957 3217 3028; x_wconf 87' lang='lat' dir='ltr'>ligatas</span> <span class='ocrx_word' id='word_1_644' title='bbox 3244 2956 3614 3024; x_wconf 89' lang='lat' dir='ltr'>dissolveret,</span> <span class='ocrx_word' id='word_1_645' title='bbox 3642 2960 3699 3012; x_wconf 91' lang='lat' dir='ltr'>et</span> <span class='ocrx_word' id='word_1_646' title='bbox 3724 2972 3882 3029; x_wconf 88' lang='lat' dir='ltr'>pan-</span> 
     </span>
    </p>
   </div>
   <div class='ocr_carea' id='block_1_93' title="bbox 2202 3044 3877 3122">
    <p class='ocr_par' dir='ltr' id='par_1_93' title="bbox 2202 3044 3877 3122">
     <span class='ocr_line' id='line_1_94' title="bbox 2202 3044 3877 3122; baseline -0.001 -19"><span class='ocrx_word' id='word_1_647' title='bbox 2202 3063 2348 3104; x_wconf 89' lang='lat' dir='ltr'>num</span> <span class='ocrx_word' id='word_1_648' title='bbox 2380 3063 2505 3122; x_wconf 62' lang='lat' dir='ltr'>praa.</span> <span class='ocrx_word' id='word_1_649' title='bbox 2534 3046 2722 3103; x_wconf 90' lang='lat' dir='ltr'>oculis</span> <span class='ocrx_word' id='word_1_650' title='bbox 2774 3046 3026 3118; x_wconf 87' lang='lat' dir='ltr'>ligatum</span> <span class='ocrx_word' id='word_1_651' title='bbox 3074 3045 3492 3117; x_wconf 85' lang='lat' dir='ltr'>disrumperet,</span> <span class='ocrx_word' id='word_1_652' title='bbox 3525 3050 3583 3101; x_wconf 91' lang='lat' dir='ltr'>ct</span> <span class='ocrx_word' id='word_1_653' title='bbox 3619 3044 3702 3100; x_wconf 91' lang='lat' dir='ltr'>sic</span> <span class='ocrx_word' id='word_1_654' title='bbox 3736 3049 3877 3101; x_wconf 86' lang='lat' dir='ltr'>tan-</span> 
     </span>
    </p>
   </div>
   <div class='ocr_carea' id='block_1_94' title="bbox 2203 3132 3880 3208">
    <p class='ocr_par' dir='ltr' id='par_1_94' title="bbox 2203 3132 3880 3208">
     <span class='ocr_line' id='line_1_95' title="bbox 2203 3132 3880 3208; baseline -0.002 -17"><span class='ocrx_word' id='word_1_655' title='bbox 2203 3136 2343 3192; x_wconf 88' lang='lat' dir='ltr'>dem</span> <span class='ocrx_word' id='word_1_656' title='bbox 2400 3136 2607 3192; x_wconf 83' lang='lat' dir='ltr'>funem</span> <span class='ocrx_word' id='word_1_657' title='bbox 2655 3152 2777 3208; x_wconf 88' lang='lat' dir='ltr'>quo</span> <span class='ocrx_word' id='word_1_658' title='bbox 2824 3150 3152 3208; x_wconf 88' lang='lat' dir='ltr'>suspensus</span> <span class='ocrx_word' id='word_1_659' title='bbox 3208 3134 3402 3189; x_wconf 87' lang='lat' dir='ltr'>fuerat</span> <span class='ocrx_word' id='word_1_660' title='bbox 3450 3132 3880 3203; x_wconf 85' lang='lat' dir='ltr'>confringeret.</span> 
     </span>
    </p>
   </div>
   <div class='ocr_carea' id='block_1_95' title="bbox 2204 3220 3884 3297">
    <p class='ocr_par' dir='ltr' id='par_1_95' title="bbox 2204 3220 3884 3297">
     <span class='ocr_line' id='line_1_96' title="bbox 2204 3220 3884 3297; baseline -0.002 -17"><span class='ocrx_word' id='word_1_661' title='bbox 2204 3224 2293 3280; x_wconf 78' lang='lat' dir='ltr'>Ad</span> <span class='ocrx_word' id='word_1_662' title='bbox 2324 3228 2542 3281; x_wconf 89' lang='lat' dir='ltr'>terram</span> <span class='ocrx_word' id='word_1_663' title='bbox 2571 3240 2714 3280; x_wconf 90' lang='lat' dir='ltr'>vero</span> <span class='ocrx_word' id='word_1_664' title='bbox 2745 3227 3078 3297; x_wconf 87' lang='lat' dir='ltr'>prostratus</span> <span class='ocrx_word' id='word_1_665' title='bbox 3108 3222 3321 3279; x_wconf 89' lang='lat' dir='ltr'>videns</span> <span class='ocrx_word' id='word_1_666' title='bbox 3343 3239 3404 3278; x_wconf 90' lang='lat' dir='ltr'>se</span> <span class='ocrx_word' id='word_1_667' title='bbox 3427 3222 3656 3279; x_wconf 90' lang='lat' dir='ltr'>nullam</span> <span class='ocrx_word' id='word_1_668' title='bbox 3680 3220 3884 3278; x_wconf 74' lang='lat' dir='ltr'>hesio-</span> 
     </span>
    </p>
   </div>
   <div class='ocr_carea' id='block_1_96' title="bbox 2203 3310 3882 3384">
    <p class='ocr_par' dir='ltr' id='par_1_96' title="bbox 2203 3310 3882 3384">
     <span class='ocr_line' id='line_1_97' title="bbox 2203 3310 3882 3384; baseline -0.002 -15"><span class='ocrx_word' id='word_1_669' title='bbox 2203 3329 2345 3369; x_wconf 89' lang='lat' dir='ltr'>nem</span> <span class='ocrx_word' id='word_1_670' title='bbox 2374 3312 2596 3369; x_wconf 89' lang='lat' dir='ltr'>habere</span> <span class='ocrx_word' id='word_1_671' title='bbox 2627 3312 2689 3369; x_wconf 88' lang='lat' dir='ltr'>in</span> <span class='ocrx_word' id='word_1_672' title='bbox 2718 3312 2926 3383; x_wconf 88' lang='lat' dir='ltr'>fugam</span> <span class='ocrx_word' id='word_1_673' title='bbox 2960 3328 3024 3367; x_wconf 92' lang='lat' dir='ltr'>se</span> <span class='ocrx_word' id='word_1_674' title='bbox 3054 3312 3363 3377; x_wconf 87' lang='lat' dir='ltr'>convertit,</span> <span class='ocrx_word' id='word_1_675' title='bbox 3397 3315 3455 3368; x_wconf 91' lang='lat' dir='ltr'>et</span> <span class='ocrx_word' id='word_1_676' title='bbox 3492 3310 3703 3368; x_wconf 89' lang='lat' dir='ltr'>silvam</span> <span class='ocrx_word' id='word_1_677' title='bbox 3736 3328 3882 3384; x_wconf 65' lang='lat' dir='ltr'>quae</span> 
     </span>
    </p>
   </div>
   <div class='ocr_carea' id='block_1_97' title="bbox 2205 3400 3882 3460">
    <p class='ocr_par' dir='ltr' id='par_1_97' title="bbox 2205 3400 3882 3460">
     <span class='ocr_line' id='line_1_98' title="bbox 2205 3400 3882 3460; baseline -0.001 -1"><span class='ocrx_word' id='word_1_678' title='bbox 2205 3403 2402 3460; x_wconf 89' lang='lat' dir='ltr'>vicina</span> <span class='ocrx_word' id='word_1_679' title='bbox 2457 3406 2581 3458; x_wconf 91' lang='lat' dir='ltr'>erat</span> <span class='ocrx_word' id='word_1_680' title='bbox 2628 3419 2768 3459; x_wconf 91' lang='lat' dir='ltr'>cum</span> <span class='ocrx_word' id='word_1_681' title='bbox 2799 3401 3173 3459; x_wconf 89' lang='lat' dir='ltr'>festinatione</span> <span class='ocrx_word' id='word_1_682' title='bbox 3202 3400 3486 3458; x_wconf 89' lang='lat' dir='ltr'>introivit.</span> <span class='ocrx_word' id='word_1_683' title='bbox 3517 3403 3633 3457; x_wconf 86' lang='lat' dir='ltr'>Hoc</span> <span class='ocrx_word' id='word_1_684' title='bbox 3664 3400 3882 3457; x_wconf 84' lang='lat' dir='ltr'>viden-</span> 
     </span>
    </p>
   </div>
   <div class='ocr_carea' id='block_1_98' title="bbox 2205 3490 3882 3565">
    <p class='ocr_par' dir='ltr' id='par_1_98' title="bbox 2205 3490 3882 3565">
     <span class='ocr_line' id='line_1_99' title="bbox 2205 3490 3882 3565; baseline -0.002 -16"><span class='ocrx_word' id='word_1_685' title='bbox 2205 3498 2289 3549; x_wconf 88' lang='lat' dir='ltr'>tes</span> <span class='ocrx_word' id='word_1_686' title='bbox 2345 3491 2595 3565; x_wconf 89' lang='lat' dir='ltr'>quidam</span> <span class='ocrx_word' id='word_1_687' title='bbox 2657 3492 2760 3565; x_wconf 90' lang='lat' dir='ltr'>qui</span> <span class='ocrx_word' id='word_1_688' title='bbox 2813 3507 2937 3547; x_wconf 88' lang='lat' dir='ltr'>non</span> <span class='ocrx_word' id='word_1_689' title='bbox 2992 3496 3217 3547; x_wconf 89' lang='lat' dir='ltr'>remote</span> <span class='ocrx_word' id='word_1_690' title='bbox 3275 3490 3673 3547; x_wconf 89' lang='lat' dir='ltr'>discesserant</span> <span class='ocrx_word' id='word_1_691' title='bbox 3733 3506 3882 3546; x_wconf 85' lang='lat' dir='ltr'>eum</span> 
     </span>
    </p>
   </div>
   <div class='ocr_carea' id='block_1_99' title="bbox 2204 3569 3881 3659">
    <p class='ocr_par' dir='ltr' id='par_1_99' title="bbox 2204 3569 3881 3659">
     <span class='ocr_line' id='line_1_100' title="bbox 2204 3569 3881 3659; baseline -0.002 -19"><span class='ocrx_word' id='word_1_692' title='bbox 2204 3582 2571 3640; x_wconf 90' lang='lat' dir='ltr'>admirantes</span> <span class='ocrx_word' id='word_1_693' title='bbox 2600 3584 3068 3656; x_wconf 83' lang='lat' dir='ltr'>prosequuntur,</span> <span class='ocrx_word' id='word_1_694' title='bbox 3093 3584 3150 3637; x_wconf 89' lang='lat' dir='ltr'>et</span> <span class='ocrx_word' id='word_1_695' title='bbox 3174 3569 3456 3650; x_wconf 79' lang='lat' dir='ltr'>rogantes</span> <span class='ocrx_word' id='word_1_696' title='bbox 3485 3596 3624 3637; x_wconf 90' lang='lat' dir='ltr'>eum</span> <span class='ocrx_word' id='word_1_697' title='bbox 3656 3579 3881 3659; x_wconf 74' lang='lat' dir='ltr'>silvam</span> 
     </span>
    </p>
   </div>
   <div class='ocr_carea' id='block_1_100' title="bbox 2204 3669 3881 3743">
    <p class='ocr_par' dir='ltr' id='par_1_100' title="bbox 2204 3669 3881 3743">
     <span class='ocr_line' id='line_1_101' title="bbox 2204 3669 3881 3743; baseline -0.002 -15"><span class='ocrx_word' id='word_1_698' title='bbox 2204 3672 2383 3742; x_wconf 80' lang='lat' dir='ltr'>exire,</span> <span class='ocrx_word' id='word_1_699' title='bbox 2416 3676 2473 3728; x_wconf 89' lang='lat' dir='ltr'>et</span> <span class='ocrx_word' id='word_1_700' title='bbox 2498 3671 2645 3728; x_wconf 82' lang='lat' dir='ltr'>nihil</span> <span class='ocrx_word' id='word_1_701' title='bbox 2674 3671 2788 3728; x_wconf 90' lang='lat' dir='ltr'>nisi</span> <span class='ocrx_word' id='word_1_702' title='bbox 2816 3671 2969 3727; x_wconf 87' lang='lat' dir='ltr'>bene</span> <span class='ocrx_word' id='word_1_703' title='bbox 2994 3671 3068 3726; x_wconf 92' lang='lat' dir='ltr'>de</span> <span class='ocrx_word' id='word_1_704' title='bbox 3099 3671 3184 3727; x_wconf 91' lang='lat' dir='ltr'>eis</span> <span class='ocrx_word' id='word_1_705' title='bbox 3212 3686 3471 3743; x_wconf 89' lang='lat' dir='ltr'>sperare.</span> <span class='ocrx_word' id='word_1_706' title='bbox 3495 3669 3604 3736; x_wconf 86' lang='lat' dir='ltr'>Qui</span> <span class='ocrx_word' id='word_1_707' title='bbox 3626 3670 3881 3727; x_wconf 88' lang='lat' dir='ltr'>tandem</span> 
     </span>
    </p>
   </div>
   <div class='ocr_carea' id='block_1_101' title="bbox 2205 3758 3881 3833">
    <p class='ocr_par' dir='ltr' id='par_1_101' title="bbox 2205 3758 3881 3833">
     <span class='ocr_line' id='line_1_102' title="bbox 2205 3758 3881 3833; baseline -0.003 -15"><span class='ocrx_word' id='word_1_708' title='bbox 2205 3760 2620 3818; x_wconf 86' lang='lat' dir='ltr'>adhortatione</span> <span class='ocrx_word' id='word_1_709' title='bbox 2671 3760 2942 3833; x_wconf 85' lang='lat' dir='ltr'>ipsorum</span> <span class='ocrx_word' id='word_1_710' title='bbox 2991 3759 3380 3829; x_wconf 87' lang='lat' dir='ltr'>confortatus,</span> <span class='ocrx_word' id='word_1_711' title='bbox 3413 3758 3625 3815; x_wconf 89' lang='lat' dir='ltr'>silvam</span> <span class='ocrx_word' id='word_1_712' title='bbox 3676 3760 3881 3825; x_wconf 80' lang='lat' dir='ltr'>exivit,</span> 
     </span>
    </p>
   </div>
   <div class='ocr_carea' id='block_1_102' title="bbox 2206 3847 3880 3921">
    <p class='ocr_par' dir='ltr' id='par_1_102' title="bbox 2206 3847 3880 3921">
     <span class='ocr_line' id='line_1_103' title="bbox 2206 3847 3880 3921; baseline -0.001 -15"><span class='ocrx_word' id='word_1_713' title='bbox 2206 3855 2262 3907; x_wconf 93' lang='lat' dir='ltr'>et</span> <span class='ocrx_word' id='word_1_714' title='bbox 2306 3867 2446 3908; x_wconf 89' lang='lat' dir='ltr'>cum</span> <span class='ocrx_word' id='word_1_715' title='bbox 2486 3851 2569 3906; x_wconf 90' lang='lat' dir='ltr'>eis</span> <span class='ocrx_word' id='word_1_716' title='bbox 2618 3849 3016 3921; x_wconf 85' lang='lat' dir='ltr'>magniﬁcans</span> <span class='ocrx_word' id='word_1_717' title='bbox 3064 3854 3122 3904; x_wconf 90' lang='lat' dir='ltr'>et</span> <span class='ocrx_word' id='word_1_718' title='bbox 3168 3847 3510 3919; x_wconf 88' lang='lat' dir='ltr'>gloriﬁcans</span> <span class='ocrx_word' id='word_1_719' title='bbox 3548 3848 3880 3904; x_wconf 87' lang='lat' dir='ltr'>Dominum</span> 
     </span>
    </p>
   </div>
   <div class='ocr_carea' id='block_1_103' title="bbox 2209 3935 3882 4013">
    <p class='ocr_par' dir='ltr' id='par_1_103' title="bbox 2209 3935 3882 4013">
     <span class='ocr_line' id='line_1_104' title="bbox 2209 3935 3882 4013; baseline -0.002 -18"><span class='ocrx_word' id='word_1_720' title='bbox 2209 3957 2401 4013; x_wconf 84' lang='lat' dir='ltr'>usque</span> <span class='ocrx_word' id='word_1_721' title='bbox 2432 3939 2509 3995; x_wconf 92' lang='lat' dir='ltr'>ad</span> <span class='ocrx_word' id='word_1_722' title='bbox 2541 3938 2856 3996; x_wconf 87' lang='lat' dir='ltr'>ecclesiam</span> <span class='ocrx_word' id='word_1_723' title='bbox 2880 3940 3170 4012; x_wconf 84' lang='lat' dir='ltr'>pervenit.</span> <span class='ocrx_word' id='word_1_724' title='bbox 3204 3938 3306 3993; x_wconf 91' lang='lat' dir='ltr'>Hic</span> <span class='ocrx_word' id='word_1_725' title='bbox 3335 3941 3542 4011; x_wconf 87' lang='lat' dir='ltr'>postea</span> <span class='ocrx_word' id='word_1_726' title='bbox 3568 3935 3647 3993; x_wconf 87' lang='lat' dir='ltr'>ad</span> <span class='ocrx_word' id='word_1_727' title='bbox 3678 3943 3882 4009; x_wconf 85' lang='lat' dir='ltr'>patro-</span> 
     </span>
    </p>
   </div>
   <div class='ocr_carea' id='block_1_104' title="bbox 2207 4020 3882 4100">
    <p class='ocr_par' dir='ltr' id='par_1_104' title="bbox 2207 4020 3882 4100">
     <span class='ocr_line' id='line_1_105' title="bbox 2207 4020 3882 4100; baseline -0.002 -14"><span class='ocrx_word' id='word_1_728' title='bbox 2207 4030 2432 4086; x_wconf 89' lang='lat' dir='ltr'>cinium</span> <span class='ocrx_word' id='word_1_729' title='bbox 2460 4029 2622 4086; x_wconf 91' lang='lat' dir='ltr'>beati</span> <span class='ocrx_word' id='word_1_730' title='bbox 2652 4028 2993 4085; x_wconf 88' lang='lat' dir='ltr'>Godehardi</span> <span class='ocrx_word' id='word_1_731' title='bbox 3022 4028 3217 4094; x_wconf 91' lang='lat' dir='ltr'>venit;</span> <span class='ocrx_word' id='word_1_732' title='bbox 3250 4032 3307 4083; x_wconf 93' lang='lat' dir='ltr'>et</span> <span class='ocrx_word' id='word_1_733' title='bbox 3329 4043 3467 4100; x_wconf 65' lang='lat' dir='ltr'>qua:</span> <span class='ocrx_word' id='word_1_734' title='bbox 3498 4020 3611 4082; x_wconf 71' lang='lat' dir='ltr'>Sibi</span> <span class='ocrx_word' id='word_1_735' title='bbox 3640 4042 3758 4099; x_wconf 90' lang='lat' dir='ltr'>per</span> <span class='ocrx_word' id='word_1_736' title='bbox 3778 4026 3882 4083; x_wconf 87' lang='lat' dir='ltr'>mi-</span> 
     </span>
    </p>
   </div>
   <div class='ocr_carea' id='block_1_105' title="bbox 2206 4110 3878 4185">
    <p class='ocr_par' dir='ltr' id='par_1_105' title="bbox 2206 4110 3878 4185">
     <span class='ocr_line' id='line_1_106' title="bbox 2206 4110 3878 4185; baseline -0.002 -10"><span class='ocrx_word' id='word_1_737' title='bbox 2206 4118 2593 4175; x_wconf 90' lang='lat' dir='ltr'>sericordiam</span> <span class='ocrx_word' id='word_1_738' title='bbox 2644 4118 2743 4174; x_wconf 92' lang='lat' dir='ltr'>Dei</span> <span class='ocrx_word' id='word_1_739' title='bbox 2791 4124 2848 4175; x_wconf 90' lang='lat' dir='ltr'>et</span> <span class='ocrx_word' id='word_1_740' title='bbox 2882 4116 3042 4174; x_wconf 89' lang='lat' dir='ltr'>beati</span> <span class='ocrx_word' id='word_1_741' title='bbox 3092 4115 3429 4173; x_wconf 86' lang='lat' dir='ltr'>Godehardi</span> <span class='ocrx_word' id='word_1_742' title='bbox 3476 4110 3878 4185; x_wconf 74' lang='lat' dir='ltr'>contigerant,</span> 
     </span>
    </p>
   </div>
   <div class='ocr_carea' id='block_1_106' title="bbox 2205 4205 3879 4280">
    <p class='ocr_par' dir='ltr' id='par_1_106' title="bbox 2205 4205 3879 4280">
     <span class='ocr_line' id='line_1_107' title="bbox 2205 4205 3879 4280; baseline -0.001 -17"><span class='ocrx_word' id='word_1_743' title='bbox 2205 4207 2676 4265; x_wconf 89' lang='lat' dir='ltr'>contestantibus</span> <span class='ocrx_word' id='word_1_744' title='bbox 2706 4207 2938 4263; x_wconf 89' lang='lat' dir='ltr'>civibus</span> <span class='ocrx_word' id='word_1_745' title='bbox 2970 4207 3112 4277; x_wconf 90' lang='lat' dir='ltr'>suis,</span> <span class='ocrx_word' id='word_1_746' title='bbox 3146 4205 3249 4280; x_wconf 89' lang='lat' dir='ltr'>qui</span> <span class='ocrx_word' id='word_1_747' title='bbox 3279 4206 3483 4279; x_wconf 88' lang='lat' dir='ltr'>plures</span> <span class='ocrx_word' id='word_1_748' title='bbox 3514 4221 3635 4261; x_wconf 89' lang='lat' dir='ltr'>una</span> <span class='ocrx_word' id='word_1_749' title='bbox 3666 4222 3879 4262; x_wconf 88' lang='lat' dir='ltr'>secum</span> 
     </span>
    </p>
   </div>
   <div class='ocr_carea' id='block_1_107' title="bbox 2205 4294 3879 4366">
    <p class='ocr_par' dir='ltr' id='par_1_107' title="bbox 2205 4294 3879 4366">
     <span class='ocr_line' id='line_1_108' title="bbox 2205 4294 3879 4366; baseline -0.002 -12"><span class='ocrx_word' id='word_1_750' title='bbox 2205 4296 2590 4366; x_wconf 86' lang='lat' dir='ltr'>advenerant,</span> <span class='ocrx_word' id='word_1_751' title='bbox 2621 4295 2798 4353; x_wconf 88' lang='lat' dir='ltr'>nobis</span> <span class='ocrx_word' id='word_1_752' title='bbox 2848 4296 3135 4353; x_wconf 88' lang='lat' dir='ltr'>omnibus</span> <span class='ocrx_word' id='word_1_753' title='bbox 3183 4294 3503 4353; x_wconf 89' lang='lat' dir='ltr'>enarravit.</span> <span class='ocrx_word' id='word_1_754' title='bbox 3538 4298 3697 4361; x_wconf 82' lang='lat' dir='ltr'>Quot</span> <span class='ocrx_word' id='word_1_755' title='bbox 3738 4312 3879 4351; x_wconf 80' lang='lat' dir='ltr'>vero</span> 
     </span>
    </p>
   </div>
   <div class='ocr_carea' id='block_1_108' title="bbox 2207 4386 3878 4464">
    <p class='ocr_par' dir='ltr' id='par_1_108' title="bbox 2207 4386 3878 4464">
     <span class='ocr_line' id='line_1_109' title="bbox 2207 4386 3878 4464; baseline -0.001 -21"><span class='ocrx_word' id='word_1_756' title='bbox 2207 4403 2538 4461; x_wconf 89' lang='lat' dir='ltr'>suspensos</span> <span class='ocrx_word' id='word_1_757' title='bbox 2569 4392 2626 4443; x_wconf 93' lang='lat' dir='ltr'>et</span> <span class='ocrx_word' id='word_1_758' title='bbox 2646 4402 2779 4458; x_wconf 66' lang='lat' dir='ltr'>3am</span> <span class='ocrx_word' id='word_1_759' title='bbox 2808 4387 2867 4443; x_wconf 88' lang='lat' dir='ltr'>in</span> <span class='ocrx_word' id='word_1_760' title='bbox 2901 4386 3149 4464; x_wconf 81' lang='lat' dir='ltr'>articulo</span> <span class='ocrx_word' id='word_1_761' title='bbox 3180 4386 3389 4443; x_wconf 89' lang='lat' dir='ltr'>mortis</span> <span class='ocrx_word' id='word_1_762' title='bbox 3421 4388 3575 4441; x_wconf 91' lang='lat' dir='ltr'>Deus</span> <span class='ocrx_word' id='word_1_763' title='bbox 3614 4401 3727 4457; x_wconf 85' lang='lat' dir='ltr'>per</span> <span class='ocrx_word' id='word_1_764' title='bbox 3756 4402 3878 4442; x_wconf 88' lang='lat' dir='ltr'>mc-</span> 
     </span>
    </p>
   </div>
   <div class='ocr_carea' id='block_1_109' title="bbox 2207 4474 3881 4548">
    <p class='ocr_par' dir='ltr' id='par_1_109' title="bbox 2207 4474 3881 4548">
     <span class='ocr_line' id='line_1_110' title="bbox 2207 4474 3881 4548; baseline -0.002 -16"><span class='ocrx_word' id='word_1_765' title='bbox 2207 4476 2319 4533; x_wconf 90' lang='lat' dir='ltr'>rita</span> <span class='ocrx_word' id='word_1_766' title='bbox 2348 4475 2509 4532; x_wconf 89' lang='lat' dir='ltr'>beati</span> <span class='ocrx_word' id='word_1_767' title='bbox 2548 4474 2888 4532; x_wconf 86' lang='lat' dir='ltr'>Godehardi</span> <span class='ocrx_word' id='word_1_768' title='bbox 2929 4475 3271 4531; x_wconf 87' lang='lat' dir='ltr'>liberaverit</span> <span class='ocrx_word' id='word_1_769' title='bbox 3300 4474 3551 4544; x_wconf 85' lang='lat' dir='ltr'>longum</span> <span class='ocrx_word' id='word_1_770' title='bbox 3583 4479 3747 4531; x_wconf 86' lang='lat' dir='ltr'>esset</span> <span class='ocrx_word' id='word_1_771' title='bbox 3780 4490 3881 4548; x_wconf 86' lang='lat' dir='ltr'>per</span> 
     </span>
    </p>
   </div>
   <div class='ocr_carea' id='block_1_110' title="bbox 2209 4563 3879 4638">
    <p class='ocr_par' dir='ltr' id='par_1_110' title="bbox 2209 4563 3879 4638">
     <span class='ocr_line' id='line_1_111' title="bbox 2209 4563 3879 4638; baseline -0.004 -14"><span class='ocrx_word' id='word_1_772' title='bbox 2209 4567 2445 4637; x_wconf 88' lang='lat' dir='ltr'>singula</span> <span class='ocrx_word' id='word_1_773' title='bbox 2466 4566 2803 4623; x_wconf 89' lang='lat' dir='ltr'>describere</span> <span class='ocrx_word' id='word_1_774' title='bbox 2831 4584 2842 4621; x_wconf 91' lang='lat'><strong>:</strong></span> <span class='ocrx_word' id='word_1_775' title='bbox 2877 4565 3138 4622; x_wconf 76' lang='lat' dir='ltr'>maxime</span> <span class='ocrx_word' id='word_1_776' title='bbox 3170 4582 3308 4622; x_wconf 90' lang='lat' dir='ltr'>cum</span> <span class='ocrx_word' id='word_1_777' title='bbox 3335 4564 3510 4622; x_wconf 88' lang='lat' dir='ltr'>funes</span> <span class='ocrx_word' id='word_1_778' title='bbox 3532 4563 3766 4638; x_wconf 88' lang='lat' dir='ltr'>quibus</span> <span class='ocrx_word' id='word_1_779' title='bbox 3793 4581 3879 4619; x_wconf 85' lang='lat' dir='ltr'>su-</span> 
     </span>
    </p>
   </div>
   <div class='ocr_carea' id='block_1_111' title="bbox 2208 4653 3878 4730">
    <p class='ocr_par' dir='ltr' id='par_1_111' title="bbox 2208 4653 3878 4730">
     <span class='ocr_line' id='line_1_112' title="bbox 2208 4653 3878 4730; baseline -0.002 -18"><span class='ocrx_word' id='word_1_780' title='bbox 2208 4656 2410 4730; x_wconf 89' lang='lat' dir='ltr'>spensi</span> <span class='ocrx_word' id='word_1_781' title='bbox 2469 4655 2724 4729; x_wconf 89' lang='lat' dir='ltr'>fuerant,</span> <span class='ocrx_word' id='word_1_782' title='bbox 2783 4655 3067 4711; x_wconf 88' lang='lat' dir='ltr'>omnibus</span> <span class='ocrx_word' id='word_1_783' title='bbox 3118 4654 3180 4711; x_wconf 91' lang='lat' dir='ltr'>in</span> <span class='ocrx_word' id='word_1_784' title='bbox 3235 4653 3550 4711; x_wconf 90' lang='lat' dir='ltr'>ecclesiam</span> <span class='ocrx_word' id='word_1_785' title='bbox 3603 4658 3878 4711; x_wconf 87' lang='lat' dir='ltr'>nostram</span> 
     </span>
    </p>
   </div>
   <div class='ocr_carea' id='block_1_112' title="bbox 2207 4742 3386 4818">
    <p class='ocr_par' dir='ltr' id='par_1_112' title="bbox 2207 4742 3386 4818">
     <span class='ocr_line' id='line_1_113' title="bbox 2207 4742 3386 4818; baseline -0.002 -17"><span class='ocrx_word' id='word_1_786' title='bbox 2207 4744 2672 4802; x_wconf 88' lang='lat' dir='ltr'>adventantibus</span> <span class='ocrx_word' id='word_1_787' title='bbox 2698 4743 2930 4818; x_wconf 89' lang='lat' dir='ltr'>possint</span> <span class='ocrx_word' id='word_1_788' title='bbox 2963 4742 3386 4800; x_wconf 88' lang='lat' dir='ltr'>demonstrari.</span> 
     </span>
    </p>
   </div>
   <div class='ocr_carea' id='block_1_113' title="bbox 2278 4830 3878 4907">
    <p class='ocr_par' dir='ltr' id='par_1_113' title="bbox 2278 4830 3878 4907">
     <span class='ocr_line' id='line_1_114' title="bbox 2278 4830 3878 4907; baseline -0.004 -15"><span class='ocrx_word' id='word_1_789' title='bbox 2278 4839 2368 4893; x_wconf 84' lang='lat'>23.</span> <span class='ocrx_word' id='word_1_790' title='bbox 2394 4838 2555 4891; x_wconf 91' lang='lat' dir='ltr'>Tunc</span> <span class='ocrx_word' id='word_1_791' title='bbox 2576 4833 2864 4907; x_wconf 84' lang='lat' dir='ltr'>temporis</span> <span class='ocrx_word' id='word_1_792' title='bbox 2882 4832 3017 4889; x_wconf 71' lang='lat' dir='ltr'>dum</span> <span class='ocrx_word' id='word_1_793' title='bbox 3044 4832 3321 4889; x_wconf 85' lang='lat' dir='ltr'>mulieres</span> <span class='ocrx_word' id='word_1_794' title='bbox 3345 4831 3420 4889; x_wconf 92' lang='lat' dir='ltr'>de</span> <span class='ocrx_word' id='word_1_795' title='bbox 3437 4830 3781 4904; x_wconf 84' lang='lat' dir='ltr'>longinquo</span> <span class='ocrx_word' id='word_1_796' title='bbox 3804 4831 3878 4887; x_wconf 85' lang='lat' dir='ltr'>ad</span> 
     </span>
    </p>
   </div>
   <div class='ocr_carea' id='block_1_114' title="bbox 2206 4921 3875 4998">
    <p class='ocr_par' dir='ltr' id='par_1_114' title="bbox 2206 4921 3875 4998">
     <span class='ocr_line' id='line_1_115' title="bbox 2206 4921 3875 4998; baseline -0.003 -17"><span class='ocrx_word' id='word_1_797' title='bbox 2206 4924 2607 4998; x_wconf 89' lang='lat' dir='ltr'>patrocinium</span> <span class='ocrx_word' id='word_1_798' title='bbox 2624 4923 2783 4979; x_wconf 87' lang='lat' dir='ltr'>beati</span> <span class='ocrx_word' id='word_1_799' title='bbox 2795 4921 3132 4979; x_wconf 76' lang='lat' dir='ltr'>Godehardi</span> <span class='ocrx_word' id='word_1_800' title='bbox 3145 4926 3599 4994; x_wconf 69' lang='lat' dir='ltr'>venerunt,quze</span> <span class='ocrx_word' id='word_1_801' title='bbox 3618 4922 3875 4991; x_wconf 86' lang='lat' dir='ltr'>gratiam</span> 
     </span>
    </p>
   </div>
   <div class='ocr_carea' id='block_1_115' title="bbox 2208 5010 3878 5071">
    <p class='ocr_par' dir='ltr' id='par_1_115' title="bbox 2208 5010 3878 5071">
     <span class='ocr_line' id='line_1_116' title="bbox 2208 5010 3878 5071; baseline -0.002 -1"><span class='ocrx_word' id='word_1_802' title='bbox 2208 5014 2319 5071; x_wconf 88' lang='lat' dir='ltr'>sibi</span> <span class='ocrx_word' id='word_1_803' title='bbox 2341 5014 2419 5071; x_wconf 90' lang='lat' dir='ltr'>ab</span> <span class='ocrx_word' id='word_1_804' title='bbox 2442 5031 2513 5071; x_wconf 92' lang='lat' dir='ltr'>eo</span> <span class='ocrx_word' id='word_1_805' title='bbox 2530 5013 2807 5071; x_wconf 88' lang='lat' dir='ltr'>collatam</span> <span class='ocrx_word' id='word_1_806' title='bbox 2831 5011 3215 5069; x_wconf 88' lang='lat' dir='ltr'>devotissime</span> <span class='ocrx_word' id='word_1_807' title='bbox 3238 5011 3414 5067; x_wconf 88' lang='lat' dir='ltr'>nobis</span> <span class='ocrx_word' id='word_1_808' title='bbox 3435 5010 3727 5067; x_wconf 80' lang='lat' dir='ltr'>omnibus</span> <span class='ocrx_word' id='word_1_809' title='bbox 3748 5028 3878 5067; x_wconf 87' lang='lat' dir='ltr'>nar-</span> 
     </span>
    </p>
   </div>
   <div class='ocr_carea' id='block_1_116' title="bbox 2206 5098 3875 5175">
    <p class='ocr_par' dir='ltr' id='par_1_116' title="bbox 2206 5098 3875 5175">
     <span class='ocr_line' id='line_1_117' title="bbox 2206 5098 3875 5175; baseline -0.001 -14"><span class='ocrx_word' id='word_1_810' title='bbox 2206 5108 2504 5161; x_wconf 91' lang='lat' dir='ltr'>raverunt.</span> <span class='ocrx_word' id='word_1_811' title='bbox 2529 5107 2672 5159; x_wconf 87' lang='lat' dir='ltr'>Nam</span> <span class='ocrx_word' id='word_1_812' title='bbox 2697 5103 2881 5159; x_wconf 90' lang='lat' dir='ltr'>altera</span> <span class='ocrx_word' id='word_1_813' title='bbox 2902 5101 3416 5175; x_wconf 89' lang='lat' dir='ltr'>postimmensam</span> <span class='ocrx_word' id='word_1_814' title='bbox 3440 5098 3875 5159; x_wconf 86' lang='lat' dir='ltr'>infirmitatem.</span> 
     </span>
    </p>
   </div>
   <div class='ocr_carea' id='block_1_117' title="bbox 2209 5187 3877 5268">
    <p class='ocr_par' dir='ltr' id='par_1_117' title="bbox 2209 5187 3877 5268">
     <span class='ocr_line' id='line_1_118' title="bbox 2209 5187 3877 5268; baseline -0.005 -17"><span class='ocrx_word' id='word_1_815' title='bbox 2209 5211 2456 5251; x_wconf 91' lang='lat' dir='ltr'>omnem</span> <span class='ocrx_word' id='word_1_816' title='bbox 2473 5193 2806 5268; x_wconf 90' lang='lat' dir='ltr'>appetitum</span> <span class='ocrx_word' id='word_1_817' title='bbox 2829 5190 2945 5247; x_wconf 87' lang='lat' dir='ltr'>cibi</span> <span class='ocrx_word' id='word_1_818' title='bbox 2967 5197 3023 5246; x_wconf 88' lang='lat' dir='ltr'>et</span> <span class='ocrx_word' id='word_1_819' title='bbox 3049 5194 3226 5263; x_wconf 90' lang='lat' dir='ltr'>potus</span> <span class='ocrx_word' id='word_1_820' title='bbox 3243 5189 3461 5258; x_wconf 89' lang='lat' dir='ltr'>amisit,</span> <span class='ocrx_word' id='word_1_821' title='bbox 3485 5187 3638 5245; x_wconf 87' lang='lat' dir='ltr'>adeo</span> <span class='ocrx_word' id='word_1_822' title='bbox 3669 5195 3738 5245; x_wconf 89' lang='lat' dir='ltr'>ut</span> <span class='ocrx_word' id='word_1_823' title='bbox 3769 5207 3877 5246; x_wconf 86' lang='lat' dir='ltr'>nec</span> 
     </span>
    </p>
   </div>
   <div class='ocr_carea' id='block_1_118' title="bbox 2209 5279 3877 5356">
    <p class='ocr_par' dir='ltr' id='par_1_118' title="bbox 2209 5279 3877 5356">
     <span class='ocr_line' id='line_1_119' title="bbox 2209 5279 3877 5356; baseline -0.003 -16"><span class='ocrx_word' id='word_1_824' title='bbox 2209 5284 2413 5341; x_wconf 90' lang='lat' dir='ltr'>cibum</span> <span class='ocrx_word' id='word_1_825' title='bbox 2444 5300 2555 5340; x_wconf 91' lang='lat' dir='ltr'>nec</span> <span class='ocrx_word' id='word_1_826' title='bbox 2586 5285 2795 5356; x_wconf 87' lang='lat' dir='ltr'>potum</span> <span class='ocrx_word' id='word_1_827' title='bbox 2822 5282 2976 5337; x_wconf 90' lang='lat' dir='ltr'>intra</span> <span class='ocrx_word' id='word_1_828' title='bbox 2994 5279 3149 5336; x_wconf 90' lang='lat' dir='ltr'>duos</span> <span class='ocrx_word' id='word_1_829' title='bbox 3170 5296 3410 5336; x_wconf 88' lang='lat' dir='ltr'>menses</span> <span class='ocrx_word' id='word_1_830' title='bbox 3431 5286 3778 5353; x_wconf 81' lang='lat' dir='ltr'>sumpserit.</span> <span class='ocrx_word' id='word_1_831' title='bbox 3796 5280 3877 5335; x_wconf 75' lang='lat' dir='ltr'>\‘i-</span> 
     </span>
    </p>
   </div>
   <div class='ocr_carea' id='block_1_119' title="bbox 2211 5370 3875 5444">
    <p class='ocr_par' dir='ltr' id='par_1_119' title="bbox 2211 5370 3875 5444">
     <span class='ocr_line' id='line_1_120' title="bbox 2211 5370 3875 5444; baseline -0.004 -13"><span class='ocrx_word' id='word_1_832' title='bbox 2211 5375 2362 5432; x_wconf 89' lang='lat' dir='ltr'>dens</span> <span class='ocrx_word' id='word_1_833' title='bbox 2393 5378 2596 5430; x_wconf 91' lang='lat' dir='ltr'>autem</span> <span class='ocrx_word' id='word_1_834' title='bbox 2628 5390 2691 5429; x_wconf 88' lang='lat' dir='ltr'>se</span> <span class='ocrx_word' id='word_1_835' title='bbox 2713 5373 2896 5428; x_wconf 87' lang='lat' dir='ltr'>vitam</span> <span class='ocrx_word' id='word_1_836' title='bbox 2928 5370 3011 5426; x_wconf 88' lang='lat' dir='ltr'>sic</span> <span class='ocrx_word' id='word_1_837' title='bbox 3042 5370 3224 5441; x_wconf 86' lang='lat' dir='ltr'>longo</span> <span class='ocrx_word' id='word_1_838' title='bbox 3255 5375 3523 5443; x_wconf 89' lang='lat' dir='ltr'>tempore</span> <span class='ocrx_word' id='word_1_839' title='bbox 3546 5386 3667 5426; x_wconf 92' lang='lat' dir='ltr'>non</span> <span class='ocrx_word' id='word_1_840' title='bbox 3700 5387 3875 5444; x_wconf 81' lang='lat' dir='ltr'>posse</span> 
     </span>
    </p>
   </div>
   <div class='ocr_carea' id='block_1_120' title="bbox 2210 5530 3873 5601">
    <p class='ocr_par' dir='ltr' id='par_1_120' title="bbox 2210 5530 3873 5601">
     <span class='ocr_line' id='line_1_121' title="bbox 2210 5530 3873 5601; baseline -0.005 -7"><span class='ocrx_word' id='word_1_841' title='bbox 2210 5537 2327 5594; x_wconf 85' lang='lat' dir='ltr'>hac</span> <span class='ocrx_word' id='word_1_842' title='bbox 2370 5534 2617 5591; x_wconf 86' lang='lat' dir='ltr'>consule</span> <span class='ocrx_word' id='word_1_843' title='bbox 2643 5532 3008 5589; x_wconf 83' lang='lat' dir='ltr'>Tribemium</span> <span class='ocrx_word' id='word_1_844' title='bbox 3056 5532 3119 5588; x_wconf 90' lang='lat' dir='ltr'>in</span> <span class='ocrx_word' id='word_1_845' title='bbox 3149 5531 3440 5590; x_wconf 87' lang='lat' dir='ltr'>Chronico</span> <span class='ocrx_word' id='word_1_846' title='bbox 3469 5530 3873 5601; x_wconf 84' lang='lat' dir='ltr'>Hirsaugiensi</span> 
     </span>
    </p>
   </div>
   <div class='ocr_carea' id='block_1_121' title="bbox 2210 5602 3872 5678">
    <p class='ocr_par' dir='ltr' id='par_1_121' title="bbox 2210 5602 3872 5678">
     <span class='ocr_line' id='line_1_122' title="bbox 2210 5602 3872 5678; baseline -0.005 -12"><span class='ocrx_word' id='word_1_847' title='bbox 2210 5610 2291 5667; x_wconf 88' lang='lat' dir='ltr'>ad</span> <span class='ocrx_word' id='word_1_848' title='bbox 2318 5622 2549 5664; x_wconf 89' lang='lat' dir='ltr'>annum</span> <span class='ocrx_word' id='word_1_849' title='bbox 2582 5610 2738 5673; x_wconf 76' lang='grc'>1107,</span> <span class='ocrx_word' id='word_1_850' title='bbox 2770 5605 2873 5678; x_wconf 81' lang='lat' dir='ltr'>ubi</span> <span class='ocrx_word' id='word_1_851' title='bbox 2904 5606 3134 5678; x_wconf 84' lang='lat' dir='ltr'>primus</span> <span class='ocrx_word' id='word_1_852' title='bbox 3182 5602 3376 5678; x_wconf 83' lang='lat' dir='ltr'>abbas</span> <span class='ocrx_word' id='word_1_853' title='bbox 3423 5602 3645 5659; x_wconf 88' lang='lat' dir='ltr'>dicitur</span> <span class='ocrx_word' id='word_1_854' title='bbox 3698 5605 3872 5660; x_wconf 77' lang='lat' dir='ltr'>fuisse</span> 
     </span>
    </p>
   </div>
   <div class='ocr_carea' id='block_1_122' title="bbox 2213 5673 3382 5748">
    <p class='ocr_par' dir='ltr' id='par_1_122' title="bbox 2213 5673 3382 5748">
     <span class='ocr_line' id='line_1_123' title="bbox 2213 5673 3382 5748; baseline -0.006 -11"><span class='ocrx_word' id='word_1_855' title='bbox 2213 5685 2523 5748; x_wconf 79' lang='lat' dir='ltr'>Gcrungus</span> <span class='ocrx_word' id='word_1_856' title='bbox 2553 5676 2887 5732; x_wconf 88' lang='lat' dir='ltr'>monachus</span> <span class='ocrx_word' id='word_1_857' title='bbox 2904 5673 3382 5748; x_wconf 63' lang='lat' dir='ltr'>&#39;tlirsaugiensis.</span> 
     </span>
    </p>
   </div>
   <div class='ocr_carea' id='block_1_123' title="bbox 2285 5744 3874 5823">
    <p class='ocr_par' dir='ltr' id='par_1_123' title="bbox 2285 5744 3874 5823">
     <span class='ocr_line' id='line_1_124' title="bbox 2285 5744 3874 5823; baseline -0.003 -16"><span class='ocrx_word' id='word_1_858' title='bbox 2285 5752 2393 5823; x_wconf 82' lang='grc'>(87)</span> <span class='ocrx_word' id='word_1_859' title='bbox 2416 5744 2650 5823; x_wconf 62' lang='grc' dir='ltr'>Ἦειεςῇει</span> <span class='ocrx_word' id='word_1_860' title='bbox 2676 5748 3002 5823; x_wconf 61' lang='lat' dir='ltr'>Germania;</span> <span class='ocrx_word' id='word_1_861' title='bbox 3033 5744 3345 5823; x_wconf 51' lang='lat' dir='ltr'>provincia</span> <span class='ocrx_word' id='word_1_862' title='bbox 3381 5763 3455 5823; x_wconf 76' lang='lat' dir='ltr'>ex</span> <span class='ocrx_word' id='word_1_863' title='bbox 3478 5744 3709 5805; x_wconf 84' lang='lat' dir='ltr'>circulo</span> <span class='ocrx_word' id='word_1_864' title='bbox 3738 5747 3874 5804; x_wconf 74' lang='lat' dir='ltr'>Illic-</span> 
     </span>
    </p>
   </div>
   <div class='ocr_carea' id='block_1_124' title="bbox 2215 5813 3517 5894">
    <p class='ocr_par' dir='ltr' id='par_1_124' title="bbox 2215 5813 3517 5894">
     <span class='ocr_line' id='line_1_125' title="bbox 2215 5813 3517 5894; baseline -0.002 -14"><span class='ocrx_word' id='word_1_865' title='bbox 2215 5813 2300 5893; x_wconf 69' lang='lat' dir='ltr'>ni,</span> <span class='ocrx_word' id='word_1_866' title='bbox 2323 5813 2495 5893; x_wconf 83' lang='lat' dir='ltr'>cujus</span> <span class='ocrx_word' id='word_1_867' title='bbox 2519 5819 2821 5894; x_wconf 86' lang='lat' dir='ltr'>principes</span> <span class='ocrx_word' id='word_1_868' title='bbox 2852 5813 3185 5890; x_wconf 52' lang='lat' dir='ltr'>Lantg&#39;ravii</span> <span class='ocrx_word' id='word_1_869' title='bbox 3214 5816 3517 5877; x_wconf 89' lang='lat' dir='ltr'>dicuntur.</span> 
     </span>
    </p>
   </div>
  </div>
