3944 6398
99 313 220 372 l'2l7

1700 306 1884 363 VITA.

3373 315 3510 375 1218

90 439 340 505 retinere,
373 436 845 493 misericordiam
876 436 1034 492 beati
1084 436 1423 493 Godehardi
1453 434 1735 508 implora-
1769 435 1814 490 Α
1848 432 1989 496 Qua!
2015 431 2162 490 dum
2194 437 2276 491 sic
2307 437 2668 506 anxiaretur,
2704 438 2926 495 factum
2975 444 3063 496 est
3108 445 3173 496 ut
3221 442 3510 513 parvulus

88 529 182 595 vit,
209 532 262 584 et
287 526 605 599 pristinum
633 530 856 582 statum
887 525 1127 597 recepit.
1164 526 1362 584 Altera
1387 542 1548 592 vero,
1597 539 1739 580 cum

87 619 257 686 longo
285 622 550 688 tempore
580 615 806 670 lumine
837 620 995 671 esset
1019 616 1269 688 privata,
1290 616 1348 672 iu
1381 616 1497 684 via,
1531 614 1588 670 in
1615 629 1739 685 qua

90 708 160 762 ad
187 705 578 780 patrocinium
606 705 762 761 beati
791 705 1128 761 Godebardi
1157 706 1464 778 pergebat,
1499 709 1585 760 est
1611 703 1738 759 illu-

91 797 322 852 minata.

153 890 234 941 2i.
277 885 400 942 Fuit
424 901 564 941 vero
594 884 806 940 iisdem
835 885 1203 958 temporibus
1234 885 1295 940 in
1318 884 1601 941 Mindensi
1624 887 1736 954 (88)

87 975 424 1049 episcopatu
452 975 542 1030 vir
571 974 822 1046 quidam
843 974 1256 1030 diemoniacus
1283 975 1435 1030 adeo
1452 975 1736 1030 obsessus

88 1069 144 1120 ut
170 1064 264 1120 vix
288 1063 491 1137 plures
535 1080 674 1119 cum
700 1064 1038 1135 retinerent,
1068 1065 1214 1137 quin
1265 1083 1326 1120 se
1357 1065 1559 1137 ipsum
1589 1063 1737 1119 inte-

84 1154 311 1210 rimeret
339 1160 396 1209 et
423 1153 571 1209 alios
602 1154 732 1208 neci
762 1153 1036 1210 traderet.
1057 1155 1154 1210 Hic
1178 1155 1420 1210 tandem
1453 1154 1736 1210 manibus

85 1251 210 1317 post
246 1249 478 1311 tergum
507 1243 701 1314 ligatis
754 1249 812 1300 et
865 1244 1122 1316 pedibus
1155 1246 1577 1310 concatenatis,
1632 1260 1739 1316 per

85 1339 347 1408 parentes
399 1351 543 1389 suos
599 1335 676 1389 ad
733 1334 1134 1407 patrocinium
1191 1335 1349 1390 beati
1399 1334 1738 1391 Godehardi

81 1424 405 1490 deducitur,
439 1425 691 1497 ejusque
714 1423 1002 1480 auxilium
1041 1424 1119 1480 ab
1167 1425 1450 1479 omnibus
1475 1422 1736 1479 humilli-

83 1530 170 1568 me
194 1513 564 1587 imploratur.
599 1512 887 1568 Dominus
920 1529 1061 1568 vero
1094 1530 1259 1580 suus,
1294 1513 1600 1569 llezelinus
1632 1530 1738 1569 no-

81 1602 251 1666 mine,
285 1602 496 1657 videns
527 1618 832 1657 summam
871 1602 1000 1672 ejus
1039 1603 1414 1657 vexationem
1445 1618 1514 1658 ac
1546 1602 1735 1658 maxi-

80 1709 235 1748 mam
261 1691 727 1758 tribulationem,
778 1691 1056 1747 misertus
1110 1693 1239 1762 ejus
1287 1693 1488 1764 ipsum
1519 1709 1736 1749 manu-

1845 520 2032 592 ipsius
2063 522 2283 580 inscius
2311 527 2564 584 domum
2591 527 2992 597 egrederetur,
3023 535 3275 601 portans
3296 530 3511 604 panni-

1847 609 2070 678 culum,
2101 629 2285 684 quem
2316 615 2374 670 in
2408 615 2607 688 platea
2648 616 2976 684 invenerat,
3035 617 3097 673 in
3148 635 3272 690 quo
3320 623 3512 676 mater

1845 714 2064 756 novem
2090 718 2394 771 nummos,
2427 705 2598 778 quasi
2633 707 2930 762 nesciente
2954 722 3145 779 puero
3189 709 3337 781 quid
3369 724 3512 779 age-

1845 793 1953 856 ret,
1984 793 2335 863 reperiebat.
2373 794 2472 850 His
2493 795 2574 852 ita
2598 796 2798 866 gestis,
2829 795 3041 852 laudes
3082 799 3200 853 Deo
3245 802 3302 854 et
3328 797 3511 855 beato

1847 877 2202 937 Godehardo
2232 883 2535 954 persolvit,
2587 885 2692 956 qui
2745 887 2802 940 et
2856 883 3050 957 ipsam
3097 885 3176 941 ab
3215 886 3513 942 anxietate

1847 965 2078 1038 eripuit,
2111 973 2168 1025 et
2197 985 2439 1026 omnem
2470 971 2840 1029 dubietatem
2881 989 2918 1028 a
2967 973 3148 1030 corde
3197 973 3388 1046 ipsius
3414 990 3513 1030 ex-

1847 1055 2135 1128 stirpavit.

1915 1148 2004 1199 27.
2047 1145 2211 1203 Circa
2238 1147 2397 1204 idem
2425 1155 2663 1222 tempus
2695 1150 2802 1206 fuit
2855 1167 3006 1224 puer
3053 1151 3115 1207 in
3160 1153 3514 1225 episcopatu

1845 1233 2129 1291 Mindensi
2180 1237 2242 1292 in
2303 1238 2464 1310 villa,
2519 1256 2656 1311 quae
2711 1241 3082 1310 Lauesberge
3151 1242 3511 1316 appellatur,

1845 1323 2097 1380 claudus
2119 1332 2175 1382 et
2203 1329 2356 1384 miro
2383 1329 2566 1385 modo
2594 1335 2955 1388 contractus.
3009 1332 3178 1388 Hunc
3233 1337 3520 1404 parentes.

1844 1412 2051 1485 ipsius,
2083 1414 2216 1472 licet
2245 1433 2566 1490 pauperes,
2596 1419 2670 1474 ad
2707 1420 3108 1492 patrocinium
3129 1421 3289 1477 beati
3320 1421 3512 1478 Gode-

1845 1503 2015 1558 hardi
2047 1505 2448 1576 adduxerunt,
2476 1513 2533 1564 et
2553 1524 2660 1580 pro
2691 1510 2821 1580 ejus
2856 1510 3109 1566 sanitate
3151 1527 3513 1584 recuperan-

1844 1594 1925 1649 da
1956 1594 2346 1652 devotissime
2372 1598 2846 1656 misericordiam
2867 1600 3054 1672 ipsius
3085 1600 3509 1674 implorabant.

1847 1684 1960 1740 Sed
1985 1684 2134 1740 dum
2163 1686 2603 1758 aliquantulum
2633 1705 2868 1744 moram
2899 1688 3293 1759 facerent,nec
3319 1690 3512 1747 ullum

79 1782 246 1850 misit,
280 1799 348 1838 ac
381 1798 622 1838 servum
674 1782 852 1838 beato
900 1781 1255 1838 Godehardo
1304 1783 1562 1837 tradidit.
1609 1786 1736 1849 Quo
1773 1788 1816 1839 Β
1845 1775 2178 1846 Promotum
2207 1777 2268 1832 in
2294 1793 2482 1850 puero
2512 1779 2800 1851 viderent,
2831 1779 2906 1835 ad
2939 1780 3215 1852 proprias
3245 1781 3511 1838 mansio-

81 1872 247 1938 facto,
282 1871 480 1928 statim
509 1872 824 1928 sanitatem
849 1872 1090 1944 recepit,
1135 1877 1190 1927 et
1219 1888 1357 1927 cum
1390 1873 1736 1944 parentibus

82 1961 221 2031 suis,
255 1961 461 2017 solutis
490 1961 762 2031 vinculis,
795 1961 1021 2031 integer
1051 1967 1107 2018 et
1135 1961 1453 2018 incolumis
1482 1962 1737 2018 domum

82 2050 374 2106 remeavit.

147 2144 231 2194 :25.
276 2139 401 2195 Sub
431 2139 646 2195 eodem
678 2143 945 2212 tempore
971 2139 1130 2194 venit
1180 2139 1240 2195 in
1285 2140 1598 2197 ecclesiam
1628 2157 1736 2197 no-

85 2233 261 2284 stram
291 2228 383 2284 vir
408 2228 663 2301 quidam
696 2245 934 2297 magnae
964 2229 1326 2300 paenitentiae
1347 2235 1402 2286 et
1432 2232 1739 2288 austerita-

85 2317 149 2371 tis
178 2317 279 2390 qui
309 2335 418 2391 per
440 2317 629 2374 multa
658 2323 930 2390 tempora
961 2335 1203 2375 carnem
1233 2337 1408 2376 suam
1437 2321 1652 2391 vigiliis
1683 2327 1739 2378 et

77 2406 311 2477 jejuniis
339 2408 713 2476 domaverat,
742 2407 895 2464 adeo
935 2414 998 2465 ut
1027 2414 1082 2465 et
1112 2409 1359 2466 loricam
1386 2411 1630 2466 indutus
1661 2412 1738 2468 ad

81 2510 313 2552 carnem
340 2502 622 2569 portaret.
657 2497 758 2553 Hic
786 2514 924 2553 cum
955 2498 1166 2554 devote
1225 2516 1429 2555 coram
1480 2506 1737 2573 patrono

78 2590 276 2641 nostro
327 2587 703 2642 orationibus
759 2587 1069 2653 insisteret,
1118 2587 1321 2643 multis
1374 2588 1736 2659 videntibus,

79 2689 180 2744 per
207 2676 466 2745 gratiam
498 2676 620 2746 Dei,
648 2675 831 2732 lorica
859 2676 1034 2747 quasi
1065 2675 1181 2732 tela
1219 2692 1456 2733 araneae
1497 2678 1740 2751 dirupta

79 2767 180 2830 est,
212 2767 267 2819 et
292 2779 490 2836 usque
545 2764 624 2819 ad
677 2768 896 2819 terram
947 2763 1200 2836 dilapsa.
1247 2767 1289 2820 Ο
1337 2765 1535 2821 virum
1573 2767 1739 2822 omni

78 2849 250 2908 laude
278 2853 728 2923 dignissimum,
760 2853 934 2925 cujus
970 2855 1190 2909 meritis
1241 2860 1295 2911 et
1324 2855 1559 2911 vincula
1598 2872 1737 2928 pec-

79 2947 344 2999 catorum
371 2943 852 3017 disrumpuntur,
881 2948 938 3000 et
965 2944 1235 3014 ligaturas
1280 2945 1481 3000 terrete
1531 2946 1739 3002 dissol-

79 3035 292 3086 vuntur
323 3031 335 3086 Ι

144 3123 230 3177 ‘26.
275 3120 550 3177 Habebat
575 3126 714 3177 tunc
754 3122 1041 3194 temporis
1071 3122 1380 3180 abbatissa
1429 3125 1503 3180 de
1546 3125 1738 3180 Wun-
1770 3148 1810 3203 (ι

80 3209 247 3264 storﬂ‘
271 3213 385 3279 8‘0)
417 3210 702 3266 claudum
732 3211 1063 3284 quemdam
1090 3212 1263 3268 valde
1302 3213 1583 3285 debilem,
1636 3216 1741 3287 qui

77 3299 320 3356 omnino
343 3318 415 3356 os
446 3301 508 3356 in
539 3317 698 3371 genu
735 3301 1034 3368 amiserat,
1068 3306 1124 3357 et
1153 3319 1288 3357 erus
1320 3303 1377 3359 in
1408 3321 1741 3376 quamcun-

77 3401 190 3458 que
214 3394 449 3462 partem
479 3390 734 3456 volebat,
765 3391 941 3462 quasi
979 3391 1104 3446 sine
1147 3391 1428 3462 junctura
1454 3395 1736 3452 vertebat.

76 3477 237 3533 Tunc
269 3477 754 3546 abbatissa,cum
785 3484 949 3536 tanta
981 3480 1269 3537 miracula
1295 3498 1401 3553 per
1416 3489 1739 3554 patronum

77 3573 340 3624 nostrum
373 3568 503 3624 fieri
532 3569 880 3642 perciperet,
924 3587 1129 3626 secum
1174 3571 1528 3643 praedictum
1577 3574 1739 3628 clau-

73 3655 214 3713 dum
243 3674 439 3732 usque
465 3658 545 3714 ad
570 3658 780 3715 limina
808 3659 1043 3731 patroni
1072 3660 1257 3715 nostri
1303 3661 1600 3732 perduxit,
1659 3667 1736 3731 et,

74 3747 188 3802 Deo
219 3747 496 3818 faciente,
530 3765 748 3804 sanum
795 3753 853 3804 et
895 3748 1260 3804 incolumem
1313 3750 1566 3807 reduxit.
1624 3753 1738 3809 Sed

69 3852 205 3892 cum
227 3837 307 3894 ad
339 3836 659 3894 ecclesiam
686 3837 801 3893 sibi
832 3839 1222 3894 commissam
1252 3845 1563 3910 remearet,
1598 3857 1737 3896 cum

68 3927 308 3997 hymnis
341 3933 400 3984 et
427 3927 732 3999 laudibus,
764 3943 905 3983 eum
946 3928 1183 3984 reduxit
1225 3929 1488 3984 referens
1517 3929 1738 3998 gratias

66 4019 183 4072 Deo
204 4033 316 4091 pro
343 4018 513 4074 omni
539 4018 702 4074 dono
734 4017 845 4073 sibi
876 4017 1111 4074 collato.
1141 4021 1270 4075 Ηωο
1293 4019 1500 4074 videns
1526 4020 1739 4077 mulier

65 4107 350 4178 quaedam
381 4108 586 4163 minus
612 4107 910 4177 religiosa,
969 4124 1078 4164 nec
1133 4109 1456 4165 Dominum
1499 4111 1734 4179 timens,

64 4195 120 4251 in
153 4197 280 4252 haec
314 4197 505 4253 verba
532 4197 808 4270 prorupit
840 4214 851 4251 :
885 4199 955 4254 Se
985 4213 1303 4270 nunquam
1341 4198 1492 4255 velle
1538 4205 1738 4272 patro-

63 4281 217 4339 cinia
263 4284 428 4342 beati
478 4285 812 4341 Godehardi
868 4286 1213 4358 implorare,
1293 4287 1406 4343 nisi
1479 4306 1735 4362 puerum

61 4373 399 4442 quemdam
426 4373 710 4429 omnibus
753 4375 1040 4429 membris
1095 4375 1491 4444 debilitatum,
1551 4395 1734 4451 quem

1845 1880 1952 1920 nes
2007 1865 2198 1921 redire
2247 1867 2568 1939 parabant,
2615 1869 2760 1941 quia
2809 1885 2872 1924 se
2927 1869 3198 1927 exaudiri
3227 1868 3512 1944 deinceps

1845 1954 2222 2012 dubitabant.
2258 1958 2371 2013 Sed
2397 1958 2543 2013 dum
2571 1975 2758 2031 prope
2789 1958 2870 2015 ad
2899 1959 3126 2029 villam,
3153 1977 3290 2033 quae
3320 1963 3522 2016 Rune-.

1844 2043 2026 2114 berge
2058 2046 2414 2118 appellatur,
2447 2048 2774 2116 venissent,
2834 2053 2891 2104 ct
2943 2050 3002 2105 in
3030 2050 3302 2122 quodam
3339 2053 3513 2123 prato

1847 2151 1907 2189 se
1939 2135 2246 2206 quieturos
2302 2137 2768 2210 disposuissent,
2821 2140 2882 2194 in
2931 2138 3276 2212 lacrymosa
3327 2140 3516 2196 verba

1845 2232 2268 2298 proruperunt,
2287 2231 2720 2300 conquerentes
2753 2244 2815 2283 se
2835 2228 2895 2283 in
2921 2228 3110 2284 multa
3135 2228 3515 2300 tribulatione

1847 2315 1925 2371 ad
1953 2316 2353 2388 patrocinium
2382 2317 2541 2374 beati
2572 2317 2912 2374 Godehardi
2937 2318 3194 2389 venisse,
3250 2318 3357 2374 sed
3384 2319 3517 2375 nul-

1846 2404 1970 2460 lam
2001 2406 2256 2475 gratiam
2281 2407 2342 2462 in
2374 2423 2563 2480 puero
2593 2424 2702 2464 suo
2730 2409 3091 2481 percepisse.
3119 2409 3230 2474 Qui
3256 2409 3405 2464 dum
3429 2409 3514 2464 sic

1848 2495 2347 2568 colloquerentur,
2377 2497 2573 2554 subito
2599 2513 2750 2570 puer
2794 2498 3092 2566 membra,
3151 2515 3289 2570 quae
3336 2503 3516 2555 antea

1848 2586 2083 2642 fuerant
2111 2586 2439 2654 incurvata,
2472 2587 2736 2643 extendit
2773 2592 2829 2643 et
2858 2587 2933 2643 de
2963 2604 3143 2644 curru
3173 2588 3233 2643 in
3261 2603 3384 2659 quo
3413 2604 3514 2643 νει

1848 2675 2102 2731 hebatur
2125 2675 2295 2732 laetus
2320 2681 2377 2733 et
2405 2692 2594 2732 ovans
2626 2677 2916 2749 prosiluit.
2960 2678 3130 2742 Quod
3183 2682 3511 2750 postquam

1850 2781 1995 2834 gens
2027 2765 2222 2822 vicina
2259 2766 2507 2831 viderat,
2557 2766 2712 2822 illico
2770 2766 3134 2822 unanimiter
3184 2766 3512 2822 Dominum

1849 2855 2294 2925 collaudabant,
2328 2861 2384 2911 ct
2413 2856 2489 2910 ad
2520 2856 2860 2928 proximam
2894 2855 3209 2912 ecclesiam
3251 2872 3512 2928 puerum

1850 2949 2128 3001 sanatum
2157 2944 2540 3000 devotissime
2568 2944 2967 3001 deducebant.
3027 2945 3142 3001 Sed
3171 2961 3246 3000 ne
3278 2949 3513 3002 tantum

1849 3035 2209 3090 miraculum
2238 3035 2298 3090 in
2325 3034 2690 3092 oblivionem
2717 3036 3068 3102 traderetur,
3122 3035 3181 3090 in
3229 3035 3514 3107 praedicto

1849 3124 1982 3182 loco
2012 3141 2217 3181 casam
2247 3125 2583 3197 quamdam
2609 3123 3149 3197 comprovinciales
3179 3124 3512 3195 erigebant,
3537 3173 3542 3176 .

1852 3215 1954 3270 ubi
1974 3215 2180 3270 lideles
2210 3218 2637 3287 praetereuntes
2666 3215 2725 3270 in
2748 3213 3080 3270 reverentia
3117 3213 3290 3270 istius
3337 3214 3514 3270 mira.-

1851 3304 1969 3360 culi
1996 3309 2134 3376 post
2162 3304 2351 3360 multo
2376 3309 2640 3376 tempore
2671 3302 3006 3359 oblationes
3035 3302 3404 3360 deferebant.

1920 3396 2009 3449 28.
2052 3393 2178 3449 Fuit
2206 3394 2346 3448 item
2378 3392 2628 3448 claudus
2673 3391 2922 3463 quidam
2979 3391 3092 3445 illis
3137 3392 3513 3464 temporibus

1849 3483 1908 3538 in
1932 3483 2200 3539 Goslaria
2227 3484 2337 3554 (90)
2367 3482 2650 3538 omnibus
2675 3486 2874 3549 notus,
2907 3481 3010 3552 qui
3044 3484 3099 3536 et
3128 3481 3256 3553 ipse
3287 3497 3399 3553 pro
3424 3497 3515 3537 re-

1849 3572 2195 3645 euperanda
2246 3571 2496 3626 sanitate
2550 3570 2628 3625 ad
2679 3569 2925 3625 beatum
2975 3569 3402 3625 Godehardum
3448 3587 3512 3626 se

1850 3661 2278 3727 contuleratet,
2313 3659 2564 3715 Domino
2595 3659 2940 3728 adjuvante,
2989 3657 3308 3714 sanitatem
3359 3659 3511 3715 reci-

1848 3751 2069 3824 piebat,
2105 3749 2256 3805 adeo
2287 3753 2352 3804 ut
2393 3747 2655 3804 seabella
2704 3747 2929 3820 quibus
2986 3752 3163 3803 antea
3209 3747 3508 3820 reptabat,

1847 3840 2022 3913 quasi
2047 3839 2107 3895 in
2139 3840 2376 3908 signum
2405 3837 2732 3907 memoriae,
2759 3838 2822 3893 in
2871 3837 3122 3894 ecclesia
3163 3842 3370 3894 nostra
3405 3837 3511 3894 de-
3543 3883 3546 3886 λ

1846 3930 2206 4002 relinqueret
2236 3932 2292 3984 et
2331 3927 2458 4000 ipse
2484 3933 2714 3984 erectus
2761 3927 3078 3984 incederet.
3134 3929 3255 3983 Hoc
3309 3927 3514 4000 plures

1847 4019 2107 4090 religiosi
2163 4018 2318 4073 illius
2373 4018 2625 4073 civitatis
2679 4018 2789 4074 viri
2833 4017 3117 4073 omnibus
3160 4017 3517 4074 ﬁducialiter

1847 4108 2254 4175 afﬁrmabant,
2278 4107 2383 4180 qui
2417 4122 2525 4180 per
2550 4106 2738 4164 multa
2763 4111 3038 4179 tempora
3059 4121 3199 4162 eum
3229 4105 3516 4163 claudum

1849 4197 2280 4268 agnoscebant.

1917 4291 2004 4345 29.
2051 4287 2180 4343 Fuit
2209 4302 2351 4341 vero
2381 4290 2520 4341 tunc
2571 4285 2853 4356 temporis
2901 4285 2962 4340 in
3018 4283 3172 4352 loco,
3207 4283 3517 4356 territorio

1846 4378 2108 4435 ecclesiae
2138 4381 2355 4433 nostra;
2385 4375 2647 4440 addicto,
2677 4374 2781 4446 qui
2810 4374 3017 4430 Aulica
3046 4373 3402 4447 appellatur,
3424 4375 3516 4431 vir

61 4465 200 4516 tunc
259 4464 550 4536 temporis
605 4463 666 4519 in
718 4463 918 4536 platea
965 4469 1298 4537 reptantem
1359 4467 1526 4539 vidit,
1571 4474 1731 4524 recto
1771 4508 1814 4561 Β
1844 4473 2023 4534 tantm
2055 4465 2425 4535 aegritudinis
2458 4464 2520 4520 in
2546 4463 2895 4535 morbo,qui
2923 4463 3124 4520 ﬁstula
3155 4463 3512 4561 appellatur,

60 4565 271 4620 gressu
297 4553 532 4608 videret
560 4552 852 4609 incedere.
889 4556 1133 4609 Factum
1172 4560 1260 4610 est
1285 4555 1466 4625 igitur
1514 4563 1576 4612 ut
1622 4574 1730 4630 pa-

60 4645 254 4696 rentes
286 4641 482 4713 ipsius
515 4642 704 4714 pueri,
736 4648 876 4715 post
899 4659 1128 4715 paucos
1167 4644 1295 4701 dies
1344 4644 1424 4701 ad
1475 4646 1732 4717 patroci-

58 4729 229 4786 nium
259 4730 426 4787 beati
458 4731 795 4788 Godehardi
825 4749 964 4788 eum
990 4733 1304 4802 deferrent,
1332 4739 1388 4790 et
1410 4735 1581 4791 factis
1607 4752 1738 4793 ora-

59 4819 328 4876 tionibus
361 4837 475 4894 pro
505 4822 657 4894 ipso,
691 4838 908 4878 sanum
940 4828 997 4878 et
1017 4824 1290 4880 incedere
1318 4824 1612 4882 valentem
1651 4843 1737 4884 re-

59 4910 348 4982 ciperent.
386 4911 560 4976 Quod
581 4917 908 4985 postquam
939 4912 1084 4969 vidit
1110 4914 1359 4987 praefata
1387 4916 1620 4983 mulier,
1664 4935 1737 4973 ex

56 5000 258 5055 verbis
288 5000 606 5057 temerarie
635 5001 902 5074 prolatis,
936 5002 1115 5059 corde
1147 5003 1398 5059 contrito
1442 5009 1498 5060 et
1545 5005 1739 5062 humi-

55 5087 200 5145 liato
231 5090 534 5164 paenituit,
550 5095 606 5147 et
626 5108 688 5147 se
714 5092 1093 5150 visitaturam
1116 5098 1438 5166 patronum
1461 5100 1736 5152 nostrum

57 5180 316 5236 Domino
350 5181 536 5236 vovit.
565 5182 688 5237 Hoc
719 5181 894 5252 facto,
956 5199 1030 5239 ex
1071 5183 1194 5238 imo
1237 5183 1434 5238 cordis
1483 5185 1736 5258 suspiria

55 5268 247 5337 duxit,
282 5269 682 5327 considerans
713 5271 828 5327 sibi
852 5272 1194 5328 necessaria
1224 5271 1334 5327 vise
1367 5272 1594 5343 deesse,
1643 5274 1739 5330 vel

55 5359 218 5415 unde
247 5358 462 5432 pueris
493 5375 567 5416 ex
588 5375 650 5416 se
683 5361 901 5430 genitis
933 5360 1103 5417 domi
1154 5361 1344 5434 possit
1399 5363 1733 5435 providere.

125 5593 244 5664 (88)
275 5590 492 5664 Minda
523 5589 667 5664 urbs
697 5592 1070 5664 Westphaliae
1093 5596 1429 5662 Anzeatica,
1463 5595 1606 5652 olim
1625 5595 1736 5652 sub

53 5658 333 5737 dominio
367 5663 596 5737 preprii
628 5658 915 5737 episcopi,
948 5681 1096 5737 pace
1127 5658 1592 5736 Monasteriensi,
1619 5668 1736 5724 ele-

54 5735 204 5790 ctori
239 5734 738 5804 Brandeburgico
760 5734 901 5791 data
917 5734 1022 5793 est.

125 5806 241 5882 (89)
289 5806 721 5864 Monasterium
749 5807 811 5864 in
841 5807 1085 5865 dicecesi
1131 5809 1422 5870 Mindensi
1465 5827 1501 5868 a
1550 5809 1743 5868 Theo-

1845 4564 1909 4614 ut
1927 4559 2055 4628 jam
2079 4555 2328 4610 omnino
2359 4553 2545 4610 vitam
2574 4553 2950 4624 desperaret;
2979 4552 3123 4624 quia
3160 4551 3394 4608 nodum
3427 4553 3514 4609 fe-

1844 4646 2028 4704 moris
2051 4645 2112 4700 in
2135 4644 2418 4715 junctura
2449 4646 2585 4698 ante
2617 4641 2880 4714 positum
2911 4641 3214 4708 amiserat,
3246 4645 3304 4698 et
3344 4646 3516 4699 caete-

1843 4754 1976 4794 ram
2024 4739 2254 4809 partem
2297 4734 2428 4805 jam
2479 4749 2543 4789 se
2587 4732 2957 4788 amissurum
3003 4731 3271 4787 timebat.
3307 4729 3406 4788 llic
3434 4731 3515 4789 ad

1845 4825 2245 4900 patrocinium
2270 4822 2428 4879 beati
2458 4821 2797 4879 Godehardi
2842 4836 2975 4877 sese
3032 4820 3246 4876 deferri
3288 4835 3512 4892 praece-

1846 4916 1951 4988 pit,
1983 4919 2038 4970 et
2065 4913 2380 4968 sanitatem
2429 4910 2721 4984 corporis,
2780 4913 2899 4966 Deo
2953 4908 3224 4978 faciente,
3266 4907 3508 4982 recepit.

1847 5008 1983 5064 Post
2011 5005 2139 5059 haec
2167 5003 2424 5071 nodum,
2469 5017 2654 5073 quem
2702 5004 2880 5056 antea
2928 5014 3113 5054 manu
3144 4997 3390 5067 ferebat,
3449 4998 3514 5055 in

1849 5094 2091 5163 signum
2120 5091 2392 5148 miraculi
2417 5090 2638 5146 etdoni
2668 5089 2781 5146 sibi
2832 5105 2867 5144 a
2909 5087 3160 5144 Domino
3201 5087 3416 5156 collati,
3449 5087 3514 5144 in

1847 5182 2160 5239 ecclesiam
2185 5179 2473 5254 suspendi
2495 5179 2690 5252 jussit,
2737 5195 2808 5236 ac
2849 5177 3065 5234 deinde
3097 5177 3269 5234 laetus
3308 5182 3368 5235 et
3393 5178 3515 5236 ala-

1847 5289 1945 5329 cer
1972 5272 2226 5328 domum
2257 5269 2562 5326 remeavit.

1917 5367 2005 5419 30.
2048 5362 2215 5420 Circa
2245 5361 2405 5417 idem
2433 5365 2669 5432 tempus
2697 5359 2804 5416 fuit
2827 5362 3106 5416 matrona
3131 5359 3417 5434 quaedam
3437 5359 3515 5418 de

1846 5595 2047 5652 derico
2079 5595 2208 5666 ejus
2230 5594 2394 5650 urbis
2424 5593 2707 5666 episcopo
2739 5591 3070 5650 conditum.

1921 5667 2029 5738 (90)
2071 5665 2334 5723 Gestaria
2365 5665 2954 5738 urbsicstiinfcrioris
2984 5667 3256 5724 SaxOniae
3307 5666 3399 5738 sui
3420 5665 3512 5738 ju-

1844 5737 1948 5813 ris,
1978 5737 2060 5813 ad
2089 5739 2283 5813 fontes
2314 5737 2762 5813 rireﬂuviiJn
2792 5738 3018 5813 ducatu
3045 5737 3508 5813 Brunswicensi,

1845 5811 2012 5868 haub
2038 5810 2249 5884 procul
2277 5809 2356 5869 ab
2382 5808 2782 5870 Hildeshemio
2805 5809 3030 5868 dissita.
