3944 6388
429 253 566 358 1219

1365 299 1422 356 s.
1463 296 1875 356 GODEHARDI
1913 281 2226 351 EPISCOPI
2265 293 2912 356 HlLDESHElMENSIS.

3733 301 3885 354 l220

429 423 832 482 Hervordensi
871 424 979 496 (91)
1030 423 1164 480 loco
1209 421 1430 492 genita,
1486 438 1625 495 quae
1681 421 1932 478 omnino
1984 417 2095 474 fuit
2133 418 2182 471 Α
2212 431 2386 475 mora
2414 418 2492 476 ad
2517 421 2919 494 patrocinium
2942 421 3104 479 beati
3133 421 3474 480 Godehardi
3514 438 3577 479 se
3609 422 3894 492 contulit,

419 513 756 587 paralytica
783 517 840 569 et
859 509 1144 568 omnibus
1176 510 1466 567 membris
1495 510 1790 568 dissoluta
1815 528 1827 566 :
1857 508 2094 567 nullum

422 603 585 660 enim
631 602 977 660 membrum
1019 601 1208 675 ipsius
1257 601 1574 675 proprium
1619 601 1888 658 ofﬁcium
1925 615 2094 657 exer-

422 694 562 762 cuit,
581 693 687 749 sed
714 707 824 748 nec
853 707 962 765 per
985 691 1208 747 multos
1237 691 1367 748 dies
1397 691 1727 765 adimplere
1744 689 2093 749 valuit.Heec

422 783 758 840 maximam
787 787 1020 856 partem
1057 781 1412 839 substantiae
1444 799 1568 838 sua:
1596 783 1659 838 in
1689 783 1958 839 medicos
1990 797 2092 837 ex-

423 872 734 947 penderat,
764 870 868 929 sed
897 887 1006 946 per
1026 887 1132 929 eos
1171 872 1491 929 sanitatem
1537 873 1805 946 corporis
1851 888 2094 945 recupe—

420 979 553 1020 rare
583 979 708 1020 non
733 963 986 1037 poterat.
1039 962 1304 1018 Audiens
1358 978 1504 1020 vero
1561 967 1791 1020 tantam
1835 963 2091 1033 gratiam

421 1069 531 1128 per
557 1053 771 1111 merita
797 1053 955 1110 beati
984 1052 1322 1110 Godehardi
1351 1053 1704 1110 hominibus
1750 1069 1787 1110 a
1836 1053 2090 1109 Domino

421 1157 792 1214 concessam,
825 1143 1035 1216 spretis
1063 1142 1455 1200 exterioribus
1499 1142 1768 1209 medicis,
1810 1145 1996 1198 totam
2027 1157 2088 1196 se

419 1233 840 1289 misericordiae
873 1233 1105 1290 Domini
1137 1232 1603 1300 commendavit,
1654 1237 1711 1288 et
1759 1231 1838 1288 ad
1885 1236 2088 1304 patro-

421 1321 646 1378 cinium
699 1322 860 1379 beati
918 1322 1258 1379 Godehardi
1307 1321 1523 1378 deferri
1579 1321 1883 1396 praecepit.
1945 1322 2088 1386 Quae

419 1411 568 1468 dum
594 1412 904 1487 aliquanto
935 1417 1202 1487 tempore
1231 1429 1468 1470 moram
1499 1412 1720 1470 faceret
1766 1412 1827 1468 in
1883 1414 2090 1467 nostra

419 1501 688 1574 ecclesia,
721 1505 850 1559 tum
877 1517 985 1576 per
1013 1503 1314 1560 orationes
1335 1501 1627 1573 ﬁdelium,
1644 1506 1774 1558 tum
1802 1517 1910 1576 per
1927 1493 2088 1557 beati

419 1590 758 1649 Godehardi
781 1592 1184 1666 patrocinium
1215 1592 1454 1650 sanitati
1479 1597 1569 1649 est
1595 1591 1846 1660 reddita,
1872 1595 1928 1648 et
1956 1606 2088 1647 om-

417 1679 521 1738 nia
573 1680 852 1738 membra
899 1681 1028 1754 ejus
1083 1680 1336 1756 pristino
1384 1681 1577 1751 vigori
1624 1681 1912 1737 restituta.
1955 1683 2088 1736 Haec

2206 511 2263 563 et
2301 523 2412 582 pro
2443 525 2556 567 sua
2586 511 2880 569 solutione
2938 512 3164 584 gratias
3211 513 3466 570 Domino
3519 512 3582 570 in
3630 512 3898 571 ecclesia

2203 603 2409 655 nostra
2439 599 2744 672 persolvit.

2273 692 2362 744 33.
2404 689 2536 746 Fuit
2564 707 2706 748 vero
2735 697 2877 748 tunc
2906 692 3196 766 temporis
3218 692 3279 749 in
3309 693 3566 752 Marchia
3600 696 3895 766 Ungarize

2198 777 2290 833 vir
2317 778 2570 852 quidam
2617 781 2680 837 in
2733 782 3072 855 captivitate
3120 784 3373 857 positus,
3427 789 3484 842 et
3537 784 3895 842 fortissimis

2200 869 2597 942 compedibus
2646 871 3045 945 compeditus,
3087 873 3193 946 qui
3217 873 3365 930 nihil
3396 873 3562 930 aliud
3590 875 3897 948 sperabat

2197 974 2384 1032 quam
2410 959 2504 1016 vel
2532 961 2740 1018 omnia
2766 978 2876 1019 sua
2904 963 3173 1020 amittere
3216 963 3308 1020 vel
3338 968 3594 1021 mortem
3651 965 3891 1021 subire.

2196 1045 2287 1102 Ad
2311 1062 2488 1104 aures
2519 1048 2707 1122 ipsius
2735 1050 2902 1108 fama
2925 1050 3085 1108 beati
3110 1051 3449 1110 Godehardi
3489 1053 3779 1117 intonuit,
3833 1059 3896 1110 et

2195 1142 2424 1210 quanta
2456 1139 2745 1196 Dominus
2792 1157 2903 1214 pro
2933 1142 3064 1213 ejus
3103 1157 3310 1200 amore
3362 1149 3726 1217 operaretur
3771 1144 3893 1218 ipsi

2195 1226 2472 1284 innotuit.
2500 1231 2628 1286 Mox
2657 1229 2736 1286 ad
2767 1235 2987 1288 terram
3017 1247 3078 1288 se
3108 1233 3450 1306 prostravit,
3502 1238 3560 1290 et
3612 1235 3753 1306 ejus
3782 1250 3895 1307 pa-

2196 1317 2516 1374 trocinium
2542 1318 2926 1377 devotissime
2951 1320 3318 1398 imploravit.
3366 1325 3612 1380 Factum
3642 1327 3739 1380 est
3771 1323 3893 1392 igi-

2197 1411 2292 1463 tur
2319 1412 2385 1464 ut
2413 1407 2545 1481 ipsa
2573 1415 2747 1466 nocte
2777 1415 2989 1468 catena
3016 1427 3140 1485 qua
3168 1411 3388 1482 ligatus
3410 1418 3536 1471 erat
3569 1429 3633 1470 se
3664 1413 3894 1470 dissol-

2194 1502 2376 1569 veret,
2409 1503 2466 1554 et
2489 1498 2616 1572 ipse
2646 1499 2721 1556 de
2751 1501 3110 1574 captivitate,
3153 1504 3272 1558 Deo
3327 1503 3677 1574 adjuvante,
3737 1521 3890 1560 eva-

2196 1587 2382 1644 deret.
2413 1591 2576 1644 Hunc
2607 1606 2819 1646 omnes
2848 1591 2910 1646 in
2938 1591 3192 1649 ecclesia
3218 1597 3426 1649 nostra
3474 1592 3787 1661 viderunt,
3831 1601 3890 1649 et

2198 1678 2283 1734 sic
2309 1678 2580 1735 evenisse
2607 1679 2766 1736 circa
2793 1696 2934 1736 eum
2962 1681 3254 1738 veraciter
3281 1687 3702 1756 perceperunt.

417 1776 628 1844 postea
657 1772 999 1846 frequenter
1021 1772 1099 1828 ad
1123 1771 1335 1828 limina
1360 1771 1522 1828 beati
1567 1770 1906 1828 Godehardi
1951 1786 2088 1843 per-
2121 1785 2160 1838 Β
2268 1772 2356 1826 34.
2399 1769 2615 1826 Iisdem
2645 1786 2785 1827 vero
2815 1771 3190 1844 temporibus
3236 1771 3346 1829 fuit
3390 1773 3646 1846 quidam
3692 1789 3888 1847 paga-

415 1861 595 1930 venit,
626 1866 684 1918 et
709 1877 821 1935 pro
849 1861 1013 1918 dono
1043 1861 1155 1917 sibi
1185 1861 1403 1919 collato
1433 1860 1653 1932 gratias
1703 1876 1828 1918 non
1868 1861 2087 1917 immo-

416 1948 585 2007 dicas
615 1950 872 2006 Domino
901 1949 1206 2024 persolvit.

489 2040 580 2097 3t.
621 2043 748 2096 Non
773 2039 964 2096 multo
990 2045 1128 2114 post
1152 2045 1420 2114 tempore
1446 2040 1610 2096 venit
1634 2040 1720 2096 vir
1743 2039 1995 2114 quidam
2026 2038 2088 2095 in

417 2133 691 2186 nostram
719 2127 1056 2199 ecclesiam,
1081 2129 1314 2186 habens
1345 2128 1534 2184 filiam
1576 2128 1753 2185 valde
1783 2128 2084 2196 dilectam,

419 2234 556 2292 quae
579 2217 746 2288 gravi
777 2217 992 2274 morbo
1021 2217 1341 2274 laborabat
1368 2222 1425 2274 et
1449 2218 1580 2289 jam
1619 2217 1797 2274 morti
1843 2216 2086 2290 propia-

417 2307 545 2364 bat.
575 2315 723 2364 Nam
746 2307 968 2378 gutturi
996 2308 1186 2380 ipsius
1204 2323 1273 2364 os
1294 2307 1607 2364 immensae
1630 2306 2084 2378 magnitudinis,

418 2401 476 2454 et
499 2413 573 2453 ex
593 2402 848 2470 utraque
874 2400 1041 2470 parte
1072 2396 1279 2467 magni
1324 2396 1622 2454 acuminis
1671 2413 1780 2470 per
1826 2413 1930 2453 sex
1959 2396 2088 2453 dies

417 2487 774 2560 adhaeserat,
829 2485 998 2560 quod
1051 2487 1253 2544 nullus
1304 2493 1658 2560 extorquere
1706 2487 1923 2561 quavis
1961 2491 2087 2543 arte

414 2576 674 2634 valebat.
708 2577 820 2643 Qui
847 2577 1113 2650 primum
1161 2577 1431 2634 medicos
1487 2577 1550 2635 in
1609 2577 1842 2635 civitate
1880 2581 2088 2634 nostra

415 2671 558 2725 tunc
588 2666 878 2740 temporis
907 2672 1351 2724 commorantes
1408 2667 1718 2738 circuibat,
1772 2671 1830 2724 et
1875 2667 1954 2724 ab
2002 2666 2086 2723 eis

415 2756 736 2814 consilium
760 2755 908 2831 quid
938 2756 1013 2813 de
1039 2756 1164 2814 tilia
1210 2761 1366 2814 esset
1401 2761 1643 2814 acturus
1695 2756 2040 2830 requirebat
2069 2775 2082 2826 ;

417 2847 528 2905 sed
555 2847 792 2904 nullum
819 2847 1058 2904 salubre
1089 2847 1406 2905 consilium
1429 2847 1872 2905 adinveniebat.
1906 2846 2086 2904 Desti-

416 2941 578 2994 tutus
607 2941 810 2993 autem
839 2937 1008 2993 omni
1052 2937 1327 2994 exteriori
1378 2938 1649 3009 consilio,
1705 2936 1786 2994 ad
1824 2936 2083 3010 patroci-

413 3025 587 3084 nium
636 3026 797 3083 beati
851 3025 1190 3083 Godehardi
1233 3043 1294 3083 se
1342 3043 1468 3085 una
1492 3044 1632 3084 cum
1661 3027 1784 3084 ﬁlia
1813 3026 2082 3098 contulit,

413 3114 740 3190 ipsumque
764 3130 876 3188 pro
901 3131 975 3171 ea
1000 3115 1339 3173 humillima
1370 3117 1687 3173 devotione
1717 3115 2078 3190 imploravit.
2115 3145 2154 3201 ρ

413 3204 663 3261 Factum
691 3208 779 3261 est
807 3219 952 3274 ergo
979 3207 1048 3260 ut
1075 3203 1208 3278 ipsa
1237 3204 1333 3260 die
1359 3205 1561 3278 puella
1590 3221 1658 3261 os
1691 3205 1818 3262 sine
1839 3204 2081 3261 laesione

414 3292 671 3366 ejiceret,
697 3297 757 3349 et
783 3292 1080 3364 integram
1120 3295 1470 3367 sospitatem
1497 3299 1896 3368 recuperaret.
1953 3298 2082 3351 Non

410 3382 606 3440 multo
634 3387 772 3456 post
790 3381 1006 3439 eodem
1037 3382 1253 3440 morbo
1281 3383 1531 3457 quidam
1563 3400 1670 3457 per
1691 3389 1919 3458 septem
1950 3384 2080 3441 dies

408 3470 746 3540 laborabat,
774 3474 832 3528 et
855 3471 986 3544 jam
1017 3473 1342 3530 certissime
1381 3473 1433 3530 ei
1458 3489 1624 3530 mors
1675 3473 2032 3530 imminebat
2063 3492 2076 3530 :

407 3562 507 3620 hic
534 3561 778 3618 veniens
808 3561 886 3618 ad
916 3563 1318 3636 patrocinium
1359 3563 1523 3621 beati
1571 3563 1931 3634 Godehardi,
1965 3568 2080 3622 sta-

409 3652 515 3710 tim
541 3651 829 3710 liberatus
857 3657 1029 3724 est,et
1062 3653 1125 3709 in
1154 3653 1476 3727 pristinum
1509 3658 1733 3711 statum
1755 3654 2076 3711 restitutus.

322 3811 330 3822 .
481 3746 569 3799 32.
612 3741 868 3812 Contigit
894 3758 1036 3799 vero
1057 3743 1214 3799 circa
1237 3743 1400 3800 idem
1427 3748 1670 3817 tempus
1699 3743 1870 3818 quod
1896 3743 2080 3801 Ecke-

405 3830 637 3888 bardus
660 3829 915 3904 quidam
939 3830 1016 3888 de
1046 3831 1338 3902 Wigcleve
1376 3836 1704 3904 cognatum
1747 3833 2080 3906 quemdam

408 3935 590 3974 suum
619 3918 678 3973 vi
703 3923 759 3975 et
787 3919 1076 3990 injuriose
1108 3921 1449 3993 captivavit,
1467 3926 1525 3978 et
1555 3927 1764 3978 contra
1779 3922 1881 3993 jus
1913 3928 1970 3980 et
1989 3923 2081 3979 fas

405 4007 818 4065 incarceravit.
853 4007 965 4074 Qui
990 4008 1139 4065 dum
1170 4009 1480 4083 aliquanto
1511 4015 1783 4084 tempore
1811 4012 1872 4067 in
1899 4012 2083 4086 capti-

406 4097 587 4154 vitate
616 4095 1000 4166 detineretur,
1033 4098 1282 4169 contigit
1329 4099 1394 4155 in
1432 4099 1566 4172 ipsa
1593 4106 1768 4157 nocte
1797 4105 2077 4158 Penteco-

408 4192 552 4259 stes,
582 4189 733 4244 dum
763 4189 1148 4246 matutinales
1181 4190 1345 4246 horae
1393 4190 1855 4264 celebrarentur,
1897 4198 1958 4250 ut
2000 4193 2080 4250 ad

404 4283 628 4337 terram
658 4295 721 4336 se
745 4283 1150 4353 prosterneret
1177 4296 1248 4337 ac
1277 4281 1680 4354 patrocinium
1709 4281 1868 4339 beati
1895 4283 2080 4340 Gode-

401 4370 582 4430 hardi
612 4386 723 4444 pro
753 4385 865 4427 sua
888 4370 1240 4428 liberatione
1263 4371 1632 4446 imploraret.
1684 4373 1958 4430 Tandem
1998 4373 2078 4430 ab

403 4459 675 4517 oratione
705 4475 769 4516 se
799 4459 1345 4530 elevans,foramen
1363 4461 1518 4518 adeo
1539 4467 1773 4519 arctum
1805 4463 2076 4534 accessit,

402 4553 471 4606 ut
498 4564 650 4622 puer
675 4549 856 4607 trium
881 4564 1184 4606 annorum
1213 4551 1573 4624 pertransire
1624 4553 1638 4622 [
1644 4552 1787 4623 non]
1845 4552 2075 4626 potuis-

403 4643 526 4707 set;
561 4639 668 4696 sed
692 4638 842 4696 dum
863 4644 1045 4713 caput
1075 4639 1422 4713 applicaret,
1464 4645 1530 4698 ut
1578 4641 1692 4697 sibi
1732 4642 1934 4698 visum
1965 4648 2074 4714 est,

401 4727 679 4786 foramen
728 4746 793 4785 se
841 4729 1112 4786 dilatavit
1165 4735 1222 4785 et
1258 4730 1385 4802 ipse
1435 4745 1622 4786 sanus
1665 4735 1724 4786 et
1757 4731 2076 4788 incolumis

399 4817 802 4892 pertransivit.
833 4818 930 4874 His
954 4818 1037 4874 ita
1063 4817 1262 4888 gestis,
1293 4818 1421 4875 sine
1451 4835 1626 4876 mora
1655 4820 1941 4876 omnibus
1989 4821 2077 4877 in-

398 4908 597 4967 notuit
623 4908 930 4981 captivum
957 4906 1033 4964 de
1060 4923 1297 4964 carcere
1313 4909 1606 4982 erupisse,
1630 4915 1686 4965 et
1706 4911 1912 4966 omnia
1941 4927 2077 4968 eva-

401 4999 790 5055 sisse.Statim
819 5013 1032 5054 omnes
1059 4998 1421 5058 unanimiter
1441 5015 1583 5056 eum
1603 5007 2072 5073 prosequuntur,

399 5089 528 5146 vias
556 5088 778 5160 quibus
799 5088 1055 5144 evadere
1108 5088 1298 5160 possit
1341 5089 1626 5145 custodiis
1674 5091 1975 5155 muniunt,
2020 5096 2078 5147 et

398 5176 658 5251 qualiter
675 5193 815 5234 eum
844 5178 1305 5252 apprehendant
1328 5179 1613 5234 omnibus
1643 5179 1842 5236 modis
1869 5181 2074 5237 elabo-

401 5270 573 5333 rant;
606 5267 730 5335 sed,
764 5268 1017 5324 Domino
1039 5267 1367 5340 adjuvantc
1406 5271 1463 5326 et
1487 5268 1666 5325 beato
1693 5270 2072 5341 Godehardo,

401 5353 633 5411 factum
661 5359 754 5411 est
777 5360 841 5412 ut
869 5356 1142 5414 omnium
1173 5357 1424 5414 insidias
1449 5359 1857 5432 pertransiret,
1905 5365 1961 5417 et
1989 5361 2077 5433 ip-

404 5459 506 5502 sos
536 5456 905 5512 cognoscens
952 5462 990 5504 a
1032 5448 1272 5505 nemine
1304 5448 1579 5519 cognitus
1609 5455 1722 5508 est.
1783 5449 1886 5506 Hic
1947 5451 2074 5508 sine

478 5653 594 5736 (91)
633 5655 926 5736 Hervodia
954 5660 1452 5736 urbs_imperialis
1477 5670 1535 5721 et
1574 5666 1889 5722 Anzeatica
1913 5669 2074 5724 Vest-

394 5724 649 5864 ﬁhaliae,
683 5726 796 5808 sub
823 5725 1072 5808 electore
1105 5724 1584 5813 Brandeburgico
1639 5753 1764 5796 non
1815 5737 1994 5810 longe
2039 5754 2076 5796 a

455 5802 856 5860 onasterienSi
882 5805 1114 5862 cmtate
1140 5803 1338 5864 distat.

1185 5809 1338 5864 λειω.

2195 1875 2310 1915 nus
2334 1859 2409 1914 de
2439 1858 2821 1916 ulterioribus
2854 1860 3126 1933 partibus
3155 1861 3401 1918 Sclavite
3433 1867 3670 1936 captus,
3728 1869 3790 1920 et
3823 1865 3884 1920 iu

2198 1947 2685 2017 llalverbergensi
2714 1949 2827 2020 (92)
2857 1949 3006 2006 urbe
3055 1938 3479 2007 incarceratus.
3532 1951 3658 2020 Hic,
3710 1951 3884 2008 fama

2198 2037 2515 2106 revelante,
2548 2038 2623 2094 de
2650 2043 2909 2111 patrono
2952 2045 3158 2096 nostro
3187 2039 3479 2111 audierat,
3529 2045 3588 2098 et
3637 2048 3884 2114 quanta

2200 2129 2488 2185 Dominus
2518 2145 2629 2202 pro
2660 2129 2788 2201 ejus
2838 2145 3044 2186 amore
3097 2135 3446 2204 operaretur
3500 2147 3883 2206 quocunque

2197 2217 2405 2286 modo,
2437 2222 2642 2291 utpote
2672 2233 2968 2291 paganus,
3001 2224 3368 2293 perceperat.
3418 2219 3543 2290 Hic,
3589 2220 3875 2294 quadam

2195 2311 2371 2364 nocte
2421 2307 2632 2363 mortis
2691 2306 2902 2363 timore
2953 2313 3216 2378 coactus,
3270 2309 3424 2366 inter
3475 2326 3646 2383 spem
3701 2309 3885 2366 timo—

2196 2413 2446 2470 remque
2492 2395 2814 2469 pendulus,
2855 2397 3188 2454 orationem
3241 2414 3317 2454 ex
3370 2398 3494 2455 imo
3540 2397 3739 2455 cordis
3797 2399 3880 2455 ad

2193 2485 2443 2543 beatum
2472 2485 2899 2543 Godehardum
2928 2486 3160 2556 direxit,
3185 2493 3244 2544 et
3267 2492 3335 2544 ut
3365 2488 3456 2543 sui
3487 2488 3882 2544 misereretur

2194 2575 2573 2632 devotissime
2625 2576 2911 2633 exoravit.
2976 2577 3106 2643 Quo
3154 2577 3332 2646 facto,
3392 2577 3519 2634 sine
3577 2594 3753 2635 mora
3803 2595 3874 2634 ex

2195 2669 2404 2722 trunco
2435 2681 2674 2735 magna:
2703 2664 2880 2722 molis
2912 2669 2968 2722 et
2997 2665 3377 2736 fortitudinis,
3396 2683 3520 2741 quo
3544 2667 3876 2724 conclusus

2193 2756 2407 2827 fuerat,
2434 2755 2666 2825 integro
2687 2761 3055 2825 remanente,
3087 2757 3263 2830 quasi
3291 2774 3366 2814 ex
3393 2757 3624 2830 liquida
3643 2774 3709 2815 re
3740 2759 3874 2814 sine

2193 2845 2434 2902 laesione
2455 2845 2639 2918 pedes
2666 2845 2902 2915 eduxit;
2935 2851 2993 2902 et
3019 2845 3275 2920 qualiter
3302 2846 3364 2902 id
3390 2847 3506 2904 sibi
3550 2847 3874 2904 accidisset

2193 2935 2513 3006 ignoravit,
2546 2935 2655 2992 nec
2681 2935 2890 3006 fugam
2915 2935 3215 2992 ullatenus
3252 2936 3399 2993 iniit.
3437 2937 3538 2994 Die
3569 2953 3708 2993 vero
3736 2937 3872 2994 illu-

2193 3030 2461 3082 cescente
2484 3024 2763 3081 custodes
2797 3025 3189 3094 advenerunt,
3221 3030 3421 3082 etnon
3453 3025 3578 3082 sine
3604 3026 3874 3083 admira-

2193 3114 2351 3170 tione
2403 3129 2630 3184 magna
2673 3129 2814 3170 eum
2870 3119 3240 3188 repererunt.
3293 3115 3668 3172 Sciscitantes
3723 3132 3871 3172 vero

2191 3202 2447 3275 qualiter
2466 3202 2528 3258 id
2558 3202 2671 3258 sibi
2701 3202 2779 3258 ad
2810 3202 3255 3260 invocationem
3280 3203 3543 3260 nominis
3571 3203 3736 3260 beati
3762 3208 3875 3262 Go-

2190 3291 2444 3349 dehardi
2473 3292 2790 3348 accidisset
2817 3292 3095 3350 admirati
3135 3298 3294 3362 sunt,
3347 3293 3718 3369 dominoque
3753 3312 3872 3352 suo

2188 3381 2538 3452 retulerunt,
2567 3387 2622 3438 et
2651 3381 2800 3455 quid
2828 3381 3114 3456 deinceps
3145 3388 3345 3440 essent
3373 3384 3562 3440 acturi
3608 3386 3874 3458 quaesie-

2189 3477 2347 3529 runt.
2406 3472 2694 3528 Dominus
2743 3488 2882 3529 vero
2931 3479 3332 3547 compunctus
3372 3478 3536 3531 tanto
3568 3474 3871 3531 miraculo

2189 3563 2446 3638 gratiam
2473 3562 2787 3636 impendit,
2815 3562 3137 3636 ipsumque
3164 3563 3467 3638 captivum
3499 3565 3624 3620 sine
3662 3564 3869 3622 laesio-

2188 3670 2265 3710 ne
2295 3652 2621 3710 abscedere
2645 3651 2842 3723 jussit.
2876 3653 3142 3718 Quantos
3167 3668 3331 3721 vero,
3381 3657 3438 3710 et
3484 3658 3632 3726 quot
3660 3653 3868 3710 incar-

2189 3749 2441 3813 ceratos,
2473 3747 2531 3798 et
2560 3741 2840 3798 maximis
2867 3741 3243 3814 compeditos
3275 3743 3693 3816 compedibus,
3745 3745 3866 3801 Do-

2189 3833 2390 3890 minus
2419 3848 2526 3905 per
2553 3832 2954 3906 patrocinium
2998 3831 3157 3888 beati
3189 3832 3525 3890 Godehardi
3552 3849 3586 3889 a
3614 3850 3867 3891 summa

2189 3923 2570 3980 tribulatione
2628 3921 2970 3988 absolverit,
3030 3922 3282 3993 longum
3337 3927 3426 3979 est
3481 3937 3588 3996 per
3637 3925 3866 3999 scripta

2189 4027 2566 4080 enumerare,
2599 4028 2738 4068 cum
2768 4011 2991 4085 quibus
3017 4011 3150 4085 ipsa
3175 4017 3474 4070 tormenta
3502 4014 3563 4070 in
3608 4015 3866 4071 ecclesia

2190 4107 2395 4160 nostra
2445 4102 2768 4176 pendentia
2813 4101 3002 4174 possit
3049 4118 3437 4173 cognoscere.
3485 4105 3868 4179 QuaprOptcr

2187 4211 2311 4252 non
2341 4210 2859 4267 supervacaneum
2882 4193 3167 4252 duximus
3193 4194 3455 4269 plurima
3483 4212 3556 4252 ex
3583 4195 3703 4264 his,
3727 4211 3867 4268 quae

2185 4285 2370 4356 longa
2397 4287 2590 4342 forent
2615 4285 2891 4354 scribere,
2918 4286 3238 4358 praeterire,
3283 4291 3341 4343 et
3382 4285 3461 4343 ad
3521 4284 3641 4342 alia
3693 4285 3869 4342 inno-

2187 4375 2473 4432 tescenda
2492 4375 2765 4432 transire.

2261 4470 2349 4522 35.
2393 4468 2520 4521 Non
2547 4464 2735 4521 multo
2760 4469 2897 4538 post
2916 4481 2988 4521 ea
3017 4481 3154 4539 quae
3183 4465 3468 4536 diximus,
3493 4465 3602 4521 fuit
3623 4465 3719 4521 vir
3739 4467 3868 4540 qui-

2189 4553 2335 4611 dam
2391 4553 2623 4610 habens
2673 4553 2865 4610 filium
2939 4555 3317 4624 unigenitum
3392 4553 3569 4610 valde
3619 4554 3737 4610 sibi
3783 4556 3868 4610 di-

2186 4643 2408 4701 lectum
2442 4689 2456 4715 ,
2532 4644 2637 4717 qui
2709 4644 2922 4717 puerili
2996 4661 3163 4700 more
3239 4661 3347 4718 per
3423 4659 3674 4717 campos
3737 4663 3869 4701 cur-

2189 4734 2428 4790 sitando
2501 4732 2794 4804 ludebat,
2881 4733 2985 4789 sed
3079 4734 3320 4790 fortuito
3410 4733 3489 4790 ad
3564 4733 3867 4791 fossatum

2187 4823 2502 4897 quoddam
2549 4823 2817 4897 veniens,
2878 4823 3146 4879 maxima
3193 4820 3514 4879 multitudo
3562 4826 3732 4878 terrae
3795 4841 3864 4880 ex

2185 4913 2517 4987 improviso
2565 4929 2747 4987 super
2799 4930 2939 4971 eum
2994 4913 3330 4970 corruebat.
3385 4913 3497 4969 Sed
3529 4918 3704 4985 pater
3733 4913 3866 4969 haec

2184 5003 2473 5073 ignorans
2506 5046 2521 5071 ,
2575 5018 2688 5059 nec
2725 5003 2928 5075 ipsum
2975 5019 3235 5075 puerum
3287 5001 3455 5057 domi
3512 5002 3863 5073 reperiens,

2184 5110 2625 5168 usquequaque
2655 5093 2986 5166 quaerebat,
3018 5109 3128 5149 nec
3161 5092 3457 5148 ullatenus
3509 5107 3649 5147 eum
3695 5091 3864 5148 inve-

2185 5187 2312 5240 nire
2343 5189 2594 5257 poterat.
2645 5183 2810 5240 Unde
2859 5183 3085 5240 factum
3134 5187 3318 5238 estut
3347 5181 3601 5254 quidam
3639 5181 3866 5238 diceret

2188 5290 2252 5329 se
2283 5275 2442 5331 circa
2470 5274 2762 5330 fossatum
2791 5288 3051 5346 puerum
3097 5271 3406 5328 ludentem
3457 5270 3696 5338 vidisse,
3753 5288 3866 5328 nec

2185 5366 2399 5435 postea
2431 5362 2866 5434 comparuisse.
2911 5364 3040 5427 Quo
3072 5360 3299 5428 audito,
3331 5364 3500 5432 pater
3529 5376 3672 5416 cum
3702 5359 3864 5417 festi-

2185 5449 2426 5508 natione
2460 5449 2564 5506 ubi
2594 5449 2840 5506 ultimus
2870 5466 3130 5524 puerum
3159 5449 3392 5506 viderat
3419 5449 3747 5522 praedictus
3780 5451 3865 5507 vir

2258 5666 2372 5740 (92)
2401 5663 2786 5740 liavelberga
2815 5664 2961 5720 urbs
2987 5664 3366 5740 episcopalis
3399 5664 3514 5720 sub
3544 5665 3859 5740 metropoli

2187 5736 2804 5818 Magdeburgensiad
2823 5736 3110 5818 Havelam
3134 5736 3407 5818 fluvium,
3432 5752 3481 5817 a_
3491 5752 3618 5818 quo
3640 5736 3857 5818 nomen

2190 5807 2473 5884 sumpsit,
2503 5807 2716 5870 ditioni
2754 5808 3025 5871 electoris
3076 5807 3541 5881 Brandeburgici
3567 5808 3855 5888 subjacet.
