3888 6394
51 285 173 341 1221

1580 267 1765 327 νιΤΑ.

3323 272 3477 339 1222.¹

42 402 399 471 transcurrit,
432 404 490 458 et
515 415 807 471 magnam
844 399 1293 457 multitudinem
1323 402 1493 455 terrae
1522 393 1698 453 novi-
1720 397 1768 449 Α
1803 406 1944 448 vero
1975 392 2308 451 orationem
2333 394 2412 451 ad
2460 394 2707 450 beatum
2757 391 3181 449 Godehardum
3225 393 3469 461 direxit.

41 501 125 553 ter
154 492 451 551 corruisse
481 490 816 563 conspexit.
853 492 983 556 Quo
1014 490 1166 561 viso,
1228 486 1529 560 adjunctis
1587 484 1700 543 sibi

45 583 336 658 plurimis,
371 586 589 638 terram
622 597 760 636 cum
788 596 1012 651 magna
1046 580 1421 636 festinatione
1470 576 1698 643 retexit,

40 681 95 731 et
119 689 374 748 puerum
400 670 637 728 nullum
666 670 955 727 indicium
992 670 1122 727 vitm
1155 670 1480 726 habentem
1534 668 1699 723 inve-

32 766 133 821 nit.
164 764 259 819 His
290 764 372 819 ita
393 761 593 833 gestis,
617 760 763 834 quia
782 776 1021 831 magnze
1053 758 1473 816 misericordiae
1505 761 1699 830 patro-

32 869 177 909 num
198 856 472 908 nostrum
492 851 736 907 beatum
759 849 1183 906 Godehardum
1211 848 1388 905 fuisse
1407 846 1695 913 audierat,

31 943 187 999 illico
216 957 430 1015 preces
459 940 880 996 devotissimas
913 939 991 994 ad
1032 940 1235 1013 ipsum
1292 937 1509 1007 dirigit,
1554 936 1700 1005 adji-

34 1032 215 1101 ciens,
249 1032 297 1087 si
330 1029 623 1087 Dominus
650 1045 758 1103 per
788 1028 1001 1085 merita
1032 1029 1223 1102 ipsius
1266 1028 1451 1084 vitam
1508 1026 1701 1100 pristi-

28 1139 169 1179 nam
201 1120 556 1186 restitueret,
589 1118 790 1191 ipsum
819 1118 948 1174 eiin
967 1123 1324 1192 perpetuum
1356 1133 1596 1173 servum
1616 1115 1701 1171 of-

29 1212 218 1267 ferret.
254 1212 387 1275 Quo
418 1208 598 1277 facto,
632 1223 782 1280 puer
801 1206 935 1263 vitae
966 1206 1227 1280 pristina:
1258 1205 1596 1273 restituitur,
1625 1222 1695 1261 ac

28 1302 278 1357 domum
311 1299 494 1355 simul
524 1315 663 1355 cum
690 1301 859 1371 patre
886 1297 1235 1369 regreditur.
1272 1300 1435 1352 Hunc
1488 1300 1697 1369 postea

24 1408 159 1447 cum
176 1394 349 1464 patre
376 1389 441 1444 in
462 1387 712 1444 ecclesia
728 1392 936 1443 nostra
956 1387 1239 1457 vidimus,
1271 1391 1327 1442 et
1349 1386 1426 1442 ab
1447 1386 1577 1459 ipso
1594 1401 1697 1459 pa-

23 1486 105 1536 tre
137 1480 219 1535 sic
251 1478 328 1535 de
355 1492 547 1551 puero
581 1476 853 1532 evenisse
885 1475 1211 1533 certissime
1276 1474 1691 1545 cognovimus.

88 1572 174 1625 36.
212 1568 342 1625 Fuit
367 1583 512 1624 vero
532 1571 674 1623 tunc
728 1566 1011 1639 temporis
1056 1565 1145 1621 vir
1165 1564 1418 1638 quidam
1440 1564 1500 1620 in
1529 1563 1683 1631 loco,

19 1658 119 1731 qui
148 1656 372 1715 Mindin
406 1654 768 1729 appellatur,
798 1654 951 1711 adeo
977 1654 1035 1710 in
1076 1653 1385 1727 hydropisi
1415 1653 1690 1709 detentus

1804 484 2047 542 Factum
2078 487 2169 540 est
2197 501 2339 556 ergo
2366 488 2430 541 ut
2456 483 2760 553 magister,
2787 482 2892 557 qui
2932 486 3141 538 natare
3192 488 3469 552 noverat,’

1802 572 2113 629 conﬁdens
2134 573 2194 629 in
2220 573 2427 649 populi
2451 572 2750 647 adjutorio
2779 573 3284 643 submergeretur,
3312 589 3464 647 puer

1800 679 1943 719 vero
1968 670 2174 721 natare
2219 666 2513 734 nesciens,
2545 681 2653 737 per
2680 663 3035 735 suffragium
3060 662 3221 720 beati
3271 664 3464 721 Gode-

1800 752 1974 809 hardi
1998 754 2370 813 liberaretur.

1872 848 1959 901 39.
1993 848 2153 902 Tunc
2182 846 2467 919 temporis
2496 845 2656 903 venit
2681 862 2923 920 quoque
2977 845 3261 919 quaedam
3312 862 3463 919 pau-

1799 934 2044 1007 percula
2070 935 2132 991 in
2158 936 2455 992 civitatem
2482 941 2769 1003 nostram,
2796 936 2870 991 de
2900 935 3159 1008 Spirensi
3188 936 3301 1006 (95)
3322 935 3457 992 loco

1801 1023 2018 1093 genita,
2052 1025 2279 1082 ducens
2312 1043 2518 1082 secum
2570 1024 2902 1100 puellulam
2947 1024 3230 1081 omnibus
3276 1042 3463 1082 mem-

1796 1111 1921 1168 bris
1950 1113 2343 1179 debilitatam,
2374 1131 2485 1171 nec
2515 1131 2765 1189 prorsus
2808 1114 3085 1171 incedere
3134 1113 3455 1173 valentem.
3528 1127 3531 1130 '

1801 1202 1942 1267 Quae
1967 1203 2115 1259 dum
2146 1204 2375 1260 circiter
2400 1222 2669 1262 mensem
2702 1205 2763 1261 in
2786 1205 3018 1261 civitate
3074 1208 3279 1261 nostra
3332 1220 3460 1261 mo-

1798 1307 1928 1348 ram
1959 1292 2194 1362 faceret,
2223 1310 2333 1351 nec
2357 1294 2547 1351 ullam
2578 1296 2833 1365 gratiam
2858 1295 2920 1350 in
2956 1293 3080 1351 filia
3103 1294 3453 1368 perciperet,

1798 1382 1981 1439 tristis
2008 1384 2069 1439 in
2098 1389 2318 1440 terram
2353 1401 2528 1441 suam
2559 1385 2750 1440 redire
2776 1383 3045 1452 instituit,
3068 1383 3214 1456 quia
3234 1384 3363 1455 jam
3389 1401 3453 1440 se

1794 1469 2107 1543 indignam
2138 1473 2331 1530 audiri
2360 1474 2711 1530 autumavit.
2738 1473 2853 1529 Sed
2881 1489 3020 1529 cum
3049 1488 3231 1545 super
3256 1473 3453 1546 ripam

1798 1560 2077 1634 Weserae,
2104 1562 2164 1618 in
2193 1563 2328 1619 loco
2366 1563 2471 1636 qui
2529 1563 2787 1620 Munden
2845 1562 3201 1636 appellatur,
3249 1578 3453 1635 perve-

1793 1650 1998 1723 uisset,
2046 1656 2102 1709 et
2156 1654 2395 1709 asinum
2446 1657 2691 1727 pastum
2720 1652 2999 1725 misisset,
3040 1652 3347 1726 ﬁliamque
3375 1652 3451 1708 de

16 1751 78 1803 ut
108 1746 342 1803 circiter
373 1744 691 1802 annumin
722 1761 793 1801 eo
822 1744 1141 1813 laboraret,
1176 1748 1232 1799 ct
1247 1743 1377 1814 jam
1406 1742 1552 1798 nihil
1578 1742 1690 1799 nisi
1722 1760 1766 1814 Β
1796 1755 1973 1797 curru
2004 1742 2403 1815 deposuisset,
2437 1748 2629 1800 matre
2663 1747 2914 1811 semota,
2946 1742 3147 1815 puella
3184 1758 3319 1815 quae
3349 1757 3453 1799 an-

18 1841 273 1892 mortem
305 1839 598 1909 speraret.
626 1834 745 1901 Hic,
780 1832 984 1889 audito
1014 1832 1259 1889 nomine
1311 1831 1470 1889 beati
1501 1833 1689 1889 Gode-

16 1926 204 1993 hardi,
238 1926 302 1982 in
327 1924 704 1996 adjutorium
738 1940 861 1979 suae
889 1923 1252 1979 infirmitatis
1284 1938 1421 1978 eum
1471 1923 1693 1996 suppli-

15 2015 151 2071 citer
180 2013 535 2081 invocabat,
565 2018 621 2069 et
646 2018 709 2069 ut
731 2012 842 2068 sibi
872 2013 932 2069 in
959 2013 1307 2069 necessitate
1338 2012 1530 2085 posito
1554 2013 1689 2069 sub-

16 2104 237 2160 veniret
264 2102 583 2160 humiliter
620 2102 929 2159 exorabat.
967 2104 1210 2159 Factum
1232 2107 1320 2158 est
1375 2118 1518 2173 ergo
1564 2118 1687 2159 non

15 2194 197 2249 multo
224 2198 372 2267 post
406 2197 477 2248 ut
514 2191 765 2266 quidam
791 2208 975 2265 quem
1034 2207 1141 2248 nec
1203 2196 1381 2248 antea
1434 2191 1685 2262 viderat,

15 2299 116 2338 nec
147 2288 365 2355 postea
391 2282 567 2349 vidit,
601 2282 679 2338 ad
708 2298 849 2338 eum
878 2282 1123 2338 intraret
1156 2300 1169 2350 ;
1203 2287 1279 2352 et,
1336 2281 1495 2338 facta
1545 2283 1687 2339 inci-

15 2374 191 2437 sione.
227 2377 472 2429 tantam
504 2371 941 2428 abundantiam
965 2389 1135 2445 aquae
1153 2388 1223 2427 ex
1247 2388 1318 2427 eo
1342 2389 1591 2429 manare
1606 2373 1688 2430 fa-

16 2468 160 2520 :eret
212 2467 527 2537 quantam
559 2462 657 2518 vix
684 2463 808 2519 tina
833 2463 970 2536 quis
1000 2462 1149 2518 ferre
1188 2463 1498 2536 potuisset.
1558 2466 1686 2530 Quo

16 2552 182 2621 facto,
217 2552 511 2609 adhibita
540 2569 685 2609 cura
722 2552 1035 2623 abscessit,
1068 2568 1177 2608 nec
1210 2552 1497 2626 deinceps
1521 2571 1684 2610 com-

16 2642 220 2699 mruit.
258 2643 442 2698 Hunc
470 2647 681 2716 postea
710 2642 966 2716 perfecte
998 2658 1213 2699 sanum
1272 2643 1552 2716 vidimus,
1608 2650 1683 2715 et,

16 2749 69 2788 ao
100 2732 428 2803 referente,
475 2732 559 2789 sic
586 2733 745 2789 circa
773 2749 912 2789 eum
961 2732 1227 2789 evenisse
1277 2733 1565 2790 veraciter
1593 2752 1688 2792 co-

15 2822 350 2891 movimus.

64 2918 153 2969 37.
189 2912 369 2969 Circa
394 2911 567 2969 idem
589 2915 848 2986 tempus,
871 2928 977 2986 per
1000 2911 1244 2969 beatum
1262 2912 1686 2970 Godehardum

18 3002 233 3072 nsigne
268 3001 913 3073 contigitmiraculum
937 3008 994 3059 et
1012 3002 1264 3073 dignum
1287 3004 1578 3060 memoria
1601 3020 1688 3060 re-

18 3090 344 3148 inendum.
381 3095 545 3148 Nam
574 3091 828 3164 quidam
885 3091 1331 3165 peregrinantes
1376 3092 1451 3148 de
1506 3093 1748 3179 Ruziac

15 3182 97 3251 93)
132 3180 211 3236 ad
243 3180 671 3253 patrocinium
699 3180 855 3236 beati
881 3180 1220 3237 Godehardi
1253 3181 1681 3251 adventabant,

16 3273 45 3324 :t
70 3268 133 3325 in
174 3269 277 3326 die
312 3270 676 3327 Palmarum
697 3269 1009 3343 quoddam
1027 3268 1330 3327 desertum
1357 3271 1681 3329 intrabant.

15 3358 126 3427 Sed,
158 3359 519 3417 Christiano
551 3374 740 3427 more,
774 3376 913 3417 cum
935 3358 1208 3416 divinum
1235 3360 1503 3418 ofﬁcium
1531 3363 1681 3419 nite-

17 3453 197 3506 entur
228 3466 562 3524 peragere,
593 3450 841 3520 contigit
870 3453 936 3506 ut
978 3450 1174 3507 subito
1224 3452 1543 3509 multitudo
1581 3471 1685 3527 pa-

15 3556 298 3607 ;auorum
348 3542 418 3598 in
471 3556 575 3597 eos
627 3540 894 3611 irrueret,
953 3545 1010 3597 et
1050 3544 1347 3616 quotquot
1408 3547 1685 3616 poterant

16 3630 117 3687 ieci
146 3631 496 3688 traderent.
526 3618 772 3686 Factum
823 3634 911 3686 est
948 3646 1092 3701 ergo
1146 3635 1212 3687 ut
1250 3632 1549 3701 sacerdos,
1581 3633 1684 3705 qui

24 3734 105 3776 na
136 3736 290 3776 cum
324 3719 490 3793 ipsis
522 3718 734 3788 fuerat,
777 3719 1180 3787 occumberet,
1218 3724 1275 3776 et
1302 3737 1408 3794 per
1459 3722 1684 3793 passio.

22 3823 121 3864 em
156 3808 243 3865 ad
277 3808 627 3865 Dominum
659 3808 944 3878 migraret
968 3826 981 3877 ;
1007 3808 1106 3864 alii
1128 3824 1267 3865 vero
1322 3809 1589 3867 videntes
1621 3828 1683 3867 se

20 3914 103 3954 na
128 3898 449 3969 interimi,
480 3897 616 3955 licet
637 3897 896 3954 inermes
919 3898 1189 3955 resistere
1219 3898 1303 3955 eis
1344 3900 1679 3971 parabant;

16 3988 82 4043 ad
111 3988 397 4063 propius
463 3988 896 4062 protectionem
927 3988 1085 4044 beati
1116 3988 1454 4045 Godehardi
1506 3990 1684 4047 devo-

16 4078 213 4134 ssime
241 4077 703 4151 implorabant.
739 4079 867 4145 Quo
894 4078 1049 4135 facto
1073 4078 1209 4135 licet
1236 4078 1439 4151 plures
1482 4083 1537 4134 et
1595 4094 1684 4134 ar-

15 4168 121 4223 tati
151 4172 391 4224 contra
426 4166 691 4224 inermes
722 4167 1253 4239 congrederentur,
1314 4172 1536 4239 tamen,
1570 4171 1683 4224 Do-

15 4259 141 4314 tino
174 4258 484 4325 faciente,
509 4257 734 4330 pagani
761 4275 823 4314 se
881 4259 942 4315 in
982 4258 1191 4328 fugam
1249 4263 1572 4330 verterunt,
1632 4263 1689 4315 et

15 4364 147 4403 rma
174 4347 447 4421 passim
475 4363 510 4403 a
555 4362 615 4403 se
667 4348 1018 4419 rejecerunt.
1072 4348 1187 4421 Ipsi
1246 4364 1388 4405 vero
1434 4350 1551 4405 hoc
1607 4349 1690 4405 vi-

16 4442 187 4493 antes
220 4434 493 4493 baculis
518 4434 741 4508 quibus
772 4441 1021 4493 utuntur
1067 4437 1388 4510 peregrini,
1430 4438 1563 4494 illos
1610 4437 1690 4494 fe-

20 4527 253 4597 ebant,
292 4532 361 4582 et
392 4526 630 4582 circiter
660 4542 762 4583 sex
786 4527 963 4584 morti
987 4526 1376 4596 tradiderunt,
1410 4528 1690 4585 victores—

16 4634 79 4675 ie
105 4617 357 4687 effecti,
398 4632 578 4673 arma
606 4632 742 4690 quas
768 4634 805 4674 a
827 4634 888 4673 se
929 4618 1190 4674 latrones
1234 4619 1562 4690 rejecerant
1618 4636 1687 4677 ac

15 4711 302 4779 :perunt,
379 4708 449 4760 et
490 4708 617 4761 tam
667 4710 907 4763 scutum
964 4723 1150 4780 quam
1209 4706 1481 4777 gladium
1528 4707 1591 4763 in
1617 4708 1689 4763 si-

15 4813 159 4853 lum
194 4793 504 4853 victoria
529 4793 591 4850 in
612 4790 929 4852 ecClesiam
950 4801 1227 4854 nostram
1250 4796 1611 4854 detulerunt.

27 4890 126 4942 38.
165 4889 321 4943 Non
386 4883 588 4941 multo
634 4889 776 4958 post
822 4886 972 4957 hinc,
1028 4886 1275 4956 contigit
1326 4888 1687 4959 piscatorem

16 4976 330 5034 iemdam
392 4990 543 5031 cum
586 4990 776 5049 puero
846 4992 956 5033 suo
1022 4980 1323 5034 Weseram
1372 4978 1486 5049 (94)
1540 4976 1687 5033 velle

16 5068 255 5135 msire,
290 5070 363 5122 et.
394 5064 578 5121 solito
604 5081 772 5121 more
797 5066 1031 5124 utilitati
1076 5084 1196 5123 suae
1247 5067 1538 5124 insistere.
1573 5067 1689 5124 Sed

16 5175 94 5215 Lm
120 5158 281 5230 jam
307 5155 461 5212 fere
484 5154 756 5212 medium
777 5172 951 5229 aqure
967 5155 1341 5227 obtinuisset,
1366 5162 1530 5214 tanta
1546 5161 1691 5213 tem-

15 5252 175 5303 :stas
209 5243 534 5302 incubuit
563 5248 629 5301 ut
651 5243 767 5301 vita
795 5242 1005 5318 [salva]
1022 5262 1085 5301 se
1107 5246 1360 5303 evadere
1382 5246 1684 5302 dubitarit.

16 5336 183 5394 dens
215 5340 470 5393 autem
497 5338 746 5390 ventum
772 5334 968 5405 magis
998 5351 1067 5392 ac
1110 5336 1307 5406 magis
1355 5337 1686 5408 insurgere,

16 5428 271 5499 agister
306 5424 581 5494 signum
606 5423 891 5495 adjutorii
926 5425 1156 5499 populo
1193 5426 1488 5497 intonuit;
1539 5442 1690 5501 puer

16 5573 143 5643 [93)
184 5566 618 5643 Bollapdiani
633 5570 850 5640 putant
874 5583 1003 5643 esse
1032 5568 1357 5640 legendum
1376 5571 1687 5643 Prussiam

16 5639 343 5725 fodliuter
372 5639 717 5696 Saxoniam
747 5645 804 5696 et
824 5639 1110 5698 Russiam’
1134 5647 1255 5699 tota
1311 5642 1554 5700 Polonia
1594 5642 1687 5698 in-

15 5719 525 5867 gfﬁabt‘tl'ligurgis
572 5782 793 5848 ﬂuvius
850 5784 1017 5868 apud
1063 5787 1392 5849 Germanos
1448 5768 1684 5847 notissi;

1793 1835 1888 1887 tea
1912 1832 2103 1889 fuerat
2133 1833 2366 1897 debilis,
2398 1833 2596 1890 subito
2628 1850 2690 1889 se
2717 1832 2918 1901 erexit,
2954 1838 3011 1889 et
3038 1832 3099 1889 in
3146 1832 3275 1888 haec
3323 1848 3453 1888 ver-

1791 1920 1872 1977 ba
1902 1922 2194 1996 prorupit.
2229 1923 2541 1980 Clamabat
2571 1924 2732 1979 enim
2763 1939 2826 1979 sc
2854 1922 3109 1993 gratiam
3160 1921 3322 1979 beati
3344 1924 3451 1978 Go-

1790 2009 2045 2066 dehardi
2076 2011 2310 2068 realiter
2339 2012 2663 2085 percipere,
2697 2016 2753 2069 et
2778 2011 2947 2067 illum
2977 2027 3183 2067 secum
3211 2010 3295 2066 ibi
3322 2026 3452 2067 ma-

1790 2115 1950 2156 nere.
2009 2102 2139 2166 Quo
2166 2100 2344 2169 dicto,
2374 2101 2582 2158 omnia
2596 2100 2872 2157 membra
2901 2099 3081 2167 illius,
3120 2116 3253 2172 quae
3273 2104 3450 2155 antea

1790 2189 2028 2246 fuerant
2055 2190 2297 2260 debilia,
2331 2191 2392 2246 in
2421 2190 2759 2248 naturalem
2787 2194 3008 2246 statum
3039 2194 3179 2245 sunt
3218 2187 3451 2245 restitu-

1792 2282 1873 2347 ta,
1907 2279 1961 2334 ei
1991 2279 2124 2352 ipsa
2148 2279 2514 2350 integraliter
2539 2283 2631 2336 est
2657 2283 2886 2336 sanata.
2919 2278 3085 2334 Hanc
3124 2292 3336 2335 omnes
3391 2276 3477 2354 in.

1791 2368 2043 2425 ecclesia
2071 2374 2277 2426 nostra
2315 2373 2592 2427 sanatam
2630 2368 2915 2439 vidimus,
2972 2367 3347 2445 Dominoque
3376 2367 3451 2423 de

1790 2457 1953 2514 dono
1980 2457 2093 2514 sibi
2123 2457 2341 2516 collato
2370 2458 2586 2514 laudes
2618 2457 3038 2530 persolvimus.

1857 2550 1947 2603 40.
1983 2547 2111 2603 Fuit
2141 2548 2297 2604 circa
2326 2547 2689 2621 principium
2710 2546 3115 2603 translationis
3142 2545 3301 2602 beati
3341 2547 3450 2602 Go-

1788 2636 2039 2693 dehardi
2061 2637 2312 2710 quidam
2347 2637 2609 2708 Sclavus,
2668 2636 2895 2693 lumine
2943 2636 3126 2705 longo
3180 2640 3447 2708 tempore

1788 2725 2079 2798 privatus,
2102 2727 2259 2784 intra
2288 2743 2563 2801 paganos
2593 2742 2829 2782 moram
2860 2725 3103 2781 faciens.
3157 2724 3280 2787 Hic,
3337 2740 3445 2780 au-

1789 2815 1959 2872 diem
1982 2816 2229 2873 virtutes
2268 2834 2421 2892 quas
2451 2818 2604 2872 Deus
2632 2816 2693 2871 in
2711 2816 2937 2872 honore
2967 2815 3125 2870 beati
3151 2812 3447 2870 Godehar-

1789 2905 1851 2961 di
1880 2906 2263 2977 operabatur,
2296 2922 2489 2979 usque
2517 2904 2596 2961 ad
2620 2904 2831 2961 limina
2856 2904 2984 2975 ejus
3027 2902 3316 2975 pervenit,
3376 2918 3447 2960 ac

1788 2995 2190 3068 patrocinium
2220 2998 2351 3068 ejus
2378 2995 2678 3051 humiliter
2721 2994 3085 3068 imploravit,
3132 2992 3247 3050 Sed
3298 2992 3450 3048 dum

1789 3102 2141 3144 communes
2167 3102 2277 3160 pro
2303 3103 2395 3154 eo,
2428 3086 2490 3141 in
2545 3085 2800 3141 ecclesna
2842 3088 3046 3141 nostra
3082 3084 3293 3139 fierent
3320 3098 3454 3140 ora-

1790 3176 2004 3244 tiones,
2032 3176 2176 3249 quia
2204 3176 2438 3233 noviter
2461 3175 2665 3232 relicto
2721 3190 2919 3231 errore
2964 3172 3305 3244 gentilitatis
3346 3188 3451 3229 ve-

1788 3271 1960 3323 nerat
1978 3265 2058 3323 ad
2096 3270 2544 3323 sacramentum
2593 3264 2995 3338 baptismatis,
3051 3266 3276 3321 factum
3340 3265 3451 3329 est,

1789 3356 2049 3429 peccatis
2080 3356 2299 3413 nostris
2330 3355 2731 3427 exigentibus,
2763 3360 2828 3411 ut
2855 3354 3171 3411 sanitatem
3217 3366 3341 3409 non
3366 3368 3455 3409 re-

1790 3447 2030 3519 ciperet,
2093 3445 2202 3501 sed
2259 3445 2425 3501 omni
2483 3460 2586 3517 spe
2645 3444 2964 3500 destitutus
3011 3447 3150 3515 post
3203 3440 3452 3514 aliquod

1790 3541 2029 3609 tempus
2060 3536 2313 3593 domum
2335 3537 2645 3590 remearet.
2697 3532 2954 3602 Contigit
3004 3536 3207 3588 autem
3237 3535 3300 3586 ut
3357 3530 3453 3586 sui

1792 3625 2176 3693 contribules,
2209 3624 2410 3681 adhuc
2442 3623 2503 3679 in
2526 3640 2635 3679 sua
2668 3622 2987 3693 gentilitate
3003 3623 3447 3693 permanentes,

1792 3716 1897 3791 qui
1926 3732 2065 3771 eum
2084 3714 2283 3770 visum
2313 3730 2434 3769 non
2473 3727 2862 3785 recuperasse
2914 3710 3211 3779 viderunt,
3265 3707 3452 3764 conti-

1791 3822 1914 3862 nuo
1943 3805 2005 3861 in
2042 3804 2436 3877 opprobrium
2467 3808 2523 3859 et
2577 3802 2938 3858 derisionem
2996 3815 3133 3856 eum
3189 3797 3452 3854 deduxe-

1790 3901 1951 3966 runt,
1984 3895 2202 3951 scilicet
2230 3894 2397 3968 quod
2425 3896 2611 3949 Deum
2670 3908 2849 3947 suum
2901 3889 3337 3962 dereliquisset,
3394 3893 3459 3945 et'

1790 3986 1853 4042 in
1877 3985 1994 4042 alio
2024 3984 2256 4041 nullam
2287 3984 2541 4041 salutem
2565 3982 2905 4039 invenisset.
2932 3983 3060 4036 Haec
3084 3984 3141 4036 et
3167 3978 3259 4035 his
3286 3978 3451 4034 simi-

1790 4078 1870 4135 lia
1896 4076 2007 4134 illis
2032 4075 2559 4150 exprobrantibus,
2588 4074 2815 4131 factum
2831 4076 2995 4130 estut
3020 4071 3342 4145 praedictus
3364 4072 3455 4127 vir

1790 4167 2023 4242 pudore
2055 4165 2547 4232 confunderetur,
2587 4169 2644 4220 et
2664 4167 2920 4219 mortem
2960 4160 3074 4217 sibi
3096 4160 3311 4216 inferre
3368 4159 3457 4215 ni-

1789 4262 2027 4315 teretur.
2060 4256 2196 4324 Sed,
2229 4272 2265 4311 o
2299 4253 2497 4311 virum
2553 4253 2719 4309 omni
2771 4251 2948 4308 laude
3004 4248 3451 4321 dignissimum,

1788 4346 1893 4421 qui
1920 4352 1977 4402 et
2003 4346 2190 4402 vitam
2220 4341 2611 4417 temporalem
2642 4342 2695 4399 ei
2724 4340 3115 4409 conservavit,
3142 4343 3199 4395 et
3228 4354 3265 4395 a
3293 4354 3452 4396 mor-

1790 4442 1845 4493 te
1875 4440 2096 4492 eeterna
2115 4450 2255 4490 eum
2286 4432 2561 4488 liberavit
2587 4431 2599 4486 ι
2632 4434 2803 4495 Nam,
2834 4430 2982 4485 dum
3013 4428 3211 4485 adhuc
3231 4428 3292 4483 in
3334 4428 3451 4485 hac

1790 4524 2115 4583 intentione
2156 4525 2557 4595 permaneret,
2608 4524 2673 4575 ut
2720 4523 2975 4575 mortem
3028 4517 3141 4573 sibi
3186 4517 3447 4586 inferret,

1789 4631 1897 4691 per
1925 4613 2138 4670 merita
2164 4611 2323 4668 beati
2356 4609 2697 4667 Godehardi
2726 4614 2818 4665 est
2845 4607 3215 4663 illuminatus
3245 4626 3259 4675 ;
3291 4607 3363 4663 iis
3414 4623 3452 4663 a

1791 4704 2013 4778 quibus
2042 4701 2208 4775 prius
2242 4699 2682 4757 contumeliosa
2710 4702 3076 4771 susceperat,
3103 4695 3251 4752 deos
3304 4712 3449 4752 suos

1794 4794 2008 4851 surdos
2039 4798 2096 4849 et
2124 4797 2326 4849 mutos
2356 4789 2782 4865 exprobrabat,
2808 4793 2866 4844 et
2890 4803 2952 4843 se
2994 4802 3313 4860 nunquam
3369 4786 3449 4843 ab

1794 4885 1878 4941 eis
1898 4884 2051 4940 bene
2076 4882 2224 4957 quid
2273 4887 2625 4955 accepturos
2672 4878 2974 4936 verissime
3030 4874 3445 4933 confirmabat.

1798 4974 1966 5029 Hunc
1988 4977 2199 5046 postea
2226 4972 2287 5027 in
2318 4970 2568 5027 ecclesia
2591 4974 2800 5026 nostra
2828 4967 3028 5040 plures
3056 4966 3347 5035 viderunt,
3394 4970 3453 5021 et

1794 5080 1935 5120 eum
1963 5062 2144 5118 fuisse
2171 5062 2573 5118 illuminatum
2602 5059 2907 5115 verissime
2937 5062 3361 5128 cognoverunt.

1862 5159 1951 5212 41.
1985 5153 2243 5224 Contigit
2271 5170 2411 5209 vero
2440 5168 2564 5208 non
2585 5150 2776 5208 multo
2802 5154 2939 5224 post
2986 5147 3319 5221 quemdam
3374 5145 3451 5203 de

1791 5243 2036 5302 Polonia
2072 5244 2151 5300 ad
2182 5241 2584 5316 patrocinium
2610 5238 2771 5297 beati
2806 5237 3141 5295 Godehardi
3171 5237 3456 5295 adventa-

1790 5351 1872 5393 re.
1905 5333 2017 5391 Sed
2038 5333 2187 5390 dum
2209 5333 2337 5405 jam
2365 5331 2586 5387 ostium
2612 5335 2830 5386 nostra:
2860 5327 3122 5385 ecclesiae
3167 5328 3454 5385 niteretur

1790 5425 2053 5497 introire,
2087 5422 2286 5481 subito
2317 5438 2353 5481 a
2381 5421 2649 5494 maligno
2680 5419 2889 5495 spiritu
2915 5424 3006 5477 est
3034 5424 3264 5494 raptus,
3296 5423 3353 5478 et
3372 5418 3454 5478 ad

2005 5640 2175 5714 Spira
2201 5639 2348 5714 urbs
2369 5637 2511 5694 olim
2540 5632 2825 5714 Nemetes
2855 5638 3035 5714 dicta,
3090 5634 3452 5714 episcopalis

1792 5706 1906 5793 sub
1927 5706 2243 5793 mefroeoli
2277 5710 2649 5793 Moguntina,
2687 5711 2750 5793 ip
2805 5706 3144 5787 palatinatu'
3190 5706 3451 5767 inferiori

1794 5785 1911 5843 sub
1940 5780 2167 5860 proprii
2196 5780 2464 5862 episcopi
2487 5780 2777 5842 dominio.
