3888 6426
429 294 562 354 1223

1361 297 1417 352 s.
1459 293 1864 353 commitam
1905 272 2213 351 Episcoei
2253 286 2877 353 HILDESHEIMENSIS

3730 295 3869 351 {22's

425 425 646 480 terram
672 421 938 479 horribili
966 421 1149 478 modo
1178 418 1443 490 dejectus
1475 437 1488 476 ε
1521 419 1625 493 qui
1666 419 1814 475 dum
1860 417 1921 474 in
1971 433 2066 473 ec-
2100 419 2147 473 Α
2185 414 2342 474 circa
2366 434 2501 474 cum
2529 419 2614 475 sic
2638 420 2904 477 evenisse
2924 420 3077 477 veris
3102 416 3554 477 assertionibus
3575 420 3870 489 cognovi-

426 511 668 568 elesiam
705 512 763 568 vi
788 510 1118 577 duceretur,
1154 514 1212 565 et
1256 509 1334 565 ad
1364 507 1635 565 tumbam
1678 507 1837 564 beati
1888 507 2074 564 Gode-

424 600 597 657 hardi
624 599 1039 673 applicaretur,
1072 601 1236 654 tanto
1268 597 1465 653 furore
1485 598 1663 671 erepit
1691 595 2068 662 debacchari,

424 695 489 745 ut
511 689 703 761 quivis
732 692 935 762 posset
978 686 1281 743 admirari.
1331 687 1599 743 Tandem
1647 702 1864 760 corpus
1912 684 2074 741 beati

423 775 758 833 Godehardi
787 776 865 832 ad
889 792 1028 832 eum
1058 774 1338 847 defertur,
1365 779 1421 830 et
1451 774 1621 844 signo
1671 778 1891 830 sanctas
1938 789 2071 829 cru-

422 867 505 923 cis
532 865 902 923 benedicitnr
939 871 996 923 et
1025 866 1150 922 sine
1193 880 1367 923 mora
1421 864 1619 921 statim
1664 881 1802 922 cum
1852 863 2071 920 indicio

420 956 627 1027 magni
652 954 851 1012 fetoris
882 956 1183 1012 liberatur.

445 1128 455 1140 .
490 1086 580 1139 42.
614 1082 741 1139 Fuit
768 1097 909 1138 vero
933 1086 1074 1138 tunc
1117 1080 1401 1153 temporis
1433 1080 1494 1135 in
1543 1079 1895 1151 Trajectensi
1947 1078 2071 1152 epi-

422 1176 675 1245 scopatu
700 1170 793 1227 vir
819 1170 1067 1243 quidam
1105 1169 1215 1225 arti
1242 1168 1609 1225 mercatoriae
1662 1168 1923 1239 deditus,
1968 1168 2074 1241 qui

418 1261 753 1333 frequenter
779 1275 945 1316 mare
973 1259 1255 1325 transivit,
1296 1262 1354 1315 et
1390 1274 1529 1331 quas
1571 1258 1682 1313 sibi
1736 1257 2074 1314 necessaria

418 1354 587 1407 erant
622 1350 997 1423 conquisivit.
1041 1349 1140 1405 Hie
1191 1348 1459 1421 quodam
1501 1353 1767 1421 tempore
1806 1347 2073 1403 maxima

417 1441 764 1511 tempestate
790 1436 852 1492 in
874 1436 1074 1493 medio
1094 1437 1247 1492 mari
1271 1435 1754 1508 deprehenditur,
1781 1435 1858 1492 ab
1882 1434 2074 1491 omni-

415 1527 529 1583 bus
556 1526 989 1595 conclamatur,
1015 1531 1073 1583 et
1101 1526 1185 1582 nil
1209 1526 1335 1597 jam
1385 1526 1498 1581 nisi
1528 1525 1771 1581 ultimus
1802 1525 1936 1580 vitae
1963 1529 2074 1580 ter-

416 1616 615 1673 minus
647 1616 901 1672 timetur.
934 1614 1218 1683 Tandem,
1250 1614 1419 1671 ﬁnito
1446 1613 1753 1687 aliquanto
1780 1619 2065 1687 tempore,

414 1704 731 1778 resumptis
770 1703 997 1760 viribus
1042 1703 1277 1771 animae,
1330 1702 1619 1759 auxilium
1665 1703 1825 1759 beati
1877 1703 2066 1759 Gode-

412 1794 585 1851 hardi
614 1792 1037 1866 implorabant,
1067 1798 1125 1849 et
1153 1797 1498 1862 argenteam
1515 1791 1721 1849 navim
1737 1792 2064 1863 delaturos,

413 1883 462 1939 si
489 1883 829 1952 evaderent,
869 1882 1257 1939 devoverunt.
1302 1885 1418 1937 Hos
1462 1880 1523 1937 in
1567 1881 1816 1938 ecclesia
1861 1886 2067 1938 nostra

409 1972 612 2029 navim
639 1976 985 2043 argenteam
1009 1970 1342 2027 deterentes
1358 1973 1566 2043 postea
1590 1970 1872 2039 vidimus,
1906 1976 1962 2027 et
1983 1970 2065 2026 sic

410 2062 493 2118 eis
521 2062 785 2118 evenisse
817 2060 1123 2117 verissime
1154 2060 1569 2131 cognovimus.

479 2181 567 2234 43.
602 2176 855 2246 Contigit
881 2176 1060 2232 etiam
1098 2181 1237 2232 tunc
1286 2176 1570 2248 temporis
1617 2176 1678 2232 in
1728 2176 2059 2242 Hollandia,

409 2264 574 2338 quod
622 2264 889 2337 quodam
932 2269 1197 2336 tempore
1244 2279 1409 2320 mare
1447 2280 1554 2337 per
1608 2264 2062 2321 inundationem

376 2353 660 2433 .inﬂnxit,
718 2358 775 2410 et
826 2352 1121 2409 inﬁnitam
1186 2353 1627 2410 multitudinem
1697 2354 2060 2426 populorum

409 2442 745 2499 submersit.
780 2444 902 2499 Hoc
927 2442 1174 2515 quidam
1204 2442 1617 2515 percipientes,
1649 2442 1711 2498 in
1748 2444 2060 2499 basilicam

407 2531 741 2605 quamdam
767 2530 825 2587 in
877 2531 1168 2588 honorem
1220 2536 1440 2588 sanctas
1487 2531 1676 2589 Mariis
1720 2531 2058 2588 dedicatam

406 2636 537 2677 sese
561 2624 928 2693 receperunt,
961 2620 1022 2676 in
1050 2636 1173 2693 qua
1201 2624 1455 2677 mortem
1486 2637 1550 2676 se
1591 2636 1876 2677 evasuros
1921 2637 2055 2694 spc-

402 2713 703 2766 raverunt.
766 2710 879 2767 Sed
929 2726 1066 2765 eum
1112 2710 1239 2780 jam
1285 2725 1450 2766 mare
1499 2710 1692 2781 magis
1740 2725 1810 2766 ac
1862 2711 2057 2779 magis

402 2798 685 2867 efﬂueret,
718 2803 773 2855 et
792 2800 919 2871 jam
958 2798 1158 2872 ipsum
1188 2814 1430 2855 murum
1459 2799 1722 2856 basilica:
1760 2799 2054 2872 impinge-

400 2891 508 2959 ret,
538 2887 807 2944 videntes
837 2903 898 2943 se
930 2903 1053 2943 non
1083 2903 1259 2960 posse
1290 2888 1562 2958 evadere,
1587 2887 1877 2944 auxilium
1897 2888 2056 2944 beati

403 2974 738 3032 Godehardi
766 2975 1235 3048 imploraverunt
1263 2992 1276 3029 :
1309 2976 1476 3048 quod
1506 2976 1704 3032 statim
1756 2976 2057 3032 evidenter

400 3068 811 3138 perceperunt.
847 3066 997 3119 Nam
1042 3064 1325 3120 continuo
1368 3080 1533 3121 mare
1561 3065 1639 3121 ad
1686 3065 1926 3120 solitum
1969 3064 2056 3120 lo—

401 3168 539 3208 cum
569 3151 871 3220 relabitur,
903 3158 958 3209 et
988 3168 1061 3209 ne
1115 3152 1398 3226 deinceps
1437 3153 1639 3209 locum
1668 3154 1888 3210 habeat
1914 3170 2056 3210 eva-

401 3240 584 3311 gandi
612 3240 890 3296 divinitus
917 3240 1233 3296 inhibetur.
1268 3244 1508 3297 Factum
1538 3242 1823 3311 estigitur
1852 3246 1915 3297 ut
1940 3245 2051 3297 Do-

398 3329 600 3386 minus
629 3334 832 3385 noster
858 3330 1256 3403 patrocinium
1285 3330 1445 3387 Beati
1493 3330 1828 3386 Godehardi
1874 3331 2050 3387 nobis

397 3433 521 3476 non
545 3421 775 3476 tantum
803 3419 863 3475 in
893 3420 1059 3475 terris
1088 3420 1444 3492 ostenderet,
1470 3420 1577 3476 sed
1608 3420 1785 3477 etiam
1809 3420 1871 3477 in
1896 3420 2051 3477 mari

397 3508 719 3565 certissime
743 3508 1165 3565 manifestaret.
1195 3512 1343 3565 Nam
1374 3512 1716 3582 quotnaves
1747 3509 1806 3565 in
1824 3525 2053 3580 magna

395 3600 741 3670 tempestate
772 3597 1180 3671 deprehensas
1210 3598 1499 3654 Dominus
1535 3614 1642 3672 per
1669 3614 1808 3654 eum
1835 3598 2049 3656 libera-

393 3685 494 3754 vit,
524 3688 812 3741 testantur
841 3685 1039 3742 adhue
1065 3701 1243 3742 cerea
1274 3702 1459 3743 naves
1478 3686 1541 3742 in
1567 3686 1814 3743 ecclesia
1840 3691 2050 3745 nostra

393 3772 739 3849 pendentes.

461 3890 550 3943 44.
581 3887 747 3944 Circa
773 3887 933 3945 idem
959 3892 1194 3962 tempus
1225 3889 1535 3947 Lotharius
1579 3889 1905 3962 imperator
1927 3893 2044 3946 Ro-

389 3987 710 4031 manorum
748 3974 973 4047 legatos
1028 3994 1192 4044 suos,
1249 3977 1469 4035 scilicet
1524 3977 1847 4033 Eilbertum
1893 3993 2045 4051 prae-

389 4062 650 4134 positum
689 4063 1119 4122 Goslariensem
1171 4061 1415 4123 fratrem
1463 4070 1758 4135 nostrum,
1811 4065 1889 4122 ad
1928 4065 2044 4123 im-

387 4156 723 4224 peratorem
789 4155 1508 4229 Constantinopolitanum
1588 4154 1919 4224 dirigebat,
1986 4160 2045 4212 et

387 4242 699 4316 antiquum
725 4241 918 4300 fcedus
938 4244 1391 4318 imperatorum,
1423 4244 1589 4319 quod
1610 4247 1740 4315 jam
1761 4260 1913 4318 pene
1942 4261 2043 4301 ne-

385 4329 643 4400 glectum
691 4330 899 4403 fuerat,
939 4333 1090 4390 inter
1135 4334 1298 4407 ipsos
1346 4332 1683 4406 reparabat.
1737 4333 1835 4389 Hic
1889 4332 2039 4390 dum

382 4432 547 4474 mare
602 4420 895 4490 transiret,
928 4425 985 4477 et
1008 4422 1139 4492 jam
1181 4436 1469 4495 prospero
1523 4437 1701 4477 cursu
1743 4425 2035 4494 pergeret,

383 4507 628 4578 contigit
662 4512 728 4565 ut
754 4509 1004 4583 quidam
1050 4510 1311 4566 famulus
1358 4509 1544 4582 ipsius
1593 4510 1909 4583 resupinus
1960 4512 2041 4567 de

382 4596 573 4670 puppi
623 4594 880 4670 caderet,
921 4603 977 4655 et
1013 4598 1196 4668 longo
1242 4604 1508 4671 tempore
1555 4599 1669 4655 sub
1707 4599 1884 4656 undis
1908 4617 2040 4657 ma-

380 4686 463 4741 ris
522 4684 779 4744 existens
827 4686 974 4743 nulli
1032 4691 1366 4761 appareret.
1428 4691 1670 4744 Factum
1725 4693 1817 4745 est
1869 4704 2033 4760 ergo,

379 4770 528 4832 dum
576 4775 653 4832 ab
702 4774 883 4832 undis
920 4776 1103 4832 maris
1151 4782 1308 4833 esset
1350 4777 1692 4848 absorptus,
1736 4781 1791 4833 et
1838 4778 2037 4834 omnis

377 4876 498 4920 vox
523 4868 678 4921 esset
704 4864 1055 4938 interrupta,
1101 4865 1228 4922 sola
1256 4865 1582 4922 intentione
1634 4881 1758 4937 qua
1805 4870 2039 4939 poterat

376 4952 777 5025 patrocinium
824 4952 983 5010 beati
1032 4953 1372 5010 Godehardi
1422 4952 1802 5026 implorabat,
1865 4959 1921 5012 et
1970 4959 2038 5012 ut

374 5053 515 5097 eum
543 5056 577 5099 a
602 5041 810 5098 mortis
842 5040 1106 5115 periculo
1134 5040 1411 5097 liberaret
1448 5039 1831 5098 devotissime
1878 5043 2034 5115 rogi-

376 5128 560 5187 tabat.
603 5132 683 5188 Eo
732 5131 817 5187 sic
848 5131 1166 5202 cogitante,
1207 5130 1486 5205 apparuit
1533 5131 1586 5187 ei
1634 5132 1885 5204 quidam
1931 5151 2035 5191 ca-

375 5221 522 5275 nuta
550 5218 718 5290 facie,
750 5220 1129 5294 educensque
1158 5220 1219 5277 in
1240 5219 1617 5293 superﬁciem
1638 5221 1843 5292 maris,
1864 5224 2031 5295 quod

376 5310 512 5363 ante
542 5320 663 5364 non
692 5312 955 5376 noverat,
987 5308 1191 5365 docuit
1227 5314 1455 5365 natare.
1508 5307 1782 5365 Videntes
1828 5315 2030 5367 autem

374 5395 480 5467 qui
503 5395 565 5452 in
593 5394 735 5451 navi
759 5395 1015 5465 fuerant,
1045 5395 1247 5453 velum
1298 5395 1671 5467 relaxabant,
1703 5404 1761 5454 et
1812 5399 2035 5456 minori

375 5484 516 5541 navi
569 5500 706 5558 qua:
753 5500 855 5539 eos
886 5485 1302 5557 comitabatur,
1332 5503 1521 5559 usque
1560 5487 1640 5543 ad
1660 5504 1798 5544 eum
1825 5505 2031 5562 perve-

374 5574 609 5628 nerunt.
643 5571 735 5627 Sic
764 5571 1076 5642 praedictus
1106 5573 1367 5630 famulus
1399 5590 1436 5630 a
1465 5578 1653 5631 morte
1696 5575 1825 5647 jam
1874 5592 2028 5650 pene

376 5659 697 5731 absorptus
727 5657 991 5730 eripitur,
1018 5663 1075 5716 et
1102 5661 1253 5718 miro
1293 5662 1479 5719 modo
1519 5663 1655 5719 vitae
1682 5664 2026 5721 restituitur.

376 5748 543 5804 Hunc
565 5761 777 5805 omnes
805 5751 1014 5818 postea
1041 5747 1102 5806 in
1145 5749 1394 5808 ecclesia
1430 5755 1633 5810 nostra
1660 5751 1938 5824 vidimus,
1968 5758 2027 5813 et

1886 6327 2000 6334 κὴ

2181 520 2338 561 mus.

2248 635 2337 689 45.
2366 636 2492 690 Non
2522 634 2710 691 multo
2740 640 2875 708 post
2905 638 3170 709 tempore
3200 635 3454 705 contigit
3502 633 3571 691 in
3632 634 3867 705 Bunga-

2177 720 2312 777 ricis
2360 724 2705 793 regionibus
2748 725 3032 782 celebrari
3077 723 3444 782 miraculum
3492 728 3555 780 et
3608 724 3864 794 dignum

2179 810 2469 867 memoria
2496 812 2893 869 retinendum.
2946 816 3096 869 Nam
3144 830 3347 870 comes
3392 811 3676 886 quidam
3721 812 3865 867 illius

2177 899 2435 970 regionis
2466 901 2655 957 ﬁlium
2670 901 2982 970 habuerat,
3001 903 3061 958 in
3081 920 3202 976 quo
3234 918 3491 959 omnem
3518 918 3713 975 spem
3738 906 3868 957 tem-

2178 988 2447 1062 poralem
2475 995 2531 1047 et
2558 990 2843 1048 ﬁduciam
2872 998 3173 1065 posuerat.
3209 992 3473 1063 Contigit
3523 1008 3690 1047 vero
3737 1008 3865 1047 eum

2178 1082 2484 1147 aegrotare,
2517 1084 2573 1135 et
2596 1080 2724 1151 jam
2756 1097 2946 1154 usque
2977 1080 3055 1137 ad
3082 1084 3339 1137 mortem
3366 1080 3741 1154 periclitari.
3778 1084 3865 1137 Fa-

2178 1171 2339 1223 ctum
2369 1173 2457 1224 est
2484 1168 2679 1239 igitur,
2707 1169 2855 1225 dum
2886 1176 3097 1226 Omnes
3132 1169 3379 1226 sollicite
3410 1174 3606 1226 nocte
3651 1170 3865 1243 dicqm

2179 1258 2334 1313 circa
2386 1274 2524 1313 eum
2572 1257 2885 1328 vigilarent
2933 1262 2990 1315 et
3024 1258 3177 1315 inter
3216 1275 3394 1331 spem
3443 1259 3855 1333 timoremqm

2177 1347 2518 1413 hesitarent,
2545 1350 2611 1402 ut
2638 1363 2787 1420 puer
2816 1347 2992 1404 morti
3021 1347 3465 1421 appropriaret,
3502 1352 3566 1403 et
3591 1348 3863 1421 quadam

2177 1435 2272 1491 die
2298 1437 2454 1492 circa
2482 1436 2695 1491 horam
2726 1436 2985 1509 primam
3014 1436 3363 1509 exspiraret.
3400 1436 3506 1492 His
3543 1437 3639 1493 ita
3671 1438 3863 1509 gestis,

2178 1525 2324 1582 dum
2354 1542 2563 1581 omnes
2609 1524 2856 1595 luctum,
2906 1526 3290 1599 lamentaque
3331 1527 3771 1597 geminarent,
3823 1534 3865 1582 et

2178 1630 2310 1686 quae
2342 1612 2639 1685 exsequiis
2668 1618 2837 1670 erant
2865 1614 3202 1670 necessaria
3230 1620 3702 1688 prmpararent,
3732 1616 3866 1671 forte

2179 1701 2428 1774 quidam
2458 1702 2547 1757 vir
2574 1701 2649 1757 de
2680 1703 2955 1759 Bavarica
2984 1701 3228 1773 regione
3266 1703 3649 1765 advenerat.
3685 1705 3796 1777 qui
3824 1714 3865 1759 et

2177 1790 2377 1862 ipsum
2407 1807 2660 1863 puerum
2690 1790 2765 1846 de
2796 1807 2965 1847 sacro
2996 1791 3156 1847 fonte
3180 1789 3516 1849 levaverat.
3553 1793 3672 1849 Hic
3703 1794 3865 1863 igitur

2174 1879 2386 1934 videns
2410 1879 2946 1952 incomparabilem
2974 1879 3246 1936 dolorem
3285 1881 3482 1953 patris
3513 1886 3583 1938 et
3638 1883 3862 1945 matris,

2176 1968 2451 2023 misertus
2501 1984 2731 2036 eorum,
2764 1968 2943 2040 cmpit
2967 1968 3051 2024 eis
3070 1985 3292 2025 nomen
3314 1968 3486 2026 beati
3511 1970 3863 2027 Godehardi

2175 2056 2466 2119 intimare,
2517 2061 2572 2112 et
2617 2061 2908 2128 quantam
2965 2056 3220 2127 gratiam
3271 2055 3581 2114 ﬁdelibus
3630 2059 3699 2116 in
3741 2076 3865 2115 eum

2176 2144 2553 2217 sperantibus
2580 2143 2866 2199 Dominus
2897 2143 3291 2211 administret,
3323 2145 3752 2204 devotissime
3781 2165 3868 2203 an-

2174 2233 2467 2288 nuntiare.
2500 2232 2595 2288 llis
2625 2231 2862 2302 auditis,
2893 2232 3018 2288 sine
3049 2234 3434 2291 cunctatione
3456 2240 3660 2308 pater
3680 2242 3868 2292 etma-

2172 2327 2260 2378 ter
2286 2322 2461 2377 ﬁrma
2490 2321 2608 2377 ﬁde
2639 2321 2716 2377 ad
2741 2326 2957 2377 terram
2980 2338 3041 2376 se
3072 2326 3493 2395 prosternunt,
3522 2325 3869 2383 misericor-

2173 2411 2338 2467 diam
2360 2410 2516 2466 beati
2536 2408 2873 2465 Godehardi
2898 2410 3277 2467 devotissime
3308 2412 3706 2485 implorant,
3732 2433 3866 2471 sese

2173 2516 2289 2572 que
2320 2498 2695 2555 devovebant
2724 2515 2861 2554 cum
2893 2498 3015 2553 suis
3044 2498 3462 2556 oblationibus
3514 2503 3611 2559 ad
3665 2503 3863 2560 limina

2170 2588 2358 2661 ipsius
2387 2588 2494 2643 iter
2520 2587 2871 2657 instaurare,
2919 2586 2967 2642 si
3004 2586 3084 2643 ad
3127 2588 3454 2661 pristinam
3511 2592 3732 2649 vitam
3776 2610 3863 2666 per

2172 2678 2303 2748 ejus
2334 2676 2731 2750 patrocinium
2756 2674 2946 2731 ﬁlium
2980 2693 3160 2732 suum
3188 2678 3433 2750 possint
3464 2695 3860 2755 recuperare.

2172 2768 2269 2822 His
2324 2765 2523 2831 ﬁnitis,
2570 2765 2699 2835 jam
2736 2764 3139 2837 vespertinum
3198 2770 3445 2839 tempus
3503 2769 3861 2827 advenerat.

2170 2872 2310 2912 cum
2337 2855 2637 2927 insperato
2665 2853 2850 2909 modo
2875 2869 3025 2926 puer
3054 2853 3133 2909 ad
3157 2854 3346 2912 vitam
3379 2857 3580 2929 redit,
3604 2864 3691 2929 et,
3714 2860 3861 2934 quod

2168 2944 2441 3001 mirabile
2464 2944 2628 3000 dictu
2657 2948 2764 3015 est,
2812 2943 2938 2999 sine
2987 2942 3207 2999 indicio
3249 2943 3541 3002 lmsionis
3592 2948 3679 3004 de
3730 2949 3859 3003 lecto

2168 3033 2422 3090 surrexit
2450 3031 2834 3101 aegritudinis.
2866 3034 3081 3087 Votum
3109 3048 3273 3102 vero,
3305 3034 3488 3106 quod
3530 3037 3858 3110 praedictus

2097 3118 2140 3174 C
2170 3128 2338 3196 pater
2366 3128 2421 3177 et
2451 3126 2640 3177 mater
2668 3120 2950 3187 fecerant,
2979 3120 3103 3177 sine
3125 3137 3297 3178 mora
3326 3122 3858 3198 adimpleverunt.

2167 3218 2227 3269 et
2255 3209 2658 3267 oblationibus
2690 3225 2812 3265 non
2850 3209 3104 3265 modicis
3142 3210 3355 3267 limina
3409 3211 3597 3270 beati
3632 3215 3857 3289 patroni

2167 3300 2353 3359 nostri
2384 3297 2716 3355 Godehardi
2743 3298 3151 3355 visitaverunt.
3195 3302 3311 3355 Nos
3342 3299 3406 3357 in
3440 3303 3730 3360 ecclesia
3777 3321 3859 3359 no

2167 3398 2290 3448 stra
2316 3388 2642 3445 honoriﬁce
2670 3388 3064 3460 suscepimus,
3092 3393 3150 3445 et
3178 3389 3262 3445 sic
3288 3388 3375 3445 eis
3398 3394 3759 3464 contigisse
3774 3410 3859 3449 ve-

2164 3480 2288 3537 raci
2315 3477 2597 3535 relatione
2626 3477 3043 3546 cognovimus.

2236 3599 2323 3651 46.
2357 3594 2523 3652 Circa
2549 3593 2708 3649 idem
2741 3597 2995 3667 tempus,
3024 3593 3171 3649 dum
3204 3597 3371 3651 tanta
3401 3596 3739 3656 miracula
3770 3616 3857 3673 per

2161 3685 2408 3742 beatum
2439 3682 2861 3740 Godehardum
2885 3682 3185 3752 ﬂorerent,
3212 3685 3473 3756 contigit
3499 3687 3682 3746 duos
3710 3690 3859 3745 viros

2162 3773 2351 3831 nimia
2391 3773 2695 3847 potatione
2751 3773 3145 3843 ingurgitatos
3198 3774 3513 3833 civitatem
3581 3786 3858 3836 nostram

2160 3864 2343 3936 exire,
2397 3866 2455 3919 et
2511 3861 2590 3918 ad
2644 3862 2984 3934 proximam
3055 3862 3262 3921 villam
3319 3864 3481 3921 velle
3550 3870 3855 3925 transire:

2158 3952 2267 4025 qui
2316 3951 2463 4006 dum
2513 3949 2712 4006 medio
2751 3966 2970 4023 campo
3016 3952 3436 4019 consisterent,
3489 3955 3667 4013 alter
3716 3959 3856 4032 ipso-

2158 4058 2297 4097 rum
2351 4039 2588 4096 fortuito
2637 4055 2704 4095 os
2750 4038 2993 4105 invenit,
3043 4040 3212 4114 quod
3260 4042 3626 4101 sublevans
3680 4064 3857 4104 manu

2160 4147 2267 4205 per
2296 4130 2508 4187 horam
2533 4145 2738 4185 secum
2780 4129 3056 4202 portavit.
3092 4130 3208 4188 Sed
3254 4131 3481 4189 videns
3534 4135 3769 4210 ipsum
3807 4155 3857 4193 es

2160 4236 2289 4277 esse
2332 4234 2568 4289 magnae
2620 4218 3079 4292 pulchritudinis
3111 4223 3168 4275 et
3219 4220 3549 4293 candoris,
3619 4226 3858 4284 dicebat

2158 4325 2223 4365 se
2249 4313 2471 4365 terram
2498 4307 2648 4363 velle
2672 4307 3052 4381 pertransire,
3095 4313 3153 4365 et
3179 4309 3479 4367 omnibus
3538 4317 3857 4373 notiﬁcare

2155 4416 2222 4455 se
2250 4398 2532 4471 reliquias
2561 4398 2748 4454 nostri
2773 4397 3007 4471 patroni
3023 4397 3273 4469 deferre,
3292 4404 3351 4456 et
3384 4402 3474 4458 sic
3506 4408 3856 4481 temporale

2154 4488 2413 4555 lucrum,
2470 4492 2536 4544 ut
2589 4487 2798 4557 caeteri,
2867 4486 3194 4559 acquirere.
3264 4491 3398 4555 Quo
3458 4492 3681 4563 dicto,
3753 4499 3855 4553 sine

2155 4593 2330 4634 mora
2355 4577 2417 4632 in
2445 4575 2756 4633 vesaniam
2792 4580 3081 4648 raptatur,
3114 4582 3175 4633 et
3199 4577 3468 4651 loquens
3505 4583 3744 4643 aliena
3775 4587 3857 4642 de

2156 4684 2325 4723 mum
2356 4664 2687 4732 deducitur,
2715 4669 2773 4722 et
2798 4664 2959 4721 mala
2989 4669 3181 4722 morte
3204 4668 3502 4740 proxima
3520 4682 3733 4733 nocte
3760 4682 3854 4732 ira-

2148 4756 2333 4812 ditur.
2362 4755 2458 4811 His
2488 4753 2725 4820 auditis,
2748 4753 3051 4810 maximus
3076 4760 3265 4811 terror
3287 4756 3695 4821 hominibus
3710 4767 3855 4823 incu~

2157 4846 2316 4915 titur,
2348 4849 2423 4912 et,
2456 4843 2504 4898 si
2528 4859 2651 4916 qua
2679 4842 2956 4899 dubietas
2985 4843 3269 4900 cordibus
3298 4846 3612 4918 ipsorum
3643 4855 3734 4912 de
3779 4871 3855 4911 no-

2150 4938 2281 4990 stro
2305 4937 2561 5006 patrono
2593 4932 2927 5005 irrepserat,
2979 4932 3334 4991 omnimodo
3386 4936 3477 4993 ab
3528 4941 3638 4998 eis
3687 4946 3853 5002 elimi

2148 5027 2352 5080 natur.

2224 5143 2315 5195 47.
2348 5136 2861 5211 Fuittemporibus
2890 5137 3002 5193 illis
3025 5137 3214 5210 pistor
3231 5138 3534 5215 fratrum,
3553 5150 3853 5208 Adelwar-

2144 5223 2269 5312 dus
2297 5224 2559 5297 nomine,
2588 5224 2665 5281 ad
2695 5226 2865 5312 cuius
2889 5225 3216 5297 hospitium
3238 5233 3582 5300 peregrini
3610 5241 3851 5312 quidam

2145 5310 2617 5375 declinaverunt,
2651 5311 3014 5402 etihospitali
3038 5329 3228 5385 more,
3261 5330 3495 5377 secum
3528 5310 3849 5402 nocteper

2150 5405 2520 5458 manserunt.
2555 5401 2666 5467 Qui
2694 5401 2843 5458 dum
2870 5416 3060 5474 equos
3089 5420 3233 5459 suos
3253 5401 3847 5481 adaquandumde-

2146 5488 2456 5560 ducerent,
2488 5490 2677 5546 ﬁlium
2704 5491 2832 5562 ejus
2863 5490 3062 5547 adhuc
3108 5508 3309 5564 parvae
3337 5502 3560 5559 aetatis
3617 5510 3845 5565 existen-

2152 5580 2271 5633 tem
2288 5577 2521 5634 caballo
2542 5578 2977 5651 imposuerunt,
3010 5583 3065 5635 ct
3084 5584 3255 5652 patre
3285 5581 3661 5654 ignorante
3687 5597 3843 5654 abde

2150 5672 2395 5723 xerunt:
2416 5667 2540 5740 qui,
2559 5668 2705 5723 dum
2728 5682 2916 5739 equos
2938 5668 3341 5744 adaquarent,
3363 5674 3654 5744 fortuito
3677 5687 3839 5744 infans

2149 5756 2461 5813 exterritus
2480 5756 2556 5814 de
2570 5755 2802 5815 caballo
2818 5757 3242 5836 praecipitatur,
3268 5766 3331 5821 et
3358 5765 3513 5829 sine
3538 5791 3736 5838 mora
3760 5791 3840 5833 UB-
