3888 6398
72 288 87 337 l
107 288 207 338 225
1690 279 1867 335 VITA-
3350 294 3367 344 l
3381 294 3483 346 2‘26

56 408 146 461 dis
186 406 563 473 subducitur,
595 412 649 461 et
695 406 795 461 ubi
838 405 1023 477 quaeri
1070 406 1256 477 possit
1298 406 1378 461 ab
1435 404 1789 461 omnibusA
1830 412 2139 476 vaverunt,
2190 407 2474 481 bonaque
2546 410 2815 481 ipsorum
2883 410 3275 483 diripuerunt.
3335 420 3487 472 lnter

56 498 382 563 ignoratur.
417 496 529 551 Sed
560 495 855 567 peregrini
882 512 1004 550 non
1037 494 1301 549 valentes
1351 511 1608 566 puerum
1638 510 1723 549 re-
1824 509 1978 566 quos
2004 496 2271 567 captivos
2302 498 2619 569 praedictus
2650 498 2740 553 vir
2788 514 2927 553 cum
2976 502 3246 572 quodam
3299 519 3486 575 puero

55 587 265 659 perire,
302 587 491 641 tristes
518 587 769 641 domum
796 585 1067 652 redeunt,
1103 584 1376 657 patrique
1408 601 1544 657 quin
1567 584 1723 640 circa
1827 582 1949 638 ﬁlio
1974 584 2169 638 fratris
2196 586 2285 641 sui
2315 587 2645 657 captivatur
2668 590 2724 642 et
2744 586 2805 642 in
2823 588 3255 646 remotissimas
3289 596 3489 663 partes

57 677 246 731 tilium
278 681 601 731 evenerant
629 674 1074 730 nuntiaverunt.
1106 674 1334 740 Quibus
1358 673 1595 742 auditis,
1622 689 1724 745 pa-
1829 686 2207 742 paganorum
2228 674 2543 730 deducitur
2572 694 2584 743 ;
2616 675 2819 748 ibique
2863 678 2925 731 in
2968 679 3238 750 quadam
3288 681 3490 738 insula

55 772 142 821 ter
168 766 401 822 concito
434 765 639 834 surgit,
675 765 850 820 tristis
881 765 959 820 ad
989 781 1212 837 aquam
1244 764 1455 837 pergit,
1490 763 1722 819 navim-
1829 760 2046 815 Oceani
2072 762 2186 831 (96)
2213 762 2528 830 detinetur,
2581 764 2684 819 ubi
2732 781 2870 820 cum
2914 765 3017 821 diu
3066 768 3258 824 servili
3307 785 3488 841 opere

52 873 172 927 que
202 856 378 925 longe
406 855 769 911 subductam
799 855 1081 927 requirit;
1116 859 1172 910 et
1200 860 1264 910 ut
1288 854 1481 910 lilium
1512 852 1721 909 saltem
1827 848 2170 921 desudaret,
2200 857 2255 907 et
2287 853 2443 908 unde
2470 853 2794 926 eriperetur
2822 870 2946 910 non
2973 857 3238 925 haberet,
3280 863 3487 931 utpote

54 950 361 1000 mortuum
394 962 530 999 cum
559 960 681 999 non
714 949 915 1015 posset
940 944 1170 1014 vivum,
1221 942 1569 999 adinvenire
1601 942 1721 997 ela-
1828 938 1931 993 ubi
1960 942 2125 995 mare
2153 940 2418 1014 undique
2447 942 2902 1009 circumﬂueret,
2932 960 3043 999 nec
3074 945 3263 1002 ullum
3284 947 3487 1003 locum

52 1034 309 1089 boravit.
345 1033 474 1099 Qui.
509 1033 658 1088 dum
684 1032 790 1087 diu
818 1047 1074 1104 puerum
1104 1032 1165 1087 in
1194 1032 1327 1089 loco
1359 1032 1462 1087 ubi
1490 1031 1724 1087 decide-
1828 1026 2123 1083 evadendi
2153 1029 2458 1099 inveniret,
2493 1030 2738 1086 tandem
2774 1048 2836 1087 se
2883 1034 3283 1104 patrocinium
3330 1037 3489 1092 beati

50 1128 147 1178 rat
178 1132 488 1196 quzereret,
521 1140 629 1177 nec
658 1122 961 1189 inveniret,
995 1122 1072 1178 ad
1122 1126 1340 1177 terram
1370 1120 1563 1191 rediit,
1609 1136 1720 1176 un-
1829 1117 2164 1173 Godehardi
2203 1120 2439 1192 patroni
2485 1121 2675 1176 nostri
2712 1122 2936 1178 iturum
2987 1123 3256 1193 devovet,
3290 1126 3337 1181 si
3383 1143 3490 1199 per

50 1230 197 1268 cum
225 1213 501 1286 quaesivit
534 1229 545 1266 :
578 1228 702 1283 quo
730 1217 986 1284 reperto,
1015 1217 1151 1284 post
1175 1211 1428 1281 longum
1459 1211 1719 1284 spatium
1825 1222 2014 1278 quam
2045 1213 2275 1279 partem
2330 1226 2547 1265 manus
2580 1210 2818 1265 illorum
2850 1212 3109 1282 effugere
3138 1219 3361 1286 posset,
3407 1216 3490 1271 illi

46 1320 311 1375 puerum
341 1302 589 1358 invenit.
638 1302 730 1356 His
762 1302 841 1357 ita
870 1301 1068 1370 gestis,
1117 1302 1179 1357 in
1229 1302 1482 1357 domum
1527 1302 1723 1373 proxi-
1828 1295 2281 1353 demonstraret.
2341 1298 2440 1353 His
2493 1300 2573 1355 ita
2626 1302 2827 1372 gestis,
2878 1303 3145 1375 quadam
3197 1304 3293 1359 die
3340 1304 3489 1362 dum

49 1411 221 1449 mam
251 1392 585 1458 declinavit,
619 1392 821 1464 ibique
853 1408 1110 1464 puerum
1150 1396 1478 1460 mortuum,
1504 1396 1561 1446 et
1590 1390 1719 1445 nul-
1828 1386 1986 1442 circa
2009 1387 2169 1443 littus
2198 1388 2381 1444 maris
2411 1391 2836 1460 angustiando,
2866 1396 2921 1447 et
2949 1393 3319 1449 orationibus
3343 1395 3487 1450 insi-

44 1485 181 1539 lum
211 1484 340 1538 vitae
372 1482 614 1553 signum
644 1481 965 1537 habentem
1018 1481 1316 1554 deposuit,
1365 1485 1719 1553 tantumque
1828 1475 2039 1531 stendo
2061 1476 2496 1547 deambularet,
2532 1479 2819 1551 cymbam
2848 1497 3101 1553 parvam
3137 1482 3197 1538 in
3228 1483 3487 1541 obscuro

42 1590 186 1645 quae
217 1573 513 1646 exsequiis
552 1572 890 1628 necessaria
919 1576 1089 1628 erant
1133 1571 1376 1627 sollicite
1418 1571 1715 1644 quaesivit.
1825 1564 1957 1621 1000
1987 1566 2193 1622 littoris
2224 1568 2467 1636 invenit,
2501 1569 2561 1623 in
2616 1586 2739 1642 qua
2777 1588 2838 1627 se
2867 1588 3032 1627 mare
3062 1574 3334 1642 transire,
3386 1575 3487 1630 Dei

48 1666 206 1717 Dum
235 1663 363 1717 haec
394 1663 475 1718 sic
508 1668 812 1732 geruntur,
865 1667 1056 1717 mater
1102 1662 1273 1735 pueri
1326 1678 1463 1717 cum
1494 1661 1718 1717 caeteris
1824 1656 2141 1727 adiutorio,
2180 1658 2480 1729 speravit;
2530 1658 2635 1714 sed
2682 1660 2826 1732 quia
2874 1678 3037 1717 mare
3087 1679 3381 1733 magnum
3429 1668 3489 1720 et

46 1752 402 1808 mulieribus
433 1769 693 1825 quarum
722 1768 946 1822 magna
975 1752 1294 1807 multitudo
1340 1752 1591 1808 domum
1632 1752 1717 1807 in-
1746 1776 1789 1828 Β
1828 1747 2157 1818 spatiosum
2188 1747 2397 1817 fuerat,
2424 1753 2655 1805 tantum
2687 1750 3018 1822 periculum
3047 1756 3333 1809 attentare
3378 1758 3487 1809 tre-

50 1842 313 1909 troierat,
345 1842 818 1897 misericordiam
846 1842 1081 1897 Domini
1109 1845 1165 1897 et
1193 1841 1351 1897 beati
1380 1841 1717 1897 Godehardi
1826 1834 2097 1907 pidabat,
2166 1852 2418 1909 seseque
2485 1838 2857 1894 orationibus
2930 1840 3087 1897 beati
3145 1842 3486 1899 Godehardi

45 1932 337 2004 implorat
363 1950 375 1999 ;
400 1936 477 2002 et,
504 1937 567 1987 ut
594 1932 832 1987 solitam
861 1932 1311 2003 benignitatem,
1358 1948 1543 2004 quam
1594 1948 1720 1987 om-
1826 1925 2315 1996 commendabat,
2348 1932 2556 1999 petens
2581 1934 2643 1983 ut
2668 1928 2870 1985 animo
2899 1929 3052 1985 illius
3078 1930 3411 2003 inspiraret,
3431 1936 3488 1988 et

46 2022 235 2077 nibus
264 2022 659 2094 impenderat,
692 2037 815 2076 non
837 2021 949 2076 sibi
976 2021 1307 2088 subtrahat,
1335 2020 1717 2077 devotissime
1827 2017 2225 2087 competentia
2276 2016 2644 2073 adminicula
2709 2018 2760 2073 ei
2822 2026 3204 2092 praepararet,
3263 2021 3485 2093 quibus

46 2115 279 2166 exorat.
315 2110 467 2177 Quid
508 2110 728 2183 plura?
776 2115 909 2182 post
956 2126 1211 2183 parvum
1257 2115 1514 2183 tempus,
1569 2126 1719 2181 puer
1827 2107 2053 2160 tantam
2084 2105 2795 2163 tribulationemevadere
2825 2110 3131 2180 potuisset.
3160 2109 3259 2163 His
3280 2108 3483 2175 ﬁnitis,

47 2200 349 2270 singultus
379 2199 587 2255 emittit
612 2218 624 2265 ;
652 2216 834 2271 aqua,
867 2216 1052 2271 quam
1082 2201 1382 2263 hauserat,
1417 2216 1556 2255 cum
1586 2216 1716 2255 ma-
1819 2194 1950 2263 jam
1977 2210 2099 2250 nox
2129 2195 2454 2251 advenerat
2484 2213 2623 2251 cum
2645 2196 2775 2267 jam
2800 2196 2921 2252 ﬁxo
2948 2197 3153 2253 animo
3198 2214 3258 2253 se
3290 2198 3368 2252 ad
3398 2197 3486 2252 fu-

47 2307 173 2359 gna
200 2289 426 2361 impetu
476 2288 723 2357 efﬂuxit,
758 2294 813 2343 et
878 2289 1123 2344 tandem
1152 2289 1338 2345 vitam
1395 2289 1715 2361 pristinam
1826 2300 1966 2351 gam
1996 2285 2395 2358 praaparabat.
2432 2286 2701 2359 Acceptis
2730 2287 2907 2356 igitur
2935 2287 3176 2343 duabus
3203 2286 3488 2343 lanceolis

44 2378 395 2451 resumpsit.
1824 2378 1880 2429 et
1900 2389 2104 2445 panno
2134 2374 2207 2430 de
2248 2374 2491 2431 culcitra
2539 2376 2834 2443 abstraco,
2886 2376 2964 2432 ad
3009 2392 3265 2449 puerum
3293 2376 3488 2431 tilium

118 2472 210 2523 48.
267 2467 391 2523 Fuit
434 2484 574 2523 vero
623 2468 780 2523 circa
826 2467 986 2522 idem
1023 2471 1263 2539 tempus
1307 2467 1397 2522 vir
1425 2472 1715 2523 mercato-
1824 2463 2017 2519 fratris
2072 2464 2187 2533 sui,
2240 2464 2345 2535 qui
2387 2464 2448 2520 in
2498 2464 2615 2521 alia
2647 2465 2785 2522 villa
2844 2466 3215 2537 morabatur,
3267 2465 3480 2538 pergit,

42 2558 145 2612 riae
205 2556 313 2612 arti
368 2556 625 2621 deditus,
701 2555 805 2627 qui
860 2555 1227 2623 negotiando
1284 2555 1549 2611 diversas
1608 2561 1715 2611 ter-
1822 2569 2081 2625 eumque
2115 2570 2318 2610 secum
2349 2554 2615 2611 abduxit.
2672 2556 2785 2611 Sed
2840 2572 2977 2611 cum
3022 2556 3101 2611 ad
3130 2555 3480 2611 naviculum

42 2664 143 2702 ras
170 2645 593 2718 pertransibat,
627 2650 683 2699 et
712 2644 825 2700 sibi
859 2645 1101 2717 suisque
1130 2645 1353 2700 victum
1398 2644 1715 2701 difﬁculter
1821 2644 2097 2711 venisset,
2127 2644 2412 2701 lanceolis
2438 2650 2495 2700 et
2517 2660 2721 2717 panno
2750 2662 2933 2717 quem
2965 2662 3169 2702 secum
3196 2646 3473 2718 portavit,

40 2735 375 2808 quaerebat.
411 2734 665 2803 Contigit
712 2750 854 2789 vero
885 2738 949 2788 ut
989 2734 1083 2788 hic
1131 2733 1401 2806 quodam
1446 2739 1713 2806 tempore
1820 2732 2022 2788 velum
2052 2734 2381 2806 adaptavit,
2413 2738 2470 2790 et
2494 2734 2577 2789 sic
2605 2750 2666 2789 se
2694 2735 3117 2791 misericordiae
3163 2734 3397 2790 Domini
3424 2739 3483 2791 et

40 2842 235 2882 causa
282 2830 630 2880 mercaturae
690 2841 829 2879 cum
886 2823 1161 2895 pluribus
1213 2823 1342 2879 aliis
1400 2824 1553 2879 inter
1612 2840 1715 2896 pa-
1821 2822 1978 2878 beati
2009 2823 2345 2879 Godehardi
2374 2824 2840 2880 commendavit.
2876 2824 3048 2891 Quod
3076 2825 3343 2880 videntes
3372 2825 3481 2896 qui

41 2932 242 2985 ganos
296 2915 581 2985 tenderet,
628 2919 685 2969 et
732 2912 1183 2986 possessionem
1240 2928 1363 2969 non
1409 2913 1712 2970 modicam
1820 2912 1881 2967 in
1909 2912 2105 2968 insula
2149 2913 2701 2983 commorabantur,
2748 2930 2887 2970 eum
2938 2914 3135 2970 subito
3178 2914 3482 2987 prosecuti

42 3022 259 3061 secum
292 3004 563 3059 deferret.
600 3004 708 3068 Qui
739 3003 886 3058 dum
932 3006 1283 3075 prosperato
1327 3001 1531 3057 itinere
1577 3018 1711 3075 per-
1822 3005 1997 3070 sunt;
2049 3003 2173 3071 sed,
2210 3005 2327 3059 Deo
2378 3003 2724 3075 adiuvante,
2779 3020 2918 3059 eum
2973 3004 3481 3076 comprehendere

40 3097 277 3163 gerent,
305 3092 550 3161 contigit
587 3108 688 3146 eos
732 3096 966 3147 vastam
1015 3090 1395 3145 solitudinem
1448 3090 1709 3158 introire,
1743 3134 1783 3189 α
1821 3091 2174 3163 nequibant,
2228 3092 2603 3165 domumque
2659 3092 2876 3149 infecto
2932 3094 3171 3163 negotio
3222 3093 3481 3163 remiga-

42 3184 146 3240 ubi
182 3199 305 3238 non
338 3182 640 3237 modicam
684 3180 1128 3236 multitudinem
1177 3195 1558 3253 paganorum
1602 3180 1710 3237 ob-
1748 3180 1782 3189 “
1818 3182 1985 3239 bant.
2019 3183 2341 3240 Prtedictus
2360 3200 2500 3241 vero
2529 3184 2638 3253 vir,
2662 3200 2787 3241 non
2826 3185 3146 3241 immemor
3174 3185 3340 3258 quod
3363 3187 3481 3241 Deo

40 3272 211 3327 viam
240 3271 525 3328 habuere.
561 3271 734 3337 Quod
776 3271 1045 3327 videntes
1091 3273 1170 3326 ad
1217 3287 1388 3326 arma
1440 3287 1711 3327 cucurre-
1816 3276 2084 3343 voverat,
2137 3273 2262 3329 sine
2316 3289 2489 3330 mora
2517 3274 2593 3330 ad
2647 3274 3049 3347 patrocinium
3092 3275 3252 3330 beati
3301 3274 3486 3331 Gode-

38 3365 205 3432 runt,
265 3360 655 3417 defensacula
700 3361 967 3433 undique
1025 3360 1137 3415 sibi
1184 3365 1708 3433 praeparaverunt;
1817 3361 1991 3418 hardi
2018 3362 2315 3429 veniebat,
2351 3368 2407 3419 et
2436 3364 2676 3420 lanceas
2708 3369 2764 3420 et
2788 3381 3062 3437 pannum
3093 3364 3255 3421 unde
3280 3364 3482 3420 velum

41 3450 151 3505 sed
184 3449 551 3506 multitudini
598 3449 838 3505 illorum
885 3450 1157 3505 resistere
1203 3465 1327 3504 non
1372 3448 1705 3506 valuerunt.
1818 3449 2054 3517 fecerat,
2088 3450 2147 3506 in
2169 3452 2526 3508 memoriam
2551 3452 2695 3507 tanti
2717 3452 2990 3508 miraculi
3019 3452 3079 3507 in
3102 3452 3353 3509 ecclesia
3378 3468 3484 3509 no-

42 3539 222 3596 Tunc
279 3555 423 3596 vero
474 3538 772 3612 quosdam
829 3554 900 3594 ex
966 3539 1109 3611 ipsis
1162 3538 1335 3593 morti
1395 3537 1709 3608 dederunt,
1818 3543 1940 3595 stra
1971 3540 2261 3612 suspendi
2289 3541 2562 3609 rogabat.

38 3627 351 3699 quosdam
402 3643 651 3700 corpore
695 3632 1141 3698 truncaverunt,
1184 3627 1483 3699 quosdam
1533 3628 1712 3700 capti-

1453 3975 2053 4064 APPENDIX.

103 4179 203 4231 49.
242 4176 468 4229 Interea
496 4173 643 4229 dum
665 4174 793 4229 haec
825 4178 1105 4244 aguntur,
1131 4176 1188 4229 et
1204 4176 1497 4231 memoria
1546 4175 1704 4231 beati
1815 4176 1911 4232 citi
1944 4192 2174 4243 sumus,
2191 4175 2293 4231 ubi
2318 4175 2368 4232 is
2390 4176 2644 4233 adesset.
2671 4182 2797 4234 Non
2822 4178 3010 4235 multo
3032 4185 3169 4251 post
3192 4183 3479 4253 tempore,

26 4262 388 4320 Godehardi
417 4262 593 4319 valde
625 4262 873 4320 celebris
922 4263 1194 4333 habetur,
1227 4265 1472 4335 contigit
1514 4269 1579 4321 ut
1618 4281 1705 4320 ar-
1815 4264 2101 4320 dominus
2122 4269 2323 4320 noster
2344 4282 2483 4321 cum
2504 4266 2564 4321 in
2581 4272 2881 4323 conventu
2898 4272 3101 4323 nostro
3122 4269 3251 4324 haec
3277 4286 3483 4341 supra-

26 4353 467 4427 chiepiscopus
492 4353 882 4423 Coloniensis,
940 4353 1227 4409 Henricus
1274 4354 1383 4425 (97)
1438 4354 1702 4425 nomine,
1814 4353 1973 4409 dicta
2003 4352 2399 4423 cognovisset,
2424 4354 3142 4428 petitioniarchiepiscopi
3165 4357 3479 4429 acquievit,

23 4444 348 4500 civitatem
379 4447 649 4499 nostram
682 4459 820 4499 cum
850 4458 974 4498 non
1000 4442 1240 4499 modica
1269 4459 1457 4499 manu
1487 4443 1624 4499 cleri
1654 4447 1711 4498 et
1735 4447 1779 4499 D
1816 4448 1873 4499 et
1899 4460 2035 4516 quae
2065 4443 2143 4499 ab
2174 4459 2244 4498 eo
2268 4443 2735 4515 postulabantur
2762 4445 2874 4500 sibi
2918 4445 3149 4501 donari'
3174 4448 3475 4520 priecepit.

22 4532 256 4607 populi
282 4532 687 4605 pertransiret,
719 4537 776 4588 et
802 4532 1089 4605 praedicta
1119 4531 1431 4597 miracula,
1452 4548 1587 4605 quae
1604 4548 1711 4605 per
1818 4536 1947 4589 Mox
1976 4532 2165 4588 abbas
2193 4532 2352 4588 beati
2383 4531 2716 4589 Godehardi
2742 4534 2823 4589 ad
2854 4551 2994 4590 eum
3032 4552 3171 4590 cum
3206 4536 3479 4607 portione

21 4640 176 4679 eum
211 4621 463 4689 ﬁebant,
488 4625 894 4692 cognosceret.
922 4624 983 4677 In
1014 4624 1380 4677 conventum
1410 4637 1553 4692 ergo
1599 4622 1711 4678 fra-
1816 4621 2205 4695 reliquiarum
2227 4622 2641 4679 transmittitur
2666 4627 2721 4679 et
2744 4624 2821 4679 ab
2844 4640 2914 4679 eo
2952 4624 3337 4681 devotissime
3386 4644 3481 4683 su-

22 4718 199 4769 trum
229 4715 579 4769 nostrorum
608 4712 814 4781 venit,
863 4714 920 4767 et
964 4710 1396 4767 fraternitatem
1436 4716 1705 4767 nostram
1819 4712 2081 4785 scipitur.
2115 4712 2281 4768 Hanc
2316 4728 2454 4769 vero
2497 4713 2835 4787 portionem
2884 4714 3370 4787 archiepiscopus
3418 4718 3480 4772 in

21 4805 259 4861 devote
290 4801 633 4875 postulavit.
666 4800 757 4856 Ad
782 4801 953 4871 cujus
988 4799 1367 4858 fraternitatis
1387 4802 1709 4858 conﬁrma-
1818 4806 2039 4859 terram
2063 4802 2387 4859 nativitatis
2418 4820 2562 4871 suae,
2590 4803 2651 4859 id
2676 4809 2762 4859 est
2791 4804 2852 4859 in
2878 4805 3175 4873 Sueviam,
3204 4806 3481 4861 transmi-

18 4894 269 4949 tionem
291 4890 423 4946 dari
446 4890 557 4946 sibi
579 4890 654 4946 de
674 4890 937 4963 reliquiis
954 4889 1111 4947 beati
1128 4890 1369 4963 patroni
1390 4892 1575 4947 nostri
1602 4892 1710 4947 hu—
1820 4890 1910 4958 sit,
1933 4890 2136 4963 ibique
2167 4892 2501 4963 quamdam
2531 4892 2845 4947 ecclesiam
2884 4892 2945 4947 in
2976 4892 3265 4948 honorem
3292 4893 3480 4965 ipsius

18 4982 260 5039 militer
286 4980 471 5053 petiit,
499 4980 851 5053 promittens
882 4996 942 5034 se
976 4979 1273 5035 facturum
1304 4984 1369 5035 ut
1424 4980 1485 5036 in
1543 4980 1709 5036 omni
1817 4980 2100 5037 instituit:
2132 4982 2211 5037 ad
2237 4998 2422 5054 quam
2454 4998 2590 5037 cum
2624 4981 2793 5037 multi
2824 4982 3213 5051 conﬂuerent,
3255 4987 3311 5038 et
3354 4999 3480 5039 cer-

18 5070 289 5129 dicecesi
319 5085 429 5125 sua
454 5069 703 5126 celebris
728 5069 1070 5139 haberetur,
1104 5074 1161 5125 et
1190 5085 1491 5141 congruus
1514 5070 1710 5127 honor
1817 5071 2111 5127 tissimam
2143 5071 2397 5127 salutem
2428 5072 2647 5128 animae
2672 5076 2728 5127 ct
2756 5071 3021 5144 corporis
3037 5078 3478 5144 recuperarent,

19 5166 201 5220 tanto
223 5159 361 5216 viro
391 5158 795 5227 exhiberetur;
843 5158 949 5213 sed
995 5158 1140 5232 quia
1180 5159 1526 5232 petitionem
1579 5160 1709 5230 ejus
1820 5160 2065 5230 contigit
2100 5163 2166 5216 ut
2194 5160 2463 5232 quadam
2504 5161 2598 5217 die
2653 5160 2893 5216 cuidam
2941 5160 3068 5215 viro
3115 5177 3337 5217 manus
3381 5164 3485 5219 ab-

14 5256 291 5325 propter
321 5248 657 5305 absentiam
703 5248 960 5322 pastoris
1011 5248 1200 5304 nostri
1244 5248 1602 5317 distulimus,
1655 5253 1710 5305 et
1821 5250 2209 5318 scinderetur,
2244 5250 2398 5307 adeo
2428 5256 2491 5307 ut
2520 5267 2629 5307 nec
2662 5250 2913 5306 minima
2932 5250 3226 5321 particula
3247 5255 3485 5325 corpori

16 5348 184 5399 tunc
244 5354 364 5396 nos
428 5337 833 5396 satisfacturos
911 5338 1203 5395 voluntati
1285 5339 1473 5412 ipsius
1545 5338 1712 5412 polli-
1814 5340 2185 5411 jungeretur.
2216 5339 2432 5397 Videns
2461 5356 2603 5411 ergo
2631 5354 2922 5396 mancum
2966 5356 3029 5395 se
3057 5357 3205 5410 esse,
3230 5359 3486 5400 manum

92 5485 223 5557 (96)
261 5481 534 5557 Insulam
550 5481 733 5557 maris
753 5481 954 5557 Baltici
976 5481 1179 5538 mallet
1202 5482 1397 5557 legere
1420 5482 1713 5557 Hensche—
1821 5482 1937 5557 tius
1978 5482 2074 5537 hic
2099 5481 2429 5557 designari
2474 5483 2737 5557 videtur_
2750 5498 2941 5557 quam
2973 5484 3263 5541 Henricus
3312 5487 3356 5541 lI
3410 5486 3485 5543 de

12 5551 164 5616 nius
198 5551 628 5633 verosimiliter
656 5553 938 5624 Rugiam,
989 5551 1285 5609 terrarum
1313 5570 1350 5611 a
1381 5554 1569 5611 Salvis
1615 5553 1712 5608 de-
1821 5553 2247 5633 _Wirnen_1berg
2268 5551 2440 5633 anno
2461 5558 2613 5633 _l306_
2633 5551 2962 5633 ordinatus.
3013 5557 3205 5633 Quod
3227 5558 3487 5633 miracu-

13 5634 350 5687 tentarum
378 5623 674 5695 ultimam.
765 5623 774 5624 “
892 5694 903 5695 7
948 5674 949 5677 η
1819 5623 1948 5679 lum
1992 5623 2147 5679 infra
2183 5640 2352 5681 num.
2414 5630 2472 5681 5t
2532 5626 2807 5695 relatum,
2862 5628 3100 5685 Caesarii
3158 5629 3487 5686 Heisterba-

112 5704 217 5767 97)
250 5694 549 5752 Henricus
578 5698 600 5769 I_
638 5711 841 5753 comes
870 5694 945 5750 de
976 5695 1311 5769 Molenarck
1350 5700 1569 5769 sancto
1605 5697 1713 5751 En-
1821 5695 2057 5752 chensis
2080 5700 2254 5753 aetate
2280 5700 2584 5769 patratum
2615 5698 2707 5755 sit.

10 5766 314 5845 galba-to
345 5766 629 5824 successit
655 5782 819 5824 anno
853 5769 986 5823 1225
1014 5766 1093 5823 ad
1131 5782 1325 5825 annos
1358 5771 1442 5836 t2,
1468 5766 1574 5840 qui
1602 5781 1710 5839 po-

341 5822 807 5913 ὺιτιοιζάὶιῖζ
860 5822 915 5823 ”
1022 5822 1047 5823 η
1487 5822 1508 5840 ⁵
1561 5822 1624 5839 ⁷⁵
2572 5822 2577 5827 ’
3129 5863 3197 5915 29
