3888 6396
421 286 559 342 1227
1347 287 1402 343 S.
1457 286 1860 343 GODEHABDI
1901 282 2209 339 EPISCOPI
2252 284 2893 346 HILDESHEIMENSIS.
3741 288 3861 342 ms

415 409 684 482 arripuit,
716 412 774 464 et
799 408 920 464 ﬁde
949 409 1181 464 ﬁrmata
1205 421 1339 465 eam
1360 407 1437 462 ad
1458 411 1737 463 truncum
1755 405 2054 479 apposuit,
2087 412 2132 463 Α
2169 407 2357 464 Deum
2383 410 2741 468 intercessor
2764 427 2867 467 ero
2893 426 3149 483 semper.
3188 434 3216 462 »
3263 412 3477 468 Dictus
3523 413 3756 466 autem
3785 409 3862 464 in-

415 502 473 555 et
517 497 598 556 ad
637 496 914 553 eamdem
962 494 1273 551 ecclesiam
1324 495 1401 551 ad
1450 494 1846 568 patrocinium
1901 493 2061 552 beati
2168 495 2380 554 ﬁrmus
2411 502 2680 564 surrexit,
2712 505 2768 557 et
2797 501 2961 573 quod
2990 502 3041 556 ei
3074 501 3302 558 dictum
3334 501 3548 557 fuerat
3606 498 3777 555 fecit.
3810 502 3859 554 Et

415 585 751 644 Godehardi
780 584 1055 655 migravit
1087 603 1098 639 :
1146 584 1249 640 ubi
1279 600 1417 640 cum
1456 584 1835 641 devotissime
1881 583 2059 639 mise-
2168 598 2378 641 omnes
2406 589 2507 661 qui
2539 588 2853 646 audierant
2874 588 3125 644 verbum
3151 592 3341 644 Deum
3366 586 3853 643 benediceme

413 674 731 733 ricordiam
752 673 938 745 ipsius
956 672 1318 745 imploraret,
1346 673 1589 744 contigit
1607 672 2058 729 celeberrimum
2166 674 2270 746 qui
2297 674 2473 732 talem
2516 678 2600 733 eis
2647 682 2969 750 patronum
3018 677 3182 733 dedit
3236 681 3297 733 et
3345 677 3853 732 intercessorem.

411 763 789 824 miraculum,
821 766 886 818 ut
924 765 1131 817 trunco
1162 776 1381 819 manus
1438 761 1962 833 conglutinaretur,
2001 765 2059 817 et
2166 763 2365 819 Dictus
2394 768 2595 822 autem
2623 766 3023 822 Theodoricus
3054 780 3240 821 sanus
3269 770 3329 823 et
3358 764 3619 827 hilaris,
3657 770 3856 836 postea

409 853 470 909 in
498 850 817 925 pristinum
848 854 1066 907 statum
1092 851 1516 907 restitueretur.
2165 851 2309 909 vixit
2331 855 2505 910 annis
2532 855 2755 921 multis,
2807 855 3020 912 devote
3049 858 3167 910 Deo
3197 860 3256 910 et
3281 859 3506 910 sancto
3542 853 3860 909 Godehar-

481 944 567 998 50.
598 941 691 996 Vir
717 939 969 1013 quidam
996 939 1300 1006 honestus,
1333 939 1504 1009 cujus
1528 954 1750 995 nomen
1797 938 2057 995 Theodo-
2165 940 2244 996 do
2275 958 2336 998 se
2366 944 2827 1000 commendans.

409 1031 587 1098 ricus,
619 1029 764 1085 civis
809 1027 1402 1084 Hildeneshemensis.
1454 1029 1553 1084 Hic
1577 1028 1891 1084 devotione
1935 1027 2054 1084 sin-
2235 1034 2320 1085 31.
2355 1031 2623 1102 Magister
2640 1034 2900 1088 Joannes
2921 1032 3030 1103 (98)
3058 1036 3331 1088 Decanus
3347 1030 3711 1104 Aquensis,
3732 1047 3855 1085 cum

411 1119 603 1192 gulari
627 1122 844 1185 motus,
888 1117 1309 1174 fraternitatem
1337 1117 1585 1173 instituit
1632 1117 1819 1173 sancti
1865 1117 2054 1173 Gode-
2164 1118 2450 1175 scholaris
2479 1124 2651 1188 esset,
2682 1125 2801 1176 tam
2831 1122 3088 1190 graviter
3119 1121 3393 1193 quodam
3428 1124 3742 1193 tempore
3785 1119 3854 1174 in-

408 1207 602 1279 hardl,
630 1212 685 1264 et
712 1206 772 1262 in
801 1221 935 1261 eam
965 1205 1271 1278 utriusque
1302 1221 1478 1260 sexus
1502 1204 1775 1261 homines
1800 1205 2051 1273 induxit,
2161 1205 2435 1266 ﬁrmatus
2465 1213 2574 1275 est,
2610 1213 2672 1265 ut
2700 1209 3009 1268 confessus
3038 1215 3095 1265 et
3122 1209 3411 1267 inunctus
3445 1209 3618 1264 nihil
3652 1209 3711 1269 ei
3758 1210 3855 1264 nisi

407 1295 672 1352 tribuens
687 1295 761 1351 de
779 1294 1036 1368 propriis
1053 1294 1499 1368 eleemosynam
1526 1294 1891 1368 pauperibus
1911 1294 2054 1351 satis
2161 1311 2322 1350 mors
2349 1296 2663 1352 videretur.
2698 1297 2808 1363 Qui
2846 1314 2987 1354 cum
3035 1297 3286 1353 materia
3340 1302 3538 1370 rapta
3593 1303 3766 1353 esset
3807 1299 3852 1352 iu

405 1385 637 1453 largam
667 1383 729 1438 in
753 1382 900 1438 testo
920 1382 1061 1439 dicti
1098 1382 1395 1455 pontiﬁcis
1443 1382 1797 1438 Godehardi.
1850 1383 1948 1439 Hic
1990 1382 2052 1438 in
2159 1384 2490 1457 cerebrum,
2537 1385 2699 1441 solus
2736 1386 2945 1455 jacens
2974 1386 3035 1445 in
3065 1402 3383 1442 excessum
3428 1386 3644 1451 venit,
3696 1386 3852 1441 vidit-

404 1471 742 1529 inﬁrmitate
770 1471 1039 1544 quadam
1066 1471 1458 1543 decumbens,
1491 1488 1625 1544 quae
1665 1471 1875 1545 phtisis
1906 1471 2051 1527 dici-
2158 1486 2277 1543 que
2300 1473 2574 1529 homines
2602 1472 2713 1528 sibi
2738 1473 2977 1544 ignotos
3009 1473 3250 1540 intrare,
3283 1475 3394 1547 qui
3450 1473 3687 1529 lances
3715 1490 3856 1545 quas

406 1564 517 1629 tur,
568 1576 606 1616 a
647 1559 894 1616 medicis
931 1559 1379 1633 derelinquitur,
1425 1560 1527 1633 qui
1572 1560 1646 1617 de
1690 1559 1810 1617 vita
1865 1560 2052 1633 ipsius
2159 1559 2440 1615 manibus
2481 1558 2805 1633 portabant
2851 1576 2990 1617 cum
3033 1560 3212 1631 lignis
3241 1560 3554 1617 brevibus
3609 1566 3677 1616 et
3722 1577 3856 1633 qua-

404 1648 821 1722 desperabant.
883 1648 1156 1714 Quadam
1214 1664 1353 1705 vero
1406 1655 1598 1722 nocte,
1657 1666 1842 1722 quam
1898 1664 2052 1724 pene
2158 1646 2341 1703 dratis
2372 1652 2509 1704 ante
2537 1648 2736 1720 ipsum
2758 1648 3085 1721 ponebant.
3108 1648 3425 1705 Stantibus
3448 1648 3623 1720 ipsis
3649 1664 3855 1704 exuna

403 1737 572 1794 duxit
598 1737 956 1806 insomnem,
988 1736 1266 1809 apparuit
1293 1736 1342 1792 ei
1377 1740 1617 1793 sanctus
1664 1736 2052 1793 Godehardus
2082 1752 2123 1805 Β
2157 1740 2325 1807 parte
2349 1735 2567 1805 lectuli,
2608 1736 3048 1809 contemplatus
3072 1740 3161 1791 est
3185 1736 3439 1793 introire
3487 1740 3634 1792 tres
3686 1737 3855 1808 incly-

402 1826 466 1882 in
492 1824 700 1882 habitu
735 1823 1081 1897 pontiﬁcali,
1128 1823 1332 1880 dicens
1370 1825 1459 1881 ei:
1509 1848 1535 1873 ‹‹
1566 1824 1717 1890 Quid
1761 1824 1907 1894 agis,
1939 1824 2054 1881 fra~
2159 1826 2251 1879 tos
2274 1823 2665 1889 confessores,
2697 1830 2972 1881 sanctum
2999 1823 3278 1881 videlicet
3308 1824 3671 1882 Iartinum
3694 1829 3855 1881 Turo-

402 1918 492 1971 ter
511 1916 540 1971 ?
567 1930 674 1971 cur
702 1914 784 1970 sic
805 1914 972 1985 jaces
992 1917 1323 1986 prostratus
1337 1914 1405 1970 in
1426 1913 1578 1971 lecto
1596 1915 1625 1969 ‘I
1647 1936 1673 1962 ι)
1706 1914 1809 1970 Cui
1829 1914 2052 1970 Thedo-
2158 1928 2429 1983 nensem,
2462 1918 2520 1970 et
2549 1919 2825 1969 sanctum
2854 1913 3279 1971 Godehardum
3311 1914 3715 1988 episcopum
3764 1916 3854 1972 ltil-

400 2002 560 2060 rieus
574 2002 881 2076 respondit
902 2019 915 2057 :
940 2024 967 2052 «
990 2000 1330 2059 lnﬁrmitate
1352 2007 1633 2073 gravatus
1651 2001 1869 2067 valida,
1889 2002 2051 2059 aliud
2158 2001 2721 2073 deneshemensem,
2774 2004 3145 2075 beatumque
3209 2003 3716 2069 Bernwardum,
3768 2007 3853 2076 qui

401 2107 525 2148 non
548 2107 796 2164 possum
825 2106 1011 2164 quam
1040 2095 1370 2163 prostratus
1394 2092 1629 2162 jacere;
1664 2091 1770 2146 sed
1801 2105 1947 2161 rogo
1972 2094 2046 2157 te,
2158 2105 2299 2145 eum
2342 2094 2513 2162 parte
2558 2106 2629 2145 ex
2688 2090 2871 2146 altera
2918 2090 3386 2147 circmnstetere.
3454 2094 3529 2146 ιιι
3596 2107 3855 2164 quorum

404 2183 605 2237 sancte
634 2177 1000 2245 Godeharde,
1029 2194 1134 2235 ora
1163 2195 1273 2251 pro
1301 2195 1418 2235 me.
1453 2202 1481 2229 »
1529 2178 1631 2236 Cui
1680 2178 1763 2234 vir
1810 2183 2051 2235 sanctus
2159 2182 2481 2251 conspectu
2506 2193 2654 2250 puer
2701 2182 2961 2234 Joannes
3011 2178 3118 2233 uni
3152 2177 3506 2251 imponitur
3564 2178 3766 2249 lanci,
3810 2188 3857 2236 et

404 2268 487 2325 ait
513 2286 526 2323 :
557 2290 584 2318 α
608 2270 793 2337 Surge
817 2265 877 2322 in
903 2267 1143 2324 nomine
1175 2268 1409 2325 Domini
1434 2267 1621 2324 nostri
1649 2269 1791 2323 Jesu
1820 2268 2046 2337 Christi,
2156 2267 2319 2337 ligna
2341 2266 2624 2341 ponderis
2652 2267 2836 2323 alteri.
2870 2270 3139 2339 Cumque
3169 2266 3411 2323 elevata
3459 2272 3742 2337 statera,
3778 2271 3857 2339 ju-

403 2360 462 2414 et
487 2355 642 2413 vade
670 2355 747 2413 ad
794 2355 1122 2425 ecclesiam,
1173 2360 1230 2412 et
1270 2356 1516 2413 ostende
1560 2360 1613 2411 te
1652 2355 2050 2412 confratribus
2158 2356 2323 2412 venis
2381 2370 2538 2425 aeger
2585 2355 2784 2410 minus
2833 2355 3068 2410 habens
3119 2355 3404 2411 inventus
3436 2361 3547 2414 est
3592 2358 3855 2429 pradicti

402 2444 540 2514 tuis,
572 2448 628 2502 et
654 2444 749 2500 dic
778 2444 862 2501 eis
895 2460 908 2498 :
936 2445 1084 2510 Quia
1114 2444 1401 2501 Dominus
1427 2447 1595 2500 Jesus
1634 2443 1856 2499 meritis
1902 2443 2051 2499 meis
2158 2443 2527 2500 confessores
2547 2444 2868 2516 puerulum
2895 2459 3158 2516 parvum
3187 2449 3249 2501 et
3288 2444 3686 2503 mendicum
3714 2446 3850 2503 sinui

402 2537 458 2589 te
489 2532 737 2603 sanavit,
769 2547 841 2588 eo
865 2532 1031 2605 quod
1053 2532 1347 2589 honorem
1360 2546 1563 2588 meum
1590 2532 1652 2587 in
1670 2531 1783 2588 hac
1809 2531 2054 2590 inﬁrmi-
2157 2533 2287 2603 ejus
2344 2532 2780 2605 imposuerunt,
2830 2532 2936 2604 qui
2981 2532 3165 2595 simul
3213 2532 3468 2590 lancem
3529 2535 3852 2593 adversam

400 2626 517 2680 tate
542 2621 890 2695 procurasti.
926 2625 1174 2695 Insuper
1198 2621 1295 2677 dic
1322 2621 1407 2677 eis
1436 2625 1501 2677 ut
1526 2620 1587 2676 in
1611 2620 1886 2693 inemptis
1921 2634 2051 2693 per-
2158 2635 2300 2677 mox
2328 2620 2781 2693 suspendentes,
2812 2620 2992 2692 lignis
3032 2620 3340 2692 graviores
3390 2632 3851 2694 apparuerunt,

402 2714 687 2779 severent,
715 2715 771 2767 et
798 2725 910 2780 ego
935 2709 1116 2766 frater
1141 2725 1352 2765 eorum
1389 2724 1511 2778 ero,
1557 2714 1615 2765 et
1653 2709 1932 2765 defensor
1972 2709 2050 2764 ab
2158 2708 2476 2781 statimque
2503 2711 2780 2776 Joannes,
2811 2709 2917 2781 qui
2955 2709 3106 2765 mihi
3132 2710 3294 2766 hanc
3330 2709 3673 2771 visionem
3716 2718 3854 2771 retu-

400 2802 569 2858 hoste
596 2800 885 2871 maligno,
916 2804 974 2855 et
999 2798 1078 2855 ab
1105 2798 1391 2855 omnibus
1421 2815 1557 2871 quae
1600 2799 1913 2865 honorem,
1961 2798 2049 2853 vi-
2156 2795 2241 2865 lit,
2268 2795 2328 2850 in
2353 2796 2636 2852 sudorem
2664 2812 2988 2869 erumpens
3019 2796 3199 2854 crisin
3225 2797 3392 2865 fecit,
3423 2804 3493 2854 et
3524 2800 3613 2858 de
3646 2801 3853 2861 eadem

401 2904 545 2962 tam,
574 2888 698 2944 sive
724 2887 953 2945 famam
982 2902 1193 2944 eorum
1216 2886 1431 2943 laedere
1458 2890 1734 2959 possunt,
1784 2889 1844 2941 et
1886 2885 2050 2958 apud
2157 2883 2495 2941 infirmitate
2527 2884 2700 2940 citius
2725 2884 3051 2941 convaluit.

991 3005 1405 3070 Postremum
1460 3000 1863 3068 miraculum
1920 2997 2220 3065 editionis
2279 2997 2628 3091 szsz'anae,
2682 2998 2831 3066 vitae
2884 2999 3232 3067 brevioris.

476 3130 566 3185 52.
611 3127 787 3184 Anno
834 3124 1065 3185 Domini
1108 3128 1242 3183 t338
1284 3123 1488 3181 civitas
1538 3122 1898 3191 Pataviensis
1948 3137 2056 3196 per
2086 3124 2125 3178 C
2163 3125 2390 3194 mento,
2419 3125 2476 3181 et
2501 3126 2707 3180 votum
2740 3121 3011 3187 fecerunt
3028 3123 3401 3203 unanimiter
3433 3143 3509 3184 se
3555 3128 3849 3187 missuros

406 3214 758 3289 episcopum
792 3212 1202 3271 Pataviensem
1232 3212 1366 3283 (99),
1399 3227 1541 3269 cum
1565 3209 1754 3267 multa
1802 3213 2054 3271 armato-
2161 3208 2391 3282 aliquot
2415 3209 2489 3266 de
2520 3208 2744 3271 civibus
2770 3227 2910 3268 cum
2962 3210 3402 3282 oblationibus,
3456 3220 3760 3289 petentes
3805 3226 3852 3273 ut

403 3319 542 3362 rum
561 3301 791 3370 militia,
813 3300 1256 3359 circumvallata
1274 3299 1357 3357 sic
1383 3299 1741 3368 arctabatur,
1765 3298 1931 3372 quod
1951 3315 2055 3372 po-
2160 3295 2244 3353 eis
2279 3296 2343 3354 in
2384 3297 2833 3359 necessitatibus
2871 3298 2994 3357 suis
3042 3298 3215 3358 citius
3275 3294 3682 3371 subveniret.
3740 3306 3851 3371 Quo

404 3390 585 3464 putus
613 3389 677 3451 in
702 3405 775 3447 ea
800 3388 1151 3463 desperatus
1179 3388 1255 3447 de
1276 3387 1485 3460 salute,
1522 3387 1793 3445 hostibus
1824 3386 1946 3442 suis
1990 3403 2053 3445 se
2158 3391 2298 3441 voto
2328 3385 2569 3456 emisso,
2599 3385 2752 3447 mira
2781 3386 3077 3447 celeritate
3109 3404 3173 3445 se
3220 3387 3615 3462 invenerunt
3646 3408 3850 3451 conso-

404 3479 633 3537 tradere
658 3477 915 3534 volebat.
942 3477 1194 3547 Contigit
1219 3481 1418 3533 autem
1444 3481 1512 3535 ut
1530 3492 1685 3535 unus
1705 3475 1853 3533 inter
1874 3492 1975 3533 eos
1989 3475 2053 3539 in
2158 3472 2332 3530 latos.
2361 3475 2510 3531 Nam
2539 3488 2866 3545 generosus
2893 3474 3175 3551 princeps
3204 3475 3335 3543 dux
3368 3479 3667 3539 Bavarim
3719 3482 3852 3554 (100;

405 3571 610 3624 sancto
640 3564 993 3622 Godehardo
1041 3563 1359 3637 specialem
1401 3579 1611 3633 gerens
1660 3562 1963 3624 fiduciam,
1996 3567 2052 3618 et
2159 3561 2425 3628 veniens,
2454 3563 2760 3633 negotium
2816 3564 3148 3640 intercepit,
3177 3569 3239 3622 et
3262 3565 3424 3637 inter
3481 3569 3851 3646 episcopum

403 3655 553 3713 inter
572 3655 830 3726 majores
861 3652 1110 3709 civitatis
1137 3652 1422 3719 residens,
1455 3651 1709 3707 diceret:
1762 3672 1790 3699 ‹‹
1814 3650 2048 3705 Audivi-
2160 3651 2568 3706 Pataviensem
2599 3657 2656 3707 et
2683 3651 2838 3708 cives
2868 3652 3041 3709 dictas
3074 3653 3327 3710 civitatis
3362 3656 3452 3712 ab
3475 3672 3559 3714 eo
3591 3659 3850 3716 obsessa

403 3761 542 3801 mus
596 3743 785 3799 multa
831 3741 1066 3815 pietatis
1108 3740 1366 3810 insignia
1413 3744 1473 3796 et
1523 3740 1800 3796 salutaris
1850 3739 2051 3795 auxilii
2160 3742 2403 3809 treugas
2442 3740 2745 3796 constituit
2786 3741 3155 3798 amicabiles.
3189 3742 3419 3815 Sicque
3460 3748 3723 3818 praesul
3768 3750 3853 3805 ab-

404 3836 728 3903 augmenta
756 3846 878 3886 non
922 3829 1181 3893 modica,
1221 3828 1530 3901 quomodo
1571 3832 1814 3884 sanctus
1862 3828 2050 3885 Gode-
2160 3827 2384 3896 scessit,
2415 3832 2472 3884 et
2499 3828 2705 3884 civitas
2734 3845 2883 3902 pace
2913 3829 3221 3900 gaudebat
3265 3831 3629 3905 insperata.
3665 3838 3785 3895 Sed
3810 3848 3850 3892 et

401 3919 631 3977 bardus
658 3918 733 3974 de
758 3918 871 3973 hac
899 3920 1104 3973 nostra
1131 3921 1297 3972 ortus
1323 3920 1497 3987 terra,
1522 3916 1645 3972 imo
1671 3916 1745 3973 de
1792 3917 1908 3979 hac
1946 3933 2051 3974 no-
2160 3916 2359 3975 medio
2383 3920 2650 3989 tempore
2688 3917 2882 3974 dictus
2913 3919 3038 3975 dux
3087 3920 3356 3976 Bavariaa
3409 3938 3662 3995 pacem
3718 3928 3850 3983 inter

407 4012 531 4088 stra
554 4006 813 4076 dioecesi,
848 4004 1046 4060 multis
1071 4004 1249 4061 astitit
1274 4003 1583 4074 tribulatis,
1612 4010 1668 4061 et
1696 4002 2049 4061 consolatio-
2159 4003 2509 4077 episcopum
2534 4010 2591 4061 et
2619 4006 2917 4063 civitatem
2945 4007 3276 4080 incceptam
3321 4012 3770 4087 conﬁrmavit,
3811 4022 3851 4071 et

405 4112 547 4155 nem
574 4095 652 4153 ab
681 4110 751 4151 eo
776 4097 1145 4170 receperunt,
1186 4096 1251 4149 ut
1292 4093 1492 4150 multis
1517 4097 1607 4151 est
1649 4093 2046 4151 notissimum.
2159 4093 2629 4151 consolationem
2657 4094 3005 4151 hominibus
3036 4096 3354 4171 utriusque
3381 4115 3591 4158 sexus
3640 4104 3851 4165 conde

406 4183 658 4261 Expedit
695 4199 837 4257 ergo
870 4187 935 4239 ut
963 4187 1020 4241 et
1048 4198 1160 4240 nos
1190 4182 1377 4257 ipsius
1431 4181 1796 4254 adjutorium
1840 4181 2054 4256 implo-
2158 4179 2340 4236 navit.
2370 4179 2536 4237 Cives
2561 4184 2762 4237 autem
2797 4179 2970 4239 dictae
3020 4180 3273 4251 civitatis
3318 4202 3495 4256 suos,
3560 4195 3638 4247 ut
3688 4209 3850 4250 vove»

402 4290 626 4344 remus,
657 4276 922 4350 petentes
962 4270 1275 4328 devotione
1315 4270 1567 4346 supplici
1614 4275 1679 4328 ut
1733 4270 2051 4329 clementer
2158 4273 2311 4339 rant,
2342 4268 2421 4324 ad
2437 4270 2777 4343 sepulcrum
2793 4269 3088 4328 miserunt
3106 4273 3297 4329 sancti
3318 4273 3706 4337 Godehardi
3732 4298 3851 4337 cum

400 4361 577 4425 nobis
607 4362 863 4428 assistat,
894 4365 950 4418 et
977 4359 1128 4417 iram
1174 4359 1293 4427 Dei,
1344 4375 1450 4433 per
1488 4375 1674 4435 quam
1718 4360 2048 4417 meruimus
2156 4357 2369 4429 votivis
2419 4358 2840 4431 oblationibus,
2886 4358 3172 4417 omnibus
3224 4360 3466 4420 ibidem
3532 4376 3851 4427 narrantes

399 4451 557 4523 hanc
582 4448 1002 4521 calamitatem,
1034 4465 1070 4507 a
1096 4448 1271 4507 nobis
1293 4442 1584 4507 avertat.»
1616 4447 1845 4506 Placuit
1862 4448 2051 4506 omni-
2157 4445 2409 4523 qualiter
2433 4446 2728 4519 suffragiis
2756 4448 2945 4505 sancti
2978 4448 3319 4511 Godehardi
3345 4451 3429 4509 de
3452 4455 3849 4523 tribulatione

398 4540 515 4601 bus
563 4540 815 4603 verbum
864 4539 1042 4607 senis,
1092 4539 1342 4613 ejusque
1389 4554 1598 4599 omnes
1627 4537 1826 4598 favent
1852 4537 2049 4597 horta-
2155 4533 2421 4601 maxima
2450 4534 2645 4597 subito
2675 4535 2893 4594 iuerint
2918 4538 3168 4597 liberati.

1552 4757 2113 4846 APPENDIX
2196 4757 2654 4846 ALTERA.

748 4904 1052 4963 Miracula
1082 4905 1143 4960 in
1173 4902 1391 4960 exteris
1420 4902 1744 4972 provinciis
1770 4903 1965 4973 facta,
1997 4903 2060 4958 in
2089 4917 2241 4974 quas
2275 4903 2489 4961 delata
2514 4908 2657 4961 sunt
2685 4905 2749 4961 S.
2783 4904 3131 4973 Godehardi
3163 4908 3468 4983 reliquiaz.

467 5029 623 5087 Seire
646 5027 985 5084 volentibus
1002 5040 1138 5098 Quae
1166 5029 1225 5082 et
1250 5029 1478 5098 quanta
1508 5025 1797 5082 Dominus
1809 5027 2044 5100 operari
2068 5029 2110 5081 D
2152 5026 2303 5083 viter
2316 5026 2600 5099 quasdam
2612 5027 2901 5085 adnotare
2922 5030 3783 5099 curavimuailonombihm
3796 5042 3853 5096 νς.

392 5118 465 5175 sit
479 5118 760 5188 dignatus
785 5130 897 5205 per
921 5115 1132 5205 merita
1159 5114 1319 5171 beati
1332 5114 1704 5205 Godehardi,
1726 5131 1866 5205 eum
1883 5130 2044 5205 esse-
2153 5131 2287 5205 rum
2299 5115 2582 5205 abbatem
2593 5116 2655 5172 in
2668 5117 2979 5189 Dokkinge
2988 5125 3265 5177 curatum
3277 5122 3853 5205 evidentem

390 5219 529 5263 mus
551 5205 612 5262 in
631 5203 943 5278 provincia
984 5201 1365 5275 Trajectensi,
1395 5206 1455 5259 et
1480 5202 1545 5259 in
1573 5202 1705 5260 aliis
1730 5202 1896 5271 locis,
1942 5204 2044 5260 ha-
2125 5217 2129 5220 '
2152 5204 2349 5261 vimus
2372 5220 2410 5260 a
2429 5203 2595 5261 ﬂuxu
2622 5206 2951 5277 sangu'mis,
2974 5223 3101 5281 quo
3119 5210 3531 5272 vehementer
3553 5224 3631 5276 et
3647 5201 3770 5281 diu
3786 5224 3850 5279 la-

390 5293 922 5351 bentesnobiscum
936 5291 2046 5364 venerabilesrcliqniasejuadem,bre-
2150 5290 2484 5348 boraverat.
2533 5295 2639 5351 Per
2666 5294 2801 5364 ejus
2831 5293 3185 5366 suﬂ’ragium
3237 5304 3637 5365 matronam
3688 5312 3848 5369 etin

460 5432 766 5512 (98)}dem
812 5432 1172 5489 miraculum
1217 5432 1470 5489 refertur
1509 5449 1551 5489 ιι
1593 5433 1847 5491 ϐωήο
1890 5431 2043 5489 libro
2189 5432 2372 5513 ,(μω)
2400 5433 2757 5518 Ludovicus,
2780 5435 3277 5516 utiﬂensehenio
3300 5441 3607 5518 videtur,
3668 5453 3844 5511 Ludo.

460 5516 506 5557 ll.
541 5502 975 5557 uinculorum.
1005 5516 1140 5557 can.
1173 5510 1262 5557 77.
2148 5517 2261 5557 inci
2286 5505 2488 5557 Bavan
2523 5504 2703 5557 ﬁlms.
2732 5520 2858 5557 aut.
2902 5511 3077 5557 nam
3117 5509 3458 5557 ίπιηιι-ὶιιιι.
3508 5521 3832 5557 ..ι-κα...

389 5502 506 5559 vui.
541 5502 975 5568 uinculorum,
1005 5516 1142 5584 cap,
1173 5510 1262 5559 77.
2008 5573 2018 5585 .
2148 5502 2261 5557 vici
2286 5503 2488 5584 Bauli
2902 5511 3077 5579 patre
3116 5509 3458 5583 mpm-iu-

389 5573 588 5671 --ἓξὲξ
601 5571 2046 5671 ἓξὲἷὲἓ³ηδέἑοὲ¹ἒηέηίηῖ⁰ξυξξῗηὲιέἓῖἓί
2149 5573 2417 5671 Ξείζῖῗὲ
2449 5574 3304 5671 ΞἚἩΗῙΕῙῊᾸΓΒΕΞἮΨ
3692 5597 3841 5653 σω

385 5643 592 5725 sedem
617 5642 852 5725 militari
878 5643 1298 5725 moremagios,
1341 5658 1531 5716 pem
1563 5642 1645 5701 ut
1690 5642 2043 5703 ecclesiasti-
2148 5643 2423 5701 m'aroh'm
2448 5642 3340 5725 ﬂammea-appellatus
3360 5642 3493 5715 Et;

385 5728 528 5771 cum
551 5713 805 5784 deceret,
839 5711 1303 5769 administravit.
1362 5711 1386 5716 “
2798 5711 2830 5719 τ
2960 5724 2972 5771 ί
3027 5711 3111 5747 ’.κ-ν.
