3980 6404
205 423 308 474 223
1507 420 1563 472 S.
1611 419 1897 473 HENRICI
1935 417 2409 472 IMPERATORIS

3618 420 3649 468 2

3656 419 3686 467 2

3692 418 3721 469 4

845 559 2506 567 -ρφα--ο-ῄρ-ῊΜ--ορυᾳψ

663 687 860 787 AD
973 687 1454 789 VITAM
1566 687 2182 788 SANCTZE
2301 684 3288 788 CUNEGUNDIS

1571 853 2358 918 ADDITAMENTUM.

215 993 562 1046 Monumenta
617 995 923 1045 Germania:
962 993 1240 1054 historica,
1294 990 1496 1059 Script.
1534 995 1672 1044 tom.
1708 991 1793 1054 IV,
1855 1007 1983 1060 pag.
2025 994 2150 1044 791.
2189 1019 2250 1030 --
2295 1009 2322 1040 ‹‹
2372 991 2432 1043 In
2480 989 2676 1042 codice
2725 989 3046 1060 Monacensi
3105 989 3256 1042 inter
3309 987 3727 1060 Ransbol'enses

288 1080 342 1116 n.
378 1064 468 1129 40,
503 1064 768 1128 membr.,
799 1079 928 1115 saec.
962 1078 1066 1129 xu,
1099 1061 1396 1130 sequentia
1423 1062 1492 1113 de
1540 1062 1910 1131 Cunegunde,
1941 1059 2071 1130 quae
2127 1061 2455 1114 Ranshot’en
2501 1061 2777 1130 praedium
2811 1059 3160 1131 possederat,
3203 1060 3441 1129 ejusque
3487 1059 3724 1131 familia,

288 1134 580 1202 leguntur,
612 1150 740 1204 qum
769 1150 802 1185 a
835 1134 963 1204 viro
983 1133 1052 1185 cl.
1083 1133 1365 1204 Foriuger
1389 1130 1718 1204 exscripta,
1742 1131 1922 1185 multa
1969 1132 2267 1185 continent
2307 1147 2450 1185 nova
2480 1137 2537 1184 et
2577 1136 2772 1184 notatu
2805 1130 2968 1183 valde
2992 1130 3186 1200 digna.
3219 1152 3246 1179 n
3291 1159 3358 1168 —
3392 1131 3519 1183 Haec
3551 1130 3613 1183 D.
3649 1130 3716 1183 G.

288 1205 464 1257 Waitz
497 1205 554 1258 in
576 1202 998 1274 prolegomenis
1030 1203 1099 1255 ad
1129 1202 1189 1256 S.
1232 1202 1555 1255 Henricum.

287 1443 403 1497 XVI
433 1441 554 1495 Kal.
585 1440 766 1494 Martii
819 1438 1103 1494 ordinatio
1149 1439 1400 1494 Heinrici
1451 1438 1818 1511 imperatoris
1859 1443 1918 1493 et
1951 1441 1999 1492 Α
2099 1440 2172 1493 ΙΙΙ
2197 1425 2328 1492 Idus
2353 1438 2480 1492 Maii
2513 1438 2748 1492 Liukart
2779 1438 3090 1503 comitissa,
3123 1454 3284 1491 soror
3332 1438 3730 1518 Ohuuigundis

223 1528 619 1598 Cliunigundis
647 1527 1049 1597 imperatricis.
2024 1527 2424 1598 imperatricis,
2461 1527 2623 1580 obiit.

289 1617 374 1670 XV
432 1617 556 1671 Kal.
606 1617 791 1670 Martii
835 1616 1012 1672 Gisila
1068 1616 1428 1687 imperatrix,
1485 1621 1669 1670 mater
1735 1615 1915 1669 sancti
2096 1619 2265 1670 Anno
2325 1615 2646 1668 Dominicaa
2707 1615 3120 1669 incarnationis
3199 1616 3354 1680 1024,
3419 1613 3731 1668 indictione

218 1703 468 1758 Heinrici
507 1705 893 1774 imperatoris,
945 1705 1109 1758 obiit.
2029 1705 2298 1775 septima,
2357 1722 2412 1758 ιιι
2461 1704 2594 1758 Idus
2643 1704 2798 1768 Julii,
2859 1705 3134 1758 transitus
3181 1705 3247 1757 ad
3297 1703 3726 1758 translationem

287 1793 354 1845 VI
409 1793 530 1846 Kal.
579 1793 761 1847 Martii
800 1793 1079 1847 adventus
1135 1798 1346 1848 sanctae
1415 1793 1599 1847 crucis
1659 1792 1718 1846 in
1773 1795 1917 1847 Con-
2026 1793 2204 1848 sancti
2262 1793 2511 1846 Heinrici
2566 1793 2951 1861 imperatoris.
3020 1793 3234 1846 Eodem
3308 1792 3398 1845 die
3447 1791 3730 1845 dedicatio

213 1880 451 1950 fungen.
2027 1880 2453 1951 Confungensis
2529 1881 2800 1948 ecclesia),
2871 1882 3101 1952 quando
3158 1882 3342 1934 velata
3389 1885 3470 1934 est
3497 1879 3732 1934 domina

286 1970 360 2022 III
389 1968 514 2022 Kal.
550 1969 730 2024 Martii
755 1969 1051 2024 Heinricus
1102 1969 1236 2034 dux,
1290 1969 1465 2023 frater
1520 1968 1916 2039 Chunigundis
2026 1969 2424 2040 Chunigundis
2454 1969 2791 2036 imperatrix
2821 1972 3094 2040 Augusta.

212 2056 616 2126 imperatricis,
650 2057 812 2112 obiit.
2097 2059 2166 2112 IV
2203 2059 2326 2114 Kal.
2363 2057 2578 2128 Aprilis
2616 2057 2957 2126 Dietmarus,
3004 2064 3170 2129 pater
3213 2058 3514 2112 abbatissa:
3551 2058 3729 2122 Uotaa,

280 2149 449 2199 Anno
485 2144 794 2199 Dominicae
869 2145 1285 2199 incarnationis
1366 2148 1524 2212 1033,
1603 2144 1916 2199 indictione
2026 2147 2188 2202 obiit.

217 2234 410 2301 tertia,
437 2250 470 2287 v
496 2235 640 2287 Non.
666 2233 874 2300 Martii,
907 2233 1142 2287 domina
1175 2233 1913 2304 Chunigundaimperatrix
2097 2237 2216 2290 XIII
2271 2236 2396 2289 Kal.
2438 2235 2695 2290 Octobris
2764 2235 3051 2289 abbatissa
3124 2237 3285 2298 Uota,
3350 2235 3468 2288 ﬁlia
3515 2235 3732 2288 sororis

215 2324 478 2389 Augusta
503 2322 694 2390 dignae
727 2322 1020 2376 memoria:
1042 2323 1202 2376 obiit.
2027 2323 2427 2393 Chunigundis
2457 2322 2854 2394 imperatricis,
2889 2323 3049 2376 obiit.

290 2411 355 2464 Vl
419 2411 611 2465 Nonas
659 2410 784 2464 Maii
836 2411 1219 2465 Theodericus
1275 2411 1536 2466 Metensis
1587 2411 1913 2482 episcopus,
2096 2413 2146 2466 II
2202 2412 2334 2466 Idus
2382 2411 2637 2466 Octobris
2693 2411 3008 2478 Heinricus,
3065 2411 3215 2466 ﬁlius
3271 2411 3458 2464 fratris
3517 2411 3730 2465 Chuni-

216 2498 392 2553 frater
421 2498 820 2568 Cbunigundis
843 2499 1244 2570 imperatricis,
1287 2501 1449 2554 obiit.
2025 2501 2237 2572 gundis
2281 2501 2678 2572 imperatricis,
2708 2501 2870 2554 obiit.

291 2587 357 2639 VI
414 2587 602 2640 Nonas
651 2587 780 2641 Maii
833 2588 1168 2641 Ermindrut
1221 2589 1524 2655 abbatissa,
1585 2604 1746 2642 soror
1794 2589 1915 2659 ejus
2101 2590 2142 2642 V
2171 2590 2293 2643 Kal.
2330 2589 2662 2646 Novembris
2707 2589 3023 2659 Sigefridus
3085 2591 3284 2644 Kunuz
3312 2604 3520 2653 comes,
3567 2593 3733 2659 pater

219 2673 384 2728 obiit.
1656 2693 1662 2698 ·
1953 2723 1990 2775 Β
2029 2678 2430 2748 Chunigundis
2460 2678 2859 2747 imperatricis,
2892 2677 3061 2734 obiit.

290 2763 377 2816 XV
416 2763 540 2816 Kal.
587 2763 739 2816 Junii
775 2763 1129 2829 Gisilbertus,
1166 2765 1340 2819 frater
1371 2764 1771 2835 Chunigundis
1803 2765 1917 2820 im-
1953 2763 1989 2775 “’
2105 2767 2237 2820 ldus
2274 2767 2601 2820 Decembris
2631 2767 2864 2821 domina
2901 2765 3165 2820 Hedwich
3203 2765 3515 2832 comitissa,
3546 2771 3734 2818 mater

219 2849 536 2916 peratricis,
575 2851 762 2920 Papiae
791 2852 1008 2906 occisus
1038 2853 1198 2906 obiit.
2031 2855 2432 2924 Chunigundis
2462 2855 2859 2925 imperatricis,
2893 2854 3053 2908 obiit.

287 2938 550 2991 lINonas
618 2939 755 2993 Julii
803 2941 1182 2995 Chuonradus
1245 2942 1562 3013 imperator
1593 2936 1942 3014 Augustus,
2099 2943 2309 2996 Eodem
2336 2942 2428 2997 die
2459 2946 2650 3013 Agnes
2699 2943 3052 3014 imperatrix,
3100 2942 3222 3012 ejus
3280 2941 3728 3010 consanguinea,

217 3029 380 3095 pater
408 3026 655 3080 Heinrici
689 3028 1074 3098 imperatoris,
1118 3029 1283 3085 obiit.
2025 3033 2193 3086 obiit.

1346 3344 1874 3440 SANCTI
1990 3347 2608 3443 HENRICI

1571 3525 2038 3580 IMPERATORIS
2080 3527 2379 3581 AUGUSTI

606 3671 1210 3797 LEGES
1311 3675 1539 3796 ET
1675 3673 3348 3801 CONSTITUTIONES

1309 3868 1519 3934 (Pertz,
1549 3870 1808 3933 Monum,
1841 3873 2016 3923 Germ.
2051 3869 2178 3922 hist.
2211 3871 2337 3935 Leg.
2372 3874 2512 3922 tom.
2550 3869 2643 3935 II.)

230 4025 953 4100 Codicuyt_Ambros_iani,
1009 4026 1403 4100 Londinensis,
1449 4029 1783 4093 Florentini,
1840 4028 2314 4100 Vindobonensis,
2348 4029 2692 4083 Veronensis
2739 4034 2798 4084 et
2842 4029 3091 4083 Estensis
3149 4030 3298 4100 apud
3360 4030 3734 4084 Muratorium

299 4112 407 4165 ope
438 4095 688 4170 Heinrici
724 4097 964 4170 Il__le_ges
1014 4098 1502 4170 recognovimus,
1537 4100 1612 4152 De
1669 4115 1820 4152 anno
1850 4099 1941 4151 cui
1986 4100 2335 4153 ascribendas
2364 4107 2555 4154 essent
2604 4101 3003 4167 dubitabatur;
3048 4118 3151 4154 nos
3183 4095 3315 4155 1019
3374 4101 3737 4170 praetulimus

300 4167 636 4241 auctoritate
681 4166 891 4241 codicis
920 4167 1282 4241 Ambrosiani
1307 4168 1682 4222 indictionem
1740 4171 1965 4223 tertiam
2004 4170 2328 4236 indicantis,
2389 4177 2444 4224 et
2481 4172 2660 4225 altero
2693 4172 2792 4241 qui
2822 4171 2881 4226 in
2910 4172 3191 4225 calculum
3247 4166 3441 4225 venire
3485 4176 3734 4240 poterat,

300 4253 451 4290 anno
501 4239 655 4305 1023,
688 4237 1108 4306 expeditionem
1139 4238 1388 4291 Italicam
1421 4255 1706 4293 annorum
1731 4242 1856 4293 lO2l

1232 4239 1388 4291 licam
1421 4255 1706 4293 annorum
1731 4242 1856 4293 1021
1897 4247 1953 4294 et
1985 4243 2120 4294 1022
2145 4241 2378 4311 prOpius
2407 4237 2804 4312 subsequente.

307 4501 603 4558 Heinrieus
643 4504 662 4540 ¹
691 4502 793 4556 Dei
821 4504 1006 4575 gratia
1051 4503 1434 4557 miserationis
1463 4501 1486 4535 ²
1539 4505 1932 4559 Romanorum
1967 4507 2006 4561 C
2044 4506 2266 4576 vulgari
2298 4506 2532 4560 nomine
2563 4506 2900 4576 Strasburge
2932 4505 2956 4539 ³
2980 4510 3233 4570 vocatur,
3265 4505 3582 4558 multorum
3603 4520 3736 4573 per-

233 4589 876 4662 imperatorAugustus.
914 4592 1192 4647 Omnibus
1250 4592 1458 4646 nostris
1488 4593 1749 4647 ﬁdelibus
1778 4609 1928 4664 praa-
2043 4591 2271 4648 latum9
2326 4599 2410 4647 est
2455 4610 2490 4646 a
2537 4610 2641 4646 nos
2699 4593 2994 4658 relatione,
3057 4592 3210 4663 quod
3287 4591 3526 4660 plurimi
3599 4596 3741 4644 tunc

225 4678 484 4732 sentibus
513 4679 685 4733 etiam
718 4685 776 4734 et.
803 4680 1008 4734 futuris
1035 4687 1236 4735 notum
1269 4681 1391 4736 ﬁeri
1445 4685 1731 4750 volumus,
1778 4682 1933 4753 quod
2042 4687 2228 4749 erant,
2273 4683 2374 4752 qui
2411 4682 2516 4735 sub
2567 4683 2862 4735 occasione
2918 4680 3006 4733 his
3066 4679 3330 4750 periculis
3377 4679 3736 4732 laborabant.

226 4782 459 4835 semper
487 4767 570 4820 rei
621 4769 868 4836 publicae
932 4771 1325 4840 providentes,
1376 4787 1506 4840 qua:
1569 4771 1742 4841 digna
1779 4777 1930 4836 sunt,
2045 4771 2201 4826 Unde
2240 4772 2412 4824 etiam
2447 4771 2624 4842 digna
2652 4771 2978 4840 provisione
3009 4769 3278 4822 omnibus
3320 4773 3740 4828 succurrentes,

229 4854 617 4924 probabilium
655 4860 676 4890 ³
732 4872 1112 4925 personarum
1171 4859 1349 4912 nostri
1404 4859 1632 4930 imperii
1673 4859 1932 4913 ﬁdelium
2044 4858 2424 4912 adtestatione
2455 4859 2640 4912 laudis
2663 4873 2838 4928 quam
2886 4857 3144 4928 plurium
3187 4856 3351 4910 nobis
3389 4856 3742 4909 adstantium

231 4942 566 5012 acceptione
599 4947 619 4978 ⁴
661 4943 1042 5014 disponimus.
1099 4947 1241 5000 Cum
1285 4951 1546 5018 tempore
1589 4947 1884 5001 auctumni
1913 4946 1936 4981 ⁵
2042 4947 2318 5011 ﬁdelium,
2366 4946 2930 5015 archiepiscoporum
2983 4944 3421 4999 Mediolanensis
3477 4943 3748 4998 videlicet

231 5034 292 5084 in
324 5037 486 5101 parte
519 5031 805 5085 Elisantiae
836 5031 878 5098 θ,
910 5034 1094 5086 nostri
1137 5035 1300 5103 regni
1342 5051 1446 5104 pro
1504 5035 1748 5090 utilitate
1783 5037 1930 5090 mul-
2040 5041 2095 5090 et
2128 5035 2517 5091 Ravennensis
2545 5036 2611 5099 ¹ο,
2652 5036 3055 5104 episcoporum
3085 5033 3122 5067 υ
3155 5048 3386 5103 quoque
3438 5031 3746 5086 Strasbur-

233 5119 474 5188 timoda,
531 5135 892 5174 moraremur
929 5118 950 5154 ⁷
1000 5122 1060 5176 in
1133 5122 1360 5176 civitate
1403 5125 1736 5194 Argentina,
1803 5141 1932 5196 quae
2039 5123 2233 5196 gensis
2298 5122 2368 5187 ¹²,
2444 5121 2778 5188 Placentini,
2829 5121 3071 5175 Cumani
3137 5121 3528 5184 Vercellensis,
3602 5135 3744 5188 par-

1660 5255 1891 5308 VARI/E
1932 5253 2324 5308 LECTIONES.

312 5363 328 5397 ¹
413 5363 607 5415 Versus
639 5379 695 5414 an
726 5362 786 5415 L.
821 5361 883 5413 V.
920 5362 1016 5413 Vn.
1069 5362 1132 5414 E.
1167 5359 1336 5432 Regis
1368 5359 1615 5413 IIeinrici
1652 5361 1918 5414 lwtantur
1945 5360 2072 5430 lege
2107 5359 2612 5432 maritiJPraefatio
2665 5360 2777 5432 tota
2805 5355 2950 5432 deest
3005 5357 3064 5408 in
3094 5355 3169 5432 Fl.
3244 5357 3266 5389 ³
3297 5351 3745 5432 deesthgratiz-n

240 5431 610 5504 miseratione
648 5434 718 5504 Υ.
763 5433 865 5504 Vn.
925 5433 995 5486 Ε.
1081 5423 1711 5504 ιιινοὸῖι-ὺίιὶιιγηριίθᾼι.
1790 5435 1864 5485 ‘a
1918 5434 1974 5484 αι
2004 5423 2271 5504 “actione
2308 5431 2369 5483 L.
2425 5426 2476 5504 -δ
2504 5427 2767 5504 optumni
2798 5429 2856 5479 in
2910 5442 3099 5504 marg,
3146 5425 3253 5504 hoc
3305 5430 3388 5504 est
3436 5423 3606 5504 indic.

239 5503 399 5555 Amo.
477 5502 867 5555 6haerisantiae.
914 5504 1016 5555 Vn.
1073 5493 1360 5554 erisantiaa
1407 5503 1471 5555 Ε.
1502 5493 1519 5498 ”
1549 5499 2030 5554 7demoraremur
2070 5502 2138 5554 L.
2249 5499 2272 5532 ⁸
2306 5493 2603 5568 straburge
2653 5499 2720 5553 Α.
2775 5496 3139 5568 transburgie
3174 5496 3256 5568 7L.
3313 5493 3622 5568 transburg
3677 5494 3742 5558 V,

247 5574 356 5625 Vn.
388 5575 458 5626 Ε.
541 5570 565 5605 9
595 5573 882 5640 prolatum
915 5575 994 5626 Α.
1035 5575 1257 5642 perlatu
1290 5571 1356 5624 ad
1384 5588 1484 5623 nos
1517 5571 1756 5625 relatum
1787 5579 1870 5625 e~t
1911 5574 1972 5626 L.
2081 5573 2127 5613 '0
2146 5569 2500 5642 trauerensis
2526 5565 2599 5622 Ᾰ.
2637 5567 2967 5642 rauenensis
2997 5565 3070 5621 V.
3141 5567 3242 5619 Vn.
3349 5565 3390 5600 ¹¹
3423 5580 3472 5617 e.
3529 5579 3584 5633 q.
3613 5568 3656 5616 t.
3687 5579 3744 5632 p.

244 5660 290 5696 (ι.
321 5639 686 5695 vercellensis
708 5645 766 5694 in
821 5659 997 5710 marg.
1037 5639 1216 5714 'supp.
1255 5643 1358 5697 Vn.
1437 5642 1929 5714 "tranburgensis
1955 5644 2032 5697 Α.
2072 5639 2534 5710 transburgensis
2556 5642 2618 5694 L.
2659 5642 2723 5692 V.
2761 5641 2861 5693 Vn.
2897 5641 2958 5692 E.
