3888 6390
60 301 192 354 ηερ

51 421 396 495 quamdam,
429 438 563 493 quae
589 421 751 476 bona
778 436 882 492 spe
931 421 1175 476 easdem
1205 421 1484 492 reliquias
1530 420 1607 474 ad
1640 437 1700 472 sc
1741 425 1785 476 Α

52 511 259 568 deferri
290 511 472 582 petiit,
502 515 655 567 Deus
682 528 719 567 a
742 511 966 583 duplici
1021 511 1258 578 morbo,
1286 511 1620 581 hydropico
1651 515 1708 565 et

51 599 396 672 podagrico,
425 616 549 671 quo
607 600 710 654 diu
729 599 1124 669 laboraverat,
1182 599 1456 669 ejusdem
1487 598 1710 653 meritis

49 693 317 762 potenter
345 692 527 760 atque
553 689 857 744 evidenter
904 688 1194 744 liberavit.
1233 692 1516 744 Prmterea
1547 687 1710 742 zonis

47 778 369 832 multorum
401 777 718 849 applicatis
745 778 826 834 ad
856 779 1105 836 easdem
1133 777 1502 850 reliquias,et
1528 792 1713 848 appo-

51 867 168 922 sitis
219 867 294 922 ad
349 867 624 922 membra
676 868 1075 936 infirmorum,
1137 873 1258 923 tam
1333 867 1708 921 saecularium

48 972 230 1028 quam
255 955 665 1012 claustralium
719 956 777 1011 in
809 957 1130 1012 continenti
1165 957 1484 1011 sanitatem
1542 972 1703 1010 rece-

48 1045 199 1117 pisse
227 1051 562 1100 n0scuntur
588 1064 600 1108 ;
644 1045 910 1100 videlicet
939 1045 1159 1100 infirmi
1192 1046 1535 1101 laborantes
1567 1061 1714 1118 quo-

50 1133 287 1197 tidiana,
318 1134 590 1204 tertiana,
606 1133 810 1188 dolore
842 1134 1074 1206 capitis,
1094 1134 1714 1202 oculorum,dcntium

47 1227 101 1277 et
124 1227 476 1278 caeterorum
508 1223 942 1278 membrorum.

118 1315 202 1366 54.
246 1314 396 1367 Cum
430 1311 671 1366 fz'emina
718 1313 1000 1384 quaedam
1049 1313 1199 1367 inter
1229 1315 1505 1368 concives
1549 1329 1710 1381 suos,

45 1401 324 1458 dantibus
356 1402 533 1457 nobis
591 1404 1134 1458 confraternitatem
1193 1421 1356 1459 more
1390 1404 1580 1468 solito,
1634 1403 1712 1458 ab

49 1493 174 1563 ipsa
199 1507 259 1545 se
292 1491 656 1559 absentaret,
687 1493 913 1546 monita
960 1509 1063 1563 per
1093 1492 1292 1547 visum
1324 1510 1358 1548 a
1389 1493 1568 1547 beato
1601 1495 1714 1546 Go-

47 1580 312 1636 dehardo
341 1597 452 1634 cur
482 1598 542 1634 se
573 1586 733 1636 tanto
763 1581 1054 1635 beneficio
1087 1582 1300 1652 privari
1332 1582 1520 1646 vellet,
1543 1586 1597 1636 et
1630 1597 1714 1636 re-

1575 292 1947 349 ερῐετοιιε.

3337 301 3473 354 i230

1888 423 1972 474 55.
2004 418 2098 474 Vir
2127 421 2304 474 etiam
2333 419 2582 492 quidam
2610 432 2890 487 magnus,
2923 417 3099 473 nobis
3131 420 3305 476 valde
3330 440 3478 478 con-

1817 507 2030 562 trarius
2055 510 2330 572 existens,
2376 525 2513 564 cum
2539 507 2835 580 populum
2866 524 2902 563 a
2929 508 3105 564 nobis
3131 515 3478 577 averterc,et

1816 596 2122 664 negotium
2155 603 2425 652 nostrum
2476 597 2842 652 omnimodis
2871 596 3162 670 impedire
3195 600 3482 668 studeret,

1817 685 1898 740 ita
1925 701 2032 756 per
2058 686 2426 742 inﬂationem
2457 687 2710 757 gutturis
2741 692 2796 741 et
2817 686 2993 742 totius
3021 689 3230 760 capitis
3254 691 3484 762 pericii-

1821 775 1926 829 tari
1960 776 2156 847 coepit,
2189 780 2252 831 ut
2296 777 2424 846 jam
2456 792 2608 848 pene
2637 777 2889 832 deficere
2935 776 3251 845 videretur,
3285 779 3480 836 donec

1818 864 1879 918 in
1912 882 1971 919 se
2003 864 2240 920 rediens
2263 869 2317 920 et
2343 865 2521 920 corde
2546 866 2978 938 posnitens,per
3005 867 3294 938 sutfragia
3319 868 3481 924 beati

1820 942 2155 1009 Godehardi
2185 954 2264 1008 ab
2292 954 2476 1026 ipsius
2507 955 2716 1010 mortis
2746 954 3022 1009 faucibus
3050 955 3355 1025 liberatus,
3383 973 3480 1012 er-

1819 1060 2016 1098 rorem
2049 1061 2222 1099 suum
2257 1045 2571 1099 devotione
2599 1050 2656 1099 et
2674 1043 3005 1100 humilitate
3032 1047 3300 1102 correxit.

1892 1138 1977 1187 56.
2041 1133 2328 1198 Quaedam
2383 1133 2599 1189 mulier
2627 1150 2766 1189 cum
2822 1133 3096 1202 geminos
3151 1139 3480 1204 generaret,

1819 1239 1941 1278 uno
1973 1223 2166 1278 soluta
2197 1228 2332 1278 ante
2365 1228 2637 1278 nostrum
2665 1222 3015 1290 adventum,
3047 1224 3237 1279 tribus
3268 1224 3483 1280 diebus

1820 1329 1958 1367 cum
1991 1313 2174 1368 altero
2204 1313 2522 1385 periclitari
2554 1313 2734 1385 coepit
2760 1333 2772 1379 ;
2820 1314 2925 1368 sed
2955 1313 3130 1369 nobis
3159 1313 3485 1370 advenien-

1820 1403 1998 1470 tibus,
2033 1407 2256 1458 attactu
2283 1418 2450 1457 zonae
2513 1403 2734 1458 sanctis
2760 1403 3024 1475 reliquiis
3056 1403 3364 1476 appositae,
3422 1403 3484 1458 in

1821 1491 2144 1545 continenti
2176 1491 2351 1545 enixa
2375 1490 2767 1562 dignoscitur.

1894 1586 1979 1634 57.
2034 1583 2319 1636 Praeterea
2369 1597 2506 1635 cum
2548 1581 2743 1650 major
2800 1581 3048 1636 ecclesia
3098 1581 3484 1652 Trajectensis

49 1668 352 1741 spondens
379 1669 544 1741 quod
570 1670 716 1724 nihil
747 1670 1122 1725 offerendum
1163 1671 1428 1737 haberet,
1463 1670 1711 1738 audivit,

52 1762 108 1813 ut
138 1773 314 1813 mane
338 1759 914 1831 surgens,quidquid
946 1763 1106 1832 apud
1138 1778 1197 1814 se
1227 1761 1513 1816 inveniret
1545 1760 1715 1814 offer-

48 1852 164 1901 ret:
199 1846 408 1919 sicque
439 1848 498 1901 in
530 1847 714 1902 bursa
745 1848 898 1902 duos
931 1849 1221 1915 gravioris
1247 1854 1500 1904 monctze
1533 1865 1710 1903 num-

48 1952 176 1990 mos
196 1934 513 1991 inveniens
542 1936 772 2004 obtulit,
832 1943 886 1991 et
913 1937 1072 1992 idem
1105 1937 1326 1993 factum
1373 1954 1573 1994 coram
1605 1954 1714 2011 po-

48 2024 188 2096 pulo
217 2024 496 2097 professa
535 2031 642 2081 est.

1824 1670 2216 1742 suspensione
2247 1670 2589 1725 divinorum
2646 1669 2827 1739 longo
2878 1675 3144 1742 tempore
3170 1671 3349 1727 nimis
3371 1675 3488 1726 tur-

1755 1785 1793 1837 η
1821 1759 2078 1822 baretur,
2138 1764 2384 1832 propter
2413 1760 2738 1816 adventum
2765 1759 3152 1832 reliquiarum
3191 1760 3348 1816 beati
3377 1761 3487 1815 Go-

1823 1847 2092 1914 dehardi,
2150 1848 2352 1903 divina
2408 1849 2927 1920 resumpsit(l0i),
2995 1852 3052 1903 et
3103 1847 3205 1904 toti
3261 1848 3489 1921 populo

1824 1937 2034 2005 ingens
2092 1937 2381 2007 gaudium
2440 1937 2642 1992 tribuit
2672 1937 2731 1992 in
2771 1937 3166 2007 dedicatione,
3217 1937 3492 1994 videlicet

1826 2025 2016 2099 ipsius
2041 2026 2327 2082 ecclesiae.

590 2391 1108 2513 SANCTI
1195 2391 2080 2516 GODEHABDI
2173 2391 2952 2515 EPISTOL/E.

1124 2665 1399 2730 (ΜΑωιι.,
1432 2663 1710 2719 Analect.
1742 2678 1882 2719 nov.
1915 2662 2054 2718 edit.
2087 2676 2227 2734 pag.
2255 2665 2406 2728 435).

585 2952 917 3007 EPISTOLA
961 2953 1188 3008 PRIMA.

56 3052 341 3088 GODEEAIDI
405 3054 615 3088 ABBATIS
667 3055 1032 3090 TEGBRNSENSIS
1096 3058 1156 3090 AD
1221 3057 1714 3091 NlDERALTAHI-ZNSES.

56 3118 313 3174 Nuntiat
337 3104 630 3190 quomodo
678 3137 714 3176 a
749 3123 1271 3191 Tegernseensz‘bus
1302 3131 1580 3192 arreptus
1622 3125 1717 3189 sit,

123 3197 410 3262 aptatque
431 3198 496 3246 ut
525 3197 734 3248 mutua
747 3208 991 3262 precum
1018 3197 1351 3250 communio
1373 3197 1533 3251 inter
1563 3203 1722 3250 utro-

123 3294 150 3333 s
191 3295 269 3335 ue
299 3286 400 3336 sit.

125 3295 505 3410 qunsaaanus
563 3352 776 3419 abbas,
817 3354 1099 3424 quamvis
1129 3354 1435 3423 indignus,
1496 3358 1577 3410 W.
1615 3372 1722 3410 caa-

57 3436 254 3510 risque
337 3439 644 3507 fratribus,
724 3441 1022 3514 quidquid
1106 3443 1336 3499 dilectis
1421 3444 1576 3510 ﬁliis,
1664 3443 1723 3498 in

57 3527 307 3584 Christo.

127 3619 497 3692 Quanquam
523 3624 736 3675 nostrae
768 3618 1099 3689 fragilitatis
1130 3621 1325 3690 legem
1354 3622 1600 3677 interius
1632 3640 1725 3678 ex—

56 3706 361 3780 teriusque
393 3707 974 3775 laborando,natura
1000 3716 1268 3779 cogente,
1301 3712 1506 3766 merito
1540 3712 1725 3784 patia-

55 3811 223 3864 mur;
258 3797 553 3854 tamenin
582 3797 698 3854 hoc
724 3797 948 3867 itinere,
982 3800 1147 3871 quod
1169 3800 1348 3870 jussu
1370 3800 1599 3856 domini
1626 3817 1729 3857 no-

56 3884 154 3939 stri
207 3885 388 3941 ducis
432 3885 954 3956 aggrediebamur,
1015 3887 1214 3944 adhuc
1245 3905 1358 3944 nos
1385 3890 1728 3960 prosperari

56 3975 268 4030 vestris
291 3975 672 4032 orationibus
702 3977 1094 4046 gratulamur.
1130 3982 1281 4034 Nam
1301 3979 1625 4035 honorifice
1657 3979 1728 4034 si-

55 4063 306 4137 mulque
333 4064 680 4121 charitative
709 4082 746 4122 a
771 4067 1000 4122 cunctis
1031 4068 1310 4123 fratribus
1338 4069 1598 4140 suscepti
1631 4085 1728 4124 su-

56 4170 213 4217 mus,
247 4160 306 4211 et
366 4155 577 4210 devote
608 4155 835 4212 faciunt
861 4174 1239 4230 quaecunque
1265 4158 1348 4213 eis
1387 4158 1732 4228 regulariter

55 4245 475 4318 praecipimus.
528 4247 776 4320 Insuper
799 4248 981 4305 etiam
1011 4265 1330 4321 precamur
1365 4255 1429 4305 ut
1460 4250 1731 4305 fraterni-

57 4335 160 4391 tati
190 4341 534 4408 vestraeque
583 4338 838 4394 orationi
867 4338 1151 4411 deinceps
1196 4340 1630 4407 consociemur,
1677 4345 1734 4396 et

58 4441 180 4482 una
223 4441 478 4484 mecum
527 4427 958 4484 commendant
1014 4429 1181 4486 vobis
1228 4429 1436 4486 fratres
1483 4435 1746 4514 nostros,

57 4531 215 4587 quos
244 4516 396 4573 huic
421 4515 716 4584 misimus,
752 4523 814 4574 ut
860 4518 943 4574 eis
975 4535 1220 4575 omnem
1251 4519 1599 4576 charitatem
1635 4521 1744 4574 bu-

57 4605 543 4678 manitatemque
573 4606 924 4673 exhibeatis,
951 4612 1013 4663 ut
1039 4608 1308 4681 prwcipit
1328 4609 1542 4664 beatus
1581 4612 1744 4664 Pater

59 4699 265 4752 noster
297 4695 674 4752 Benedictus.
719 4697 913 4755 Mittite
960 4698 1136 4754 nobis
1169 4698 1391 4754 librum
1439 4699 1659 4755 Horatii
1688 4702 1745 4756 et

60 4785 354 4857 epistolas
387 4785 574 4843 Tullii.

1759 2958 1798 3011 C
1829 2953 1962 3009 culo
1984 2953 2407 3026 liquidissimo,
2461 2953 2840 3008 GOTAHARDUS
2875 2954 2993 3007 Deo
3025 2951 3257 3025 sibique
3289 2967 3500 3009 mona-

1828 3044 2009 3097 chum
2040 3042 2358 3107 mentiens,
2394 3041 2547 3114 proh
2577 3040 2813 3113 pudor!
2851 3040 3246 3096 Dominicum.

1902 3133 2280 3190 Scintillantis
2307 3133 2861 3201 calami,aestuantis
2885 3133 3505 3206 animi,vituperabilis

1828 3223 2160 3278 infectionis
2194 3223 2252 3277 in
2282 3230 2392 3277 n03
2450 3221 2798 3291 excogitatae
2835 3221 3073 3277 ulterior
3120 3221 3340 3277 modus
3374 3238 3499 3277 cer-

1829 3312 1988 3367 nitur
2017 3327 2144 3365 esse
2174 3328 2361 3383 quam
2421 3311 2836 3366 admirandus.
2894 3311 2993 3366 Sin
3022 3310 3201 3366 unius
3247 3315 3371 3366 tam
3398 3326 3502 3365 ne-

1830 3400 1994 3455 fariae
2027 3399 2456 3456 criminationis
2508 3416 2693 3455 causa
2724 3416 2820 3454 me
2877 3415 3149 3471 unquam
3187 3400 3506 3472 reprehen-

1830 3491 1994 3546 deret
2020 3489 2260 3562 propria
2293 3489 2679 3556 conscientia,
2746 3505 2938 3561 quam
2971 3488 3307 3544 verecundo
3338 3488 3507 3545 vultu

1830 3594 2136 3651 quamque
2169 3577 2482 3649 pmnitenti
2517 3577 2723 3632 animo
2749 3593 2885 3632 mea
2941 3581 3153 3649 sponte
3183 3576 3508 3634 voluissem

1834 3684 1928 3722 me
1966 3672 2338 3739 sequestrare
2397 3681 2431 3720 a
2493 3666 2674 3720 totius
2733 3664 3186 3721 Christianitatis
3241 3679 3510 3719 commu-

1834 3755 2011 3810 nione
2041 3755 2052 3808 l
2082 3753 2253 3809 Absit
2282 3761 2317 3809 Α
2346 3769 2441 3808 me
2495 3752 2798 3826 deceptrix
2847 3751 3169 3826 cupiditas,
3204 3757 3270 3808 ut
3299 3752 3510 3808 alienis

1834 3849 1958 3901 tam
1981 3844 2162 3916 impie
2189 3843 2404 3899 vellem
2435 3843 2688 3907 inhiare,
2735 3858 3093 3915 quanquam
3148 3842 3273 3898 sine
3299 3842 3512 3898 vestris

1835 3935 2001 3990 nullo
2031 3934 2215 3990 modo
2248 3934 2445 3988 vivere
2500 3949 2764 4004 possem.
2795 3932 3062 3998 Veneria,
3113 3931 3387 4006 quinimo
3415 3949 3516 3988 cu.

1835 4024 2134 4098 pidinaria
2161 4022 2530 4087 fascinatrix,
2558 4022 2639 4077 ita
2669 4022 2914 4095 penitus
2945 4022 3050 4078 ﬁat
3078 4022 3140 4076 in
3170 4039 3267 4077 me
3298 4023 3514 4095 sopita.

1837 4120 1902 4171 ut
1931 4115 2170 4170 alterius
2194 4113 2423 4187 copulze
2446 4114 2721 4183 junctam
2751 4112 2841 4168 vel
2865 4112 3320 4185 concupiscibili
3342 4113 3518 4168 oculo

1838 4204 2133 4259 invidiose
2220 4202 2514 4275 inspicere
2596 4218 2984 4274 praesumam.
3072 4204 3296 4256 Nostrae
3384 4217 3524 4275 pos-

1772 4316 1814 4370 ι)
1848 4291 2237 4349 sessiunculas
2299 4292 2530 4364 absque
2579 4291 2716 4346 fuco
2772 4289 3168 4346 simulationis
3225 4291 3525 4346 renuntia-

1854 4383 2052 4437 vimus
2106 4397 2290 4449 euge:
2353 4380 2456 4435 sed
2489 4395 2608 4435 non
2666 4384 2897 4435 tantum
2927 4382 3133 4452 postea
3163 4377 3528 4452 profecimus

1853 4477 1918 4528 ut
1946 4472 2289 4537 debuimus,
2326 4470 2471 4542 quia
2504 4471 2591 4541 (ut
2638 4470 2833 4525 verius
2865 4469 3064 4537 scitur)
3092 4483 3285 4542 neque
3314 4484 3528 4523 omnes

1854 4561 2169 4618 Christiani
2227 4559 2546 4616 Christiani
2595 4563 2754 4628 sunt,
2802 4574 2998 4630 neque
3041 4573 3254 4613 omnes
3282 4557 3390 4612 viri
3419 4557 3530 4618 viri

1854 4655 2013 4721 sunt,
2069 4665 2179 4706 nec
2240 4665 2452 4704 omnes
2503 4648 2788 4704 monachi
2841 4646 3123 4702 monachi
3161 4649 3337 4713 sunt;
3375 4646 3532 4702 Chri-

1854 4738 2030 4794 stiani
2079 4743 2282 4794 tamen
2333 4738 2428 4793 isti
2461 4741 2603 4793 sunt
2634 4741 2689 4792 et
2723 4736 3042 4792 monachi:
3097 4735 3204 4790 sed
3236 4736 3364 4790 haec
3396 4751 3534 4790 con-

1852 4827 2073 4882 versim
2107 4828 2411 4894 volumus,
2451 4827 2556 4882 sed
2585 4842 2708 4882 non
2739 4841 3099 4898 possumus;
3129 4823 3394 4890 nitimur,
3428 4823 3534 4878 sed

1854 4916 2250 4972 inﬁrmamur.
2313 4915 2421 4982 Qui
2470 4916 2673 4988 aliqua
2724 4913 3183 4970 Christianitatis
3241 4911 3534 4967 tinctione

1853 5007 1947 5062 vel
1993 5005 2342 5077 aspersione
2374 5009 2460 5061 est
2492 5005 2832 5074 insignitus,
2884 5003 2928 5058 si
2961 5001 3247 5057 catholica
3289 5017 3536 5058 excusa.

1854 5098 1950 5149 tur
1975 5098 2152 5148 tantae
2204 5092 2662 5165 perniciositatis
2708 5091 2932 5162 ﬂagitia
2976 5106 3097 5145 non
3132 5088 3533 5152 committere,

1856 5182 2103 5256 quando
2125 5181 2454 5254 qualiterve
2485 5182 2786 5248 laudatur,
2805 5181 2909 5253 qui
2927 5184 3010 5236 tot
3040 5178 3194 5233 vitiis
3225 5177 3536 5234 obnoxius

1858 5287 1990 5326 esse
2021 5269 2419 5325 criminatur?
2452 5269 2618 5341 quod
2647 5286 2743 5326 me
2778 5267 2990 5324 furtive
3021 5267 3081 5322 in
3111 5266 3262 5323 ovile
3293 5264 3541 5322 Domini

696 4861 1031 4917 EPISTOLA
1072 4863 1135 4914 ll.

109 4961 355 5002 musnnm
391 4962 702 5004 GODEHARDI
734 4966 804 5003 an
836 4965 1162 5005 TIIEODULL'M
1193 4950 1341 5020 (102)
1372 4965 1695 5005 EPISCOPIIM.

59 5034 200 5108 Non
235 5035 709 5108 cupiditatemec
741 5038 1190 5108 ambitione,sed
1219 5038 1549 5093 obedientia
1578 5042 1747 5106 prm-

136 5107 262 5188 θερί
282 5108 642 5191 praestanda
666 5125 725 5164 se
753 5109 834 5164 ad
862 5107 1210 5165 monasterii
1263 5111 1627 5178 Tegersensis
1655 5126 1744 5166 re-

133 5192 342 5247 gtmen
386 5193 712 5235 accesszsse.

136 5270 389 5323 Domno
419 5269 1182 5341 hsoano,pontiﬁcalium
1214 5270 1592 5326 sacerdotum
1621 5285 1749 5343 spe-

1992 5414 2086 5465 ost
2119 5410 2453 5467 Suederum
2485 5411 2674 5466 electo
2703 5411 2897 5468 cessit.

1963 5481 2083 5544 102)
2115 5481 2176 5554 Is_
2198 5486 2285 5536 est
2318 5481 2746 5554 Goteschalcus
2767 5483 3094 5554 episcopus
3121 5481 3541 5554 Frisingensis,

1863 5557 1922 5608 et
1947 5551 2006 5606 in
2029 5552 2301 5619 catalogo
2320 5551 2752 5623 episcoporum
2767 5551 3243 5623 Fjrisingensium
3266 5551 3541 5608 oecurrit.

1867 5623 2185 5745 Gotsgalfh
2207 5626 2297 5676 est
2315 5620 2597 5676 idioma’te
2619 5622 2950 5679 Theodisco
2970 5620 3175 5680 servus
3200 5624 3330 5692 Dei,
3350 5627 3544 5680 Greece

1871 5699 1993 5745 Θεώ
2040 5713 2098 5744 ου
2123 5713 2210 5745 .oc.

1871 5699 2210 5754 Θεώδου).ος.

137 5411 294 5481 (101)
330 5409 460 5465 Hoc
483 5411 844 5467 miraculum
875 5412 954 5468 ad
981 5413 1182 5468 saeculi
1213 5429 1292 5467 xv
1325 5413 1557 5468 initium
1589 5429 1751 5468 revo-
1861 5412 1921 5468 f0

66 5481 345 5555 candum
381 5482 927 5555 esse_videtur,quo
959 5483 1150 5538 abbas
1184 5484 1394 5539 Insulae
1425 5484 1614 5539 beatae
1643 5487 1754 5539 Ma-

62 5551 388 5625 riae,_teste
425 5551 1023 5623 Heda,Trajectenses
1056 5555 1307 5609 Romani
1330 5555 1627 5625 pontiticis
1653 5571 1756 5609 au-

67 5623 347 5698 ctoritate
361 5625 1034 5698 excommunicavitqui
1058 5623 1386 5698 Suederum
1403 5626 1754 5698 episcopum

102 5694 518 5769 ejecerantJd
539 5695 616 5750 ad
635 5711 871 5769 annum
885 5694 1030 5769 14—37
1051 5694 1543 5769 perduravit.Quo
1575 5694 1758 5769 anno,

108 5763 297 5836 gente
328 5763 578 5822 Nicolao
607 5766 897 5824 cardinali
929 5763 1514 5839 Cusano,Walrarius
1545 5766 1764 5822 Rudol-
