3944 6396
372 285 502 341 1231

366 408 562 465 dicitis
590 406 892 480 irrupisse,
939 404 1098 462 testis
1128 407 1216 459 est
1266 402 1459 458 ﬁdelis
1498 401 1663 458 curia
1700 396 2029 473 populique
2065 398 2113 450 Α

367 497 682 555 Christiani
741 496 1059 551 innumera
1104 492 1371 562 agmina,
1429 491 1574 564 quia
1628 489 1776 546 nihil
1822 491 2033 544 vestrae

365 587 678 659 potestatis
711 585 804 640 vel
830 583 1083 653 alicujus
1100 581 1340 636 alterius
1357 580 1727 651 subjectione
1753 578 1900 634 mihi
1911 578 2034 633 vin-

363 676 563 731 dicare
588 671 968 747 praesumpsi,
1018 670 1129 726 nisi
1161 669 1330 742 quod
1360 670 1435 725 de
1459 669 1818 743 potestativa
1846 683 2036 724 manu

364 762 585 819 summi
638 759 925 833 Principis
979 758 1158 816 hodie
1191 764 1337 827 (non
1364 758 1556 815 fateor
1580 762 1784 814 utrum
1816 756 2034 813 vellem

362 857 467 909 aut
516 851 763 924 nollem)
819 849 1076 923 suscepi.
1153 849 1515 921 Hujusmodi
1565 848 2033 922 prohibitionem

361 941 720 998 obeditionis
742 940 801 996 in
828 939 1039 1009 regula
1063 938 1467 1012 conscriptam
1488 939 1615 995 vitae
1638 938 2032 994 Benedictinaa

359 1047 486 1087 non
511 1028 1023 1102 inveni,quamvis
1055 1045 1214 1101 saepe
1240 1029 1456 1101 saepius
1485 1028 1626 1083 hinc
1650 1028 1790 1083 inde
1819 1027 2034 1083 detrita

360 1120 436 1177 sit
459 1138 581 1194 prae
640 1119 923 1176 manibus
952 1118 1188 1175 nostris.
1248 1118 1505 1182 Quodin
1563 1118 1656 1173 his
1702 1116 2031 1190 deliquisse

360 1228 459 1267 me
493 1210 683 1267 sentio
714 1226 786 1265 ex
829 1213 979 1264 aestu
1033 1208 1133 1265 tali
1181 1208 1660 1282 periculositatis,
1688 1212 1918 1264 certum
1954 1211 2035 1263 te-

362 1316 500 1371 neo,
532 1304 679 1357 teste
708 1298 1038 1355 multorum
1092 1297 1478 1365 conscientia,
1533 1297 1765 1370 absque
1794 1296 1917 1353 ullo
1941 1295 2030 1352 la—

360 1388 506 1445 bore
536 1405 634 1445 me
657 1404 961 1459 emergere
987 1404 1187 1460 posse.
1212 1387 1427 1443 Valete.

965 1480 1302 1535 EPISTOLA
1332 1481 1422 1534 ΙΙΙ.

485 1584 721 1625 EJUSDEM
750 1585 819 1623 ΑΙ)
851 1584 1122 1624 ΑΖΕιῐΝυΜ
1154 1584 1407 1623 ΑΒΒΑΤΕΜ
1442 1583 1900 1623 LUNELACENSEM.

365 1661 439 1716 Ut
497 1660 942 1732 quamprimum
995 1674 1055 1714 se
1107 1659 1380 1728 episcopo
1430 1659 1783 1715 Pataviensz’
1835 1658 2027 1712 sistat.

1155 281 1209 336 S.
1252 280 1563 336 GOHARDI
1602 274 1919 333 EPISCOPI
1958 271 2579 331 HILDESHEIMENSIS
2618 273 3005 332 EPISTOLE.

3677 273 3824 331 I232

2760 399 3099 457 EPISTULA
3138 400 3204 453 V.

2143 521 2628 564 TEGERNSEENSIUM
2679 525 2750 564 AD
2803 524 3176 565 GODEHARDUI
3228 522 3532 564 EPISCOPUI
3590 523 3829 563 ιιῐιυεε-

2810 614 3142 653 ΗΕῘΙΕΝΘΕΜ.

2141 704 2425 762 Indicant
2450 722 2531 777 se,
2548 713 2685 776 post
2710 706 3021 773 Albinum,
3040 706 3425 776 Ellingerum
3447 705 3511 761 in
3541 705 3825 763 abbatem

2721 798 2939 853 iterum
2968 796 3231 866 elegisse.

2215 901 2468 957 Domino
2495 904 2558 957 G.
2585 901 2971 976 pontiﬁcatus
2999 900 3190 958 infula
3219 900 3526 969 decorato,
3559 900 3826 957 meritis-

2139 1005 2258 1062 que
2289 989 2487 1047 oﬁcio
2519 990 3014 1062 congruentibus,
3048 1006 3232 1063 supra
3262 994 3511 1047 cunctos
3540 990 3827 1062 ejusdem

2140 1080 2403 1135 nominis
2432 1081 2547 1137 hoc
2577 1086 2846 1154 tempore
2896 1080 3179 1137 divinitus
3224 1080 3567 1149 sublimato,
3598 1081 3825 1137 fratres

2139 1172 2463 1239 Tegrenses
2495 1171 2611 1227 sub
2638 1171 3015 1244 patrocinatn
3044 1173 3097 1228 S.
3135 1171 3362 1238 Quirini
3391 1171 3824 1239 deservientes,

2139 1258 2438 1332 quidquid
2467 1260 2572 1316 ﬁlii
2602 1260 2786 1316 charo
2814 1260 2971 1334 patri
3000 1260 3373 1333 dominoque
3403 1260 3633 1323 famuli.

2212 1369 2283 1423 Ut
2331 1368 2616 1424 sanctitas
2669 1373 2884 1437 vestra,
2930 1371 3100 1425 Pater
3155 1367 3502 1437 reverende,
3558 1368 3716 1425 felici
3770 1373 3830 1425 et

2138 1472 2433 1530 prospero
2461 1463 2681 1515 eventu
2704 1458 2767 1514 in
2804 1459 3033 1515 cunctis
3061 1458 3168 1514 diu
3190 1458 3374 1529 longa
3407 1476 3514 1533 per
3541 1463 3830 1533 tempora

2137 1547 2337 1617 vigeat
2364 1553 2421 1603 et
2449 1548 2667 1615 valeat,
2688 1548 3031 1621 paternitati
3052 1552 3261 1604 vestrae
3291 1548 3702 1606 indubitanter
3716 1564 3829 1604 no-

2140 1640 2267 1693 tum
2298 1638 2392 1707 sit,
2424 1637 2652 1694 intenta
2680 1638 2997 1695 devotione
3028 1653 3141 1695 nos
3169 1642 3288 1694 Deo
3319 1638 3415 1694 die
3445 1644 3504 1694 et
3530 1643 3706 1695 nocte
3726 1638 3828 1711 ju-

430 1725 637 1806 Abbas
757 1753 951 1805 vester
980 1748 1043 1804 in
1072 1725 1357 1804 omnibus
1403 1747 1701 1804 confrater
1724 1746 2029 1804 devotissi—
2065 1758 2108 1813 Β
2139 1725 2287 1796 Bue"
2320 1726 2679 1799 supplicare:
2736 1742 3068 1800 Precesque
3118 1727 3284 1801 ipsas
3311 1732 3519 1784 saneto
3557 1731 3827 1801 Patrono

357 1855 516 1911 mus,
543 1843 610 1894 A.
642 1838 1212 1895 Lunilacunensium
1244 1837 1470 1906 abbati,
1496 1836 2029 1910 multiplicissimas

356 1927 419 1983 in
446 1928 701 1984 Domino
725 1928 965 1984 salutes.

430 2018 495 2073 In
544 2017 828 2073 omnibus
856 2033 967 2073 vos
1006 2016 1352 2090 prosperari
1399 2017 1586 2073 nostri
1644 2016 1849 2073 scitote
1902 2031 2031 2071 esse

358 2105 734 2176 gaudimonii
761 2123 775 2173 ;
832 2110 889 2160 et
916 2106 963 2160 si
994 2105 1182 2177 aliter,
1214 2105 1277 2160 in
1336 2104 1429 2160 his
1459 2104 1711 2161 libenter
1739 2105 2032 2177 compati-

355 2210 497 2249 mur
526 2194 814 2250 similiter.
848 2194 1126 2249 Proximo
1186 2194 1605 2266 apostolorum
1652 2193 1921 2250 natalitio
1945 2194 2032 2250 in-

358 2284 675 2341 terfuimus
707 2284 959 2341 solemni
983 2284 1308 2341 missarum
1330 2284 1528 2340 ofﬁcio
1549 2284 1849 2358 pontiﬁcis
1876 2285 2035 2342 Chri-

361 2373 541 2429 stiani
569 2373 1002 2445 (Pataviensis),
1053 2373 1333 2447 quamvis
1357 2373 1534 2430 nobis
1564 2390 1805 2430 summo
1835 2374 2032 2432 studio

357 2462 773 2529 renitentibus,
829 2463 1248 2537 episcopaliter
1294 2467 1499 2519 tamen
1530 2464 1765 2521 vocavit
1792 2482 1922 2535 vos,
1977 2469 2034 2522 et

354 2552 471 2608 hoc
498 2552 747 2609 ﬁrmiter
775 2552 1202 2625 deﬁnivit,jnisi
1249 2555 1417 2610 intra
1445 2556 1899 2626 quatuordecim
1924 2572 2031 2612 no-

358 2649 476 2700 ctes
502 2642 583 2699 ad
610 2659 674 2699 se
706 2643 977 2709 veniatis,
1031 2659 1141 2699 vos
1167 2644 1843 2702 excommunicandum.
1880 2648 2033 2713 Qua-

359 2736 603 2806 propter
628 2732 1017 2789 consiliamur
1036 2733 1204 2789 vobis
1236 2737 1300 2789 ut
1330 2751 1470 2790 cum
1500 2734 1738 2793 licentia
1765 2736 2033 2810 episcopi

357 2822 538 2879 vestri
565 2822 715 2879 G.ad
737 2822 908 2878 illum
935 2822 1270 2891 veniatis,et
1294 2840 1400 2879 vos
1427 2824 1555 2897 ipse
1582 2824 2032 2897 praesentialiter

360 2911 619 2968 audiatis
676 2911 933 2984 qualiter
981 2916 1229 2968 eventus
1277 2912 1460 2983 hujus
1502 2913 1587 2970 rei
1623 2914 1937 2971 habeatur.
1974 2915 2031 2972 Si

360 2999 587 3073 aliquid
617 2999 1167 3073 nostrilindigebitis
1194 2999 1274 3056 ad
1294 3000 1355 3056 id
1388 3018 1635 3058 causam
1661 3003 1902 3074 negotii,
1927 3018 2034 3076 pa-

2139 1821 2345 1872 nostro
2370 1817 2614 1881 Quirino
2643 1833 2754 1891 pro
2776 1817 2949 1873 vobis
2970 1817 3050 1873 ad
3081 1820 3266 1873 Deum
3290 1816 3681 1891 perferendas
3712 1817 3830 1873 hu-

2140 1906 2267 1961 mili
2323 1906 2762 1981 supplicatione
2810 1907 3261 1977 commendare,
3302 1923 3621 1981 quousque
3645 1907 3827 1964 locus

2142 2000 2343 2052 noster
2361 2012 2607 2053 manere
2640 1998 2874 2070 poterit,
2904 1996 3333 2053 beneﬁciorum
3368 2012 3405 2054 a
3434 2002 3630 2053 vestra
3652 1996 3830 2054 beni-

2142 2086 2365 2156 gnitate
2395 2086 2572 2143 nobis
2611 2086 3027 2159 impensarum
3057 2102 3395 2159 numquam
3422 2085 3645 2142 oblivio
3684 2085 3823 2142 erit.

2142 2179 2291 2232 Nam
2321 2176 2428 2232 ﬁlii
2456 2176 2562 2249 qui
2593 2180 2935 2243 nascentur,
2959 2181 3016 2231 et
3042 2181 3354 2246 exurgent,
3378 2176 3593 2231 eadem
3623 2180 3829 2249 poste-

2141 2265 2222 2321 ris
2264 2266 2694 2322 annuntiantes
2727 2266 2966 2321 dicent:
3016 2265 3333 2332 Quomodo
3365 2265 3677 2322 miseretur
3707 2283 3825 2340 pa-

2142 2359 2230 2411 ter
2255 2354 2540 2424 ﬁliorum,
2593 2356 2676 2412 sic
2706 2354 2801 2411 ille
2852 2371 3101 2412 suorum
3150 2355 3430 2411 misertus
3464 2360 3553 2411 est
3575 2372 3827 2429 semper

2142 2445 2326 2517 gratis
2383 2444 2772 2502 famulorum.
2818 2447 2958 2511 Quae
3008 2444 3412 2501 remuneratio
3442 2445 3675 2501 etiamsi
3711 2446 3826 2501 hu-

2141 2551 2326 2591 mana
2352 2534 2562 2606 lingua
2587 2534 2853 2603 tacuerit,
2905 2534 3072 2607 apud
3112 2537 3301 2591 Deum
3322 2538 3380 2590 et
3410 2535 3465 2591 S.
3500 2533 3823 2601 Quirinum

2140 2624 2315 2680 vobis
2346 2629 2505 2681 certa
2536 2624 2662 2681 erit.

2214 2733 2490 2805 Proinde,
2518 2735 2687 2789 Pater
2709 2731 2990 2799 amande,
3033 2747 3352 2804 nunquam
3385 2731 3579 2801 magis
3606 2730 3687 2787 ab
3714 2748 3820 2787 us-

2139 2839 2258 2896 que
2285 2822 2580 2897 principio
2637 2821 2817 2878 vestri
2842 2820 3044 2877 auxilii
3084 2825 3142 2878 et
3166 2820 3595 2877 consolationis
3645 2821 3822 2891 egui-

2140 2929 2297 2979 mus,
2350 2929 2535 2985 quam
2590 2928 2773 2981 nunc,
2822 2910 3079 2967 instante
3124 2909 3493 2979 necessitate,
3538 2926 3819 2981 egemus.

2141 3004 2290 3056 Nam
2347 3000 2652 3058 tribulatio
2705 3004 2762 3055 et
2790 2999 3071 3069 angustia
3096 2998 3343 3072 propria
3384 2998 3497 3054 sibi
3544 2998 3606 3055 in
3636 2998 3823 3056 nobis

358 3084 473 3140 rati
503 3102 713 3143 sumus
738 3087 1237 3161 qualitercunque
1279 3088 1458 3145 vultis
1487 3088 1660 3145 vobis
1691 3090 2029 3161 suffragari.
2073 3107 2114 3163 ο
2138 3089 2267 3161 jam
2298 3088 2555 3156 dudum,
2584 3094 2648 3145 ut
2677 3088 2759 3144 ita
2785 3088 3081 3156 dicamus,
3115 3103 3369 3159 posuere
3401 3086 3640 3143 cubilia.
3672 3090 3825 3154 Quae

359 3171 577 3231 Valete.

977 3267 1316 3323 EPISTOLA
1346 3268 1432 3321 IV.

678 3370 912 3409 EIUSDEM
946 3371 1017 3409 AD
1048 3371 1319 3419 QUAMDAM
1347 3370 1719 3411 ABBATISSAM.

432 3440 638 3497 Abbas
664 3444 727 3498 G.
762 3442 1038 3498 omnium
1061 3443 1166 3516 qui
1194 3447 1468 3516 praesunt
1498 3443 1764 3516 ultimus,
1794 3443 2035 3502 domnae

361 3530 684 3587 abbatissae
740 3533 800 3587 T.
835 3532 925 3587 vel
958 3535 1024 3587 Α.
1055 3531 1246 3587 seduli
1303 3532 1667 3605 precaminis
1698 3534 2037 3609 servitiique

359 3619 743 3676 devotionem
777 3619 839 3675 in
872 3620 1123 3677 Christo.

429 3709 847 3766 Recordamini
898 3710 1179 3783 petimus,
1222 3710 1409 3783 :quod
1439 3728 1677 3786 semper
1706 3730 1813 3770 vos
1841 3714 1902 3770 in
1930 3718 2039 3772 Do-

359 3797 526 3854 mino
556 3799 983 3870 diligebamus,
1041 3798 1443 3873 dilectamque
1476 3802 1688 3858 Christi
1736 3804 2038 3873 agnellam

360 3887 487 3943 ﬁeri
510 3888 877 3960 optavimus,
907 3904 977 3945 ac
1024 3888 1203 3944 nobis
1236 3889 1298 3945 in
1355 3890 1614 3963 speciale
1644 3909 1868 3950 nomen
1897 3895 2037 3952 dile-

362 3976 637 4032 ctissimae
667 3977 891 4033 sororis
922 3977 1317 4048 eligebamus.
1360 3984 1479 4037 Ista
1508 3998 1677 4038 soror
1708 3989 1916 4041 nostra
1940 4002 2038 4043 ve-

359 4065 448 4120 nit
478 4065 557 4121 ad
585 4081 697 4121 nos
724 4070 859 4123 ante
891 4066 1093 4123 Natale
1126 4068 1383 4137 Domini,
1407 4069 1755 4143 multiplicis
1786 4076 2040 4132 necessi-

362 4154 498 4211 tatis
531 4172 650 4210 suae
680 4155 983 4212 miseriam
1015 4155 1191 4212 nobis
1236 4163 1564 4231 conquesta
1591 4178 1603 4229 ;
1636 4177 1824 4234 quam
1854 4162 2041 4221 liben-

362 4244 587 4301 tissime
617 4245 936 4302 nobiscum
964 4248 1329 4303 commorari
1353 4249 1859 4324 pcrmitteremus,
1892 4259 1949 4311 et
1979 4255 2041 4311 in

359 4339 656 4409 quantum
688 4335 1129 4409 suﬁiceremus,
1180 4336 1519 4395 ministrare
1568 4339 1650 4397 illi
1700 4346 2043 4405 necessaria

2142 3177 2307 3235 mala
2331 3178 2411 3234 ad
2439 3176 2799 3251 depellenda
2827 3181 3034 3232 vestrae
3067 3174 3394 3232 sanctitatis
3419 3176 3500 3232 ad
3521 3180 3713 3233 Deum
3736 3176 3826 3233 in-

2144 3266 2528 3341 terpellentur
2546 3264 2921 3323 auxilia.Tibi
2939 3264 3141 3336 itaque
3159 3267 3300 3336 post
3314 3267 3504 3322 Deum
3522 3265 3830 3339 lacrymo-

2145 3357 2227 3413 sis
2257 3356 2508 3412 vocibus
2552 3354 2847 3411 dicimus:
2898 3356 3119 3409 Memor
3161 3357 3288 3408 esto
3332 3356 3825 3425 congregationis

2143 3450 2281 3514 tute,
2313 3461 2501 3519 quam
2532 3450 2743 3518 sponte
2791 3441 3111 3516 possedisti
3143 3440 3223 3498 ab
3260 3441 3446 3510 initio,
3486 3443 3739 3515 adjutor
3765 3446 3825 3502 in

2144 3534 2649 3604 tribulationibus,
2679 3550 2813 3606 quae
2844 3532 3201 3588 invenerunt
3230 3547 3341 3587 nos
3370 3530 3572 3587 nimis.
3610 3534 3826 3591 Senior

2143 3630 2346 3681 noster
2375 3629 2440 3681 A.
2470 3623 2765 3694 [Albinus]
2794 3620 3163 3692 aegritudinis
3190 3621 3249 3676 vi
3274 3626 3625 3694 occupatus,
3662 3624 3825 3697 prio-

2144 3720 2346 3771 ratum
2379 3730 2557 3770 suum
2588 3711 2886 3786 deposuit,
2933 3715 2989 3766 et
3014 3725 3127 3767 nos
3151 3710 3397 3767 orbatos
3418 3711 3672 3786 reliquit.
3711 3714 3821 3785 Igi-

2147 3809 2243 3861 tur
2263 3804 2705 3874 convenientes,
2734 3802 3100 3871 Ellingerum
3129 3800 3305 3856 nobis
3334 3805 3590 3875 patrem,
3619 3802 3667 3859 si
3695 3806 3818 3860 Deo

2146 3894 2360 3968 placet,
2410 3895 2671 3968 recipere
2714 3892 3027 3963 elegimus.
3082 3893 3278 3958 Quam
3325 3891 3676 3949 electionem
3705 3891 3817 3949 ini-

2146 3986 2443 4042 micorum
2472 3982 3021 4041 machinationibus
3052 3981 3275 4047 pendet
3303 3981 3352 4037 si
3380 3981 3647 4038 obtinere
3678 3998 3819 4056 pos-

2149 4074 2357 4129 simus.
2392 4076 2541 4128 Nam
2584 4069 2926 4145 paternitati
2952 4074 3159 4125 vestrae
3193 4070 3639 4142 conquerimur,
3671 4070 3816 4143 quia

2149 4168 2370 4220 conatu
2398 4161 2629 4236 praefati
2658 4165 2885 4234 A.pene
2910 4159 2971 4215 in
3002 4157 3210 4215 alienae
3236 4163 3293 4215 et
3316 4159 3531 4229 ignotae
3558 4164 3817 4233 potesta-

2149 4253 2222 4309 tis
2251 4251 2591 4308 dominium
2621 4250 2968 4321 ignorantes
2992 4247 3190 4304 traditi
3215 4247 3459 4304 fuimus.
3496 4248 3669 4315 Quod
3699 4248 3814 4305 nisi

2149 4344 2305 4398 Deus
2329 4341 2516 4398 oculis
2540 4357 2663 4397 suae
2691 4338 3096 4396 miserationis
3125 4353 3237 4394 nos
3265 4338 3814 4412 respexerit,adhuc

355 4425 733 4517 juberemus,
791 4427 839 4517 si
869 4427 1127 4501 qualitas
1180 4444 1357 4483 sexus
1406 4428 1635 4502 aliquot
1675 4433 2040 4505 permitteret
2074 4461 2123 4517 Β
2152 4430 2495 4501 contingere
2525 4428 2959 4517 formidamus.
2986 4427 3167 4499 Igitur
3210 4427 3642 4498 benignitatem
3684 4444 3812 4517 ves-

362 4515 733 4572 monasterio
792 4516 1046 4573 fratrum
1080 4517 1338 4575 feminas
1386 4519 1771 4578 cohabitare:
1809 4525 1954 4598 quia
1977 4534 2048 4587 ut

363 4622 400 4662 a
432 4606 655 4662 sanctis
685 4606 826 4662 viris
858 4607 1310 4681 comprobatur,
1366 4609 1618 4683 stipulae,
1655 4612 1866 4685 paleae,
1897 4616 2048 4687 igni-

365 4713 513 4769 sque
542 4713 861 4771 nunquam
895 4697 1007 4755 sibi
1032 4698 1450 4772 paciﬁcantur,
1478 4700 1595 4756 nisi
1626 4702 1773 4759 alter
1802 4704 2045 4764 alterius

364 4784 591 4842 damno
652 4788 824 4843 citius
880 4794 1397 4846 consummentur.
1461 4791 1753 4856 Quocirca
1780 4796 2043 4867 petimus

363 4891 439 4930 ne
472 4875 550 4931 ad
604 4876 867 4933 dedecus
920 4883 1140 4955 nostrae
1193 4878 1607 4951 professionis,
1670 4882 1760 4937 vel
1804 4884 2044 4943 habitus

363 4967 825 5036 monasterialis,
859 4984 982 5041 quo
1036 4968 1148 5025 ista
1180 4985 1352 5025 soror
1380 4969 1651 5041 vestitur,
1703 4974 1951 5031 ulterius
1981 4976 2046 5032 il-

362 5052 487 5111 lam
515 5056 721 5125 vagari
778 5073 883 5129 per
907 5057 1145 5114 diversa
1201 5056 1335 5114 loca
1382 5058 1739 5132 patiamini:
1801 5064 1906 5119 sed
1931 5080 2043 5137 pro

365 5160 571 5200 amore
614 5144 716 5201 Dei
769 5152 1111 5221 nostraeque
1176 5146 1390 5205 futurae
1448 5152 1852 5209 excusationis
1904 5159 2042 5211 ante

367 5235 677 5303 Deum,vel
698 5236 1054 5294 ancillarum
1075 5242 1409 5294 vestrarum
1428 5240 1714 5311 operibus
1742 5257 1878 5299 eam
1904 5259 2044 5300 con-

370 5323 587 5378 sociari
635 5325 986 5395 dignemini,
1061 5332 1241 5402 atque
1296 5330 1654 5399 necessaria,
1730 5338 2029 5406 quantum

369 5408 762 5483 eleemosynae
790 5420 879 5471 est
904 5417 1104 5486 vestri,
1135 5418 1188 5475 ei
1216 5418 1439 5490 largiri.
1476 5421 1690 5479 Valete.

2153 4524 2304 4577 tram
2335 4520 2572 4577 obnixis
2600 4518 2879 4593 precibus
2908 4516 3318 4584 obsecramus,
3350 4521 3416 4572 ut
3438 4516 3815 4574 consuetudi-

2151 4610 2365 4668 naliter
2387 4627 2499 4685 pro
2520 4609 2694 4667 nobis
2718 4607 3050 4681 dignemini
3083 4606 3341 4675 studere,
3372 4611 3439 4663 ut
3455 4607 3532 4663 de
3555 4606 3812 4681 paterni-

2152 4701 2286 4758 tatis
2309 4706 2517 4758 vestrae
2547 4698 2974 4768 incolumitate,
3002 4697 3138 4754 licet
3160 4698 3457 4765 absentes,
3476 4697 3808 4756 debeamus

2153 4790 2437 4860 gaudere,
2470 4793 2533 4845 ut
2575 4793 2632 4845 et
2657 4792 2863 4845 nostra
2891 4787 3255 4844 concedatur
3292 4786 3470 4843 nobis
3497 4787 3727 4857 electio,
3756 4789 3810 4842 et

2151 4896 2352 4936 rerum
2382 4885 2747 4947 nostrarum,
2796 4877 2965 4951 quod
3010 4877 3186 4951 quasi
3224 4882 3360 4933 ante
3407 4876 3614 4933 oculos
3647 4874 3809 4934 omni

2151 4970 2246 5027 die
2276 4970 2693 5038 formidamus,
2742 4969 2821 5026 ab
2849 4968 3210 5041 imperatore
3251 4982 3377 5024 non
3400 4965 3506 5025 ﬁat
3553 4966 3809 5025 abstrac-

2151 5061 2251 5119 tio.
2286 5066 2434 5119 Nam
2465 5061 2630 5135 apud
2657 5060 2959 5116 caelestem
2974 5058 3399 5133 imperatorem
3419 5056 3677 5115 multum
3707 5072 3808 5113 vos

2147 5152 2346 5210 valere
2375 5168 2556 5209 nemo
2585 5154 2673 5207 est
2717 5149 2824 5223 qui
2848 5149 3067 5206 audeat
3091 5147 3387 5217 dubitare,
3437 5164 3547 5221 pro
3590 5146 3805 5222 quibus

2147 5243 2375 5301 meritis
2415 5242 2594 5299 etiam
2644 5240 2810 5313 apud
2859 5243 3193 5296 terrestrem
3238 5237 3522 5312 quaelibet
3568 5234 3803 5310 potestis

2145 5334 2485 5406 impetrare.
