3944 6398
104 252 131 302 1
143 252 261 305 237
760 298 771 306 ,
1303 246 1535 302 CHRON
1540 244 1657 302 1C0

2000 244 2255 299 HEIMEN
2263 246 2364 301 SE.
3422 247 3557 300 1238

195 374 398 442 Poppo
424 368 956 425 Patherburnensis
985 369 1325 442 episcopus.
1352 369 1528 429 (Obiit
1555 384 1609 424 a.
1645 368 1778 423 1084
1818 370 1863 420 Α
1892 370 2113 433 noster,
2144 368 2577 424 Wormaciensi
2615 366 2899 440 episcopo
2953 366 3273 421 Adalberto
3304 370 3324 400 ³
3352 383 3559 441 super-

98 464 142 513 4
186 460 319 515 Kal.
354 462 518 529 Dec.)
1895 454 2137 525 ponitur
2165 456 2225 511 in
2253 456 2550 523 scismatc,
2585 456 2751 529 quod
2782 454 2891 509 fuit
2912 455 3064 509 inter
3087 457 3425 511 Romanam
3446 470 3559 512 tec-

192 552 359 607 Cono
390 548 770 605 Brissinensis
801 547 1142 621 episcopus.
1175 547 1518 620 (Brixiensis
1550 546 1697 603 obiit
1730 564 1781 602 c.
1895 543 2139 599 clesiam
2161 550 2218 600 et
2242 546 2582 601 Heinricum
2610 550 2895 617 quartum
2927 560 3131 611 regem
3158 545 3339 615 hujus
3365 545 3559 600 nomi-

102 655 174 695 ει.
217 643 401 703 1087.)
1897 632 2009 689 nis.
2046 634 2239 703 (Obiit.
2270 652 2318 689 c.
2352 650 2407 691 a.
2447 636 2623 703 1101.)

193 729 398 783 Benno
424 726 899 798 Osenburgensis
929 728 950 761 ²
980 726 1299 799 episcopus
1331 732 1387 783 et
1437 724 1791 798 praepositus
1968 722 2276 779 Albwinus
2305 724 2570 796 primum
2610 722 2893 792 magister
2938 721 3242 777 scolarum
3292 721 3563 778 Hildene-

100 820 343 873 noster.
385 815 566 887 (Obiit
594 833 650 873 a.
688 819 824 873 1088
852 820 906 873 6.
953 816 1086 872 Kal.
1116 818 1289 887 Aug.)
1900 813 2089 879 shem,
2148 819 2359 885 postea
2418 812 2917 882 Merseburgensis
2959 814 2978 845 ὀ
3011 811 3350 884 episcopus.
3386 811 3562 883 (Obiit

194 905 542 962 Volcmarus
600 906 919 963 Mindensis
994 906 1313 978 episc0pus
1366 905 1426 959 in
1493 906 1785 961 scismata.
1904 902 1986 957 11.
2026 944 2036 956 .
2076 944 2087 957 .
2125 907 2210 958 10.
2244 903 2375 959 Kal.
2412 907 2579 973 Nov.)

102 994 324 1060 (Obiit.
356 1012 409 1051 a.
453 995 633 1060 1097.)
1973 992 2279 1048 Siwardus
2303 991 2621 1049 Mindensis
2678 990 3016 1063 episcopus.
3074 989 3253 1057 (Obiit
3309 1006 3364 1046 a.
3423 993 3559 1047 1140

192 1086 351 1155 Erpo
378 1082 852 1140 Monasteriensis
880 1082 1204 1154 episcopus
1228 1083 1286 1136 in
1313 1082 1613 1136 scismatc.
1648 1081 1788 1149 (Ob~
1895 1082 2092 1137 ilia].
2126 1082 2286 1146 Mai.)

101 1172 203 1227 iit.
239 1188 296 1229 a.
336 1173 489 1228 1097.
523 1172 606 1228 1d.
638 1174 809 1241 Nov.)
1973 1171 2097 1226 Udo
2129 1174 2148 1204 ⁵
2182 1169 2693 1238 Osenbrucgeusis
2716 1166 3340 1240 episcopus,primum
3363 1169 3384 1202 ⁸
3404 1184 3558 1241 prae-

194 1261 507 1316 Conradus
539 1260 929 1331 Trajectensis
951 1259 1274 1332 episcopus
1304 1259 1559 1314 occisus.
1613 1258 1790 1329 (Obiit
1898 1260 2127 1332 positus
2161 1260 2349 1315 sancti
2379 1258 2644 1315 Mauritii.
2697 1257 2875 1327 (Obiit
2895 1273 2949 1313 a.
2980 1256 3209 1313 1141.4.
3246 1256 3371 1312 Kal.
3420 1256 3559 1329 Jul.)

106 1366 176 1405 ει.
221 1350 474 1406 1099111.
513 1349 716 1422 April.)
1972 1348 2348 1403 Bernhardus
2403 1345 2822 1403 Palburnensis
2910 1343 3228 1417 episcopus
3288 1346 3328 1400 ⁷,
3385 1345 3559 1415 (Obiit

198 1441 368 1510 Eppo
394 1438 751 1512 praepositus
809 1436 997 1493 sancti
1053 1438 1200 1493 Petri
1252 1436 1550 1507 Goslarias,
1612 1436 1787 1494 frater
1897 1440 2170 1507 11.1160.)

220 1558 390 1644 (Pol.
428 1558 575 1643 129)
630 1554 925 1621 Nomina
956 1556 1420 1622 aecc'lesiarnm
1448 1554 1561 1644 qui
1600 1555 1795 1622 nobis
1827 1556 2069 1623 fratres
2102 1564 2168 1621 et
2198 1576 2469 1644 sorores
2502 1556 2570 1619 in
2604 1554 2875 1644 Christo
2907 1561 3185 1644 nostras
3213 1551 3551 1644 orationes

111 1644 192 1710 in
232 1639 610 1711 cotidianis
641 1644 990 1711 sacrificiis
1022 1667 1059 1711 a
1094 1643 1287 1709 nobis
1319 1639 1701 1733 expectant,
1738 1654 1801 1711 et
1831 1666 1991 1712 suas
2026 1644 2275 1712 debent
2304 1643 2503 1710 nobis
2562 1642 2735 1710 vivis
2788 1651 2854 1707 et
2888 1639 3251 1722 defunctis,
3288 1639 3465 1708 sicut
3516 1662 3557 1710 ι

111 1734 505 1821 majoribus
537 1732 788 1799 nostris
815 1736 1227 1821 accepimus.

194 1848 512 1903 Remensis
539 1848 825 1915 teeclesia,
855 1864 990 1920 qum
1022 1854 1213 1903 mater
1243 1848 1350 1904 fuit
1415 1849 1789 1905 Hildeneshe-
1828 1854 1865 1906 Β
1896 1848 2145 1904 nomina
2167 1852 2223 1903 et
2244 1847 2441 1903 obitus
2463 1846 2882 1902 defunctorum
2907 1861 3156 1901 suorum
3183 1860 3291 1917 per
3331 1845 3556 1901 litteras

108 1939 349 1993 mensis
366 1939 624 1994 ecclesiae
647 1940 706 1993 in
724 1939 1018 1994 canonica
1040 1938 1423 1994 institutione.
1446 1939 1786 1995 Parisiensis
1896 1943 1951 1993 et
1979 1953 2087 2010 per
2107 1936 2360 1992 nuncios
2376 1937 2551 1992 nobis
2579 1936 2947 1992 annunciare
2969 1934 3210 2004 debent,
3235 1938 3293 1990 et
3312 1949 3425 1991 nos
3442 1932 3557 1990 illis

108 2029 179 2083 in
211 2030 478 2084 Francia.
517 2029 713 2084 Sancti
737 2029 1015 2083 Gereonis
1042 2029 1100 2083 in
1131 2029 1393 2084 Colonia.
1453 2030 1787 2085 Babenber-
1895 2032 2240 2083 nostrorum
2274 2026 2546 2095 fratrum,
2581 2030 2646 2081 ut
2675 2025 2823 2080 ﬁant
2846 2039 3201 2080 communes
3258 2024 3558 2080 orationes

109 2118 342 2186 gensis.
364 2118 856 2173 Monasteriensis.
884 2118 1439 2173 Paterbrunnensis.
1460 2118 1787 2174 Halversta-
1894 2132 2001 2190 per
2032 2121 2099 2173 30
2130 2116 2257 2171 dies
2290 2134 2301 2183 ;
2338 2120 2395 2170 et
2423 2115 2483 2170 in
2508 2114 2952 2180 anniversariis,
2980 2114 3043 2169 in
3074 2112 3272 2168 missis
3297 2118 3353 2169 et
3372 2113 3433 2168 in
3459 2128 3555 2168 ce-

107 2207 346 2263 densis.
381 2206 713 2261 Vuldensis.
749 2206 1232 2262 Heresfeldensis.
1262 2207 1651 2263 Corbeiensis.
1680 2209 1785 2263 He-
1893 2206 2033 2261 teris
2083 2203 2763 2261 commemorationibus
2815 2206 3191 2258 mortuorum
3221 2206 3279 2257 et
3328 2203 3389 2257 in
3457 2216 3559 2258 au-

107 2294 782 2350 lemwardeshusensis.
846 2296 1080 2349 Heresa.
1154 2294 1783 2349 Ganderhemmensis.
1894 2301 2102 2352 tomno
2128 2311 2236 2368 per
2264 2298 2383 2350 tres
2408 2294 2536 2350 dies
2556 2293 2986 2350 recordationis
3009 2292 3283 2361 fratrum,
3310 2292 3560 2348 nomina

111 2384 530 2439 Goslariensis.
596 2384 962 2453 Ringelhem.
1040 2384 1392 2439 Bruneswic.
1453 2383 1781 2453 Pragensis.
1894 2386 2316 2458 praedictarum
2348 2384 2757 2440 aecclesiarum
2787 2383 2847 2437 in
2873 2385 3173 2438 conventu
3202 2380 3446 2453 publico
3472 2397 3559 2437 re-

108 2474 573 2530 Montecassino.
612 2472 888 2529 Turonis.
922 2472 1564 2543 Quidilingburgensis.
1594 2477 1786 2542 Mage-
1894 2475 2059 2530 citari
2088 2474 2329 2539 debent,
2363 2478 2419 2528 et
2448 2473 2507 2528 in
2539 2472 2795 2545 publicis
2826 2471 3045 2539 missis,
3076 2475 3199 2526 tam
3252 2486 3365 2543 pro
3408 2470 3559 2525 vivis

108 2562 558 2632 theburgensis.
585 2561 1142 2631 Osenbrucgiensis.
1177 2562 1534 2618 Altahensis.
1554 2563 1787 2632 Tegrin-
1894 2580 2081 2637 quam
2113 2578 2223 2636 pro
2249 2562 2563 2629 defunctis,
2597 2562 2892 2618 memoria
2918 2560 3168 2616 fratrum
3212 2563 3558 2615 nostrorum

110 2668 350 2723 senses,
378 2652 482 2724 qui
512 2651 758 2707 missale
780 2666 919 2707 cum
942 2648 1345 2721 evangeliario
1368 2652 1786 2707 etlectionario
1894 2658 1949 2708 et
1972 2667 2248 2709 sororum
2274 2668 2381 2726 per
2406 2652 2517 2707 hos
2543 2655 2661 2705 tres
2684 2650 2811 2705 dies
2837 2665 2975 2705 cum
3005 2647 3412 2704 oblationibus
3464 2663 3558 2704 ce-

108 2742 176 2797 in
211 2741 454 2810 signum
484 2741 863 2797 fraternitatis
919 2742 1035 2796 huc
1094 2741 1405 2797 dederunt.
1468 2741 1531 2796 Hi
1575 2757 1786 2797 omnes
1894 2741 2110 2797 lebrari
2142 2740 2321 2796 debet
2351 2745 2407 2796 et
2432 2738 2793 2795 elemosinis.
3074 2732 3087 2747 ’

214 2840 395 2929 Haec
425 2851 582 2929 sunt
614 2839 897 2906 nomina
926 2840 1402 2929 episcoi-orum
1427 2838 2104 2907 Hildeneshemensis
2131 2838 2454 2907 aecclesiaa
2489 2860 2528 2906 a
2554 2847 2857 2927 tempore
2883 2835 3121 2905 Karoli
3151 2835 3407 2924 Magni,
3438 2834 3554 2926 qui

110 2928 433 2995 fundavit
459 2928 636 2995 hanc
668 2928 1070 2995 ascolesia’m.

186 3043 549 3099 Guntharius
574 3042 805 3116 primus
836 3043 1175 3116 episcopus.
1821 3048 1859 3103 C
1966 3043 2361 3099 Bernwardus
2394 3043 2610 3099 tercius
2652 3040 2922 3098 decimus
2961 3040 3305 3115 episcopus.

190 3132 540 3188 Reinbertus
568 3133 869 3189 secundus
901 3134 1241 3206 episcopus.
1965 3132 2356 3189 Godehardus
2382 3136 2633 3205 quartus
2664 3130 2934 3186 decimus
2964 3130 3305 3202 episcopus.

190 3222 315 3277 Ebo
347 3222 570 3291 tertius,
601 3223 704 3294 qui
732 3223 898 3294 prius
931 3225 1237 3278 Remensis
1270 3223 1775 3297 archiepiscopus.
1964 3222 2338 3278 Thietmarus
2372 3221 2617 3293 quintus
2647 3220 2918 3276 decimus
2945 3218 3288 3291 episcopus.

190 3310 450 3366 Alfridus
480 3317 734 3384 quartus
764 3312 1107 3385 episcopus.
1963 3310 2235 3367 Ezelinus
2268 3312 2349 3365 16.
2383 3310 2727 3383 episcopus.

188 3402 589 3457 Marcwardus
619 3402 866 3474 quintus
897 3402 1241 3474 episcopus.
1962 3400 2133 3457 Ettilo
2163 3405 2246 3456 17.
2283 3399 2625 3473 episcopus.

189 3491 537 3560 Wigbertus
564 3494 765 3547 sextus
797 3491 1136 3563 episcopus.
1963 3491 2089 3546 Udo
2122 3492 2205 3544 18.
2250 3487 2592 3562 episcopus.

192 3580 538 3637 Walbertus
560 3581 848 3652 septimus
869 3580 1207 3652 episcopus.
1960 3578 2271 3634 Bertoldus
2304 3580 2386 3634 19.
2416 3577 2755 3649 episcopus.

187 3669 489 3725 Sehardus
516 3672 766 3725 octavus
797 3668 1135 3740 episcopus.
1961 3666 2339 3723 Bernhardus
2370 3671 2458 3723 20.
2489 3665 2827 3739 episcopus.

186 3759 579 3814 Thiethardus
608 3771 807 3814 nonus
839 3757 1178 3829 episcopus.
1959 3758 2156 3811 Brimo
2184 3755 2273 3810 21.
2303 3756 2644 3828 episcopus.

188 3848 456 3903 Otwinus
485 3847 757 3903 decimus
790 3848 1132 3919 episcopus.
1959 3848 2334 3901 Hermannus
2364 3849 2452 3899 '22.
2498 3843 2840 3916 episcopus,

187 3936 464 4007 Osdagus
488 3936 844 3992 undecimw
876 3936 1214 4008 episcopus.
1716 3944 1719 3947 '
1958 3933 2259 4004 Adelogus
2281 3937 2371 3991 23.
2405 3933 2745 4007 episcopus.

185 4025 494 4095 Gerdagus
522 4026 920 4081 duodecimus
950 4025 1292 4097 episcopus.

200 4125 500 4192 Nomina
533 4124 1084 4213 presbyterorum
1116 4123 1801 4213 Hildeneshemensis
1843 4120 2170 4192 aecclesiee
2206 4122 2719 4213 canonicorum,
2760 4121 2875 4213 qui
2910 4121 2993 4213 ab
3026 4120 3558 4213 annoincarna-

110 4210 929 4314 tipuispominic‘ze'10'18
965 4223 1115 4314 post
1148 4212 1412 4314 obitum
1442 4212 1959 4314 Ettylonis_1_7l.
1985 4213 2284 4304 episcopi
2316 4211 2637 4280 obierunt
2666 4211 2737 4277 in
2780 4210 3070 4279 Christo
3131 4211 3257 4277 sub
3313 4210 3553 4280 Udone

114 4307 229 4370 18°
264 4303 607 4392 ρρίεοορο,
644 4301 726 4369 de
758 4301 999 4391 majori
1035 4301 1453 4368 monasterio
1490 4301 1760 4370 Sanctae
1792 4301 2051 4372 Maria:

108 4418 389 4476 Reteldus
416 4417 749 4489 presbyter.
1293 4416 1462 4472 Dudo
1484 4414 1816 4490 presbyter.
2469 4413 2841 4471 Tiethmarus
2900 4413 3218 4489 presbyter
3280 4410 3555 4470 Hildene'

112 4510 515 4577 Sigemannus
544 4502 877 4579 presbyter.
1292 4504 1669 4562 Bernhardus
1700 4506 2033 4579 presbyter.
2545 4503 2881 4559 shemensis
2918 4504 3271 4572 canonicus,
3346 4506 3557 4575 postea

110 4592 434 4653 Hartnidus
469 4594 801 4668 presbyter.
1292 4592 1625 4651 Aldomnus
1650 4596 1985 4668 presbyter.
2543 4592 2879 4649 monachus
2930 4594 2991 4649 in
3037 4598 3241 4650 monte
3274 4592 3548 4650 Cassino.

110 4684 381 4742 Ezelinus
415 4682 748 4758 presbyter.
1293 4684 1654 4743 Gumbertus
1680 4685 2010 4758 presbyter.
2472 4680 2847 4738 Everhardus
2887 4682 3224 4756 presbyter.

109 4775 419 4832 Heinricus
451 4774 785 4847 presbyter.
1295 4772 1580 4831 Ludolfus
1606 4774 1939 4847 presbyter.
2474 4770 2862 4828 Wideroldus
2892 4773 3225 4846 presbyter.

111 4864 443 4921 Edwardus
472 4862 802 4936 presbyter.
1294 4861 1601 4933 Gerdagus
1627 4863 1959 4936 presbyter.
2475 4861 2787 4918 Odelricus
2816 4862 3134 4937 presbyter
3154 4859 3423 4917 decanus
3448 4876 3553 4917 no-

111 4952 376 5011 Sibertus
406 4948 737 5025 presbyter.
1296 4953 1562 5010 Sibertus
1595 4953 1929 5026 presbyter.
2543 4955 2676 5007 straa
2698 4952 2962 5008 ecclesiae
2983 4949 3414 5008 thesaurarius.

109 5041 430 5099 Gozbertus
458 5040 816 5113 praepositus
845 5046 902 5096 et
937 5038 1179 5113 presby-
1296 5041 1466 5098 Ezelo
1490 5041 1827 5115 presbyter.
2474 5038 2640 5096 Betto
2672 5040 3005 5114 presbyter.

179 5137 287 5187 ter.
1298 5129 1622 5185 Adeloldus
1647 5130 1979 5204 presbyter.
2474 5129 2653 5186 Heico
2685 5128 3017 5204 presbyter.

106 5219 273 5276 Bodo
295 5218 651 5292 praepositus
680 5222 737 5274 et
766 5216 1102 5291 presbyter.
1295 5217 1480 5274 Abico
1510 5216 1843 5291 presbyter.
2475 5216 2879 5274 Ghiselbertus
2902 5217 3234 5292 presbyter.

110 5311 291 5367 Scazo
322 5306 654 5381 presbyter
1128 5331 1132 5335 -
1296 5306 1502 5364 Hezelo
1534 5308 1554 5342 ⁸
1582 5306 1915 5379 presbyter.
2472 5306 3264 5365 Albuinusnostraeecclesiae
3277 5307 3547 5367 decanus

1492 5443 1720 5500 VARLE
1760 5445 2052 5500 LECTION
2059 5445 2158 5498 ES.

174 5569 196 5600 ²
221 5570 737 5643 osenbruegensis
767 5586 816 5625 c.
917 5572 938 5603 ³
971 5570 1283 5627 abalberto
1313 5586 1362 5626 c.
1443 5571 1463 5604 ‘
1496 5569 1885 5643 Merseburgis
1916 5585 1966 5626 ί.
2045 5571 2062 5601 ⁸
2095 5569 2175 5628 do
2202 5586 2251 5627 c.
2331 5571 2352 5604 ⁸
2386 5569 2621 5643 primus
2645 5586 2695 5626 c.
2797 5572 2817 5604 ⁷
2850 5572 2913 5626 in
2958 5573 3193 5643 pagina
3246 5573 3449 5630 eadem
3488 5577 3545 5628 et

100 5642 379 5715 proxime
424 5640 801 5711 sequentibus
850 5643 1044 5715 multa
1095 5657 1267 5699 erasa
1318 5648 1477 5698 sunt.
1556 5640 1576 5676 ³
1608 5640 1861 5715 Reliqua
1906 5646 2168 5715 quatuor
2198 5640 2443 5715 nomiria
2472 5642 2655 5697 minio
2698 5643 2926 5715 scripta
2958 5640 3231 5701 indicare
3258 5645 3545 5701 videntur

109 5714 410 5784 episcopos
440 5714 581 5769 istos
612 5714 925 5784 scriptoris
952 5720 1214 5784 temore
1237 5714 1553 5785 pra/icisse
1581 5714 1860 5771 eccm.
1918 5712 1960 5750 ’9
1990 5712 2195 5771 Heselo
2225 5714 2435 5773 codex.
