  <div class='ocr_page' id='page_1' title='image "/cluster/home/n/w/nwhite01/storage/ocr_20150623/140-141/uc1.31175018559917/1195.png"; bbox 0 0 3944 6412; ppageno 0'>
   <div class='ocr_carea' id='block_1_1' title="bbox 380 248 1937 311">
    <p class='ocr_par' dir='ltr' id='par_1_1' title="bbox 380 249 1937 311">
     <span class='ocr_line' id='line_1_1' title="bbox 380 249 1937 311; baseline -0.004 -1"><span class='ocrx_word' id='word_1_1' title='bbox 380 257 515 311; x_wconf 77' lang='grc'><strong>1239</strong></span> <span class='ocrx_word' id='word_1_2' title='bbox 1527 249 1870 310; x_wconf 77' lang='lat' dir='ltr'><strong>APPENDIX</strong></span> <span class='ocrx_word' id='word_1_3' title='bbox 1909 252 1937 303; x_wconf 72' lang='grc' dir='ltr'><strong><em>Α</em></strong></span> 
     </span>
    </p>
   </div>
   <div class='ocr_carea' id='block_1_2' title="bbox 2265 248 3822 311">
    <p class='ocr_par' dir='ltr' id='par_1_2' title="bbox 2265 248 3822 309">
     <span class='ocr_line' id='line_1_2' title="bbox 2265 248 3822 309; baseline -0.004 -2"><span class='ocrx_word' id='word_1_4' title='bbox 2265 251 2653 308; x_wconf 74' lang='lat' dir='ltr'><strong>)EHARDUM.</strong></span> <span class='ocrx_word' id='word_1_5' title='bbox 3178 296 3189 309; x_wconf 92' lang='lat'><strong>.</strong></span> <span class='ocrx_word' id='word_1_6' title='bbox 3675 248 3822 302; x_wconf 75' lang='lat' dir='ltr'><strong>mo</strong></span> 
     </span>
    </p>
   </div>
   <div class='ocr_carea' id='block_1_3' title="bbox 447 372 3589 453">
    <p class='ocr_par' dir='ltr' id='par_1_3' title="bbox 447 372 3589 453">
     <span class='ocr_line' id='line_1_3' title="bbox 447 372 3589 453; baseline -0.003 -18"><span class='ocrx_word' id='word_1_7' title='bbox 447 383 506 436; x_wconf 92' lang='lat' dir='ltr'><strong>et</strong></span> <span class='ocrx_word' id='word_1_8' title='bbox 526 378 859 453; x_wconf 84' lang='lat' dir='ltr'><strong>presbyter.</strong></span> <span class='ocrx_word' id='word_1_9' title='bbox 1557 374 1898 446; x_wconf 90' lang='lat' dir='ltr'><strong>Bruningus</strong></span> <span class='ocrx_word' id='word_1_10' title='bbox 1930 374 2264 449; x_wconf 82' lang='lat' dir='ltr'><strong>presbyter.</strong></span> <span class='ocrx_word' id='word_1_11' title='bbox 2736 372 3121 430; x_wconf 88' lang='lat' dir='ltr'><strong>Bernhardus</strong></span> <span class='ocrx_word' id='word_1_12' title='bbox 3154 372 3490 445; x_wconf 84' lang='lat' dir='ltr'><strong>presbyter.</strong></span> <span class='ocrx_word' id='word_1_13' title='bbox 3578 389 3589 401; x_wconf 71' lang='grc' dir='ltr'><em>ο</em></span> 
     </span>
    </p>
   </div>
   <div class='ocr_carea' id='block_1_4' title="bbox 377 459 3819 541">
    <p class='ocr_par' dir='ltr' id='par_1_4' title="bbox 377 459 3819 541">
     <span class='ocr_line' id='line_1_4' title="bbox 377 459 3819 541; baseline -0.002 -19"><span class='ocrx_word' id='word_1_14' title='bbox 377 468 562 525; x_wconf 91' lang='lat' dir='ltr'><strong>Hoico</strong></span> <span class='ocrx_word' id='word_1_15' title='bbox 589 468 923 541; x_wconf 87' lang='lat' dir='ltr'><strong>presbyter.</strong></span> <span class='ocrx_word' id='word_1_16' title='bbox 1556 464 1847 521; x_wconf 87' lang='lat' dir='ltr'><strong>Rodolfus</strong></span> <span class='ocrx_word' id='word_1_17' title='bbox 1876 464 2208 537; x_wconf 85' lang='lat' dir='ltr'><strong>presbyter.</strong></span> <span class='ocrx_word' id='word_1_18' title='bbox 2738 459 3819 535; x_wconf 67' lang='lat' dir='ltr'><strong>Ekkeardusprmposituspresbyter.</strong></span> 
     </span>
    </p>
   </div>
   <div class='ocr_carea' id='block_1_5' title="bbox 378 549 3822 630">
    <p class='ocr_par' dir='ltr' id='par_1_5' title="bbox 378 549 3822 630">
     <span class='ocr_line' id='line_1_5' title="bbox 378 549 3822 630; baseline -0.002 -18"><span class='ocrx_word' id='word_1_19' title='bbox 378 557 757 614; x_wconf 87' lang='lat' dir='ltr'><strong>Walthardus</strong></span> <span class='ocrx_word' id='word_1_20' title='bbox 793 557 1125 630; x_wconf 87' lang='lat' dir='ltr'><strong>presbyter.</strong></span> <span class='ocrx_word' id='word_1_21' title='bbox 1558 553 1778 610; x_wconf 89' lang='lat' dir='ltr'><strong>Benico</strong></span> <span class='ocrx_word' id='word_1_22' title='bbox 1806 552 2075 609; x_wconf 92' lang='lat' dir='ltr'><strong>decanus</strong></span> <span class='ocrx_word' id='word_1_23' title='bbox 2098 553 2431 627; x_wconf 80' lang='lat' dir='ltr'><strong>presbyter.</strong></span> <span class='ocrx_word' id='word_1_24' title='bbox 2738 553 3045 611; x_wconf 82' lang='lat' dir='ltr'><strong>Ricbertus</strong></span> <span class='ocrx_word' id='word_1_25' title='bbox 3072 551 3340 608; x_wconf 89' lang='lat' dir='ltr'><strong>decanus</strong></span> <span class='ocrx_word' id='word_1_26' title='bbox 3370 556 3429 607; x_wconf 88' lang='lat' dir='ltr'><strong>et</strong></span> <span class='ocrx_word' id='word_1_27' title='bbox 3472 549 3822 625; x_wconf 83' lang='lat' dir='ltr'><strong>presbyter.</strong></span> 
     </span>
    </p>
   </div>
   <div class='ocr_carea' id='block_1_6' title="bbox 382 641 3454 720">
    <p class='ocr_par' dir='ltr' id='par_1_6' title="bbox 382 641 3454 720">
     <span class='ocr_line' id='line_1_6' title="bbox 382 641 3454 720; baseline -0.002 -17"><span class='ocrx_word' id='word_1_28' title='bbox 382 652 609 704; x_wconf 87' lang='lat' dir='ltr'><strong>Franco</strong></span> <span class='ocrx_word' id='word_1_29' title='bbox 647 647 980 720; x_wconf 82' lang='lat' dir='ltr'><strong>presbyter.</strong></span> <span class='ocrx_word' id='word_1_30' title='bbox 1557 643 1862 699; x_wconf 86' lang='lat' dir='ltr'><strong>Johannes</strong></span> <span class='ocrx_word' id='word_1_31' title='bbox 1890 641 2224 715; x_wconf 86' lang='lat' dir='ltr'><strong>presbyter.</strong></span> <span class='ocrx_word' id='word_1_32' title='bbox 2739 642 3091 700; x_wconf 87' lang='lat' dir='ltr'><strong>Lambertus</strong></span> <span class='ocrx_word' id='word_1_33' title='bbox 3118 641 3454 715; x_wconf 86' lang='lat' dir='ltr'><strong>presbyter.</strong></span> 
     </span>
    </p>
   </div>
   <div class='ocr_carea' id='block_1_7' title="bbox 380 730 3333 809">
    <p class='ocr_par' dir='ltr' id='par_1_7' title="bbox 380 730 3333 809">
     <span class='ocr_line' id='line_1_7' title="bbox 380 730 3333 809; baseline -0.002 -15"><span class='ocrx_word' id='word_1_34' title='bbox 380 736 690 794; x_wconf 87' lang='lat' dir='ltr'><strong>Conradus</strong></span> <span class='ocrx_word' id='word_1_35' title='bbox 711 735 1044 809; x_wconf 84' lang='lat' dir='ltr'><strong>presbyter.</strong></span> <span class='ocrx_word' id='word_1_36' title='bbox 1560 730 1848 787; x_wconf 80' lang='lat' dir='ltr'><strong>Alfwinus</strong></span> <span class='ocrx_word' id='word_1_37' title='bbox 1860 730 2633 806; x_wconf 86' lang='lat' dir='ltr'><strong>magisterscolarumpres-</strong></span> <span class='ocrx_word' id='word_1_38' title='bbox 2739 732 2968 788; x_wconf 87' lang='lat' dir='ltr'><strong>Werno</strong></span> <span class='ocrx_word' id='word_1_39' title='bbox 2998 730 3333 805; x_wconf 84' lang='lat' dir='ltr'><strong>presbyter.</strong></span> 
     </span>
    </p>
   </div>
   <div class='ocr_carea' id='block_1_8' title="bbox 379 819 3413 897">
    <p class='ocr_par' dir='ltr' id='par_1_8' title="bbox 379 819 3413 897">
     <span class='ocr_line' id='line_1_8' title="bbox 379 819 3413 897; baseline -0.002 -16"><span class='ocrx_word' id='word_1_40' title='bbox 379 824 723 881; x_wconf 87' lang='lat' dir='ltr'><strong>Hartbertus</strong></span> <span class='ocrx_word' id='word_1_41' title='bbox 743 823 1077 897; x_wconf 88' lang='lat' dir='ltr'><strong>presbyter.</strong></span> <span class='ocrx_word' id='word_1_42' title='bbox 1630 820 1824 893; x_wconf 89' lang='lat' dir='ltr'><strong>byter.</strong></span> <span class='ocrx_word' id='word_1_43' title='bbox 2740 820 3051 880; x_wconf 85' lang='lat' dir='ltr'><strong>Conradus</strong></span> <span class='ocrx_word' id='word_1_44' title='bbox 3080 819 3413 894; x_wconf 83' lang='lat' dir='ltr'><strong>presbyter.</strong></span> 
     </span>
    </p>
   </div>
   <div class='ocr_carea' id='block_1_9' title="bbox 379 908 3452 987">
    <p class='ocr_par' dir='ltr' id='par_1_9' title="bbox 379 908 3452 987">
     <span class='ocr_line' id='line_1_9' title="bbox 379 908 3452 987; baseline -0.001 -20"><span class='ocrx_word' id='word_1_45' title='bbox 379 913 763 983; x_wconf 88' lang='lat' dir='ltr'><strong>Bruninghus</strong></span> <span class='ocrx_word' id='word_1_46' title='bbox 794 911 1127 987; x_wconf 88' lang='lat' dir='ltr'><strong>presbyter.</strong></span> <span class='ocrx_word' id='word_1_47' title='bbox 1426 920 1431 925; x_wconf 86' lang='lat'>‘</span> <span class='ocrx_word' id='word_1_48' title='bbox 1564 908 1942 966; x_wconf 89' lang='lat' dir='ltr'><strong>Burchardus</strong></span> <span class='ocrx_word' id='word_1_49' title='bbox 1971 908 2305 981; x_wconf 86' lang='lat' dir='ltr'><strong>presbyter.</strong></span> <span class='ocrx_word' id='word_1_50' title='bbox 2742 911 3092 969; x_wconf 88' lang='lat' dir='ltr'><strong>Lambertus</strong></span> <span class='ocrx_word' id='word_1_51' title='bbox 3118 909 3452 985; x_wconf 88' lang='lat' dir='ltr'><strong>presbyter.</strong></span> 
     </span>
    </p>
   </div>
   <div class='ocr_carea' id='block_1_10' title="bbox 378 998 3416 1077">
    <p class='ocr_par' dir='ltr' id='par_1_10' title="bbox 378 998 3416 1077">
     <span class='ocr_line' id='line_1_10' title="bbox 378 998 3416 1077; baseline -0.002 -17"><span class='ocrx_word' id='word_1_52' title='bbox 378 1006 536 1060; x_wconf 91' lang='lat' dir='ltr'><strong>Bevo</strong></span> <span class='ocrx_word' id='word_1_53' title='bbox 561 1003 896 1077; x_wconf 86' lang='lat' dir='ltr'><strong>presbyter.</strong></span> <span class='ocrx_word' id='word_1_54' title='bbox 1564 1002 1941 1056; x_wconf 87' lang='lat' dir='ltr'><strong>Hermannus</strong></span> <span class='ocrx_word' id='word_1_55' title='bbox 1965 998 2296 1072; x_wconf 91' lang='lat' dir='ltr'><strong>presbyter.</strong></span> <span class='ocrx_word' id='word_1_56' title='bbox 2741 1000 3054 1058; x_wconf 89' lang='lat' dir='ltr'><strong>Bertoldus</strong></span> <span class='ocrx_word' id='word_1_57' title='bbox 3084 998 3416 1074; x_wconf 86' lang='lat' dir='ltr'><strong>presbyter.</strong></span> 
     </span>
    </p>
   </div>
   <div class='ocr_carea' id='block_1_11' title="bbox 376 1088 3470 1165">
    <p class='ocr_par' dir='ltr' id='par_1_11' title="bbox 376 1088 3470 1165">
     <span class='ocr_line' id='line_1_11' title="bbox 376 1088 3470 1165; baseline -0.001 -17"><span class='ocrx_word' id='word_1_58' title='bbox 376 1092 748 1149; x_wconf 81' lang='lat' dir='ltr'><strong>Volchardus</strong></span> <span class='ocrx_word' id='word_1_59' title='bbox 790 1092 1129 1165; x_wconf 85' lang='lat' dir='ltr'><strong>presbyter.</strong></span> <span class='ocrx_word' id='word_1_60' title='bbox 1562 1089 1867 1145; x_wconf 84' lang='lat' dir='ltr'><strong>Johannes</strong></span> <span class='ocrx_word' id='word_1_61' title='bbox 1904 1088 2240 1162; x_wconf 87' lang='lat' dir='ltr'><strong>presbyter.</strong></span> <span class='ocrx_word' id='word_1_62' title='bbox 2743 1090 3109 1147; x_wconf 71' lang='lat' dir='ltr'><strong>Heritordus</strong></span> <span class='ocrx_word' id='word_1_63' title='bbox 3134 1088 3470 1162; x_wconf 86' lang='lat' dir='ltr'><strong>presbyter.</strong></span> 
     </span>
    </p>
   </div>
   <div class='ocr_carea' id='block_1_12' title="bbox 378 1177 3438 1254">
    <p class='ocr_par' dir='ltr' id='par_1_12' title="bbox 378 1177 3438 1254">
     <span class='ocr_line' id='line_1_12' title="bbox 378 1177 3438 1254; baseline -0.001 -16"><span class='ocrx_word' id='word_1_64' title='bbox 378 1186 527 1238; x_wconf 82' lang='lat' dir='ltr'><strong>Azzo</strong></span> <span class='ocrx_word' id='word_1_65' title='bbox 555 1181 891 1254; x_wconf 89' lang='lat' dir='ltr'><strong>presbyter.</strong></span> <span class='ocrx_word' id='word_1_66' title='bbox 1567 1177 1816 1235; x_wconf 88' lang='lat' dir='ltr'><strong>Sifridus</strong></span> <span class='ocrx_word' id='word_1_67' title='bbox 1844 1177 2177 1252; x_wconf 88' lang='lat' dir='ltr'><strong>presbyter.</strong></span> <span class='ocrx_word' id='word_1_68' title='bbox 2750 1178 3073 1251; x_wconf 89' lang='lat' dir='ltr'><strong>Wigandus</strong></span> <span class='ocrx_word' id='word_1_69' title='bbox 3104 1179 3438 1252; x_wconf 88' lang='lat' dir='ltr'><strong>presbyter.</strong></span> 
     </span>
    </p>
   </div>
   <div class='ocr_carea' id='block_1_13' title="bbox 379 1268 1101 1343">
    <p class='ocr_par' dir='ltr' id='par_1_13' title="bbox 379 1268 1101 1343">
     <span class='ocr_line' id='line_1_13' title="bbox 379 1268 1101 1343; baseline -0.001 -17"><span class='ocrx_word' id='word_1_70' title='bbox 379 1269 739 1326; x_wconf 89' lang='lat' dir='ltr'><strong>Bertholdus</strong></span> <span class='ocrx_word' id='word_1_71' title='bbox 768 1268 1101 1343; x_wconf 89' lang='lat' dir='ltr'><strong>presbyter.</strong></span> 
     </span>
    </p>
   </div>
   <div class='ocr_carea' id='block_1_14' title="bbox 471 1363 3835 1453">
    <p class='ocr_par' dir='ltr' id='par_1_14' title="bbox 471 1363 3835 1453">
     <span class='ocr_line' id='line_1_14' title="bbox 471 1363 3835 1453; baseline -0.002 -17"><span class='ocrx_word' id='word_1_72' title='bbox 471 1368 770 1436; x_wconf 88' lang='lat' dir='ltr'><strong>Nomina</strong></span> <span class='ocrx_word' id='word_1_73' title='bbox 793 1367 1241 1436; x_wconf 86' lang='lat' dir='ltr'><strong>diaconorum</strong></span> <span class='ocrx_word' id='word_1_74' title='bbox 1295 1365 1980 1436; x_wconf 76' lang='lat' dir='ltr'><strong>Hildeneshcmensis</strong></span> <span class='ocrx_word' id='word_1_75' title='bbox 2012 1365 2340 1434; x_wconf 67' lang='lat' dir='ltr'><strong>aaccicsiaa</strong></span> <span class='ocrx_word' id='word_1_76' title='bbox 2375 1366 2887 1453; x_wconf 84' lang='lat' dir='ltr'><strong>canonicorum,</strong></span> <span class='ocrx_word' id='word_1_77' title='bbox 2920 1367 3037 1453; x_wconf 88' lang='lat' dir='ltr'><strong>qui</strong></span> <span class='ocrx_word' id='word_1_78' title='bbox 3070 1366 3155 1436; x_wconf 88' lang='lat' dir='ltr'><strong>ab</strong></span> <span class='ocrx_word' id='word_1_79' title='bbox 3188 1388 3370 1436; x_wconf 87' lang='lat' dir='ltr'><strong>anno</strong></span> <span class='ocrx_word' id='word_1_80' title='bbox 3400 1363 3835 1434; x_wconf 86' lang='lat' dir='ltr'><strong>incarnatio-</strong></span> 
     </span>
    </p>
   </div>
   <div class='ocr_carea' id='block_1_15' title="bbox 379 1454 3831 1613">
    <p class='ocr_par' dir='ltr' id='par_1_15' title="bbox 379 1454 3831 1613">
     <span class='ocr_line' id='line_1_15' title="bbox 379 1454 3831 1613; baseline -0.001 -88"><span class='ocrx_word' id='word_1_81' title='bbox 379 1457 490 1525; x_wconf 89' lang='lat' dir='ltr'><strong>nis</strong></span> <span class='ocrx_word' id='word_1_82' title='bbox 520 1456 901 1525; x_wconf 65' lang='lat' dir='ltr'><strong>Dominicaa</strong></span> <span class='ocrx_word' id='word_1_83' title='bbox 938 1459 1105 1527; x_wconf 85' lang='grc'>1079</span> <span class='ocrx_word' id='word_1_84' title='bbox 1137 1465 1293 1548; x_wconf 87' lang='lat' dir='ltr'><strong>post</strong></span> <span class='ocrx_word' id='word_1_85' title='bbox 1322 1456 1587 1539; x_wconf 83' lang='lat' dir='ltr'><strong>obitum</strong></span> <span class='ocrx_word' id='word_1_86' title='bbox 1616 1454 1933 1523; x_wconf 73' lang='lat' dir='ltr'><strong>Ettilonis</strong></span> <span class='ocrx_word' id='word_1_87' title='bbox 1964 1458 2068 1523; x_wconf 72' lang='lat'><strong>171</strong></span> <span class='ocrx_word' id='word_1_88' title='bbox 2119 1454 2419 1613; x_wconf 50' lang='lat' dir='ltr'><strong>episcog</strong></span> <span class='ocrx_word' id='word_1_89' title='bbox 2448 1455 2770 1525; x_wconf 87' lang='lat' dir='ltr'><strong>obierunt</strong></span> <span class='ocrx_word' id='word_1_90' title='bbox 2793 1456 2865 1524; x_wconf 91' lang='lat' dir='ltr'><strong>in</strong></span> <span class='ocrx_word' id='word_1_91' title='bbox 2931 1454 3206 1526; x_wconf 77' lang='lat' dir='ltr'><strong>Christo</strong></span> <span class='ocrx_word' id='word_1_92' title='bbox 3236 1456 3365 1525; x_wconf 85' lang='lat' dir='ltr'><strong>sub</strong></span> <span class='ocrx_word' id='word_1_93' title='bbox 3396 1455 3640 1527; x_wconf 92' lang='lat' dir='ltr'><strong>Udone</strong></span> <span class='ocrx_word' id='word_1_94' title='bbox 3706 1475 3831 1521; x_wconf 92' lang='lat' dir='ltr'><strong>oc-</strong></span> 
     </span>
     <span class='ocr_line' id='line_1_16' title="bbox 381 1544 3180 1613; baseline 0 0"><span class='ocrx_word' id='word_1_95' title='bbox 381 1556 539 1613; x_wconf 90' lang='lat' dir='ltr'><strong>tavo</strong></span> <span class='ocrx_word' id='word_1_96' title='bbox 572 1545 838 1613; x_wconf 88' lang='lat' dir='ltr'><strong>decimo</strong></span> <span class='ocrx_word' id='word_1_97' title='bbox 870 1545 1192 1613; x_wconf 83' lang='lat' dir='ltr'><strong>eniscono</strong></span> <span class='ocrx_word' id='word_1_98' title='bbox 1225 1546 1308 1613; x_wconf 91' lang='lat' dir='ltr'><strong>de</strong></span> <span class='ocrx_word' id='word_1_99' title='bbox 1337 1545 1581 1613; x_wconf 83' lang='lat' dir='ltr'><strong>maiori</strong></span> <span class='ocrx_word' id='word_1_100' title='bbox 1613 1544 2035 1612; x_wconf 86' lang='lat' dir='ltr'><strong>monasterio</strong></span> <span class='ocrx_word' id='word_1_101' title='bbox 2066 1554 2320 1613; x_wconf 61' lang='lat' dir='ltr'><strong>sanctis</strong></span> <span class='ocrx_word' id='word_1_102' title='bbox 2424 1544 2588 1613; x_wconf 67' lang='lat' dir='ltr'><strong>arias</strong></span> <span class='ocrx_word' id='word_1_103' title='bbox 2618 1546 2859 1613; x_wconf 82' lang='lat' dir='ltr'><strong>matris</strong></span> <span class='ocrx_word' id='word_1_104' title='bbox 2880 1546 3180 1613; x_wconf 90' lang='lat' dir='ltr'><strong>Domini.</strong></span> 
     </span>
    </p>
   </div>
   <div class='ocr_carea' id='block_1_16' title="bbox 381 1544 3180 1637">
    <p class='ocr_par' dir='ltr' id='par_1_16' title="bbox 381 1544 3180 1637">
     <span class='ocr_line' id='line_1_17' title="bbox 381 1544 3180 1637; baseline -0 -23"><span class='ocrx_word' id='word_1_105' title='bbox 381 1556 539 1616; x_wconf 89' lang='lat' dir='ltr'><strong>tavo</strong></span> <span class='ocrx_word' id='word_1_106' title='bbox 572 1545 838 1614; x_wconf 87' lang='lat' dir='ltr'><strong>decimo</strong></span> <span class='ocrx_word' id='word_1_107' title='bbox 870 1544 1192 1637; x_wconf 74' lang='lat' dir='ltr'><strong>episcopo</strong></span> <span class='ocrx_word' id='word_1_108' title='bbox 1225 1546 1308 1616; x_wconf 92' lang='lat' dir='ltr'><strong>de</strong></span> <span class='ocrx_word' id='word_1_109' title='bbox 1337 1545 1581 1636; x_wconf 85' lang='lat' dir='ltr'><strong>majori</strong></span> <span class='ocrx_word' id='word_1_110' title='bbox 1613 1544 2035 1612; x_wconf 86' lang='lat' dir='ltr'><strong>monasterio</strong></span> <span class='ocrx_word' id='word_1_111' title='bbox 2066 1554 2320 1613; x_wconf 66' lang='lat' dir='ltr'><strong>sanctae</strong></span> <span class='ocrx_word' id='word_1_112' title='bbox 2354 1544 2588 1613; x_wconf 66' lang='lat' dir='ltr'><strong>Mariae</strong></span> <span class='ocrx_word' id='word_1_113' title='bbox 2618 1546 2859 1615; x_wconf 85' lang='lat' dir='ltr'><strong>matris</strong></span> <span class='ocrx_word' id='word_1_114' title='bbox 2880 1546 3180 1614; x_wconf 90' lang='lat' dir='ltr'><strong>Domini.</strong></span> 
     </span>
    </p>
   </div>
   <div class='ocr_carea' id='block_1_17' title="bbox 380 1658 3221 1733">
    <p class='ocr_par' dir='ltr' id='par_1_17' title="bbox 380 1658 3221 1733">
     <span class='ocr_line' id='line_1_18' title="bbox 380 1658 3221 1733; baseline 0 -15"><span class='ocrx_word' id='word_1_115' title='bbox 380 1662 756 1731; x_wconf 81' lang='lat' dir='ltr'><strong>Amelungus</strong></span> <span class='ocrx_word' id='word_1_116' title='bbox 774 1662 1090 1718; x_wconf 88' lang='lat' dir='ltr'><strong>diaconus.</strong></span> <span class='ocrx_word' id='word_1_117' title='bbox 1566 1658 1918 1717; x_wconf 88' lang='lat' dir='ltr'><strong>Bertholdus</strong></span> <span class='ocrx_word' id='word_1_118' title='bbox 1944 1660 2304 1733; x_wconf 67' lang='lat' dir='ltr'><strong>prapositus</strong></span> <span class='ocrx_word' id='word_1_119' title='bbox 2336 1664 2395 1717; x_wconf 92' lang='lat' dir='ltr'><strong>et</strong></span> <span class='ocrx_word' id='word_1_120' title='bbox 2430 1660 2634 1718; x_wconf 87' lang='lat' dir='ltr'><strong>diaco-</strong></span> <span class='ocrx_word' id='word_1_121' title='bbox 2746 1664 2877 1720; x_wconf 91' lang='lat' dir='ltr'><strong>Otto</strong></span> <span class='ocrx_word' id='word_1_122' title='bbox 2902 1661 3221 1718; x_wconf 89' lang='lat' dir='ltr'><strong>diaconus.</strong></span> 
     </span>
    </p>
   </div>
   <div class='ocr_carea' id='block_1_18' title="bbox 382 1750 3415 1809">
    <p class='ocr_par' dir='ltr' id='par_1_18' title="bbox 382 1750 3415 1809">
     <span class='ocr_line' id='line_1_19' title="bbox 382 1750 3415 1809; baseline -0.002 0"><span class='ocrx_word' id='word_1_123' title='bbox 382 1751 555 1809; x_wconf 91' lang='lat' dir='ltr'><strong>Dudo</strong></span> <span class='ocrx_word' id='word_1_124' title='bbox 575 1751 887 1808; x_wconf 86' lang='lat' dir='ltr'><strong>diaconus.</strong></span> <span class='ocrx_word' id='word_1_125' title='bbox 1638 1765 1773 1804; x_wconf 92' lang='lat' dir='ltr'><strong>nus.</strong></span> <span class='ocrx_word' id='word_1_126' title='bbox 2750 1754 3077 1808; x_wconf 86' lang='lat' dir='ltr'><strong>Gozmarus</strong></span> <span class='ocrx_word' id='word_1_127' title='bbox 3100 1750 3415 1807; x_wconf 87' lang='lat' dir='ltr'><strong>diaconus.</strong></span> 
     </span>
    </p>
   </div>
   <div class='ocr_carea' id='block_1_19' title="bbox 383 1836 3436 1911">
    <p class='ocr_par' dir='ltr' id='par_1_19' title="bbox 383 1836 3436 1911">
     <span class='ocr_line' id='line_1_20' title="bbox 383 1836 3436 1911; baseline -0.001 -14"><span class='ocrx_word' id='word_1_128' title='bbox 383 1843 586 1898; x_wconf 90' lang='lat' dir='ltr'><strong>Benno</strong></span> <span class='ocrx_word' id='word_1_129' title='bbox 612 1839 927 1897; x_wconf 87' lang='lat' dir='ltr'><strong>diaconus.</strong></span> <span class='ocrx_word' id='word_1_130' title='bbox 1568 1837 1874 1895; x_wconf 91' lang='lat' dir='ltr'><strong>Odelricus</strong></span> <span class='ocrx_word' id='word_1_131' title='bbox 1893 1836 2207 1894; x_wconf 85' lang='lat' dir='ltr'><strong>diaconus.</strong></span> <span class='ocrx_word' id='word_1_132' title='bbox 2750 1840 3089 1911; x_wconf 89' lang='lat' dir='ltr'><strong>Bruningus</strong></span> <span class='ocrx_word' id='word_1_133' title='bbox 3118 1839 3436 1896; x_wconf 90' lang='lat' dir='ltr'><strong>diaconus.</strong></span> 
     </span>
    </p>
   </div>
   <div class='ocr_carea' id='block_1_20' title="bbox 383 1926 3506 1987">
    <p class='ocr_par' dir='ltr' id='par_1_20' title="bbox 383 1926 3506 1987">
     <span class='ocr_line' id='line_1_21' title="bbox 383 1926 3506 1987; baseline -0.001 -2"><span class='ocrx_word' id='word_1_134' title='bbox 383 1928 767 1985; x_wconf 85' lang='lat' dir='ltr'><strong>Hilderaldus</strong></span> <span class='ocrx_word' id='word_1_135' title='bbox 795 1928 1112 1986; x_wconf 91' lang='lat' dir='ltr'><strong>diaconus.</strong></span> <span class='ocrx_word' id='word_1_136' title='bbox 1567 1927 1861 1984; x_wconf 88' lang='lat' dir='ltr'><strong>Eilbertus</strong></span> <span class='ocrx_word' id='word_1_137' title='bbox 1889 1926 2206 1984; x_wconf 82' lang='lat' dir='ltr'><strong>diaconus.</strong></span> <span class='ocrx_word' id='word_1_138' title='bbox 2750 1929 3164 1987; x_wconf 85' lang='lat' dir='ltr'><strong>Harderardus</strong></span> <span class='ocrx_word' id='word_1_139' title='bbox 3190 1928 3506 1985; x_wconf 86' lang='lat' dir='ltr'><strong>diaconus.</strong></span> 
     </span>
    </p>
   </div>
   <div class='ocr_carea' id='block_1_21' title="bbox 381 2014 3474 2076">
    <p class='ocr_par' dir='ltr' id='par_1_21' title="bbox 381 2014 3474 2076">
     <span class='ocr_line' id='line_1_22' title="bbox 381 2014 3474 2076; baseline -0.001 -1"><span class='ocrx_word' id='word_1_140' title='bbox 381 2017 766 2075; x_wconf 89' lang='lat' dir='ltr'><strong>Thiodericus</strong></span> <span class='ocrx_word' id='word_1_141' title='bbox 804 2017 1118 2074; x_wconf 89' lang='lat' dir='ltr'><strong>diaconus.</strong></span> <span class='ocrx_word' id='word_1_142' title='bbox 1567 2020 1764 2073; x_wconf 88' lang='lat' dir='ltr'><strong>Bruno</strong></span> <span class='ocrx_word' id='word_1_143' title='bbox 1794 2014 2107 2072; x_wconf 90' lang='lat' dir='ltr'><strong>diaconus.</strong></span> <span class='ocrx_word' id='word_1_144' title='bbox 2751 2018 3132 2076; x_wconf 88' lang='lat' dir='ltr'><strong>Burchardus</strong></span> <span class='ocrx_word' id='word_1_145' title='bbox 3157 2017 3474 2074; x_wconf 91' lang='lat' dir='ltr'><strong>diaconus.</strong></span> 
     </span>
    </p>
   </div>
   <div class='ocr_carea' id='block_1_22' title="bbox 383 2104 3297 2166">
    <p class='ocr_par' dir='ltr' id='par_1_22' title="bbox 383 2104 3297 2166">
     <span class='ocr_line' id='line_1_23' title="bbox 383 2104 3297 2166; baseline -0.002 -2"><span class='ocrx_word' id='word_1_146' title='bbox 383 2108 707 2164; x_wconf 81' lang='lat' dir='ltr'><strong>Reinoldus</strong></span> <span class='ocrx_word' id='word_1_147' title='bbox 743 2106 1061 2165; x_wconf 81' lang='lat' dir='ltr'><strong>diaconus.</strong></span> <span class='ocrx_word' id='word_1_148' title='bbox 1567 2108 1768 2163; x_wconf 92' lang='lat' dir='ltr'><strong>Bruno</strong></span> <span class='ocrx_word' id='word_1_149' title='bbox 1788 2104 2101 2162; x_wconf 90' lang='lat' dir='ltr'><strong>diaconus.</strong></span> <span class='ocrx_word' id='word_1_150' title='bbox 2751 2112 2947 2166; x_wconf 78' lang='lat' dir='ltr'><strong>Bruno</strong></span> <span class='ocrx_word' id='word_1_151' title='bbox 2985 2108 3297 2166; x_wconf 82' lang='lat' dir='ltr'><strong>diaconus.</strong></span> 
     </span>
    </p>
   </div>
   <div class='ocr_carea' id='block_1_23' title="bbox 384 2193 3695 2271">
    <p class='ocr_par' dir='ltr' id='par_1_23' title="bbox 384 2193 3695 2271">
     <span class='ocr_line' id='line_1_24' title="bbox 384 2193 3695 2271; baseline -0.002 -18"><span class='ocrx_word' id='word_1_152' title='bbox 384 2196 691 2253; x_wconf 83' lang='lat' dir='ltr'><strong>Heinricus</strong></span> <span class='ocrx_word' id='word_1_153' title='bbox 711 2196 1025 2253; x_wconf 87' lang='lat' dir='ltr'><strong>diaconus.</strong></span> <span class='ocrx_word' id='word_1_154' title='bbox 1568 2195 1773 2250; x_wconf 90' lang='lat' dir='ltr'><strong>Esicus</strong></span> <span class='ocrx_word' id='word_1_155' title='bbox 1796 2193 2110 2249; x_wconf 87' lang='lat' dir='ltr'><strong>diaconus.</strong></span> <span class='ocrx_word' id='word_1_156' title='bbox 2751 2200 2882 2257; x_wconf 77' lang='lat' dir='ltr'><strong>Otto</strong></span> <span class='ocrx_word' id='word_1_157' title='bbox 2913 2196 3273 2271; x_wconf 58' lang='lat' dir='ltr'><strong>prapositus</strong></span> <span class='ocrx_word' id='word_1_158' title='bbox 3295 2201 3354 2253; x_wconf 86' lang='lat' dir='ltr'><strong>et</strong></span> <span class='ocrx_word' id='word_1_159' title='bbox 3378 2196 3695 2252; x_wconf 85' lang='lat' dir='ltr'><strong>diaconus.</strong></span> 
     </span>
    </p>
   </div>
   <div class='ocr_carea' id='block_1_24' title="bbox 384 2282 3355 2358">
    <p class='ocr_par' dir='ltr' id='par_1_24' title="bbox 384 2282 3355 2358">
     <span class='ocr_line' id='line_1_25' title="bbox 384 2282 3355 2358; baseline -0.001 -15"><span class='ocrx_word' id='word_1_160' title='bbox 384 2285 790 2358; x_wconf 83' lang='lat' dir='ltr'><strong>Hyrimfridus</strong></span> <span class='ocrx_word' id='word_1_161' title='bbox 815 2285 1132 2342; x_wconf 88' lang='lat' dir='ltr'><strong>diaconus.</strong></span> <span class='ocrx_word' id='word_1_162' title='bbox 1568 2283 1918 2340; x_wconf 87' lang='lat' dir='ltr'><strong>Ekehardus</strong></span> <span class='ocrx_word' id='word_1_163' title='bbox 1941 2282 2254 2339; x_wconf 88' lang='lat' dir='ltr'><strong>diaconus.</strong></span> <span class='ocrx_word' id='word_1_164' title='bbox 2751 2286 3013 2344; x_wconf 86' lang='lat' dir='ltr'><strong>Haoldus</strong></span> <span class='ocrx_word' id='word_1_165' title='bbox 3041 2285 3355 2343; x_wconf 89' lang='lat' dir='ltr'><strong>diaconus.</strong></span> 
     </span>
    </p>
   </div>
   <div class='ocr_carea' id='block_1_25' title="bbox 383 2373 3445 2446">
    <p class='ocr_par' dir='ltr' id='par_1_25' title="bbox 383 2373 3445 2446">
     <span class='ocr_line' id='line_1_26' title="bbox 383 2373 3445 2446; baseline -0.001 -13"><span class='ocrx_word' id='word_1_166' title='bbox 383 2374 728 2433; x_wconf 89' lang='lat' dir='ltr'><strong>Tiodericus</strong></span> <span class='ocrx_word' id='word_1_167' title='bbox 756 2374 1070 2444; x_wconf 88' lang='lat' dir='ltr'><strong>diaconus,</strong></span> <span class='ocrx_word' id='word_1_168' title='bbox 1568 2373 1830 2431; x_wconf 91' lang='lat' dir='ltr'><strong>Thodelo</strong></span> <span class='ocrx_word' id='word_1_169' title='bbox 1859 2373 2173 2431; x_wconf 90' lang='lat' dir='ltr'><strong>diaconus.</strong></span> <span class='ocrx_word' id='word_1_170' title='bbox 2752 2375 3103 2446; x_wconf 79' lang='lat' dir='ltr'><strong>Beringerus</strong></span> <span class='ocrx_word' id='word_1_171' title='bbox 3132 2374 3445 2431; x_wconf 91' lang='lat' dir='ltr'><strong>diaconus.</strong></span> 
     </span>
    </p>
   </div>
   <div class='ocr_carea' id='block_1_26' title="bbox 384 2462 3479 2534">
    <p class='ocr_par' dir='ltr' id='par_1_26' title="bbox 384 2462 3479 2534">
     <span class='ocr_line' id='line_1_27' title="bbox 384 2462 3479 2534; baseline -0.001 -12"><span class='ocrx_word' id='word_1_172' title='bbox 384 2465 602 2523; x_wconf 83' lang='lat' dir='ltr'><strong>Albero</strong></span> <span class='ocrx_word' id='word_1_173' title='bbox 639 2464 953 2522; x_wconf 88' lang='lat' dir='ltr'><strong>diaconus.</strong></span> <span class='ocrx_word' id='word_1_174' title='bbox 1570 2462 1897 2534; x_wconf 90' lang='lat' dir='ltr'><strong>Cherlagus</strong></span> <span class='ocrx_word' id='word_1_175' title='bbox 1932 2462 2246 2520; x_wconf 85' lang='lat' dir='ltr'><strong>diaconus.</strong></span> <span class='ocrx_word' id='word_1_176' title='bbox 2751 2465 3132 2521; x_wconf 86' lang='lat' dir='ltr'><strong>Thietmarus</strong></span> <span class='ocrx_word' id='word_1_177' title='bbox 3163 2462 3479 2520; x_wconf 83' lang='lat' dir='ltr'><strong>diaconus.</strong></span> 
     </span>
    </p>
   </div>
   <div class='ocr_carea' id='block_1_27' title="bbox 386 2552 3492 2635">
    <p class='ocr_par' dir='ltr' id='par_1_27' title="bbox 386 2552 3492 2635">
     <span class='ocr_line' id='line_1_28' title="bbox 386 2552 3492 2635; baseline -0.001 -24"><span class='ocrx_word' id='word_1_178' title='bbox 386 2553 779 2619; x_wconf 89' lang='lat' dir='ltr'><strong>Thiodericus</strong></span> <span class='ocrx_word' id='word_1_179' title='bbox 816 2553 1111 2611; x_wconf 88' lang='lat' dir='ltr'><strong>diaconus</strong></span> <span class='ocrx_word' id='word_1_180' title='bbox 1140 2558 1199 2612; x_wconf 92' lang='lat' dir='ltr'><strong>et</strong></span> <span class='ocrx_word' id='word_1_181' title='bbox 1226 2569 1460 2628; x_wconf 63' lang='lat' dir='ltr'><strong>praepo-</strong></span> <span class='ocrx_word' id='word_1_182' title='bbox 1574 2555 1953 2609; x_wconf 82' lang='lat' dir='ltr'><strong>Hermannus</strong></span> <span class='ocrx_word' id='word_1_183' title='bbox 1978 2552 2295 2635; x_wconf 62' lang='lat' dir='ltr'><strong>diaconus.</strong></span> <span class='ocrx_word' id='word_1_184' title='bbox 2752 2553 3141 2611; x_wconf 87' lang='lat' dir='ltr'><strong>Widekindus</strong></span> <span class='ocrx_word' id='word_1_185' title='bbox 3174 2552 3492 2609; x_wconf 89' lang='lat' dir='ltr'><strong>diaconus.</strong></span> 
     </span>
    </p>
   </div>
   <div class='ocr_carea' id='block_1_28' title="bbox 457 2641 3406 2702">
    <p class='ocr_par' dir='ltr' id='par_1_28' title="bbox 457 2641 3406 2702">
     <span class='ocr_line' id='line_1_29' title="bbox 457 2641 3406 2702; baseline -0 -3"><span class='ocrx_word' id='word_1_186' title='bbox 457 2642 625 2700; x_wconf 89' lang='lat' dir='ltr'><strong>situs.</strong></span> <span class='ocrx_word' id='word_1_187' title='bbox 840 2658 843 2663; x_wconf 56' lang='grc' dir='ltr'><strong><em>λ</em></strong></span> <span class='ocrx_word' id='word_1_188' title='bbox 1569 2642 1968 2699; x_wconf 87' lang='lat' dir='ltr'><strong>Theodericus</strong></span> <span class='ocrx_word' id='word_1_189' title='bbox 1996 2641 2310 2698; x_wconf 85' lang='lat' dir='ltr'><strong>diaconus.</strong></span> <span class='ocrx_word' id='word_1_190' title='bbox 2753 2644 3063 2702; x_wconf 84' lang='lat' dir='ltr'><strong>Heinricus</strong></span> <span class='ocrx_word' id='word_1_191' title='bbox 3092 2642 3406 2699; x_wconf 89' lang='lat' dir='ltr'><strong>diaconus.</strong></span> 
     </span>
    </p>
   </div>
   <div class='ocr_carea' id='block_1_29' title="bbox 384 2730 2229 2789">
    <p class='ocr_par' dir='ltr' id='par_1_29' title="bbox 384 2730 2229 2789">
     <span class='ocr_line' id='line_1_30' title="bbox 384 2730 2229 2789; baseline -0.001 -1"><span class='ocrx_word' id='word_1_192' title='bbox 384 2731 706 2788; x_wconf 91' lang='lat' dir='ltr'><strong>Volcoldus</strong></span> <span class='ocrx_word' id='word_1_193' title='bbox 736 2731 1051 2789; x_wconf 89' lang='lat' dir='ltr'><strong>diaconus.</strong></span> <span class='ocrx_word' id='word_1_194' title='bbox 1571 2731 1885 2789; x_wconf 87' lang='lat' dir='ltr'><strong>Eilhardus</strong></span> <span class='ocrx_word' id='word_1_195' title='bbox 1914 2730 2229 2788; x_wconf 89' lang='lat' dir='ltr'><strong>diaconus.</strong></span> 
     </span>
    </p>
   </div>
   <div class='ocr_carea' id='block_1_30' title="bbox 386 2820 2224 2897">
    <p class='ocr_par' dir='ltr' id='par_1_30' title="bbox 386 2820 2224 2897">
     <span class='ocr_line' id='line_1_31' title="bbox 386 2820 2224 2897; baseline -0.002 -18"><span class='ocrx_word' id='word_1_196' title='bbox 386 2821 795 2894; x_wconf 88' lang='lat' dir='ltr'><strong>Liudegherus</strong></span> <span class='ocrx_word' id='word_1_197' title='bbox 820 2821 1134 2880; x_wconf 87' lang='lat' dir='ltr'><strong>diaconus.</strong></span> <span class='ocrx_word' id='word_1_198' title='bbox 1236 2888 1240 2897; x_wconf 84' lang='lat'><em>_</em></span> <span class='ocrx_word' id='word_1_199' title='bbox 1572 2820 1880 2878; x_wconf 89' lang='lat' dir='ltr'><strong>Bertoldus</strong></span> <span class='ocrx_word' id='word_1_200' title='bbox 1909 2820 2224 2878; x_wconf 89' lang='lat' dir='ltr'><strong>diaconus.</strong></span> 
     </span>
    </p>
   </div>
   <div class='ocr_carea' id='block_1_31' title="bbox 474 2918 3846 2989">
    <p class='ocr_par' dir='ltr' id='par_1_31' title="bbox 474 2918 3846 2989">
     <span class='ocr_line' id='line_1_32' title="bbox 474 2918 3846 2989; baseline -0 -2"><span class='ocrx_word' id='word_1_201' title='bbox 474 2919 775 2989; x_wconf 90' lang='lat' dir='ltr'><strong>Nomina</strong></span> <span class='ocrx_word' id='word_1_202' title='bbox 806 2920 1389 2989; x_wconf 87' lang='lat' dir='ltr'><strong>subdiaconorum</strong></span> <span class='ocrx_word' id='word_1_203' title='bbox 1423 2928 1491 2987; x_wconf 92' lang='lat' dir='ltr'><strong>et</strong></span> <span class='ocrx_word' id='word_1_204' title='bbox 1519 2918 1963 2987; x_wconf 86' lang='lat' dir='ltr'><strong>accolitorum</strong></span> <span class='ocrx_word' id='word_1_205' title='bbox 1994 2929 2061 2986; x_wconf 92' lang='lat' dir='ltr'><strong>et</strong></span> <span class='ocrx_word' id='word_1_206' title='bbox 2095 2918 2464 2987; x_wconf 86' lang='lat' dir='ltr'><strong>scolarium</strong></span> <span class='ocrx_word' id='word_1_207' title='bbox 2496 2918 3180 2987; x_wconf 86' lang='lat' dir='ltr'><strong>Hildeneshemensis</strong></span> <span class='ocrx_word' id='word_1_208' title='bbox 3245 2918 3571 2987; x_wconf 51' lang='lat' dir='ltr'><strong>ecclesiae</strong></span> <span class='ocrx_word' id='word_1_209' title='bbox 3626 2937 3846 2988; x_wconf 50' lang='lat' dir='ltr'><strong>cano-</strong></span> 
     </span>
    </p>
   </div>
   <div class='ocr_carea' id='block_1_32' title="bbox 392 3006 1949 3102">
    <p class='ocr_par' dir='ltr' id='par_1_32' title="bbox 392 3007 1949 3102">
     <span class='ocr_line' id='line_1_33' title="bbox 392 3007 1949 3102; baseline -0.002 -25"><span class='ocrx_word' id='word_1_210' title='bbox 392 3010 918 3102; x_wconf 30' lang='lat' dir='ltr'><strong>uicorum.‘quhi_</strong></span> <span class='ocrx_word' id='word_1_211' title='bbox 948 3008 1032 3102; x_wconf 80' lang='lat' dir='ltr'><strong>ab</strong></span> <span class='ocrx_word' id='word_1_212' title='bbox 1064 3031 1253 3102; x_wconf 75' lang='lat' dir='ltr'><strong>anno</strong></span> <span class='ocrx_word' id='word_1_213' title='bbox 1301 3007 1794 3102; x_wconf 68' lang='lat' dir='ltr'><strong>incarnationis</strong></span> <span class='ocrx_word' id='word_1_214' title='bbox 1850 3008 1949 3102; x_wconf 68' lang='lat' dir='ltr'><strong>De</strong></span> 
     </span>
    </p>
   </div>
   <div class='ocr_carea' id='block_1_33' title="bbox 2285 3006 3842 3102">
    <p class='ocr_par' dir='ltr' id='par_1_33' title="bbox 2285 3006 3842 3102">
     <span class='ocr_line' id='line_1_34' title="bbox 2285 3006 3842 3102; baseline -0.001 -28"><span class='ocrx_word' id='word_1_215' title='bbox 2285 3011 2436 3078; x_wconf 79' lang='lat'><strong>1079</strong></span> <span class='ocrx_word' id='word_1_216' title='bbox 2466 3017 2625 3102; x_wconf 72' lang='lat' dir='ltr'><strong>post</strong></span> <span class='ocrx_word' id='word_1_217' title='bbox 2683 3008 2947 3102; x_wconf 79' lang='lat' dir='ltr'><strong>obitum</strong></span> <span class='ocrx_word' id='word_1_218' title='bbox 2980 3008 3301 3102; x_wconf 78' lang='lat' dir='ltr'><strong>Ettilouis</strong></span> <span class='ocrx_word' id='word_1_219' title='bbox 3362 3008 3462 3076; x_wconf 84' lang='grc' dir='ltr'><strong>17Ξ</strong></span> <span class='ocrx_word' id='word_1_220' title='bbox 3527 3006 3842 3102; x_wconf 58' lang='lat' dir='ltr'><strong>episcopi</strong></span> 
     </span>
    </p>
   </div>
   <div class='ocr_carea' id='block_1_34' title="bbox 393 3095 3846 3252">
    <p class='ocr_par' dir='ltr' id='par_1_34' title="bbox 393 3095 3846 3252">
     <span class='ocr_line' id='line_1_35' title="bbox 393 3095 3846 3252; baseline -0.001 -86"><span class='ocrx_word' id='word_1_221' title='bbox 393 3095 715 3199; x_wconf 73' lang='lat' dir='ltr'><strong>obierunt</strong></span> <span class='ocrx_word' id='word_1_222' title='bbox 737 3095 815 3197; x_wconf 75' lang='lat' dir='ltr'><strong>iii</strong></span> <span class='ocrx_word' id='word_1_223' title='bbox 821 3097 1118 3252; x_wconf 54' lang='lat' dir='ltr'><strong>1glhristo</strong></span> <span class='ocrx_word' id='word_1_224' title='bbox 1151 3096 1278 3165; x_wconf 90' lang='lat' dir='ltr'><strong>sub</strong></span> <span class='ocrx_word' id='word_1_225' title='bbox 1308 3097 1551 3168; x_wconf 85' lang='lat' dir='ltr'><strong>Udone</strong></span> <span class='ocrx_word' id='word_1_226' title='bbox 1583 3106 1825 3165; x_wconf 89' lang='lat' dir='ltr'><strong>octavo</strong></span> <span class='ocrx_word' id='word_1_227' title='bbox 1861 3096 2127 3164; x_wconf 87' lang='lat' dir='ltr'><strong>decimo</strong></span> <span class='ocrx_word' id='word_1_228' title='bbox 2160 3095 2491 3187; x_wconf 74' lang='lat' dir='ltr'><strong>episcopo</strong></span> <span class='ocrx_word' id='word_1_229' title='bbox 2514 3097 2595 3165; x_wconf 91' lang='lat' dir='ltr'><strong>de</strong></span> <span class='ocrx_word' id='word_1_230' title='bbox 2636 3096 2882 3187; x_wconf 90' lang='lat' dir='ltr'><strong>majori</strong></span> <span class='ocrx_word' id='word_1_231' title='bbox 2919 3097 3333 3167; x_wconf 82' lang='lat' dir='ltr'><strong>monasterio</strong></span> <span class='ocrx_word' id='word_1_232' title='bbox 3367 3095 3620 3164; x_wconf 66' lang='lat' dir='ltr'><strong>sanctae</strong></span> <span class='ocrx_word' id='word_1_233' title='bbox 3685 3095 3846 3164; x_wconf 72' lang='lat' dir='ltr'><strong>Ma-</strong></span> 
     </span>
     <span class='ocr_line' id='line_1_36' title="bbox 393 3196 1683 3252; baseline -0.003 0"><span class='ocrx_word' id='word_1_234' title='bbox 393 3209 517 3252; x_wconf 70' lang='lat' dir='ltr'><strong>riae</strong></span> <span class='ocrx_word' id='word_1_235' title='bbox 549 3196 791 3252; x_wconf 88' lang='lat' dir='ltr'><strong>matris</strong></span> <span class='ocrx_word' id='word_1_236' title='bbox 887 3207 1126 3252; x_wconf 88' lang='lat' dir='ltr'><strong>omini.</strong></span> <span class='ocrx_word' id='word_1_237' title='bbox 1676 3234 1683 3239; x_wconf 48' lang='grc' dir='ltr'><strong>κ</strong></span> 
     </span>
    </p>
   </div>
   <div class='ocr_carea' id='block_1_35' title="bbox 393 3196 1126 3253">
    <p class='ocr_par' dir='ltr' id='par_1_35' title="bbox 393 3196 1126 3253">
     <span class='ocr_line' id='line_1_37' title="bbox 393 3196 1126 3253; baseline -0.004 0"><span class='ocrx_word' id='word_1_238' title='bbox 393 3196 517 3253; x_wconf 70' lang='lat' dir='ltr'><strong>riae</strong></span> <span class='ocrx_word' id='word_1_239' title='bbox 549 3196 791 3253; x_wconf 80' lang='lat' dir='ltr'><strong>matris</strong></span> <span class='ocrx_word' id='word_1_240' title='bbox 821 3196 1126 3252; x_wconf 83' lang='lat' dir='ltr'><strong>Domini.</strong></span> 
     </span>
    </p>
   </div>
   <div class='ocr_carea' id='block_1_36' title="bbox 385 3298 3473 3371">
    <p class='ocr_par' dir='ltr' id='par_1_36' title="bbox 385 3298 3473 3371">
     <span class='ocr_line' id='line_1_38' title="bbox 385 3298 3473 3371; baseline -0.001 -13"><span class='ocrx_word' id='word_1_241' title='bbox 385 3300 624 3358; x_wconf 87' lang='lat' dir='ltr'><strong>Hezzelo</strong></span> <span class='ocrx_word' id='word_1_242' title='bbox 665 3298 1097 3356; x_wconf 89' lang='lat' dir='ltr'><strong>subdiaconus.</strong></span> <span class='ocrx_word' id='word_1_243' title='bbox 1576 3298 1906 3371; x_wconf 86' lang='lat' dir='ltr'><strong>Sigewinus</strong></span> <span class='ocrx_word' id='word_1_244' title='bbox 1938 3299 2368 3357; x_wconf 91' lang='lat' dir='ltr'><strong>subdiaconus.</strong></span> <span class='ocrx_word' id='word_1_245' title='bbox 2752 3302 3011 3371; x_wconf 89' lang='lat' dir='ltr'><strong>Widego</strong></span> <span class='ocrx_word' id='word_1_246' title='bbox 3042 3301 3473 3357; x_wconf 86' lang='lat' dir='ltr'><strong>subdiaconus.</strong></span> 
     </span>
    </p>
   </div>
   <div class='ocr_carea' id='block_1_37' title="bbox 387 3388 3595 3463">
    <p class='ocr_par' dir='ltr' id='par_1_37' title="bbox 387 3388 3595 3463">
     <span class='ocr_line' id='line_1_39' title="bbox 387 3388 3595 3463; baseline 0 -17"><span class='ocrx_word' id='word_1_247' title='bbox 387 3389 675 3447; x_wconf 86' lang='lat' dir='ltr'><strong>Bodolfus</strong></span> <span class='ocrx_word' id='word_1_248' title='bbox 707 3388 1119 3446; x_wconf 88' lang='lat' dir='ltr'><strong>subdiaconus</strong></span> <span class='ocrx_word' id='word_1_249' title='bbox 1148 3393 1206 3446; x_wconf 88' lang='lat' dir='ltr'><strong>et</strong></span> <span class='ocrx_word' id='word_1_250' title='bbox 1233 3404 1462 3463; x_wconf 63' lang='grc' dir='ltr'><strong>υττεροο</strong></span> <span class='ocrx_word' id='word_1_251' title='bbox 1572 3388 1955 3446; x_wconf 89' lang='lat' dir='ltr'><strong>Thiodericus</strong></span> <span class='ocrx_word' id='word_1_252' title='bbox 1996 3389 2431 3447; x_wconf 88' lang='lat' dir='ltr'><strong>subdiaconus.</strong></span> <span class='ocrx_word' id='word_1_253' title='bbox 2753 3391 3130 3448; x_wconf 90' lang='lat' dir='ltr'><strong>Everhardus</strong></span> <span class='ocrx_word' id='word_1_254' title='bbox 3157 3389 3595 3446; x_wconf 86' lang='lat' dir='ltr'><strong>subdiaconus.</strong></span> 
     </span>
    </p>
   </div>
   <div class='ocr_carea' id='block_1_38' title="bbox 461 3478 3395 3549">
    <p class='ocr_par' dir='ltr' id='par_1_38' title="bbox 461 3478 3395 3549">
     <span class='ocr_line' id='line_1_40' title="bbox 461 3478 3395 3549; baseline -0.001 -13"><span class='ocrx_word' id='word_1_255' title='bbox 461 3480 627 3536; x_wconf 86' lang='lat' dir='ltr'><strong>situs.</strong></span> <span class='ocrx_word' id='word_1_256' title='bbox 1572 3478 1953 3536; x_wconf 78' lang='lat' dir='ltr'><strong>Meinhardus</strong></span> <span class='ocrx_word' id='word_1_257' title='bbox 1987 3478 2420 3536; x_wconf 89' lang='lat' dir='ltr'><strong>subdiaconus.</strong></span> <span class='ocrx_word' id='word_1_258' title='bbox 2756 3482 2924 3549; x_wconf 85' lang='lat' dir='ltr'><strong>Hugo</strong></span> <span class='ocrx_word' id='word_1_259' title='bbox 2963 3478 3395 3535; x_wconf 87' lang='lat' dir='ltr'><strong>subdiaconus.</strong></span> 
     </span>
    </p>
   </div>
   <div class='ocr_carea' id='block_1_39' title="bbox 388 3567 3380 3642">
    <p class='ocr_par' dir='ltr' id='par_1_39' title="bbox 388 3567 3380 3642">
     <span class='ocr_line' id='line_1_41' title="bbox 388 3567 3380 3642; baseline -0.002 -15"><span class='ocrx_word' id='word_1_260' title='bbox 388 3569 760 3627; x_wconf 87' lang='lat' dir='ltr'><strong>Thietbertus</strong></span> <span class='ocrx_word' id='word_1_261' title='bbox 793 3569 1223 3625; x_wconf 89' lang='lat' dir='ltr'><strong>subdiaconus.</strong></span> <span class='ocrx_word' id='word_1_262' title='bbox 1573 3568 1736 3628; x_wconf 90' lang='lat' dir='ltr'><strong>Bodo</strong></span> <span class='ocrx_word' id='word_1_263' title='bbox 1785 3567 2216 3626; x_wconf 89' lang='lat' dir='ltr'><strong>subdiaconus.</strong></span> <span class='ocrx_word' id='word_1_264' title='bbox 2636 3629 2647 3641; x_wconf 66' lang='grc'><em>,</em></span> <span class='ocrx_word' id='word_1_265' title='bbox 2754 3573 2917 3642; x_wconf 87' lang='lat' dir='ltr'><strong>Popo</strong></span> <span class='ocrx_word' id='word_1_266' title='bbox 2946 3568 3380 3625; x_wconf 87' lang='lat' dir='ltr'><strong>subdiaconus.</strong></span> 
     </span>
    </p>
   </div>
   <div class='ocr_carea' id='block_1_40' title="bbox 388 3656 3431 3719">
    <p class='ocr_par' dir='ltr' id='par_1_40' title="bbox 388 3656 3431 3719">
     <span class='ocr_line' id='line_1_42' title="bbox 388 3656 3431 3719; baseline -0.001 -4"><span class='ocrx_word' id='word_1_267' title='bbox 388 3660 748 3716; x_wconf 88' lang='lat' dir='ltr'><strong>Wernherus</strong></span> <span class='ocrx_word' id='word_1_268' title='bbox 780 3658 1211 3715; x_wconf 90' lang='lat' dir='ltr'><strong>subdiaconus.</strong></span> <span class='ocrx_word' id='word_1_269' title='bbox 1571 3657 1957 3719; x_wconf 87' lang='lat' dir='ltr'><strong>Thiodericus</strong></span> <span class='ocrx_word' id='word_1_270' title='bbox 1987 3657 2418 3715; x_wconf 89' lang='lat' dir='ltr'><strong>subdiaconus.</strong></span> <span class='ocrx_word' id='word_1_271' title='bbox 2757 3661 2969 3715; x_wconf 91' lang='lat' dir='ltr'><strong>Werno</strong></span> <span class='ocrx_word' id='word_1_272' title='bbox 3000 3656 3431 3715; x_wconf 87' lang='lat' dir='ltr'><strong>subdiaconus.</strong></span> 
     </span>
    </p>
   </div>
   <div class='ocr_carea' id='block_1_41' title="bbox 388 3746 3396 3817">
    <p class='ocr_par' dir='ltr' id='par_1_41' title="bbox 388 3746 3396 3817">
     <span class='ocr_line' id='line_1_43' title="bbox 388 3746 3396 3817; baseline -0.002 -10"><span class='ocrx_word' id='word_1_273' title='bbox 388 3748 702 3807; x_wconf 85' lang='lat' dir='ltr'><strong>Huboldus</strong></span> <span class='ocrx_word' id='word_1_274' title='bbox 744 3748 1174 3805; x_wconf 88' lang='lat' dir='ltr'><strong>subdiaconus.</strong></span> <span class='ocrx_word' id='word_1_275' title='bbox 1574 3748 1811 3807; x_wconf 85' lang='lat' dir='ltr'><strong>Beneko</strong></span> <span class='ocrx_word' id='word_1_276' title='bbox 1852 3746 2284 3804; x_wconf 88' lang='lat' dir='ltr'><strong>subdiaconus.</strong></span> <span class='ocrx_word' id='word_1_277' title='bbox 2760 3747 3060 3817; x_wconf 89' lang='lat' dir='ltr'><strong>Sigebodo</strong></span> <span class='ocrx_word' id='word_1_278' title='bbox 3089 3746 3396 3815; x_wconf 85' lang='lat' dir='ltr'><strong>accolitus.</strong></span> 
     </span>
    </p>
   </div>
   <div class='ocr_carea' id='block_1_42' title="bbox 390 3835 3403 3903">
    <p class='ocr_par' dir='ltr' id='par_1_42' title="bbox 390 3835 3403 3903">
     <span class='ocr_line' id='line_1_44' title="bbox 390 3835 3403 3903; baseline -0.001 -8"><span class='ocrx_word' id='word_1_279' title='bbox 390 3839 715 3895; x_wconf 85' lang='lat' dir='ltr'><strong>Volcherus</strong></span> <span class='ocrx_word' id='word_1_280' title='bbox 744 3838 1052 3895; x_wconf 90' lang='lat' dir='ltr'><strong>accolitus.</strong></span> <span class='ocrx_word' id='word_1_281' title='bbox 1576 3836 1885 3896; x_wconf 84' lang='lat' dir='ltr'><strong>Heinricus</strong></span> <span class='ocrx_word' id='word_1_282' title='bbox 1917 3835 2228 3895; x_wconf 89' lang='lat' dir='ltr'><strong>accolitus.</strong></span> <span class='ocrx_word' id='word_1_283' title='bbox 2758 3836 3068 3893; x_wconf 89' lang='lat' dir='ltr'><strong>Heinricus</strong></span> <span class='ocrx_word' id='word_1_284' title='bbox 3094 3835 3403 3903; x_wconf 87' lang='lat' dir='ltr'><strong>accolitus.</strong></span> 
     </span>
    </p>
   </div>
   <div class='ocr_carea' id='block_1_43' title="bbox 390 3924 3439 3995">
    <p class='ocr_par' dir='ltr' id='par_1_43' title="bbox 390 3924 3439 3995">
     <span class='ocr_line' id='line_1_45' title="bbox 390 3924 3439 3995; baseline -0.001 -11"><span class='ocrx_word' id='word_1_285' title='bbox 390 3926 672 3984; x_wconf 81' lang='lat' dir='ltr'><strong>Alfardus</strong></span> <span class='ocrx_word' id='word_1_286' title='bbox 701 3926 1006 3983; x_wconf 91' lang='lat' dir='ltr'><strong>accolitus.</strong></span> <span class='ocrx_word' id='word_1_287' title='bbox 1201 3990 1206 3995; x_wconf 47' lang='grc'><em>,</em></span> <span class='ocrx_word' id='word_1_288' title='bbox 1574 3932 1952 3985; x_wconf 83' lang='lat' dir='ltr'><strong>Hermannus</strong></span> <span class='ocrx_word' id='word_1_289' title='bbox 1978 3925 2285 3983; x_wconf 88' lang='lat' dir='ltr'><strong>accolitus.</strong></span> <span class='ocrx_word' id='word_1_290' title='bbox 2736 3926 3141 3995; x_wconf 36' lang='lat' dir='ltr'><strong>,Burchardus</strong></span> <span class='ocrx_word' id='word_1_291' title='bbox 3172 3924 3439 3982; x_wconf 89' lang='lat' dir='ltr'><strong>scolaris.</strong></span> 
     </span>
    </p>
   </div>
   <div class='ocr_carea' id='block_1_44' title="bbox 393 4014 2172 4075">
    <p class='ocr_par' dir='ltr' id='par_1_44' title="bbox 393 4014 2172 4075">
     <span class='ocr_line' id='line_1_46' title="bbox 393 4014 2172 4075; baseline -0.001 -3"><span class='ocrx_word' id='word_1_292' title='bbox 393 4014 750 4072; x_wconf 88' lang='lat' dir='ltr'><strong>Godefridus</strong></span> <span class='ocrx_word' id='word_1_293' title='bbox 775 4015 1045 4071; x_wconf 88' lang='lat' dir='ltr'><strong>scolaris.</strong></span> <span class='ocrx_word' id='word_1_294' title='bbox 1574 4016 1879 4075; x_wconf 72' lang='lat' dir='ltr'><strong>Iohannes</strong></span> <span class='ocrx_word' id='word_1_295' title='bbox 1905 4014 2172 4072; x_wconf 91' lang='lat' dir='ltr'><strong>scolaris.</strong></span> 
     </span>
    </p>
   </div>
   <div class='ocr_carea' id='block_1_45' title="bbox 393 4103 2178 4165">
    <p class='ocr_par' dir='ltr' id='par_1_45' title="bbox 393 4103 2178 4165">
     <span class='ocr_line' id='line_1_47' title="bbox 393 4103 2178 4165; baseline -0.001 -3"><span class='ocrx_word' id='word_1_296' title='bbox 393 4103 789 4162; x_wconf 87' lang='lat' dir='ltr'><strong>Thiethardus</strong></span> <span class='ocrx_word' id='word_1_297' title='bbox 821 4103 1086 4161; x_wconf 89' lang='lat' dir='ltr'><strong>scolaris.</strong></span> <span class='ocrx_word' id='word_1_298' title='bbox 1577 4106 1883 4165; x_wconf 88' lang='lat' dir='ltr'><strong>Odelricus</strong></span> <span class='ocrx_word' id='word_1_299' title='bbox 1913 4104 2178 4163; x_wconf 85' lang='lat' dir='ltr'><strong>scolaris.</strong></span> 
     </span>
    </p>
   </div>
   <div class='ocr_carea' id='block_1_46' title="bbox 468 4306 3183 4381">
    <p class='ocr_par' dir='ltr' id='par_1_46' title="bbox 468 4306 3183 4381">
     <span class='ocr_line' id='line_1_48' title="bbox 468 4306 3183 4381; baseline 0.001 -18"><span class='ocrx_word' id='word_1_300' title='bbox 468 4307 780 4381; x_wconf 86' lang='lat' dir='ltr'><strong>Pyppinus</strong></span> <span class='ocrx_word' id='word_1_301' title='bbox 806 4306 965 4364; x_wconf 86' lang='lat' dir='ltr'><strong>ﬁlius</strong></span> <span class='ocrx_word' id='word_1_302' title='bbox 994 4307 1220 4381; x_wconf 79' lang='lat' dir='ltr'><strong>Angysi</strong></span> <span class='ocrx_word' id='word_1_303' title='bbox 1244 4308 1419 4365; x_wconf 89' lang='lat' dir='ltr'><strong>annis</strong></span> <span class='ocrx_word' id='word_1_304' title='bbox 1446 4313 1515 4367; x_wconf 84' lang='lat'><strong>25</strong></span> <span class='ocrx_word' id='word_1_305' title='bbox 1542 4310 1835 4381; x_wconf 81' lang='lat' dir='ltr'><strong>regnavit.</strong></span> <span class='ocrx_word' id='word_1_306' title='bbox 2100 4318 2147 4370; x_wconf 77' lang='grc' dir='ltr'><strong>Α</strong></span> <span class='ocrx_word' id='word_1_307' title='bbox 2248 4310 2598 4369; x_wconf 85' lang='lat' dir='ltr'><strong>Lodewicus</strong></span> <span class='ocrx_word' id='word_1_308' title='bbox 2622 4310 2800 4367; x_wconf 89' lang='lat' dir='ltr'><strong>annis</strong></span> <span class='ocrx_word' id='word_1_309' title='bbox 2829 4317 2859 4366; x_wconf 88' lang='grc'><strong>7</strong></span> <span class='ocrx_word' id='word_1_310' title='bbox 2890 4309 3183 4380; x_wconf 83' lang='lat' dir='ltr'><strong>regnavit.</strong></span> 
     </span>
    </p>
   </div>
   <div class='ocr_carea' id='block_1_47' title="bbox 465 4394 3210 4477">
    <p class='ocr_par' dir='ltr' id='par_1_47' title="bbox 465 4394 3210 4477">
     <span class='ocr_line' id='line_1_49' title="bbox 465 4394 3210 4477; baseline 0 -25"><span class='ocrx_word' id='word_1_311' title='bbox 465 4395 724 4452; x_wconf 85' lang='lat' dir='ltr'><strong>Karolus</strong></span> <span class='ocrx_word' id='word_1_312' title='bbox 755 4394 914 4452; x_wconf 85' lang='lat' dir='ltr'><strong>ﬁlius</strong></span> <span class='ocrx_word' id='word_1_313' title='bbox 945 4397 1076 4469; x_wconf 85' lang='lat' dir='ltr'><strong>ejus</strong></span> <span class='ocrx_word' id='word_1_314' title='bbox 1102 4396 1279 4454; x_wconf 89' lang='lat' dir='ltr'><strong>annis</strong></span> <span class='ocrx_word' id='word_1_315' title='bbox 1301 4401 1370 4454; x_wconf 87' lang='lat'><strong>25</strong></span> <span class='ocrx_word' id='word_1_316' title='bbox 1394 4399 1690 4471; x_wconf 78' lang='lat' dir='ltr'><strong>regnavit.</strong></span> <span class='ocrx_word' id='word_1_317' title='bbox 2248 4400 2560 4459; x_wconf 87' lang='lat' dir='ltr'><strong>Conradus</strong></span> <span class='ocrx_word' id='word_1_318' title='bbox 2584 4400 2761 4457; x_wconf 90' lang='lat' dir='ltr'><strong>annis</strong></span> <span class='ocrx_word' id='word_1_319' title='bbox 2782 4404 2852 4456; x_wconf 89' lang='lat'><strong>20</strong></span> <span class='ocrx_word' id='word_1_320' title='bbox 2880 4399 3171 4469; x_wconf 83' lang='lat' dir='ltr'><strong>regnavit.</strong></span> <span class='ocrx_word' id='word_1_321' title='bbox 3202 4469 3210 4477; x_wconf 84' lang='lat'><strong>_</strong></span> 
     </span>
    </p>
   </div>
   <div class='ocr_carea' id='block_1_48' title="bbox 467 4485 3185 4565">
    <p class='ocr_par' dir='ltr' id='par_1_48' title="bbox 467 4485 3185 4565">
     <span class='ocr_line' id='line_1_50' title="bbox 467 4485 3185 4565; baseline 0 -23"><span class='ocrx_word' id='word_1_322' title='bbox 467 4485 775 4560; x_wconf 85' lang='lat' dir='ltr'><strong>Pyppinus</strong></span> <span class='ocrx_word' id='word_1_323' title='bbox 803 4486 978 4544; x_wconf 91' lang='lat' dir='ltr'><strong>annis</strong></span> <span class='ocrx_word' id='word_1_324' title='bbox 1011 4491 1079 4543; x_wconf 90' lang='lat'><strong>27</strong></span> <span class='ocrx_word' id='word_1_325' title='bbox 1115 4487 1412 4558; x_wconf 83' lang='lat' dir='ltr'><strong>regnavit.</strong></span> <span class='ocrx_word' id='word_1_326' title='bbox 2245 4488 2576 4562; x_wconf 86' lang='lat' dir='ltr'><strong>Heynricus</strong></span> <span class='ocrx_word' id='word_1_327' title='bbox 2594 4489 2771 4546; x_wconf 90' lang='lat' dir='ltr'><strong>annis</strong></span> <span class='ocrx_word' id='word_1_328' title='bbox 2798 4493 2865 4545; x_wconf 88' lang='lat'><strong>36</strong></span> <span class='ocrx_word' id='word_1_329' title='bbox 2891 4487 3185 4565; x_wconf 85' lang='lat' dir='ltr'><strong>regnavit.</strong></span> 
     </span>
    </p>
   </div>
   <div class='ocr_carea' id='block_1_49' title="bbox 468 4576 3848 4651">
    <p class='ocr_par' dir='ltr' id='par_1_49' title="bbox 468 4576 3848 4651">
     <span class='ocr_line' id='line_1_51' title="bbox 468 4576 3848 4651; baseline 0.001 -21"><span class='ocrx_word' id='word_1_330' title='bbox 468 4576 724 4632; x_wconf 88' lang='lat' dir='ltr'><strong>Karolus</strong></span> <span class='ocrx_word' id='word_1_331' title='bbox 754 4579 1002 4649; x_wconf 88' lang='lat' dir='ltr'><strong>Magnus</strong></span> <span class='ocrx_word' id='word_1_332' title='bbox 1034 4576 1210 4633; x_wconf 90' lang='lat' dir='ltr'><strong>annis</strong></span> <span class='ocrx_word' id='word_1_333' title='bbox 1241 4581 1308 4635; x_wconf 82' lang='grc'>47</span> <span class='ocrx_word' id='word_1_334' title='bbox 1340 4578 1633 4649; x_wconf 86' lang='lat' dir='ltr'><strong>regnavit.</strong></span> <span class='ocrx_word' id='word_1_335' title='bbox 1663 4577 1768 4636; x_wconf 87' lang='lat' dir='ltr'><strong>Cui</strong></span> <span class='ocrx_word' id='word_1_336' title='bbox 1805 4579 1924 4635; x_wconf 93' lang='lat' dir='ltr'><strong>Leo</strong></span> <span class='ocrx_word' id='word_1_337' title='bbox 1955 4582 2065 4635; x_wconf 87' lang='lat' dir='ltr'><strong>ter-</strong></span> <span class='ocrx_word' id='word_1_338' title='bbox 2245 4582 2378 4637; x_wconf 90' lang='lat' dir='ltr'><strong>Otto</strong></span> <span class='ocrx_word' id='word_1_339' title='bbox 2399 4579 2575 4636; x_wconf 91' lang='lat' dir='ltr'><strong>annis</strong></span> <span class='ocrx_word' id='word_1_340' title='bbox 2594 4579 2652 4634; x_wconf 77' lang='lat' dir='ltr'><strong>tl</strong></span> <span class='ocrx_word' id='word_1_341' title='bbox 2680 4579 2973 4648; x_wconf 86' lang='lat' dir='ltr'><strong>regnavit.</strong></span> <span class='ocrx_word' id='word_1_342' title='bbox 2997 4578 3107 4643; x_wconf 80' lang='lat' dir='ltr'><strong>Qui</strong></span> <span class='ocrx_word' id='word_1_343' title='bbox 3121 4576 3697 4648; x_wconf 82' lang='lat' dir='ltr'><strong>Magdeburgensem</strong></span> <span class='ocrx_word' id='word_1_344' title='bbox 3722 4578 3848 4651; x_wconf 87' lang='lat' dir='ltr'><strong>epi-</strong></span> 
     </span>
    </p>
   </div>
   <div class='ocr_carea' id='block_1_50' title="bbox 397 4664 3842 4747">
    <p class='ocr_par' dir='ltr' id='par_1_50' title="bbox 397 4664 3842 4747">
     <span class='ocr_line' id='line_1_52' title="bbox 397 4664 3842 4747; baseline 0 -25"><span class='ocrx_word' id='word_1_345' title='bbox 397 4666 535 4733; x_wconf 89' lang='lat' dir='ltr'><strong>tius,</strong></span> <span class='ocrx_word' id='word_1_346' title='bbox 566 4665 671 4739; x_wconf 90' lang='lat' dir='ltr'><strong>qui</strong></span> <span class='ocrx_word' id='word_1_347' title='bbox 700 4666 917 4723; x_wconf 88' lang='lat' dir='ltr'><strong>dicitur</strong></span> <span class='ocrx_word' id='word_1_348' title='bbox 937 4670 1286 4735; x_wconf 85' lang='lat' dir='ltr'><strong>Excecatus,</strong></span> <span class='ocrx_word' id='word_1_349' title='bbox 1315 4666 1606 4740; x_wconf 88' lang='lat' dir='ltr'><strong>imposuit</strong></span> <span class='ocrx_word' id='word_1_350' title='bbox 1631 4683 1921 4724; x_wconf 87' lang='lat' dir='ltr'><strong>coronam</strong></span> <span class='ocrx_word' id='word_1_351' title='bbox 1950 4668 2065 4723; x_wconf 89' lang='lat' dir='ltr'><strong>im-</strong></span> <span class='ocrx_word' id='word_1_352' title='bbox 2175 4673 2495 4744; x_wconf 78' lang='lat' dir='ltr'><strong>scopatum</strong></span> <span class='ocrx_word' id='word_1_353' title='bbox 2521 4684 2662 4726; x_wconf 92' lang='lat' dir='ltr'><strong>cum</strong></span> <span class='ocrx_word' id='word_1_354' title='bbox 2692 4668 2815 4723; x_wconf 87' lang='lat' dir='ltr'><strong>suis</strong></span> <span class='ocrx_word' id='word_1_355' title='bbox 2836 4665 3235 4743; x_wconf 75' lang='lat' dir='ltr'><strong>sutfraganeis</strong></span> <span class='ocrx_word' id='word_1_356' title='bbox 3268 4665 3535 4738; x_wconf 85' lang='lat' dir='ltr'><strong>quinque</strong></span> <span class='ocrx_word' id='word_1_357' title='bbox 3567 4664 3842 4747; x_wconf 58' lang='lat' dir='ltr'><strong>instituit:</strong></span> 
     </span>
    </p>
   </div>
   <div class='ocr_carea' id='block_1_51' title="bbox 397 4756 2988 4832">
    <p class='ocr_par' dir='ltr' id='par_1_51' title="bbox 397 4756 2988 4832">
     <span class='ocr_line' id='line_1_53' title="bbox 397 4756 2988 4832; baseline -0 -20"><span class='ocrx_word' id='word_1_358' title='bbox 397 4756 548 4830; x_wconf 89' lang='lat' dir='ltr'><strong>perii</strong></span> <span class='ocrx_word' id='word_1_359' title='bbox 573 4760 775 4814; x_wconf 79' lang='lat' dir='ltr'><strong>Romae</strong></span> <span class='ocrx_word' id='word_1_360' title='bbox 806 4761 863 4813; x_wconf 90' lang='lat' dir='ltr'><strong>et</strong></span> <span class='ocrx_word' id='word_1_361' title='bbox 881 4756 1092 4814; x_wconf 90' lang='lat' dir='ltr'><strong>laudes</strong></span> <span class='ocrx_word' id='word_1_362' title='bbox 1115 4779 1142 4809; x_wconf 89' lang='grc'><strong>‹‹</strong></span> <span class='ocrx_word' id='word_1_363' title='bbox 1177 4758 1445 4814; x_wconf 87' lang='lat' dir='ltr'><strong>Christus</strong></span> <span class='ocrx_word' id='word_1_364' title='bbox 1470 4757 1655 4815; x_wconf 91' lang='lat' dir='ltr'><strong>vincit</strong></span> <span class='ocrx_word' id='word_1_365' title='bbox 1686 4779 1713 4808; x_wconf 85' lang='lat'><strong>»</strong></span> <span class='ocrx_word' id='word_1_366' title='bbox 1762 4774 1874 4831; x_wconf 91' lang='lat' dir='ltr'><strong>pro</strong></span> <span class='ocrx_word' id='word_1_367' title='bbox 1904 4774 2068 4832; x_wconf 91' lang='lat' dir='ltr'><strong>papa</strong></span> <span class='ocrx_word' id='word_1_368' title='bbox 2248 4761 2381 4816; x_wconf 87' lang='lat' dir='ltr'><strong>Otto</strong></span> <span class='ocrx_word' id='word_1_369' title='bbox 2402 4758 2579 4815; x_wconf 91' lang='lat' dir='ltr'><strong>annis</strong></span> <span class='ocrx_word' id='word_1_370' title='bbox 2604 4758 2667 4813; x_wconf 85' lang='lat'><strong>18</strong></span> <span class='ocrx_word' id='word_1_371' title='bbox 2697 4756 2988 4828; x_wconf 87' lang='lat' dir='ltr'><strong>regnavit.</strong></span> 
     </span>
    </p>
   </div>
   <div class='ocr_carea' id='block_1_52' title="bbox 400 4846 3003 4921">
    <p class='ocr_par' dir='ltr' id='par_1_52' title="bbox 400 4846 3003 4921">
     <span class='ocr_line' id='line_1_54' title="bbox 400 4846 3003 4921; baseline -0.002 -16"><span class='ocrx_word' id='word_1_372' title='bbox 400 4852 458 4905; x_wconf 88' lang='lat' dir='ltr'><strong>et</strong></span> <span class='ocrx_word' id='word_1_373' title='bbox 481 4847 723 4917; x_wconf 88' lang='lat' dir='ltr'><strong>regibus</strong></span> <span class='ocrx_word' id='word_1_374' title='bbox 753 4850 811 4904; x_wconf 91' lang='lat' dir='ltr'><strong>et</strong></span> <span class='ocrx_word' id='word_1_375' title='bbox 838 4846 1211 4921; x_wconf 89' lang='lat' dir='ltr'><strong>principibus</strong></span> <span class='ocrx_word' id='word_1_376' title='bbox 1237 4846 1527 4905; x_wconf 87' lang='lat' dir='ltr'><strong>dicendas</strong></span> <span class='ocrx_word' id='word_1_377' title='bbox 1552 4847 1802 4905; x_wconf 90' lang='lat' dir='ltr'><strong>instituit</strong></span> <span class='ocrx_word' id='word_1_378' title='bbox 1852 4848 1913 4904; x_wconf 93' lang='lat' dir='ltr'><strong>in</strong></span> <span class='ocrx_word' id='word_1_379' title='bbox 1971 4846 2067 4904; x_wconf 87' lang='lat' dir='ltr'><strong>die</strong></span> <span class='ocrx_word' id='word_1_380' title='bbox 2247 4850 2381 4906; x_wconf 86' lang='lat' dir='ltr'><strong>Otto</strong></span> <span class='ocrx_word' id='word_1_381' title='bbox 2410 4847 2585 4904; x_wconf 90' lang='lat' dir='ltr'><strong>annis</strong></span> <span class='ocrx_word' id='word_1_382' title='bbox 2612 4851 2680 4904; x_wconf 86' lang='lat'><strong>23</strong></span> <span class='ocrx_word' id='word_1_383' title='bbox 2711 4846 3003 4917; x_wconf 90' lang='lat' dir='ltr'><strong>regnavit.</strong></span> 
     </span>
    </p>
   </div>
   <div class='ocr_carea' id='block_1_53' title="bbox 399 4934 3844 5015">
    <p class='ocr_par' dir='ltr' id='par_1_53' title="bbox 399 4934 3844 5015">
     <span class='ocr_line' id='line_1_55' title="bbox 399 4934 3844 5015; baseline -0.001 -22"><span class='ocrx_word' id='word_1_384' title='bbox 399 4937 793 4994; x_wconf 87' lang='lat' dir='ltr'><strong>ordinationis</strong></span> <span class='ocrx_word' id='word_1_385' title='bbox 825 4954 969 4993; x_wconf 67' lang='lat' dir='ltr'><strong>suae.</strong></span> <span class='ocrx_word' id='word_1_386' title='bbox 2022 5012 2027 5015; x_wconf 95' lang='lat'><em>_</em></span> <span class='ocrx_word' id='word_1_387' title='bbox 2248 4938 2576 5012; x_wconf 86' lang='lat' dir='ltr'><strong>Heynricus</strong></span> <span class='ocrx_word' id='word_1_388' title='bbox 2605 4936 2781 4995; x_wconf 80' lang='lat' dir='ltr'><strong>annis</strong></span> <span class='ocrx_word' id='word_1_389' title='bbox 2825 4938 2886 4992; x_wconf 80' lang='grc'><strong>14</strong></span> <span class='ocrx_word' id='word_1_390' title='bbox 2915 4936 3204 5005; x_wconf 85' lang='lat' dir='ltr'><strong>regnavit.</strong></span> <span class='ocrx_word' id='word_1_391' title='bbox 3242 4936 3350 5001; x_wconf 88' lang='lat' dir='ltr'><strong>Qui</strong></span> <span class='ocrx_word' id='word_1_392' title='bbox 3386 4934 3844 5005; x_wconf 87' lang='lat' dir='ltr'><strong>Bavenbergen-</strong></span> 
     </span>
    </p>
   </div>
   <div class='ocr_carea' id='block_1_54' title="bbox 398 5026 3041 5102">
    <p class='ocr_par' dir='ltr' id='par_1_54' title="bbox 398 5026 3041 5102">
     <span class='ocr_line' id='line_1_56' title="bbox 398 5026 3041 5102; baseline -0.001 -19"><span class='ocrx_word' id='word_1_393' title='bbox 398 5091 406 5099; x_wconf 42' lang='grc'><em>,</em></span> <span class='ocrx_word' id='word_1_394' title='bbox 474 5027 823 5083; x_wconf 88' lang='lat' dir='ltr'><strong>Lodewicus</strong></span> <span class='ocrx_word' id='word_1_395' title='bbox 856 5026 1015 5083; x_wconf 79' lang='lat' dir='ltr'><strong>ﬁlius</strong></span> <span class='ocrx_word' id='word_1_396' title='bbox 1044 5027 1176 5098; x_wconf 90' lang='lat' dir='ltr'><strong>ejus</strong></span> <span class='ocrx_word' id='word_1_397' title='bbox 1208 5026 1384 5084; x_wconf 91' lang='lat' dir='ltr'><strong>annis</strong></span> <span class='ocrx_word' id='word_1_398' title='bbox 1423 5030 1491 5083; x_wconf 94' lang='lat'><strong>26</strong></span> <span class='ocrx_word' id='word_1_399' title='bbox 1521 5027 1813 5099; x_wconf 89' lang='lat' dir='ltr'><strong>regnavit.</strong></span> <span class='ocrx_word' id='word_1_400' title='bbox 2178 5045 2307 5086; x_wconf 91' lang='lat' dir='ltr'><strong>sem</strong></span> <span class='ocrx_word' id='word_1_401' title='bbox 2327 5028 2745 5102; x_wconf 88' lang='lat' dir='ltr'><strong>episcopatum</strong></span> <span class='ocrx_word' id='word_1_402' title='bbox 2773 5026 3041 5083; x_wconf 88' lang='lat' dir='ltr'><strong>instituit.</strong></span> 
     </span>
    </p>
   </div>
   <div class='ocr_carea' id='block_1_55' title="bbox 474 5115 3763 5189">
    <p class='ocr_par' dir='ltr' id='par_1_55' title="bbox 474 5115 3763 5189">
     <span class='ocr_line' id='line_1_57' title="bbox 474 5115 3763 5189; baseline -0.001 -16"><span class='ocrx_word' id='word_1_403' title='bbox 474 5116 824 5175; x_wconf 84' lang='lat' dir='ltr'><strong>Lodewicus</strong></span> <span class='ocrx_word' id='word_1_404' title='bbox 854 5117 1030 5174; x_wconf 89' lang='lat' dir='ltr'><strong>annis</strong></span> <span class='ocrx_word' id='word_1_405' title='bbox 1062 5121 1129 5173; x_wconf 85' lang='lat'><strong>35</strong></span> <span class='ocrx_word' id='word_1_406' title='bbox 1159 5117 1451 5189; x_wconf 88' lang='lat' dir='ltr'><strong>regnavit.</strong></span> <span class='ocrx_word' id='word_1_407' title='bbox 2250 5116 2562 5176; x_wconf 90' lang='lat' dir='ltr'><strong>Conradus</strong></span> <span class='ocrx_word' id='word_1_408' title='bbox 2590 5115 2766 5175; x_wconf 87' lang='lat' dir='ltr'><strong>annis</strong></span> <span class='ocrx_word' id='word_1_409' title='bbox 2799 5120 2861 5171; x_wconf 76' lang='lat' dir='ltr'><strong>t7</strong></span> <span class='ocrx_word' id='word_1_410' title='bbox 2894 5121 2951 5172; x_wconf 91' lang='lat' dir='ltr'><strong>et</strong></span> <span class='ocrx_word' id='word_1_411' title='bbox 2983 5130 3221 5171; x_wconf 90' lang='lat' dir='ltr'><strong>menses</strong></span> <span class='ocrx_word' id='word_1_412' title='bbox 3251 5119 3304 5171; x_wconf 87' lang='lat'><strong>6.</strong></span> <span class='ocrx_word' id='word_1_413' title='bbox 3760 5184 3763 5187; x_wconf 6' lang='grc' dir='ltr'>ἤ</span> 
     </span>
    </p>
   </div>
   <div class='ocr_carea' id='block_1_56' title="bbox 478 5203 3842 5282">
    <p class='ocr_par' dir='ltr' id='par_1_56' title="bbox 478 5203 3842 5282">
     <span class='ocr_line' id='line_1_58' title="bbox 478 5203 3842 5282; baseline -0.001 -19"><span class='ocrx_word' id='word_1_414' title='bbox 478 5207 827 5264; x_wconf 83' lang='lat' dir='ltr'><strong>Lodewicus</strong></span> <span class='ocrx_word' id='word_1_415' title='bbox 860 5207 1037 5265; x_wconf 87' lang='lat' dir='ltr'><strong>annis</strong></span> <span class='ocrx_word' id='word_1_416' title='bbox 1064 5211 1130 5264; x_wconf 87' lang='lat'><strong>35</strong></span> <span class='ocrx_word' id='word_1_417' title='bbox 1152 5207 1446 5279; x_wconf 87' lang='lat' dir='ltr'><strong>regnavit.</strong></span> <span class='ocrx_word' id='word_1_418' title='bbox 2252 5207 2579 5282; x_wconf 87' lang='lat' dir='ltr'><strong>Heynricus</strong></span> <span class='ocrx_word' id='word_1_419' title='bbox 2604 5207 2651 5241; x_wconf 89' lang='grc'><strong>¹⁰</strong></span> <span class='ocrx_word' id='word_1_420' title='bbox 2679 5205 2856 5262; x_wconf 88' lang='lat' dir='ltr'><strong>annis</strong></span> <span class='ocrx_word' id='word_1_421' title='bbox 2886 5209 2955 5262; x_wconf 91' lang='lat'><strong>26</strong></span> <span class='ocrx_word' id='word_1_422' title='bbox 2977 5210 3034 5261; x_wconf 91' lang='lat' dir='ltr'><strong>et</strong></span> <span class='ocrx_word' id='word_1_423' title='bbox 3081 5220 3326 5262; x_wconf 88' lang='lat' dir='ltr'><strong>menses</strong></span> <span class='ocrx_word' id='word_1_424' title='bbox 3351 5207 3405 5260; x_wconf 75' lang='grc'><strong>4.</strong></span> <span class='ocrx_word' id='word_1_425' title='bbox 3468 5203 3579 5270; x_wconf 84' lang='lat' dir='ltr'><strong>Qui</strong></span> <span class='ocrx_word' id='word_1_426' title='bbox 3636 5203 3842 5261; x_wconf 80' lang='lat' dir='ltr'><strong>Cosla-</strong></span> 
     </span>
    </p>
   </div>
   <div class='ocr_carea' id='block_1_57' title="bbox 479 5292 3610 5371">
    <p class='ocr_par' dir='ltr' id='par_1_57' title="bbox 479 5292 3610 5371">
     <span class='ocr_line' id='line_1_59' title="bbox 479 5292 3610 5371; baseline -0.001 -20"><span class='ocrx_word' id='word_1_427' title='bbox 479 5296 826 5353; x_wconf 82' lang='lat' dir='ltr'><strong>Lodewicus</strong></span> <span class='ocrx_word' id='word_1_428' title='bbox 858 5298 1033 5354; x_wconf 90' lang='lat' dir='ltr'><strong>annis</strong></span> <span class='ocrx_word' id='word_1_429' title='bbox 1063 5300 1094 5353; x_wconf 90' lang='lat'><strong>6</strong></span> <span class='ocrx_word' id='word_1_430' title='bbox 1121 5296 1415 5369; x_wconf 88' lang='lat' dir='ltr'><strong>regnavit,</strong></span> <span class='ocrx_word' id='word_1_431' title='bbox 2178 5298 2437 5356; x_wconf 89' lang='lat' dir='ltr'><strong>riensem</strong></span> <span class='ocrx_word' id='word_1_432' title='bbox 2461 5295 2990 5371; x_wconf 87' lang='lat' dir='ltr'><strong>congregationem</strong></span> <span class='ocrx_word' id='word_1_433' title='bbox 3018 5295 3092 5351; x_wconf 88' lang='lat' dir='ltr'><strong>de</strong></span> <span class='ocrx_word' id='word_1_434' title='bbox 3123 5310 3234 5350; x_wconf 88' lang='lat' dir='ltr'><strong>suo</strong></span> <span class='ocrx_word' id='word_1_435' title='bbox 3262 5292 3610 5350; x_wconf 78' lang='lat' dir='ltr'><strong>construxit.</strong></span> 
     </span>
    </p>
   </div>
   <div class='ocr_carea' id='block_1_58' title="bbox 480 5381 3844 5458">
    <p class='ocr_par' dir='ltr' id='par_1_58' title="bbox 480 5381 3844 5458">
     <span class='ocr_line' id='line_1_60' title="bbox 480 5381 3844 5458; baseline 0.001 -23"><span class='ocrx_word' id='word_1_436' title='bbox 480 5383 735 5439; x_wconf 82' lang='lat' dir='ltr'><strong>Karolus</strong></span> <span class='ocrx_word' id='word_1_437' title='bbox 766 5388 940 5443; x_wconf 89' lang='lat' dir='ltr'><strong>annis</strong></span> <span class='ocrx_word' id='word_1_438' title='bbox 976 5388 1038 5443; x_wconf 88' lang='lat' dir='ltr'><strong>l3</strong></span> <span class='ocrx_word' id='word_1_439' title='bbox 1063 5386 1354 5456; x_wconf 86' lang='lat' dir='ltr'><strong>regnavit.</strong></span> <span class='ocrx_word' id='word_1_440' title='bbox 2252 5385 2598 5458; x_wconf 84' lang='lat' dir='ltr'><strong>Heynricus,</strong></span> <span class='ocrx_word' id='word_1_441' title='bbox 2629 5382 2908 5456; x_wconf 86' lang='lat' dir='ltr'><strong>Heynrici</strong></span> <span class='ocrx_word' id='word_1_442' title='bbox 2935 5381 3110 5453; x_wconf 87' lang='lat' dir='ltr'><strong>ﬁlius,</strong></span> <span class='ocrx_word' id='word_1_443' title='bbox 3126 5387 3379 5456; x_wconf 88' lang='lat' dir='ltr'><strong>quartus</strong></span> <span class='ocrx_word' id='word_1_444' title='bbox 3400 5399 3504 5438; x_wconf 80' lang='lat' dir='ltr'><strong>rex</strong></span> <span class='ocrx_word' id='word_1_445' title='bbox 3528 5382 3714 5453; x_wconf 89' lang='lat' dir='ltr'><strong>hujus</strong></span> <span class='ocrx_word' id='word_1_446' title='bbox 3737 5398 3844 5438; x_wconf 92' lang='lat' dir='ltr'><strong>no-</strong></span> 
     </span>
    </p>
   </div>
   <div class='ocr_carea' id='block_1_59' title="bbox 481 5470 3845 5547">
    <p class='ocr_par' dir='ltr' id='par_1_59' title="bbox 481 5470 3845 5547">
     <span class='ocr_line' id='line_1_61' title="bbox 481 5470 3845 5547; baseline 0.001 -26"><span class='ocrx_word' id='word_1_447' title='bbox 481 5470 760 5528; x_wconf 81' lang='lat' dir='ltr'><strong>Arnulfus</strong></span> <span class='ocrx_word' id='word_1_448' title='bbox 788 5475 963 5531; x_wconf 89' lang='lat' dir='ltr'><strong>annis</strong></span> <span class='ocrx_word' id='word_1_449' title='bbox 992 5481 1056 5532; x_wconf 88' lang='grc'><strong>12</strong></span> <span class='ocrx_word' id='word_1_450' title='bbox 1082 5476 1371 5547; x_wconf 90' lang='lat' dir='ltr'><strong>regnavit.</strong></span> <span class='ocrx_word' id='word_1_451' title='bbox 2179 5474 2359 5532; x_wconf 88' lang='lat' dir='ltr'><strong>minis</strong></span> <span class='ocrx_word' id='word_1_452' title='bbox 2388 5473 2605 5544; x_wconf 88' lang='lat' dir='ltr'><strong>dictus,</strong></span> <span class='ocrx_word' id='word_1_453' title='bbox 2636 5473 3195 5530; x_wconf 79' lang='lat' dir='ltr'><strong>excommunicatus</strong></span> <span class='ocrx_word' id='word_1_454' title='bbox 3215 5488 3251 5529; x_wconf 92' lang='lat' dir='ltr'><strong>a</strong></span> <span class='ocrx_word' id='word_1_455' title='bbox 3272 5476 3533 5545; x_wconf 87' lang='lat' dir='ltr'><strong>quatuor</strong></span> <span class='ocrx_word' id='word_1_456' title='bbox 3562 5473 3845 5529; x_wconf 76' lang='lat' dir='ltr'><strong>Romanis</strong></span> 
     </span>
    </p>
   </div>
   <div class='ocr_carea' id='block_1_60' title="bbox 1794 5599 2463 5661">
    <p class='ocr_par' dir='ltr' id='par_1_60' title="bbox 1794 5599 2463 5661">
     <span class='ocr_line' id='line_1_62' title="bbox 1794 5599 2463 5661; baseline -0.004 -4"><span class='ocrx_word' id='word_1_457' title='bbox 1794 5604 2024 5661; x_wconf 66' lang='grc' dir='ltr'><strong>νΑΒιΑς</strong></span> <span class='ocrx_word' id='word_1_458' title='bbox 2064 5599 2463 5661; x_wconf 84' lang='lat' dir='ltr'><strong>LECTIONES.</strong></span> 
     </span>
    </p>
   </div>
   <div class='ocr_carea' id='block_1_61' title="bbox 481 5712 2968 5799">
    <p class='ocr_par' dir='ltr' id='par_1_61' title="bbox 481 5712 2968 5799">
     <span class='ocr_line' id='line_1_63' title="bbox 481 5712 2968 5799; baseline 0.006 -28"><span class='ocrx_word' id='word_1_459' title='bbox 481 5712 530 5746; x_wconf 87' lang='grc'><strong>¹⁰</strong></span> <span class='ocrx_word' id='word_1_460' title='bbox 561 5713 884 5783; x_wconf 80' lang='lat' dir='ltr'><strong>Heynricus</strong></span> <span class='ocrx_word' id='word_1_461' title='bbox 911 5736 968 5779; x_wconf 72' lang='grc' dir='ltr'><strong>τι.</strong></span> <span class='ocrx_word' id='word_1_462' title='bbox 1004 5728 1065 5778; x_wconf 81' lang='lat' dir='ltr'><strong>t7</strong></span> <span class='ocrx_word' id='word_1_463' title='bbox 1096 5730 1155 5782; x_wconf 88' lang='lat' dir='ltr'><strong>et</strong></span> <span class='ocrx_word' id='word_1_464' title='bbox 1177 5742 1261 5785; x_wconf 89' lang='lat' dir='ltr'><strong>m.</strong></span> <span class='ocrx_word' id='word_1_465' title='bbox 1291 5731 1348 5787; x_wconf 69' lang='grc'><strong>4.</strong></span> <span class='ocrx_word' id='word_1_466' title='bbox 1379 5730 1594 5787; x_wconf 71' lang='lat' dir='ltr'><strong>desunt</strong></span> <span class='ocrx_word' id='word_1_467' title='bbox 1619 5731 1684 5786; x_wconf 67' lang='lat' dir='ltr'><strong>in</strong></span> <span class='ocrx_word' id='word_1_468' title='bbox 1711 5728 1930 5799; x_wconf 73' lang='lat' dir='ltr'><strong>codice,</strong></span> <span class='ocrx_word' id='word_1_469' title='bbox 1962 5728 2065 5785; x_wconf 77' lang='lat' dir='ltr'><strong>sed</strong></span> <span class='ocrx_word' id='word_1_470' title='bbox 2089 5725 2427 5797; x_wconf 71' lang='lat' dir='ltr'><strong>supplenda</strong></span> <span class='ocrx_word' id='word_1_471' title='bbox 2447 5738 2569 5781; x_wconf 71' lang='lat' dir='ltr'><strong>esse</strong></span> <span class='ocrx_word' id='word_1_472' title='bbox 2587 5722 2968 5783; x_wconf 70' lang='lat' dir='ltr'><strong>videbantur.</strong></span> 
     </span>
    </p>
   </div>
  </div>
