3888 6450
48 362 51 401 ⁵
109 362 231 415 1241

1274 357 1674 414 CHRONICON
1722 353 2350 415 HILDESHEIMENSE.

3396 366 3418 418 1
3428 364 3532 417 242

102 478 477 554 pontiﬁcibus
511 480 790 550 Gregorio
823 482 932 548 VII,
965 485 1022 536 et
1048 480 1272 537 Victore
1304 482 1393 547 III,
1438 482 1677 538 Urbano
1699 479 1744 534 Il
1774 479 1824 532 Α
1862 479 2394 553 Brunesteshusen,
2428 488 2484 538 et
2511 488 2728 556 quarto
2759 488 2898 555 post
2926 484 3055 538 haec
3085 497 3246 538 anno
3273 483 3335 538 in
3382 486 3533 541 Gan-

103 575 157 625 et
184 568 447 625 Paschali
478 572 542 636 ll,
576 584 736 624 anno
766 569 1197 625 incarnationis
1248 570 1569 626 Dominicae
1601 574 1734 625 H07
1746 612 1757 631 ,

104 657 488 715 ordinationis
518 675 641 713 sua:
673 674 834 715 anno
866 664 931 715 53
969 661 1010 693 “
1045 660 1191 716 obiit
1226 662 1287 717 ¹².
1340 660 1625 730 Regnavit
1655 676 1761 716 au-

102 752 218 803 tem
256 751 394 819 post
432 746 662 803 obitum
702 748 890 821 patris
926 748 1118 805 beatis
1155 749 1461 805 memoriae
1494 749 1761 821 Heynrici

102 837 476 910 imperatoris
526 842 611 893 51.
662 841 724 893 ln
774 838 977 907 vigilia
1010 839 1378 912 Epyphaniae
1416 838 1649 895 Domini
1703 840 1763 895 in

101 926 446 997 Inghelhem
477 926 661 996 regali
687 928 853 984 curia
877 928 937 984 in
981 930 1302 1002 praesentia
1330 928 1435 986 ﬁlii
1469 930 1561 985 sui
1608 929 1763 1000 regis

104 1015 373 1087 Heynrici
404 1016 587 1087 hujus
616 1018 881 1073 nominis
911 1018 1126 1091 quinti,
1156 1019 1218 1074 in
1264 1019 1569 1076 audientia
1606 1018 1762 1074 mul-

102 1111 295 1161 torum
350 1106 694 1179 principum
732 1107 921 1176 regni,
977 1109 1081 1180 qui
1129 1108 1206 1165 ab
1250 1126 1321 1165 eo
1366 1109 1765 1165 discesserant

101 1201 339 1269 propter
369 1196 1078 1266 excommunicationem,
1126 1203 1183 1254 et
1234 1199 1425 1255 filium
1456 1215 1635 1255 suum
1676 1216 1765 1254 re-

100 1302 233 1355 gem
260 1284 589 1354 elegerunt,
623 1286 1065 1343 absolutionem
1096 1288 1353 1361 quesivit
1399 1305 1435 1345 a
1482 1287 1764 1344 Romanis

98 1374 303 1445 legatis
346 1374 643 1431 Richardo
690 1375 1019 1432 Albanensi
1063 1381 1119 1432 et
1167 1377 1561 1436 Ghebehardo
1611 1382 1763 1434 Con-

99 1463 427 1529 stantiensi,
459 1468 516 1519 et
545 1480 668 1519 non
699 1465 947 1538 accepit,
980 1471 1036 1522 et
1064 1465 1146 1521 ibi
1177 1482 1464 1523 coronam
1493 1472 1549 1523 et
1571 1471 1766 1523 cetera

99 1551 319 1621 regalia
347 1552 725 1625 principibus
762 1554 1040 1611 reddidit.
1089 1554 1310 1611 Eodem
1343 1573 1503 1613 anno
1534 1563 1586 1612 7.
1622 1557 1763 1611 Idus

96 1642 343 1707 Augusti
373 1642 523 1697 obiit
554 1643 752 1699 Leodii
782 1659 904 1699 non
937 1644 1247 1701 absolutus
1284 1648 1346 1699 ιδ.

172 1736 216 1785 1.
254 1730 509 1785 Karolus
536 1732 863 1804 imperator
882 1749 1164 1805 magnus,
1195 1734 1297 1807 qui
1327 1751 1609 1807 supremo
1633 1735 1763 1790 vitae

1870 568 2159 635 desheim,
2198 573 2265 641 ‘7,
2295 579 2359 628 ut
2387 577 2785 645 prtenotatum
2838 577 2944 642 est,
2972 572 3294 629 inchoavit.
3341 574 3450 639 Qui
3480 579 3537 630 et

1870 661 2197 718 aecclesiam
2218 662 2442 717 ibidem
2464 663 2763 717 aedificare
2790 666 2987 735 coepit,
3014 668 3069 717 et
3091 661 3536 718 Hathamodam

1872 751 2000 821 ejus
2026 750 2195 806 ducis
2221 752 2407 807 ﬁliam
2437 752 2695 825 primam
2726 752 3101 808 abbatissam
3127 750 3351 806 ibidem
3382 751 3538 807 ordi-

1870 841 2054 907 navit,
2086 840 2351 896 decimas
2382 840 2559 896 etiam
2591 857 2661 897 ex
2688 842 3047 914 proprietate
3080 857 3203 896 suae
3248 840 3535 897 azcclesiae

1872 928 2097 985 ibidem
2124 946 2236 1003 pro
2266 930 2604 987 exhibendo
2632 930 2743 987 sibi
2770 930 3090 986 servimine
3135 934 3192 986 et
3241 945 3425 985 censu
3472 930 3535 986 in

1871 1017 2233 1074 beneﬁcium
2249 1020 2537 1092 praestitit,
2560 1024 2616 1075 et
2646 1024 2842 1075 cetera
2869 1019 2951 1075 ibi
2979 1019 3208 1076 Christo
3239 1018 3538 1075 famulan-

1873 1107 2030 1164 tibus
2084 1108 2398 1182 profutura
2445 1125 2517 1165 ex
2564 1126 2675 1165 suo
2706 1113 2958 1182 paterna
3006 1108 3222 1181 pietate
3250 1108 3531 1180 providit.

1874 1198 1986 1263 Qui
2014 1202 2096 1254 18.
2130 1203 2267 1271 post
2282 1214 2444 1253 anno
2474 1198 2851 1255 Hathamoda
2872 1197 3157 1254 defuncta
3172 1196 3536 1266 Gerbergam

1874 1303 2140 1344 sororem
2196 1289 2326 1359 ejus
2386 1287 2761 1344 abbatissam
2819 1287 3135 1343 ordinavit.
3208 1285 3315 1357 (Cf.
3373 1287 3535 1341 Ann.

1872 1379 2129 1449 Hildes.)
2158 1382 2285 1451 Ipse
2308 1377 2488 1433 etiam
2511 1393 2673 1433 anno
2700 1376 3126 1433 incarnationis
3154 1374 3385 1431 Domini
3411 1378 3536 1446 872,

1875 1486 1993 1524 suae
2022 1483 2164 1523 vero
2195 1467 2586 1523 ordinationis
2605 1470 2692 1529 26,
2725 1467 3075 1522 inchoatum
3118 1464 3536 1520 Hildeneshem

1874 1557 2305 1614 monasterium
2356 1559 2474 1612 Deo
2534 1556 2753 1627 gratias
2784 1553 3249 1621 consummavit,
3296 1557 3352 1608 et
3389 1552 3537 1608 divi-

1872 1665 1962 1704 nae
1994 1647 2293 1718 majestati
2322 1646 2381 1702 in
2414 1648 2639 1702 honore
2676 1650 2894 1701 sanctae
2943 1643 3130 1701 Mariae
3182 1641 3295 1698 sub
3347 1641 3536 1714 tytulo

1874 1743 2220 1793 sanctorum
2254 1742 2479 1793 (Zostnae
2515 1741 2570 1791 et
2602 1735 2892 1791 Damiani.
2948 1732 3213 1805 'l‘yburtii
3267 1737 3324 1787 et
3373 1731 3537 1787 Vale-

99 1836 216 1875 suze
270 1825 546 1893 tempore
602 1822 868 1877 Saxones
916 1822 1166 1878 diversis
1204 1823 1505 1896 variisque
1556 1824 1762 1881 conﬂi-
1791 1836 1835 1889 Β
1872 1827 2043 1893 riani,
2090 1831 2147 1881 et
2205 1830 2421 1880 sanctae
2472 1824 2715 1893 virginis
2758 1822 2979 1879 Cecilia:
3021 1820 3398 1877 devotissime
3438 1819 3537 1875 de-

97 1911 285 1965 ctibus
336 1910 707 1967 duodecimo
747 1912 994 1968 demum
1034 1913 1191 1969 bello
1224 1914 1302 1969 ad
1345 1914 1529 1970 ﬁdem
1559 1914 1766 1969 Christi

94 2000 402 2072 compulit,
437 2006 496 2055 et
524 2000 623 2057 Dei
676 2001 897 2057 auxilio
930 2001 1481 2076 episcOporumque
1516 2002 1766 2058 consilio

98 2088 501 2144 Christianam
560 2090 907 2161 religionem
957 2107 1138 2165 super
1183 2108 1285 2147 eos
1337 2092 1763 2159 corroboravit,

96 2177 392 2233 mcclesias
444 2179 668 2235 scilicet
711 2196 817 2253 per
855 2180 988 2237 loca
1022 2181 1447 2247 Patherburne,
1482 2182 1765 2251 Corbeiae,

96 2267 369 2337 Mynden,
403 2268 875 2340 Hyldeneshem,
910 2270 1207 2341 Herstelle,
1240 2276 1297 2326 et
1322 2276 1549 2327 ceteras
1581 2271 1765 2325 aediﬁ-

97 2355 217 2408 cari
245 2355 400 2422 fecit,
457 2360 517 2411 et
543 2357 924 2430 episcopatus
954 2358 1181 2414 ibidem
1212 2358 1441 2415 futuros
1486 2359 1767 2431 praeordi-

96 2444 274 2512 navit,
290 2459 458 2500 anno
486 2445 920 2501 incarnationis
955 2447 1192 2502 Domini
1218 2451 1341 2514 814,
1367 2448 1443 2503 ad
1470 2448 1766 2503 Christum

96 2532 391 2602 migravit,
428 2550 597 2590 anno
622 2536 812 2591 (etatis
844 2553 966 2591 suae
995 2540 1082 2601 72,
1109 2538 1276 2606 regni
1304 2541 1505 2593 autem
1523 2539 1652 2608 ejus
1676 2541 1763 2602 43,

94 2622 324 2693 imperii
358 2640 511 2679 vero
546 2628 644 2691 lli;
679 2625 772 2679 cui
800 2624 956 2680 ﬁlius
983 2626 1111 2697 ejus
1145 2627 1512 2682 Lothewicus
1539 2644 1769 2683 succes-

96 2715 183 2767 sit.
215 2713 327 2778 Qui
349 2720 406 2769 et
431 2713 683 2769 eosdem
715 2714 1098 2787 episcopatus
1123 2716 1295 2786 juxta
1326 2716 1631 2772 decretum
1668 2732 1769 2789 pa-

95 2802 192 2856 tris
219 2802 500 2868 instituit,
534 2808 589 2859 et
618 2803 745 2877 ipse
774 2804 1239 2861 GUNTHARIUM
1256 2806 1518 2878 primum
1543 2806 1768 2879 episco-

94 2906 238 2960 pum
262 2891 324 2945 in
359 2892 789 2948 Hildeneshem
820 2893 1081 2949 ordinari
1115 2894 1268 2949 fecit.
1304 2894 1415 2959 Qui
1448 2895 1766 2967 episcopus

94 2980 287 3051 primo
320 2998 449 3036 suae
488 2981 881 3038 ordinationis
931 2987 1197 3056 tempore
1239 2985 1301 3039 in
1331 2985 1638 3057 cymiterio
1670 3002 1767 3040 ca-

93 3068 311 3139 pellam
345 3070 695 3137 zediﬁcavit,
740 3071 800 3127 in
830 3088 955 3144 qua
988 3074 1033 3106 ”
1063 3073 1454 3144 postmodum
1499 3073 1767 3145 sepultus

1876 1915 2095 1971 dicavit
2122 1914 2250 1970 Kal.
2288 1913 2658 1969 Novembris.
2695 1912 2803 1978 Qui
2853 1916 2909 1967 et
2950 1910 3118 1966 tertio
3167 1914 3305 1982 post
3352 1924 3533 1975 anno,

1877 2022 1998 2059 suae
2029 2001 2420 2058 ordinationis
2448 2004 2535 2067 29,
2568 2001 2781 2073 plenus
2811 1999 3044 2055 dierum
3070 2003 3127 2054 et
3153 2014 3290 2053 vere
3323 1996 3537 2069 plenus

1874 2095 2175 2150 bonorum
2206 2109 2458 2165 operum
2486 2095 2547 2147 18
2574 2091 2878 2146 Kalendas
2904 2092 2947 2124 ¹⁶
2977 2087 3338 2161 Septembris
3366 2087 3535 2157 (874),

1879 2184 2099 2239 scilicet
2126 2182 2186 2237 in
2215 2180 2625 2252 assumptione
2676 2183 2891 2234 sanctae
2936 2178 3149 2245 Mariae,
3189 2177 3248 2231 in
3297 2190 3539 2231 consor-

1878 2273 2025 2328 tium
2056 2276 2399 2326 sanctorum
2428 2268 2714 2323 veraciter
2744 2271 3094 2338 assumptus
3139 2262 3436 2332 migravit,
3484 2264 3540 2317 et

1876 2361 2109 2417 Asnede
2136 2360 2197 2414 in
2226 2375 2334 2414 sua
2360 2358 2631 2421 ecclesia,
2661 2372 2848 2429 quam
2878 2356 3015 2427 ipsa
3042 2353 3363 2417 inchoavit,
3397 2365 3540 2405 con-

1879 2449 2222 2515 summavit,
2253 2447 2570 2515 dedicavit,
2618 2444 2889 2517 sepultus
2935 2443 3179 2515 quievit,
3224 2440 3306 2496 ibi
3350 2455 3541 2512 usquc

1878 2540 2057 2597 hodie
2085 2540 2147 2594 in
2173 2537 2604 2594 miraculorum
2632 2534 2944 2590 virtutibus
2969 2549 3076 2605 per
3101 2531 3361 2605 plurima
3387 2528 3543 2584 sani-

1877 2636 2066 2687 tatum
2095 2627 2373 2697 insignia,
2420 2631 2483 2681 ut
2512 2642 2582 2679 eo
2612 2625 2724 2679 loci
2757 2625 3208 2679 commanentes
3253 2618 3541 2673 veraciter

1878 2718 2199 2783 afﬁrmant,
2231 2714 2515 2771 omnibus
2540 2712 2872 2768 innotescit.
2900 2710 3120 2765 Eodem
3148 2707 3327 2763 etiam
3352 2720 3536 2773 anno,

1878 2809 1937 2863 id
1964 2812 2055 2863 est
2079 2803 2507 2862 incarnationis
2537 2800 2769 2857 Domini
2817 2803 2941 2868 875,
2983 2796 3326 2853 Lodewicus
3355 2795 3540 2866 impe-

1878 2902 2038 2953 rator
2067 2895 2233 2963 obiit,
2264 2892 2422 2948 ﬁlius
2454 2890 2764 2946 Lodewici.

1950 2986 2131 3055 (Ann.
2168 2982 2358 3050 Hild.)
2390 2984 2529 3036 Post
2568 2977 2885 3033 Altfridum
2936 2973 3239 3030 Liudolfus
3285 2971 3540 3044 quidam

1880 3074 2217 3129 monachus
2251 3070 2533 3128 Corbeius
2563 3067 2914 3136 designatur
2959 3063 3063 3120 sed
3113 3062 3311 3118 subita
3352 3063 3541 3116 morte

92 3173 226 3213 cum
252 3160 379 3215 suis
410 3160 867 3217 successoribus
892 3161 1117 3234 quievit
1148 3162 1206 3233 (ἡ-
1229 3178 1327 3217 αη.
1363 3166 1466 3218 834
1490 3164 1517 3218 ?
1538 3164 1663 3218 Jul.
1695 3164 1767 3232 ὅ).
1878 3166 2213 3236 praeventus
2241 3159 2523 3215 aufertur.

159 3252 211 3302 2.
244 3249 391 3305 Huic
423 3251 717 3305 successit
742 3252 1179 3307 REINBERTUS
1216 3252 1516 3307 secundus
1542 3253 1771 3324 episco-

87 3352 225 3408 pus,
255 3356 385 3411 quo
418 3338 711 3395 defuncto
737 3355 899 3396 anno
924 3340 1141 3397 dehinc
1171 3341 1470 3413 prtedictae
1498 3341 1773 3397 incarna-

91 3428 265 3483 tionis
300 3429 549 3485 Domini
588 3433 718 3485 835'
750 3430 945 3499 (Febr.
984 3430 1089 3501 12).

164 3524 214 3573 3.
250 3520 390 3575 EBO
426 3518 921 3591 archiepiscopus
974 3520 1171 3575 Remis
1221 3519 1565 3592 deponitur,
1613 3527 1667 3576 et
1716 3522 1773 3575 in

93 3607 529 3664 Hildeneshem
615 3608 991 3680 imperatoris
1077 3608 1392 3665 clementia
1456 3610 1771 3680 relegatur.

96 3696 201 3759 Qui
240 3702 303 3752 12
334 3699 520 3753 annis
552 3697 833 3753 recclesiaa
872 3697 1129 3769 praefuit,
1179 3703 1236 3753 et
1264 3698 1636 3771 epiCOpalem
1686 3717 1777 3755 or-

92 3785 318 3853 dinem,
356 3792 426 3843 ut
458 3787 575 3843 sibi
600 3786 917 3843 videbatur
942 3787 1204 3843 exercuit
1224 3790 1347 3857 (an.
1379 3790 1419 3857 -ι-
1441 3792 1533 3843 851
1553 3834 1565 3857 ,
1589 3790 1773 3844 Mart.

92 3879 181 3939 20)
192 3920 204 3930 .

167 3967 221 4021 4.
283 3971 471 4021 Anno
527 3964 745 4021 deinde
799 3969 898 4021 847
956 3966 1000 4001 ¹⁵
1058 3965 1487 4021 incarnationis
1546 3968 1776 4022 Domini

2019 3252 2197 3321 (Ann.
2232 3248 2426 3317 Hild.)
2469 3243 2997 3309 MARCQUARDUS
3043 3239 3259 3294 dehinc
3299 3236 3545 3309 quintus

1883 3342 2202 3413 episcopus
2234 3336 2534 3401 successit,
2565 3334 2670 3406 qui
2701 3332 2881 3387 etiam
2908 3330 2969 3385 in
2997 3326 3394 3384 Gandesheim
3424 3328 3545 3379 tra-

1886 3430 1990 3485 bes
2023 3427 2300 3483 aecclesiae
2328 3425 2547 3499 posuit,
2577 3422 2681 3495 qui
2707 3426 2759 3477 4.
2794 3417 3188 3476 ordinationis
3214 3433 3335 3470 suae
3386 3428 3547 3469 anno

1885 3519 2119 3573 occisus
2152 3521 2240 3572 est
2270 3532 2306 3571 a
2338 3514 2559 3571 Sclavis
2594 3514 2638 3546 ¹⁹
2671 3513 2735 3580 (-1-
2764 3512 2925 3564 Ann.
2956 3511 3082 3576 880,
3109 3505 3283 3562 Febr.
3312 3508 3387 3571 2).
3414 3504 3547 3575 Ipse

1878 3610 2051 3680 juxta
2076 3606 2428 3662 relationem
2462 3608 2726 3657 veterum
2754 3598 3069 3671 prmdictas
3086 3594 3362 3650 abbatias
3385 3591 3547 3648 Sale-

1887 3701 2119 3767 genstat
2148 3700 2204 3750 et
2229 3693 2444 3749 Asnide
2473 3690 2840 3759 negligenter
2869 3684 3085 3742 amisit.

1957 3789 1987 3841 6
2015 3787 2196 3840 (Ann.
2217 3783 2407 3853 Hild.)
2431 3787 2603 3835 Anno
2624 3775 2841 3832 deinde
2862 3771 3291 3829 incarnationis
3313 3769 3547 3825 Domini

1888 3880 2009 3941 880,
2042 3873 2449 3929 WICBERTUS
2479 3868 2798 3940 episcopus
2828 3863 3048 3919 electus
3077 3864 3186 3929 est,
3217 3859 3323 3932 qui
3344 3860 3405 3914 in
3435 3874 3548 3914 suo

1889 3973 2152 4036 tempore
2210 3959 2520 4016 medicinae
2575 3955 2719 4013 artis
2764 3952 3163 4028 peritissimus
3222 3948 3330 4004 fuit
3373 3947 3442 4013 '°,
3492 3947 3549 4000 et

89 4056 502 4111 ALTFRIDUS
559 4058 809 4127 quartus
868 4054 1188 4127 episcopus
1249 4055 1562 4110 ordinatur
1618 4058 1781 4125 (ante
1888 4052 2313 4109 bibliothecam
2345 4048 2514 4119 (109),
2547 4062 2678 4118 quae
2710 4044 2909 4100 adhuc
2938 4041 3000 4096 in
3029 4036 3394 4127 monasterio
3433 4049 3551 4127 ser-

83 4144 245 4213 Aug.
314 4148 430 4211 l5).
503 4123 613 4208 Qui
683 4123 1015 4199 {ecclesiam
1073 4123 1431 4213 regulariter
1493 4123 1777 4214 regendo,
1887 4148 2081 4208 vatur,
2114 4139 2362 4213 prOpria
2414 4152 2599 4193 manu
2630 4130 2980 4195 elaboravit,
3032 4134 3089 4185 et
3115 4126 3409 4201 pluralem
3439 4123 3552 4179 uti-

85 4231 392 4304 quicquid
447 4236 794 4288 antecessor
834 4248 979 4288 suus
1028 4232 1102 4288 de
1145 4232 1327 4289 sacris
1358 4232 1670 4288 ordinibus
1703 4239 1780 4288 te-
1888 4232 2114 4288 litatem
2172 4246 2291 4284 suae
2351 4227 2630 4282 secclesiae
2680 4221 2969 4297 praevidit.
3032 4224 3162 4291 Ipse
3212 4218 3392 4273 etiam
3448 4214 3557 4268 uti-

84 4336 253 4377 mere
310 4321 660 4394 usurpavit,
714 4321 952 4378 decreto
996 4337 1300 4377 canonum
1356 4322 1785 4378 rationabiliter
1890 4321 2040 4378 litati
2068 4320 2319 4376 fratrum
2350 4315 2690 4382 consulens,
2723 4326 2968 4368 omnem
3000 4306 3420 4394 substantiam
3446 4321 3556 4394 aec-

84 4391 667 4466 annullavitfldem
692 4410 914 4483 praesul
952 4410 1389 4467 monasterium
1417 4418 1688 4467 nostrum
1721 4411 1781 4466 in
1893 4408 2234 4466 clesiasticze
2290 4402 2667 4478 proprietatis
2720 4399 2915 4456 subtili
2988 4395 3310 4465 sagacitate
3366 4391 3559 4447 distri-

84 4499 306 4555 timore
345 4499 593 4555 Domini
625 4499 948 4567 inchoavit,
980 4504 1037 4555 et
1066 4499 1179 4555 sub
1209 4499 1341 4572 ipso
1386 4500 1781 4555 inchoationis
1816 4543 1856 4596 Β
1896 4500 2087 4555 buens
2110 4514 2215 4570 per
2246 4494 2434 4565 villas,
2467 4496 2684 4557 curtes,
2728 4488 2985 4545 familias
3024 4490 3081 4541 et
3122 4484 3406 4545 decimas,
3448 4485 3559 4535 ter-

256 4589 296 4596 -.
456 4588 468 4596 .
528 4590 536 4596 Α
758 4588 768 4596 .
860 4593 867 4596 .
915 4588 930 4596 -
1068 4589 1078 4596 .
1156 4590 1171 4596 -
1672 4594 1716 4596 __
1936 4590 1945 4596 .
2224 4590 2232 4596 .
2449 4583 2464 4596 ι
2644 4580 2658 4596 ι
2740 4579 2896 4596 νι-μη
2955 4575 3196 4596 ρ-.-ιμημ
3249 4571 3554 4596 ζ--ιζι..--Α

82 4589 345 4643 exordio
380 4588 645 4659 criptam
685 4588 1034 4645 orientalem
1063 4589 1125 4644 in
1156 4571 1385 4644 honore
1419 4596 1640 4645 sanctae
1672 4594 1783 4646 Ma-
1816 4571 1856 4596 υ
1898 4590 2049 4645 ciam
2106 4590 2337 4659 partem
2392 4583 2470 4639 ad
2520 4579 2907 4655 praebendam
2954 4575 3203 4631 fratrum
3249 4571 3555 4627 instituere

82 4676 187 4730 rite
226 4676 495 4746 virginis
529 4677 916 4733 consecravit.
969 4676 1079 4743 Qui
1129 4682 1185 4733 et
1228 4677 1381 4733 duas
1437 4681 1630 4733 curtes
1662 4694 1786 4732 suae
1898 4677 2179 4745 decrevit,
2211 4675 2316 4730 sed
2345 4673 2512 4729 obitu
2541 4673 2876 4744 praeventus
2921 4663 3177 4720 eandem
3230 4659 3560 4731 inscriptio-

1897 4784 2034 4823 nem
2093 4764 2422 4820 successori
2478 4777 2586 4817 suo
2635 4754 3061 4829 complendam
3100 4750 3335 4822 reliquit
3393 4748 3557 4814 (Vita

1900 4856 2149 4921 Godeh.)
2184 4854 2281 4909 Hic
2308 4852 2487 4907 etiam
2518 4864 2677 4905 anno
2705 4850 2829 4910 883,
2856 4839 3281 4899 incarnationis
3323 4835 3559 4893 Domini

1900 4950 1957 5002 et
1985 4961 2103 4999 suae
2135 4940 2526 4999 ordinationis
2559 4954 2718 4995 anno
2744 4940 2797 5003 4,
2831 4934 3313 4989 consummatam
3362 4924 3558 4980 aeccle-

1901 5036 2054 5090 siam
2084 5033 2145 5088 in
2176 5031 2573 5088 Gandesheim
2599 5024 2914 5092 dedicavit,
2960 5027 3017 5077 et
3060 5017 3402 5086 Gherberga
3449 5014 3557 5069 ab-

82 4768 501 4839 proprietatis
532 4767 966 4836 Saleghenstad
1001 4769 1045 4801 ¹⁶
1080 4768 1227 4837 (107)
1265 4773 1321 4823 et
1358 4768 1589 4822 Asnede
1638 4768 1787 4838 (108)

82 4864 316 4913 nostrae
350 4857 649 4913 aecclesia:
682 4857 1065 4914 condonavit.
1123 4862 1187 4912 ln
1215 4857 1437 4929 quibus
1490 4857 1787 4927 abbatias,

80 4947 529 5017 Salcgenstad,
585 4948 1048 5016 monachorum,
1100 4951 1156 5002 et
1198 4946 1432 5002 Asnedc
1491 4946 1788 5016 virginum

82 5037 508 5092 coadunavit.
545 5037 652 5109 (Cf.
714 5039 907 5093 Vitam
960 5036 1350 5107 Godehardi.)
1381 5040 1508 5107 Ipse
1567 5036 1791 5107 episco-

78 5144 200 5198 pus
230 5132 368 5183 852.
410 5126 721 5199 praedictae
747 5126 1179 5183 incarnationis
1204 5104 1437 5181 Domini
1465 5104 1626 5181 anno
1652 5141 1790 5179 cum
1900 5124 2125 5180 batissa
2150 5122 2430 5176 defuncta
2465 5132 2730 5174 sororem
2759 5116 2888 5185 ejus
2923 5108 3277 5167 Christinam
3308 5107 3352 5140 ’ί
3399 5104 3560 5159 insti-

83 5215 456 5287 Liudulpho
527 5214 1053 5272 Gandeshemense
1110 5212 1430 5270 cenobium
1484 5212 1680 5285 primo
1729 5212 1791 5267 in
1903 5212 2011 5267 tuit
2040 5210 2264 5266 ibidem
2295 5214 2416 5280 (an.
2449 5210 2489 5277 +
2517 5210 2643 5274 903,
2670 5206 2819 5260 Nov.
2853 5203 2923 5269 1).

1503 5336 1736 5393 VARI/8
1777 5338 2179 5394 LECTIONES.

156 5449 199 5481 ¹¹
238 5448 335 5503 ita
372 5447 634 5503 emendo
660 5464 673 5515 ;
703 5450 792 5502 IlI.
826 5446 1031 5502 codex.
1130 5447 1177 5481 ¹²
1205 5460 1322 5500 v0.1:
1343 5445 1501 5500 deest
1530 5446 1593 5499 in
1624 5459 1673 5499 c.
1720 5514 1729 5515 ί
1792 5444 1838 5477 ¹³
1868 5443 1965 5498 hic
1993 5442 2205 5510 incipit
2233 5444 2286 5515 2.
2359 5440 2537 5515 _f‘_q.
2566 5436 2693 5515 ipse
2716 5450 2779 5507 p.
2806 5436 2860 5487 2.

78 5520 126 5552 ¹⁶
160 5496 680 5587 hdiégéiiéiaa'ei
704 5496 1030 5573 Eévéaé'i'
1072 5517 1115 5550 ¹⁷
1150 5496 1644 5585 8ιίιίᾶθέέᾘέώ2ί
1718 5514 1760 5549 ³⁸
1790 5496 1951 5571 deest
1983 5496 2078 5569 1.77
2110 5496 2157 5546 ῖθ
2188 5511 2330 5567 etin
2359 5496 2796 5577 Ebbékérstoi-p
2822 5500 3093 5575 sepultus
3122 5502 3175 5554 2.
3255 5499 3303 5531 ²⁰
3319 5496 3477 5552 deest
3500 5499 3556 5551 2.

76 5591 121 5622 ²¹
161 5590 603 5646 Christianam
629 5606 680 5645 c.

152 5768 322 5909 (107;
356 5764 748 5822 Osterwick?
1728 5672 2116 5830 ΝΟΜ-21109)
2151 5762 2189 5814 l.
2221 5774 2272 5813 e.
2300 5756 2509 5813 biblia.

178 5840 293 5895 108
357 5839 583 5893 Essen.

178 5839 322 5895 108)
357 5839 583 5893 Essen.
