3944 6402
370 229 506 286 1243

1505 231 1850 286 APPENDIX
1889 228 2010 283 AD.
2051 225 2110 286 8-
2149 225 2658 282 GODEHARDUM.

3674 224 3814 278 1244

440 355 492 406 7.
523 349 672 406 Huic
697 351 1124 407 WALBERTUS
1147 351 1439 424 septimus
1466 351 1787 426 episcopus
1807 364 2038 404 succes~
2063 349 2113 402 Α
2225 351 2309 403 13.
2342 349 2689 415 (Taunum
2731 349 2862 404 Vita
2893 346 3158 417 Bemw.)
3191 343 3412 402 Deinde
3457 343 3815 403 incarnatio-

370 430 461 504 sit,
495 429 597 512 qui
629 439 1091 512 praeposituram
1122 445 1178 495 et
1225 437 1617 512 praebendam
1668 440 1940 508 fratrum,
1974 441 2037 492 ut

369 529 712 585 antecessor
752 546 896 584 suus
926 528 1326 601 praetitulavit,
1367 526 1618 585 ﬁdeliter
1656 528 1924 596 instituit,
1981 532 2038 582 et

369 615 672 677 ambobus
730 623 966 674 aeternae
1014 619 1420 676 retributionis
1463 621 1782 693 praemium
1832 635 2036 676 coram

371 711 489 764 Deo
521 703 855 781 acquivisit.
889 703 1058 780 (Vita
1089 709 1338 781 Godeh.)
1383 714 1512 782 Ipse
1543 711 1723 766 etiam
1746 708 2038 766 Christina

370 800 416 832 ³³
439 795 723 854 defuncta
755 797 1098 855 Roswidam
1125 797 1504 857 abbatissam
1537 800 1914 871 ordinavitﬁ-
1932 815 2033 856 an.

368 883 494 957 919,
526 887 674 944 Nov.
709 887 782 960 3).

440 979 493 1034 8.
531 976 711 1048 (Ann.
781 978 978 1051 Hild.)
1040 981 1177 1034 Post
1241 978 1604 1036 Walbertum
1667 979 2038 1036 SEHARDUS

369 1060 621 1121 octavus
652 1065 974 1141 episcopus
1023 1067 1414 1140 praeponitur,
1458 1067 1563 1140 qui
1606 1083 1768 1123 anno
1811 1070 1936 1133 926,
1989 1067 2035 1100 ³³

369 1153 799 1212 incarnationis
835 1155 1069 1213 Domini
1099 1157 1307 1213 turrim
1342 1157 1774 1214 occidentalem
1803 1156 1863 1212 in
1892 1159 2039 1212 Gan-

369 1241 638 1300 desheim
670 1243 987 1316 dedicavit,
1019 1250 1076 1302 et
1107 1246 1384 1303 Roswida
1431 1245 1713 1304 defuncta
1751 1245 2036 1302 Wentlel-

369 1319 671 1403 ghardam
703 1331 1078 1390 abbatissam
1107 1333 1426 1392 ordinavit.
1470 1340 1598 1409 lpse
1629 1336 1809 1392 etiam
1834 1335 1896 1391 in
1937 1351 2040 1390 no-

371 1423 491 1480 stro
522 1423 888 1480 monasterio
920 1424 1101 1481 altare
1133 1431 1350 1482 sanctae
1379 1426 1580 1482 Crucis
1613 1430 1668 1481 et
1697 1425 1952 1498 parietes
1983 1431 2041 1482 et

368 1508 616 1587 pulpitae
638 1513 1019 1585 evangelium
1047 1521 1294 1587 argento
1321 1516 1567 1572 honeste
1597 1515 2034 1588 redimivit(an.

369 1605 410 1673 -ι-
441 1604 566 1672 928,
603 1603 728 1659 Oct.
767 1603 871 1675 10).

440 1697 493 1748 9.
531 1692 710 1764 (Ann.
743 1694 941 1764 Hild.)
973 1699 1145 1749 Anno
1193 1694 1410 1751 dehinc
1459 1699 1581 1762 928,
1633 1695 1897 1753 Sehardo
1941 1695 2040 1752 de-

370 1781 594 1848 functo,
626 1783 1120 1839 THIETHARDUS
1149 1783 1343 1839 abbas
1376 1783 1699 1840 Herveldiae
1745 1800 1942 1840 nonus
1991 1787 2038 1819 ’⁸

370 1868 690 1942 episcopus
741 1869 915 1926 nobis
945 1869 1277 1943 ordinatur,
1309 1871 1414 1944 qui
1445 1871 1596 1928 inter
1625 1872 1887 1946 plurima
1917 1889 2039 1928 suae

369 1949 604 2030 pietatis
649 1951 871 2015 indicia
914 1951 1186 2015 tabulam
1237 1959 1583 2033 principalis
1636 1961 1838 2017 altaris
1892 1978 2040 2017 auro

369 2041 714 2121 purissimo,
749 2049 1004 2115 gemmis
1035 2053 1088 2104 et
1119 2045 1358 2122 lapidus
1407 2050 1713 2123 preciosis,
1757 2055 1820 2106 ut
1862 2051 2040 2108 hodie

371 2138 642 2207 apparet,
673 2127 952 2190 decenter
981 2136 1316 2205 adornavit,
1341 2137 1444 2210 qui
1475 2142 1531 2192 et
1555 2137 1616 2192 in
1642 2139 2043 2195 Gandesheim

370 2237 597 2277 novam
623 2213 952 2278 aecclesiam
983 2223 1061 2278 ad
1109 2226 1444 2280 monachas
1490 2242 1652 2282 anno
1693 2231 1816 2283 939.
1864 2229 1910 2262 ³⁵
1955 2227 2042 2283 in-

372 2309 736 2367 carnationis
763 2307 999 2368 Domini
1024 2307 1085 2369 in
1110 2308 1337 2369 honore
1371 2321 1589 2371 sancta:
1621 2315 1811 2372 Mariae
1839 2333 2042 2374 conse-

374 2391 578 2456 crevit.

447 2493 532 2544 10.
568 2485 709 2555 (Αη.
739 2491 780 2561 -ι-
807 2494 930 2558 954,
954 2491 1117 2561 Sept.
1157 2493 1267 2564 13.)
1302 2494 1431 2558 Quo
1477 2491 1870 2550 ordinationis
1918 2513 2040 2552 suae

375 2591 535 2633 anno
584 2576 673 2633 27.
733 2574 1016 2636 defuncto
1061 2577 1157 2651 (cf.
1191 2580 1354 2638 Ann.
1395 2575 1610 2654 Hild),
1663 2577 2041 2641 OTHWINUS

373 2659 950 2740 Parthenopolitanae
989 2669 1147 2725 sedis
1179 2661 1372 2726 abbas
1402 2669 1673 2728 decimus
1722 2671 2042 2746 episcOpus

373 2755 684 2813 ordinatur
735 2759 803 2814 ’5.
861 2759 972 2824 Qui
1038 2751 1334 2830 pluralem
1392 2759 1703 2818 utilitatem
1758 2779 1880 2818 suae
1938 2780 2043 2818 aec-

374 2844 564 2902 clesite
608 2863 716 2920 per
766 2852 835 2904 30
884 2864 1079 2905 annos
1127 2850 1422 2923 praevidit,
1478 2847 1810 2925 specialiter
1841 2858 2043 2909 tamen

374 2939 602 2989 curtem
632 2936 994 3006 Gysenheim
1037 2931 1183 3010 (th)
1213 2939 1288 3008 'jin
1331 2933 1644 2995 utilitatem
1693 2935 1944 2997 fratrum
1993 2943 2039 2976 ετ

373 3015 707 3092 acquisivit,
742 3021 949 3080 vinum
980 3025 1162 3081 etiam
1213 3025 1274 3081 in
1322 3027 1578 3083 summis
1627 3025 2042 3086 festivitatibus

376 3125 482 3184 per
515 3113 576 3164 16
617 3109 744 3166 dies
779 3111 1062 3169 fratribus
1096 3114 1364 3171 instituit.
1415 3115 1546 3188 Ipse
1590 3116 1770 3172 etiam
1821 3118 2047 3190 preci0«

377 3214 516 3253 sum
555 3213 772 3254 aurum
803 3206 860 3256 et
888 3217 1163 3270 gemmas
1195 3202 1250 3258 et
1300 3199 1531 3276 lapides
1581 3210 1636 3260 et
1687 3207 2045 3275 margaritas

374 3285 438 3342 in
468 3288 972 3345 constructionem
1019 3281 1218 3347 calicis
1249 3299 1304 3347 et
1343 3292 1563 3365 patinae
1613 3293 1887 3366 collegit;
1940 3297 2044 3352 sed

375 3367 717 3433 infirmitate
748 3383 1106 3451 prceventus,
1153 3382 1266 3436 sub
1313 3381 1504 3452 sigillo
1559 3387 1615 3439 et
1662 3383 1780 3440 fide
1831 3385 2044 3442 Christi

377 3467 708 3522 suecessori
777 3484 886 3523 suo
939 3470 1282 3526 reservavit.
1354 3471 1462 3534 Qui
1531 3475 1598 3528 3O
1651 3473 2042 3531 ordinationis

375 3571 499 3610 suae
557 3571 718 3611 anno
771 3558 850 3612 ad
901 3558 1196 3615 Christum
1238 3559 1482 3616 feliciter
1525 3561 1824 3633 migravit.
1877 3566 2044 3634 (Vita

375 3644 779 3718 Godeh.)lpse
809 3645 990 3703 etiam
1036 3639 1528 3718 Wendelgharda
1573 3645 1857 3708 defuncta
1903 3656 2042 3709 Ger-

372 3723 626 3803 bergam
657 3736 703 3769 ²⁸
735 3727 1108 3794 abbatissam
1168 3737 1230 3794 in
1287 3739 1687 3797 Gandesheim
1744 3743 2044 3801 ordinavit

373 3825 497 3895 (an.
527 3827 651 3892 984,
680 3827 817 3883 Dec.
847 3827 916 3900 l).

449 3918 533 3969 11.
580 3915 810 3972 Otwino
868 3918 1168 3990 pontiﬁcis
1219 3924 1285 3976 29
1320 3919 1366 3953 ²⁰
1409 3912 1749 3978 OSDAGUS.
1803 3924 2044 3981 undeci-

372 4019 511 4058 mus
541 4003 862 4077 episcopus
895 4007 1182 4064 successit
1207 4003 1464 4080 (an.985)
1499 4028 1512 4066 :
1547 4013 1652 4084 qui
1679 4011 1748 4068 ex
1785 4032 1896 4072 sua
1923 4016 2043 4072 hae-

371 4090 620 4148 reditate
669 4098 725 4149 et
771 4095 1162 4168 acquisitione
1212 4103 1439 4154 curtem
1486 4093 1733 4172 majoris
1781 4103 2042 4175 Aleghri-

371 4181 666 4238 mesheim
699 4183 840 4258 (111)
869 4200 1009 4240 cum
1035 4190 1103 4240 30
1118 4187 1347 4243 mansis
1372 4189 1433 4244 in
1459 4189 1768 4247 utilitatem
1789 4192 2042 4252 fratrum

371 4268 628 4326 instituit
659 4272 780 4341 (an.
815 4275 941 4341 989,
972 4275 1123 4330 Nov.
1155 4277 1229 4346 8).

2145 435 2238 490 nis
2271 435 2504 492 Domini
2546 442 2676 493 993°
2722 438 2884 508 (Jan.
2935 441 3018 504 15)
3069 435 3563 492 BEBNWARDUS
3611 435 3817 505 regius

2147 526 2495 599 capellanus
2551 527 2822 584 decimus
2881 526 3084 583 tertius
3137 525 3464 598 episcopus
3531 524 3815 581 ecclesia

2145 621 2362 672 nostrae
2422 617 2816 673 constituitur.
2877 616 2985 682 Qui
3015 615 3093 671 ab
3121 614 3366 671 exordio
3413 613 3816 687 promotionis

2148 723 2272 761 suae
2321 706 2609 780 quicquid
2655 705 2964 778 acquirere
3007 703 3200 778 potuit
3250 702 3485 760 utilitati
3535 720 3657 758 suae
3709 719 3817 758 aec-

2147 795 2334 853 clesiae
2398 798 2441 830 ³¹
2507 795 2703 852 fidelis
2766 794 3150 868 dispensator
3210 793 3537 867 prudenter
3592 793 3817 866 imper-

2148 885 2311 953 tivit;
2343 902 2561 941 aurum
2591 901 2857 957 namque
2888 889 2944 941 et
2969 883 3222 958 lapides,
3268 899 3392 956 quo
3441 881 3631 939 beatae
3689 897 3819 937 me-

2147 974 2349 1031 moriae
2403 973 2733 1044 Othwinus,
2789 978 2854 1030 ut
2898 973 3255 1048 praedictum
3299 977 3411 1042 est,
3466 969 3818 1036 reservavit,

2147 1065 2252 1121 iste
2285 1065 2344 1120 in
2378 1063 2624 1120 calicem
2655 1069 2712 1120 et
2739 1063 3011 1138 patinam
3051 1077 3286 1133 magna:
3333 1059 3820 1134 pulchritudinis,

2147 1160 2204 1210 et
2233 1155 2278 1188 ³³
2325 1152 2591 1226 pulchrae
2639 1152 3092 1222 magnitudinis,
3125 1155 3191 1206 ut
3228 1150 3411 1206 modo
3441 1149 3696 1219 videtur,
3728 1150 3820 1205 fa-

2146 1243 2417 1315 bricavit,
2465 1250 2523 1301 et
2568 1244 2832 1319 plurima
2877 1245 3174 1315 utensilia,
3227 1249 3288 1301 ut
3318 1244 3470 1300 inter
3500 1243 3632 1298 vita:
3690 1258 3823 1298 sua)

2147 1349 2332 1405 opera
2363 1331 2724 1404 inscribitur,
2759 1350 2878 1388 sua‘
2911 1333 3192 1389 aacclesite
3221 1331 3487 1388 contulit.
3531 1333 3822 1388 Monaste-

2148 1422 2302 1478 rium
2335 1421 2380 1456 ⁸³
2405 1438 2650 1496 quoque
2678 1423 2866 1478 sancti
2916 1421 3211 1479 Michaelis
3260 1420 3592 1477 construxit
3637 1424 3695 1476 et
3745 1435 3819 1475 ex

2148 1517 2315 1584 parte
2347 1511 2661 1582 dedicavit,
2696 1511 2756 1566 in
2783 1527 2907 1584 quo
2937 1515 2995 1567 et
3038 1510 3348 1568 abbatiam
3397 1514 3456 1565 et
3492 1524 3820 1580 congrega-

2148 1601 2372 1656 tionem
2424 1601 2866 1656 monachorum
2923 1599 3192 1656 instituit.
3259 1600 3528 1665 Quorum
3589 1595 3823 1654 utilitati

2152 1687 2380 1762 praedia
2410 1693 2468 1745 et
2516 1693 2711 1744 curtes
2740 1692 2797 1743 et
2824 1687 3083 1744 familias
3115 1687 3194 1744 ad
3227 1690 3519 1743 trecentos
3568 1700 3823 1742 mansos

2152 1778 2533 1849 condonavit,
2562 1778 2814 1834 fratrum
2845 1779 3023 1835 etiam
3050 1777 3362 1834 utilitatem
3391 1776 3453 1832 in
3491 1774 3826 1850 praebenda

2151 1873 2207 1924 et
2236 1868 2520 1924 vestitura
2550 1868 2871 1924 clementer
2898 1865 3229 1940 ampliavit,
3261 1865 3485 1938 quibus
3515 1869 3745 1922 curtem
3775 1866 3821 1896 ³⁸

2155 1957 2660 2013 Hemeth'esdoron
2715 1956 2762 1991 ³³
2808 1958 2957 2025 (113)
3009 1972 3149 2014 cum
3178 1971 3288 2012 sua
3317 1953 3732 2028 posssessione
3762 1953 3825 2009 in

2154 2045 2392 2103 famihis
2421 2053 2477 2102 et
2515 2047 2764 2103 decimis
2796 2048 2842 2080 ³⁷
2875 2045 2953 2102 ad
2997 2045 3122 2101 haec
3167 2043 3476 2118 implenda
3503 2042 3823 2111 delegavit.

2152 2141 2275 2203 (an.
2315 2141 2471 2204 1022,
2503 2137 2627 2192 Oct.
2659 2136 2773 2210 30.)
2807 2140 2938 2208 Ipse
2966 2134 3147 2191 etiam
3177 2134 3236 2190 in
3288 2131 3708 2200 Gandesheim,
3762 2136 3829 2186 ut

2152 2241 2268 2290 prae
2277 2229 2550 2282 notatum
2564 2230 2671 2296 est,
2687 2240 2724 2281 a
2753 2222 3074 2292 Willighiso
3103 2221 3555 2295 archiepiscopo
3570 2225 3628 2276 et
3641 2219 3826 2276 etiam

2152 2315 2230 2372 ab
2287 2315 2546 2371 Aribone
2609 2315 2777 2371 varia
2831 2313 3144 2370 vexatione
3203 2311 3509 2382 fatigatus,
3576 2309 3827 2365 tandem

2147 2405 2387 2476 justicia
2427 2403 2780 2462 dominante
2821 2403 3131 2460 victoriam
3161 2401 3438 2474 obtinuit,
3484 2405 3538 2456 et
3590 2415 3826 2456 novum

2151 2495 2587 2551 monasterium
2616 2493 2840 2550 ibidem
2876 2493 2940 2549 in
2988 2497 3314 2566 conspectu
3362 2489 3520 2561 regis
3566 2488 3827 2544 Heinrici

2153 2591 2210 2642 et
2258 2584 2580 2654 Willighisi
2636 2583 3071 2657 archiepiscopi
3109 2579 3538 2640 incarnationis
3587 2578 3829 2634 Domini

2157 2679 2314 2742 1007,
2349 2680 2407 2729 et
2452 2691 2573 2730 suae
2620 2673 3016 2730 ordinationis
3076 2677 3160 2730 15.
3214 2672 3395 2742 digne
3448 2667 3828 2726 consecravit

2155 2767 2274 2836 (an.
2309 2766 2349 2834 +
2384 2767 2542 2834 4022,
2571 2765 2726 2820 Nov.
2758 2765 2870 2834 20).

2229 2858 2312 2910 14.
2347 2855 2671 2925 (Wounem
2717 2855 2851 2911 Vita
2881 2852 3126 2925 Godeh.)
3177 2855 3350 2908 Anno
3392 2848 3829 2907 incarnationis

2154 2943 2390 2999 Domini
2425 2946 2559 2998 1022
2601 2943 2762 3014 (Dec.
2815 2937 2893 3013 2),
2945 2957 3065 2997 suae
3114 2956 3259 2998 vero
3306 2938 3699 2996 ordinationis
3731 2942 3827 3005 30,

2071 3052 2116 3112 ο
2151 3031 2366 3088 beatus
2416 3031 2818 3087 Bernwardus
2871 3031 3194 3103 episcopus
3242 3030 3321 3087 ad
3365 3029 3662 3086 Christum
3711 3028 3829 3085 mi—

2153 3120 2365 3190 gravit,
2425 3121 2520 3176 cui
2559 3118 2918 3176 venerabilis
2962 3120 3432 3176 GODEHARDUS
3488 3117 3831 3176 Altahensis

2152 3210 2344 3265 abbas
2376 3209 2678 3266 successit.
2741 3209 2854 3274 Qui
2898 3207 3183 3266 omnibus
3223 3207 3531 3281 exemplar
3569 3206 3832 3280 justicia:

2151 3306 2208 3354 et
2233 3298 2583 3354 humilitatis
2608 3298 2670 3352 in
2709 3299 2894 3352 ﬁnem
2933 3295 3336 3370 perseveravit
3363 3296 3427 3352 in
3477 3295 3642 3354 omni
3695 3295 3832 3352 reli-

2152 3389 2328 3458 gione
2352 3387 2700 3444 sanctitatis.
2724 3385 2835 3452 Qui
2859 3385 2973 3441 sub
2990 3384 3156 3442 initio
3178 3383 3575 3457 promotionis
3596 3401 3723 3439 sum
3746 3385 3832 3439 ab

2150 3477 2408 3535 Aribone
2464 3475 2774 3546 Mogontiae
2822 3474 3276 3548 archiepiscopo
3330 3489 3511 3546 super
3558 3474 3833 3530 Gandes-

2151 3566 2422 3623 hemensi
2452 3565 2719 3622 aecclesia
2768 3564 3093 3638 impetitur,
3128 3568 3186 3619 et
3223 3579 3331 3636 per
3372 3562 3601 3638 aliquot
3628 3578 3833 3620 annos

2147 3657 2317 3712 varia
2364 3654 2676 3711 vexatione
2702 3653 3002 3720 irritatur;
3056 3652 3250 3708 donec
3282 3653 3329 3688 ³⁷
3358 3650 3605 3708 tandem
3659 3667 3832 3709 anno

2152 3744 2472 3802 Dominicae
2504 3742 2935 3799 incarnationis
2969 3746 3128 3811 1027,
3178 3740 3348 3812 regni
3379 3742 3426 3775 ³⁸
3478 3757 3618 3797 vero
3671 3742 3832 3798 Cun-

2147 3834 2280 3891 radi
2311 3836 2357 3869 39
2385 3832 2542 3903 regis
2573 3835 2813 3906 quarto,
2840 3830 3077 3904 imperii
3103 3834 3305 3889 autem
3330 3830 3551 3905 primo,
3585 3830 3830 3904 synodo

2151 3923 2413 3994 generali
2443 3921 2934 3980 Francanovordi
2983 3919 3348 3988 coadunata,
3393 3920 3527 3993 ipso
3569 3920 3832 3994 impera-

2149 4019 2274 4070 tore
2327 4029 2466 4069 cum
2524 4011 2820 4085 episcopis
2868 4015 2937 4066 22
2989 4009 3368 4086 praesidente,
3422 4009 3710 4066 diocesim
3772 4018 3832 4066 et

2148 4107 2504 4177 potestatem
2537 4117 2718 4174 super
2757 4099 3283 4158 Gandeshemense
3313 4099 3675 4157 territorium
3721 4117 3827 4172 sy—

2149 4193 2355 4252 nodali
2383 4192 2622 4248 decreto
2652 4191 2994 4248 testimonio
3026 4195 3254 4264 septem
3277 4191 3698 4265 episcoporum
3729 4207 3826 4247 ca—

2149 4283 2365 4341 nonice
2405 4280 2664 4338 retinuit.
2720 4285 2854 4354 Ipse
2884 4279 3064 4337 etiam
3113 4279 3366 4336 fratrum
3408 4279 3718 4337 utilitatem
3760 4280 3823 4336 in

443 4363 494 4413 2.
528 4361 661 4464 Quo
690 4366 906 4464 quarto
945 4363 1340 4464 ordinationis
1384 4383 1506 4423 suae,
1536 4383 1698 4425 anno
1751 4369 2036 4429 defuncto
2066 4409 2110 4464 Β
2148 4371 2478 4447 praebenda
2530 4375 2586 4427 et
2633 4371 2916 4427 vestitura
2958 4369 3279 4428 clementer
3325 4370 3654 4443 ampliavit.
3690 4371 3822 4442 Ipse

369 4455 494 4517 (an.
527 4452 652 4521 990)
711 4454 1083 4511 GEBDAGUS
1134 4454 1532 4513 duodecimus
1562 4459 1884 4534 episcopus
1913 4481 2043 4519 suc-

369 4537 586 4606 cessit;
631 4540 734 4613 qui
765 4541 944 4597 etiam
977 4559 1086 4598 sua
1136 4546 1498 4617 proprietate
1547 4553 1603 4604 et
1647 4547 2043 4622 acquisitione

369 4632 603 4710 curtem
632 4629 883 4686 minoris
929 4631 1419 4702 Alegrimesheim
1462 4642 1519 4693 et
1566 4637 2044 4708 Sighebrecthes-

368 4715 564 4773 husen
599 4719 648 4751 ³ο
689 4719 834 4790 (112)
881 4720 1167 4777 fratribus
1224 4722 1304 4778 ad
1360 4728 1429 4780 40
1483 4742 1727 4783 mansos
1774 4728 2037 4787 donavit.

371 4807 552 4878 (Ann.
576 4807 774 4876 Hild.)
807 4809 917 4874 Qui
945 4810 1112 4866 tertio
1145 4828 1269 4866 suae
1307 4813 1702 4870 ordinationis
1733 4833 1894 4874 anno
1936 4822 2043 4875 Ro-

368 4912 537 4952 mam
563 4896 730 4968 adiit,
780 4903 836 4952 et
863 4897 1004 4954 inde
1032 4899 1268 4956 rediens
1300 4907 1351 4955 7.
1383 4903 1519 4958 ldus
1567 4905 1907 4984 Decembris
1961 4907 2041 4964 ad

368 4985 668 5043 Christum
693 4987 974 5057 migravit
1001 4990 1124 5058 (an.
1156 4993 1281 5060 992,
1312 4993 1452 5048 Dec.
1479 4999 1554 5048 7t.

2153 4463 2331 4518 etiam
2361 4462 2422 4517 in
2469 4465 2631 4516 curte
2664 4476 2776 4517 sua
2819 4459 3258 4524 Hildeneshem,
3313 4459 3496 4516 veteri
3552 4459 3823 4516 aecclesia

2151 4566 2340 4624 quam
2368 4549 2636 4606 Otwinus
2650 4549 2970 4622 episcopus
2985 4548 3214 4604 ibidem
3230 4547 3547 4606 aedificavit
3560 4548 3817 4621 dilapsa,

2151 4639 2471 4713 pulchrum
2541 4635 2976 4694 monasterium
3042 4637 3106 4692 in
3160 4637 3391 4694 honore
3451 4638 3821 4694 ascensionis

2153 4727 2363 4784 Christi
2380 4726 2728 4783 construxit.
2754 4727 2817 4782 In
2839 4741 2962 4799 quo
2984 4725 3228 4782 clericos
3259 4725 3462 4798 plures
3488 4726 3550 4783 in
3578 4726 3820 4783 diverso

2153 4816 2352 4874 studio
2375 4817 2678 4888 scripturae
2706 4821 2763 4871 et
2785 4815 3028 4889 picturae
3045 4815 3476 4872 rationabiliter
3497 4815 3666 4872 utiles
3679 4832 3820 4872 con-

2151 4906 2439 4978 gregavit.
2493 4905 2722 4972 Quibus
2777 4905 2852 4961 de
2905 4905 3300 4977 acquisitione
3351 4923 3464 4962 sua
3517 4906 3706 4962 victus
3766 4912 3823 4964 et

2148 4995 2395 5051 vestitus
2427 4995 2766 5051 necessaria
2799 4995 2847 5028 ‘°
2877 4994 3135 5069 providit
3155 4993 3534 5052 suﬁcienter.
3567 4995 3667 5051 Set
3708 5013 3821 5069 pro

1745 5086 1974 5142 VARle
2014 5087 2415 5142 LECTIONES.

418 5165 489 5241 f’
517 5163 842 5244 christiana
875 5181 926 5221 c.
1000 5163 1053 5244 Α²³
1085 5169 1488 5244 DCCCQXXlll.
1533 5177 1584 5226 2.
1656 5175 1701 5206 “
1733 5189 1928 5228 novus
1961 5179 2008 5228 1.
2037 5177 2091 5228 2.
2161 5174 2211 5207 ’⁵
2246 5174 2741 5229 DCCCCXXXVlli.
2774 5178 2828 5227 2.
2914 5173 2963 5206 ²⁶
2988 5188 3046 5228 o.
3080 5174 3246 5244 prius
3275 5177 3411 5228 ante
3439 5173 3818 5230 abbacialem

369 5232 736 5315 dignitatem
753 5237 1045 5315 Augensis
1078 5240 1414 5315 monachus
1435 5245 1489 5298 2.
1520 5259 1706 5315 manu
1736 5250 1790 5300 2.
1850 5245 1897 5280 ’τ
1929 5245 2088 5301 deest
2125 5248 2169 5300 1.
2249 5245 2298 5279 ³⁸
2329 5244 2622 5315 gergham
2658 5249 2706 5299 1.
2785 5244 2832 5277 ²⁹
2864 5258 2924 5315 p.
2959 5232 3198 5299 mortuo
3231 5245 3294 5302 0.
3329 5249 3382 5299 2.
3416 5246 3465 5278 ³ο
3496 5245 3818 5314 siggebret-

372 5301 688 5388 thetl‘iuse‘n
719 5312 804 5388 1.“
847 5301 889 5341 5‘
925 5323 977 5365 θ.
1012 5315 1074 5388 ut
1095 5310 1133 5388 f_.
1167 5315 1220 5388 2_.
1299 5313 1346 5346 ³²
1381 5318 1446 5388 ut
1604 5314 1648 5348 ³³
1681 5317 2118 5388 monasterium
2150 5347 2218 5388 ἡ
2249 5301 2620 5388 conddnavit
2647 5301 2886 5388 desaat‘
2901 5319 2958 5388 et
2987 5315 3160 5388 infra
3171 5301 3376 5388 Δνημαι)
3405 5301 3708 5388 ampliora
3742 5301 3817 5373 te-

372 5375 683 5456 guaturﬁ.
725 5373 810 5456 “3‘
835 5394 884 5433 c.
914 5381 1162 5456 majoris
1188 5383 1633 5456 hemedesdorn
1664 5388 1716 5442 2.
1795 5383 1842 5422 ³⁵
1876 5373 2340 5444 Hemelesderen
2363 5385 2563 5456 gloSsa
2593 5389 2642 5441 l.
2719 5381 2765 5421 ³⁸
2793 5383 3032 5445 decima
3050 5373 3112 5443 ’2.
3143 5381 3188 5420 ⁸⁷
3219 5385 3378 5445 done
3409 5373 3610 5445 caiisa
3640 5373 3690 5444 1.
3770 5390 3815 5424 ³⁸

373 5455 562 5508 regno
598 5443 645 5498 1.
725 5448 771 5480 ³³
806 5463 914 5503 ura
943 5443 1144 5508 ex'cisa
1176 5459 1222 5508 1.
1305 5455 1353 5490 ι’
1384 5458 1724 5513 necessaria
1754 5475 1804 5514 ε.

1982 5547 2213 5622 Norae.

446 5616 598 5759 ἕ110)
627 5618 1002 5691 Geisennem,
1028 5627 1154 5685 vini
1181 5629 1368 5686 ferax.

474 5689 566 5742 111
625 5687 1050 5759 Algermissen,

474 5687 598 5759 111)
625 5687 1050 5767 Algermissen,

2249 5634 2369 5705 H2)
2399 5634 2864 5691 Sievershausen
2887 5635 2915 5690 ?
2946 5635 3226 5694 Sibbessc
3251 5637 3280 5695 ‘I

2246 5708 2364 5777 113)
2401 5705 2846 5764 Himmelsthiir.
