3944 6384
99 248 242 300 1245

1247 255 1654 311 CHRONICON
1696 252 2330 315 HILDESHEIIENSE.

3399 263 3536 318 1266

91 375 482 440 peccatorum
513 371 696 444 culpa
725 373 887 430 idem
915 379 1350 434 monasterium
1381 380 1518 449 igne
1543 395 1762 435 consu—
1803 382 1846 433 Α
1877 376 2110 432 ficalem
2137 382 2195 433 et
2217 378 2458 434 dorsale
2478 378 2714 436 bonum
2738 396 2849 436 suo
2878 381 3125 439 nomine
3157 383 3534 456 inscriptum,

91 460 298 526 mitur,
326 463 715 532 congregatio
746 463 1050 536 dilabitur,
1070 469 1289 525 utilitas
1311 469 1533 525 ibidem
1549 469 1766 525 collata

92 549 157 603 in
182 549 430 606 diversa
478 551 846 609 distrahitur.

170 641 270 694 t5.
296 640 402 706 (Cf.
460 643 652 698 Vitam
689 644 1036 701 Godehardt'
1062 663 1114 702 c.
1153 652 1243 716 33,
1276 652 1333 703 et
1380 650 1542 703 Αηη.
1593 650 1762 704 Hild.

89 744 148 784 a.
189 733 372 800 1038.)
401 732 532 796 Quo
567 736 651 787 t6.
682 733 1078 790 ordinationis
1131 753 1252 791 suae
1283 754 1446 793 anno
1483 738 1766 794 defuncto

89 820 137 852 ⁴¹
172 821 301 887 (an.
343 823 500 886 1038,
527 821 660 877 Μαί
684 827 757 892 ὅ),
787 824 1233 882 THlE'l‘MARUS
1267 830 1312 860 ⁶²
1344 828 1543 894 regius
1575 828 1767 900 capel-

88 907 274 962 lanus
305 909 592 965 successit
619 916 742 977 (an.
781 915 936 976 1038,
968 915 1123 983 Aug.
1149 919 1259 983 20‘),
1292 916 1398 987 qui
1452 916 1764 972 utilitatem

89 997 379 1052 moclesise
410 1015 535 1053 sua:
567 999 822 1056 fratrum
850 1001 1116 1070 benigna
1147 1004 1464 1060 dilectione
1497 1005 1556 1060 in
1584 1005 1766 1078 pluri-

84 1086 206 1142 bus
230 1088 522 1160 ampliare
551 1090 836 1158 decrevit,
873 1097 961 1148 set
1005 1094 1264 1166 peccatis
1314 1096 1529 1150 nostris
1580 1095 1762 1167 impe-

83 1175 396 1231 dientibus
425 1193 550 1233 non
581 1179 869 1251 implevit.
900 1182 1276 1238 Cotidianam
1331 1189 1530 1240 tamen
1607 1201 1759 1258 prm‘

80 1265 351 1322 bendam
383 1266 635 1324 fratrum
663 1269 1056 1342 ampliavit,et
1079 1273 1355 1343 predium
1374 1273 1436 1328 in
1467 1274 1607 1330 villa
1624 1291 1759 1346 quas

83 1355 429 1427 appellatur
472 1357 816 1427 Wengarde
858 1361 1024 1427 (ll-’i‘),
1059 1378 1096 1416 a
1151 1362 1458 1419 Walberto
1506 1364 1760 1435 presby-

89 1450 217 1499 tero
245 1446 630 1518 acquisitum,
656 1447 938 1502 fratribus
957 1450 1342 1506 condonavit.
1377 1455 1445 1520 (Α
1458 1470 1560 1507 nn.
1586 1455 1756 1509 Hild.

86 1550 143 1588 a.
182 1536 365 1603 1039).
400 1534 565 1589 Idem
586 1535 910 1608 episcopus
944 1538 1140 1608 primo
1193 1556 1313 1593 sum
1365 1540 1758 1596 ordinationis

87 1636 253 1677 anno
297 1622 519 1694 Sophia
575 1624 1041 1682 Gadeshemensi
1098 1627 1405 1685 abbatissa
1451 1629 1751 1696 defuncta,

1877 481 2015 521 cum
2046 482 2346 539 campana
2392 467 2748 524 Cantabona
2811 476 3044 528 vocata.
3133 471 3301 528 Dedit
3355 473 3535 530 etiam

1879 571 2164 612 coronam
2204 558 2246 625 (1
2266 562 2326 612 t5
2334 563 2349 627 )
2378 573 2528 613 auro
2552 562 2611 613 et
2636 563 2886 629 argento
2901 561 3242 618 radiantem
3257 566 3316 618 et
3329 577 3536 620 coram

1877 645 2195 717 principali
2215 646 2387 702 altari
2421 647 2783 719 pendentem
2824 650 2890 703 ".

1951 739 2035 788 17.
2098 733 2384 791 Defuncto
2438 751 2511 792 eo
2572 738 2698 807 (an.
2761 741 2917 800 1054.
2948 738 3134 794 Mart.
3163 742 3220 810 8)
3261 741 3534 798 ETHYLO

1878 827 1922 888 (t
1941 822 2026 892 16)
2057 823 2448 880 Goslariensis
2469 825 2826 898 prepositus
2849 831 3067 882 nostris
3095 826 3372 883 iecclesiss
3427 827 3532 885 de-

1874 911 2125 981 legatur,
2158 929 2260 985 qui
2293 915 2382 969 vir
2407 920 2525 971 ta...
2561 915 2793 972 litterati
2824 916 3069 972 scientia
3125 933 3313 989 quam
3343 923 3533 975 matre

1873 1001 2158 1058 virtutum
2178 1002 2532 1060 discretione
2562 1005 2944 1077 conspicuus,
2972 1022 3128 1078 opus
3152 1007 3319 1078 quod
3365 1013 3532 1065 ante-

1873 1105 2073 1144 cessor
2101 1106 2247 1146 suus
2269 1091 2332 1146 in
2360 1091 2717 1148 occidentali
2738 1099 2905 1165 parte
2925 1098 3113 1150 notrss
3143 1095 3395 1151 civitatis
3445 1095 3531 1150 in-

1871 1178 2212 1249 choaverat,
2235 1180 2461 1252 quippe
2492 1181 2666 1251 cujus
2697 1182 3056 1251 magnitudo
3078 1183 3426 1240 tenuitatem
3446 1201 3532 1241 re-

1871 1281 2006 1321 rum
2036 1271 2377 1324 nostrarum
2409 1270 2682 1339 excessit,
2711 1271 2960 1342 antiquo
2987 1271 3168 1343 capiti
3223 1271 3526 1340 Ecclesiae,

1869 1371 2055 1426 quam
2075 1356 2340 1412 domnus
2366 1358 2650 1414 Altfridus
2675 1359 2734 1415 in
2758 1361 2972 1417 eodem
3021 1361 3154 1418 loco
3201 1361 3407 1419 divina
3436 1379 3529 1418 re-

1867 1445 2158 1500 velatione
2211 1445 2586 1511 fundaverat.
2640 1465 2868 1506 novum
2908 1467 3127 1523 corpus
3201 1451 3528 1510 moderatis

1868 1535 2320 1605 compositionis
2363 1537 2515 1593 mira
2545 1544 2668 1594 arte
2718 1538 3064 1609 conjunxit;
3106 1539 3265 1612 quod
3318 1546 3529 1612 postea

1869 1623 2227 1694 procedente
2263 1631 2526 1697 tempore
2550 1627 2790 1699 praediis
2841 1628 2915 1684 de
2971 1644 3083 1685 sua
3132 1629 3526 1701 acquisitione

86 1714 144 1764 et
172 1710 508 1767 Adelhaida
563 1729 766 1768 sorore
826 1731 935 1770 sua
989 1716 1043 1771 ei
1101 1716 1446 1787 subrogata,
1506 1719 1754 1789 quando
1794 1735 1836 1787 Β
1867 1711 2140 1776 ditatum.
2176 1713 2392 1784 aniiS,
2427 1715 2968 1782 calicibuS,c0rona
3003 1719 3353 1788 ymaginem
3411 1735 3527 1774 ca:-

92 1814 230 1854 eam
260 1799 439 1868 jussu
461 1801 617 1869 regis
649 1801 710 1856 in
743 1802 999 1856 eandem
1043 1803 1376 1859 (ecclesiam
1431 1806 1757 1863 introduxit

85 1894 226 1943 ante
269 1888 478 1954 altare,
513 1895 569 1944 et
598 1889 1002 1945 obedientiam
1055 1897 1110 1946 et
1159 1894 1592 1961 subjectionem
1646 1896 1756 1951 sibi

82 1977 457 2048 promittenti
511 1977 573 2032 in
629 1983 915 2035 aeternam
996 1997 1206 2036 curam
1285 1984 1753 2049 commendavit,

81 2073 140 2121 et
169 2066 443 2124 decimas
464 2084 620 2139 quas
653 2073 1065 2124 antecessores
1103 2073 1146 2105 ⁵³
1170 2071 1261 2126 sui
1308 2072 1531 2127 ibidem
1581 2074 1758 2129 bene-

83 2157 204 2211 ficii
235 2157 425 2223 gratia
448 2158 866 2230 praestiterant,
924 2159 1117 2215 banni
1167 2161 1260 2216 sui
1309 2164 1657 2219 auctoritate
1713 2167 1754 2197 “

83 2244 379 2316 repetivit,
415 2251 470 2300 et
520 2246 770 2301 easdem
830 2247 1163 2304 Christiano
1215 2250 1430 2305 comite
1483 2252 1754 2321 ejusdem

84 2333 366 2388 secclesitn
393 2332 690 2390 advocato
717 2335 1002 2391 reddente
1030 2338 1252 2408 recepit
1271 2343 1327 2393 et
1371 2339 1482 2394 sibi
1510 2357 1755 2412 sineque

85 2421 369 2476 aecclesite
386 2422 447 2477 in
473 2423 852 2495 proprietate,
889 2424 1075 2480 banni
1101 2427 1192 2480 sui
1213 2429 1562 2483 auctoritate
1594 2445 1756 2484 com-

84 2511 366 2576 munivit,
400 2517 635 2568 astante
668 2513 1012 2570 Hermanno
1045 2515 1383 2571 Coloniensi
1439 2519 1758 2590 archiepis-

83 2615 242 2672 copo
272 2614 413 2656 cum
437 2601 759 2656 innumera
789 2602 1172 2660 multitudine
1204 2605 1342 2660 cleri
1398 2612 1453 2661 et
1503 2607 1711 2678 populi
1740 2627 1752 2674 ;

81 2688 334 2745 easdem
367 2694 567 2745 tamen
597 2690 865 2746 decimas
891 2692 1117 2748 ibidem
1160 2693 1238 2748 ad
1268 2711 1474 2766 preces
1525 2698 1752 2752 archie-

85 2779 317 2851 piscopi
349 2793 491 2834 cum
521 2780 770 2836 consilio
802 2781 892 2836 sui
923 2781 1061 2837 cleri
1083 2788 1141 2838 et
1167 2784 1377 2855 populi
1425 2785 1617 2840 eidem
1675 2786 1754 2841 al-

85 2867 197 2922 tari
219 2872 275 2922 et
305 2867 635 2923 abbatissae
665 2870 1019 2941 reprasstitit,
1049 2887 1157 2942 pro
1195 2873 1407 2927 eodem
1459 2873 1678 2928 scilicet
1707 2876 1752 2907 ’⁵⁸

87 2957 406 3011 servimine
437 2960 492 3011 et
519 2973 724 3023 censu,
753 2963 919 3013 secut
948 2959 1160 3014 beatus
1183 2961 1581 3016 Bernwardus
1602 2962 1756 3034 epis-

84 3059 298 3115 copus,
331 3049 677 3098 antecessor
700 3061 866 3110 suus,
897 3045 1119 3100 ibidem
1142 3047 1390 3103 instituit
1420 3050 1485 3102 ‘6.

162 3133 244 3187 16.
280 3131 389 3199 (Cf.
437 3133 628 3188 Vitam
663 3133 1010 3189 Gods/tardi
1035 3151 1086 3190 c.
1117 3140 1218 3202 33;
1247 3127 1407 3192 Ann.
1467 3138 1636 3194 Hild.
1693 3155 1746 3194 a.

86 3221 458 3286 1044.)ουοᾱ
483 3221 681 3277 subita
697 3228 887 3278 morte
920 3229 1224 3294 praevento
1255 3229 1375 3293 (an.
1415 3230 1572 3289 1044,
1601 3229 1749 3283 Νου.

85 3314 193 3377 14),
227 3312 571 3365 AZELINUS
601 3310 802 3378 regius
832 3311 1181 3383 capellanus
1203 3313 1255 3367 ei
1288 3315 1615 3379 successit;
1648 3314 1750 3386 qui

82 3397 383 3469 pluralem
419 3397 729 3454 utilitatem
759 3415 879 3453 suae
909 3399 1193 3454 escclesiee
1223 3402 1462 3456 diversa
1494 3402 1751 3474 acquisi-

81 3487 240 3543 tione
271 3487 540 3555 contulit,
555 3492 973 3556 veruntamen,
999 3492 1059 3543 ut
1089 3505 1387 3559 veremur,
1406 3496 1541 3546 ante
1563 3494 1750 3546 Deum

77 3593 217 3631 reus
249 3575 490 3645 exstitit,
521 3575 688 3647 quod
719 3575 1153 3632 monasterium
1201 3584 1475 3633 nostrum
1509 3581 1554 3613 ‘7
1612 3580 1750 3647 igne

78 3671 514 3736 consumptum
544 3663 877 3719 inconsulte
923 3664 1155 3734 dejecit.
1215 3670 1346 3738 Ipse
1395 3667 1576 3722 etiam
1629 3667 1749 3722 fra-

1867 1799 2026 1854 leslis
2052 1802 2377 1857 Jerusalem
2409 1810 2808 1874 priesentante
2867 1807 3197 1878 ceterisque
3234 1807 3526 1863 (ecclesia-

1868 1887 2024 1942 sticis
2051 1891 2385 1959 ornatibus,
2425 1892 2674 1964 insuper
2703 1909 2852 1948 auro
2883 1899 2939 1948 et
2989 1895 3245 1964 gemmis
3303 1896 3526 1967 precio—

1867 1977 2023 2032 siore
2049 1977 2344 2035 librorum
2378 1981 2660 2038 thesauro
2691 1982 3009 2038 decoravit.
3027 1987 3156 2056 Ipse
3176 1984 3356 2040 etiam
3381 1998 3527 2056 pras-

1865 2067 2097 2123 bendas
2124 2069 2398 2136 fratrum,
2429 2072 2829 2128 determinato
2879 2087 3002 2129 non
3055 2075 3525 2146 comprehensas

1866 2171 2142 2228 numero,
2177 2159 2434 2230 sapienti
2478 2160 2728 2216 consilio
2785 2161 2865 2217 ad
2895 2167 3125 2218 certum
3177 2179 3524 2231 numerum,

1867 2249 1934 2299 50
1966 2245 2203 2312 scilicet,
2230 2246 2477 2315 redegit,
2509 2253 2566 2302 et
2593 2253 2656 2304 ut
2681 2249 3019 2304 secundum
3049 2249 3389 2319 regularem
3440 2250 3526 2306 in-

1867 2333 2232 2389 stitutionem
2264 2350 2437 2406 aequa
2465 2336 2752 2392 omnibus
2797 2337 2991 2408 portio
3043 2338 3306 2409 daretur,
3358 2339 3526 2411 quod

1867 2437 2057 2492 usque
2081 2422 2156 2476 ad
2189 2422 2248 2476 id
2277 2423 2563 2495 temporis
2585 2424 2960 2480 consuetudo
2979 2431 3190 2484 nostra
3238 2443 3359 2484 non
3415 2428 3524 2483 ha-

1863 2510 2225 2576 buit,banni
2253 2512 2342 2567 sui
2374 2513 2722 2569 auctoritate
2769 2513 3045 2570 ﬁrmavit.
3090 2516 3217 2571 Fuit
3273 2531 3521 2588 quoque

1867 2598 2171 2653 studiosus
2196 2599 2258 2654 in
2284 2601 2643 2656 honorando
2675 2601 2917 2657 nomine
2943 2601 3223 2670 clericali,
3269 2602 3521 2674 diligen-

1866 2685 2131 2742 tissimus
2154 2687 2212 2742 in
2243 2689 2671 2759 promovendis
2703 2689 2782 2744 ad
2813 2689 3102 2761 spiritalia
3130 2705 3301 2746 arma
3355 2689 3520 2747 cleri-

1865 2775 2009 2829 calis
2040 2775 2261 2831 militiae
2290 2777 2492 2848 pueris
2544 2781 2602 2832 et
2647 2777 2994 2847 juvenibus,
3049 2777 3295 2849 quibus,
3352 2779 3517 2850 quod

1863 2863 2044 2918 verbo
2079 2863 2302 2934 docuit,
2343 2881 2404 2919 se
2461 2865 2662 2936 ipsum
2717 2865 2970 2937 qualiter
3020 2865 3146 2922 ﬁeri
3199 2873 3517 2940 oporteret,

1863 2953 2208 3026 exemplum
2235 2955 2563 3026 proposuit.
2597 2957 2789 3020 Quam
2833 2955 3038 3025 largus
3095 2961 3297 3012 autem
3346 2956 3520 3012 fuerit

1863 3045 1921 3098 in
1952 3044 2316 3111 elemosinis,
2349 3045 2458 3116 ipsi
2487 3045 2687 3100 adhuc
2709 3061 3006 3116 pauperes
3035 3050 3344 3113 testantur,
3373 3063 3522 3118 quo-

1861 3149 1996 3188 rum
2025 3138 2226 3189 tamen
2250 3134 2363 3190 hac
2384 3134 2740 3206 discretione
2763 3133 3084 3206 supplebat
3112 3134 3401 3207 inopiam,
3457 3140 3524 3192 ut

1861 3238 2107 3294 prorsus
2141 3223 2220 3278 ab
2247 3222 2362 3278 hiis
2383 3223 2487 3294 qui
2513 3227 2839 3296 utcumque
2866 3238 3082 3294 parum
3105 3223 3341 3296 operari
3363 3228 3523 3296 pote-

1860 3317 2014 3380 rant,
2043 3311 2336 3368 viciorum
2367 3317 2624 3368 matrem
2650 3311 2971 3383 extirparet
2993 3313 3308 3369 desidiam.
3338 3312 3524 3370 Habet

1861 3405 2062 3456 tamen
2088 3401 2151 3455 in
2180 3417 2251 3456 eo
2281 3401 2486 3456 divina
2517 3399 2826 3466 sententia,
2852 3406 2915 3455 ut
2944 3417 3242 3465 veremur,
3268 3401 3413 3472 quid
3443 3400 3522 3457 fe-

1858 3489 1990 3554 riat,
2025 3489 2168 3560 quia
2191 3489 2622 3544 institutionem
2647 3487 2834 3544 nostri
2853 3487 3081 3543 ordinis
3112 3490 3172 3543 in
3231 3488 3522 3546 abbreva-

1858 3577 2015 3631 tione
2047 3575 2233 3632 divini
2262 3574 2463 3640 ofﬁcii,
2495 3576 2555 3630 in
2578 3575 2987 3646 superﬂuitate
3018 3575 3292 3640 vestium,
3318 3575 3379 3630 in
3431 3592 3521 3631 re-

1858 3665 2120 3720 laxando
2147 3663 2435 3732 regularis
2455 3664 2590 3719 vitae
2617 3662 3067 3729 districtionem,
3086 3677 3208 3719 non
3231 3663 3368 3720 dico
3387 3679 3517 3720 mu-

78 3760 241 3809 trum
273 3753 599 3809 commoda
625 3754 827 3824 sepius
858 3753 1146 3825 ampliare
1169 3754 1448 3821 decrevit,
1470 3761 1557 3811 set
1581 3756 1748 3812 varia
1858 3754 2022 3818 tavit,
2050 3757 2136 3809 set
2165 3753 2538 3809 mutantibus
2565 3767 2689 3808 non
2747 3752 3123 3809 contradixit.
3171 3753 3300 3808 Pari
3354 3753 3516 3809 enim

77 3843 399 3915 occupatio
421 3843 806 3915 praepeditus,
840 3843 1083 3900 tandem
1109 3843 1422 3900 subitaneo
1453 3845 1620 3901 obitu
1651 3863 1748 3901 oc-
1859 3847 2026 3898 reatu
2057 3841 2292 3909 teneris,
2325 3846 2382 3896 et
2411 3841 2595 3897 errori
2619 3841 2975 3911 consentire,
2997 3846 3072 3910 et,
3098 3841 3200 3897 ubi
3220 3841 3518 3914 possis,il-

76 3937 338 4005 cupatus
368 3948 490 3987 non
520 3931 808 4004 implevit.
844 3931 1013 3988 Dedit
1045 3937 1244 3988 tamen
1267 3933 1517 3988 anulum
1548 3935 1744 4006 ponti-
1854 3932 2013 3987 licita
2045 3946 2166 3987 non
2189 3930 2757 4003 prohibere.Deinde
2773 3931 3184 3988 crescentibus
3210 3931 3392 3988 rebus
3410 3945 3519 3988 tec-

1423 4095 1428 4100 .
1457 4042 1694 4095 VARUE
1743 4041 2034 4095 LECTION
2042 4039 2139 4093 ES.

151 4147 196 4182 η
232 4150 286 4202 2.
317 4145 526 4226 scribit
555 4162 578 4226 ς
596 4143 878 4226 sepultus
926 4144 987 4226 in
1033 4145 1536 4226 scriptamajoris
1577 4149 1796 4226 nostra:
1829 4145 2159 4226 ecclesias.“
2195 4140 2242 4226 ὀξ
2271 4140 2602 4226 thiemarus
2633 4140 2679 4225 1ς
2759 4142 2806 4178 ⁸³
2829 4153 2991 4226 ssore
3029 4143 3228 4226 excisa
3258 4151 3360 4226 1
3385 4144 3433 4180 ⁸⁸
3463 4143 3518 4201 te

73 4221 281 4274 excisa
321 4219 366 4273 1.
445 4217 490 4252 ⁴⁸
514 4215 860 4272 videlicet2.
942 4217 989 4250 ⁴⁶
1020 4215 1356 4274 Iuro—habet
1390 4231 1409 4272 :
1444 4219 1553 4272 lste
1608 4218 1988 4273 Thietmarus
2018 4215 2167 4272 rexit
2213 4221 2244 4270 ϐ
2270 4215 2445 4270 annis
2497 4219 2599 4270 aut
2629 4215 2805 4278 circa,
2859 4220 2918 4270 et
2942 4215 3228 4270 molestus
3259 4215 3366 4270 fuit
3384 4227 3517 4271 mo-

75 4289 342 4367 uastario
371 4289 562 4367 sancti
592 4287 908 4367 Michaelis,
942 4287 1147 4367 aliqua
1176 4288 1338 4344 bona
1371 4289 1590 4367 scilicet
1629 4289 1898 4367 decimas
1921 4287 2004 4367 _in
2027 4287 2337 4367 “Laﬂ‘erde,
2370 4289 2730 4367 Eggensem,
2763 4285 3110 4355 Nettolinge,
3146 4289 3436 4367 Sayynge
3455 4292 3519 4367 et

79 4361 448 4438 Reddungen
482 4361 554 4438 (a)
579 4377 649 4415 ac
687 4359 850 4438 bona
877 4359 937 4414 in
966 4356 1325 4438 Wénﬂthusen
1357 4359 1706 4438 autlerendo
1738 4358 2180 4438 egindu‘ctione
2206 4357 2616 4438 quorumdam
2636 4371 3078 4438 .perversorum
3112 4356 3290 4438 simili
3329 4357 3515 4412 modo

74 4433 230 4487 sicut
262 4423 644 4499 Hildewinus,
678 4431 784 4508 qui
804 4429 1048 4508 beatum
1083 4429 1507 4508 Godehardum
1543 4431 1619 4486 ad
1653 4429 1868 4508 similia
1897 4425 2152 4508 induxit,
2179 4423 2263 4508 set
2291 4443 2416 4508 non
2449 4423 2762 4508 prevaluit.
2797 4423 2892 4508 Vir
2930 4427 3090 4508 enim
3117 4427 3518 4508 s‘anctuscon-

77 4503 356 4558 siderans
391 4518 563 4557 suam
591 4493 893 4580 maliciam
925 4502 993 4571 (c.
1020 4516 1101 4555 ω.
1133 4501 1262 4571 ejus
1288 4517 1364 4580 nt.
1398 4503 1453 4571 2)
1483 4507 1540 4580 et
1571 4507 1869 4580 certorum
1896 4493 2152 4580 aliorum
2183 4493 2471 4580 invidiam
2500 4495 2582 4580 eis
2614 4497 3089 4580 nonhconsensit.
3127 4497 3259 4580 Post
3283 4495 3514 4553 obitum

75 4582 283 4649 tamen
315 4575 505 4649 sancti
537 4571 872 4649 Codehardi
921 4565 1044 4649 non
1076 4565 1374 4649 cesar-unt,
1410 4565 1496 4628 set
1543 4573 1861 4649 calliditate
1901 4569 2465 4649 vulpina‘devotum
2493 4569 2690 4649 virum
2722 4565 3514 4649 Deithmarumepiscopum

78 4645 326 4720 tandem
357 4645 741 4720 induxerunt,
757 4647 839 4720 _ut
865 4644 1078 4720 eadem
1105 4643 1268 4720 bona
1291 4660 1410 4715 que
1439 4650 1680 4720 sanctus
1715 4640 2110 4698 Bernwardus
2135 4640 2209 4720 de
2252 4641 2536 4720 thesaurq
2559 4640 2789 4720 Ottonis
2813 4640 2975 4694 tercii
3018 4640 3162 4692 emit
3198 4644 3255 4720 et
3305 4652 3514 4720 mone;

77 4717 258 4772 sterio
291 4715 540 4790 praefato
573 4703 837 4790 contulit,
871 4716 1014 4790 ipse
1035 4703 1699 4790 auferretinonasterio,
1735 4721 1822 4790 set
1847 4720 2044 4790 tamen
2070 4716 2210 4784 post
2238 4703 2639 4790 miserabilem
2657 4709 2902 4790 .obitum
2919 4709 3327 4790 quorumdam
3350 4709 3514 4790 ‘invi-

74 4779 310 4843 dorum.
330 4787 666 4868 penitencia
689 4779 1129 4868 ductustotum
1163 4786 1848 4868 monristeliqresti‘tuit.
1873 4787 1935 4839 Et
1986 4779 2187 4868 tamen
2217 4781 2484 4868 .pos‘tea‘,
2510 4779 2711 4868 nescio
2753 4796 2875 4868 per
2903 4779 3057 4868 quos
3079 4780 3293 4868 eadem
3316 4779 3514 4868 _bona

75 4875 217 4915 cum
246 4849 620 4935 quibusdam
651 4857 781 4935 aliis
812 4855 1035 4935 scilicet
1056 4856 1292 4912 decima
1323 4855 1404 4935 in;
1429 4857 1730 4935 Berberch
1778 4857 1854 4935 (_b)
1907 4849 2272 4935 monasterio
2307 4849 2510 4935 ablata
2534 4849 2651 4935 g’ta
2678 4849 2991 4935 cor—rain}
3023 4856 3268 4935 accepta
3294 4861 3369 4935 in.
3434 4849 3510 4935 1.)

74 4936 215 4985 sunt
247 4921 304 4985 et
333 4929 462 4984 aliis
493 4927 753 4984 ecclesiis
781 4929 1017 4996 collata,
1052 4945 1173 4983 non
1207 4933 1478 4983 verentes
1514 4921 1999 4984 maledictionem
2028 4925 2217 4980 sancti
2248 4923 2504 4996 presulis
2534 4921 2878 4978 Bernwardi
2923 4927 3100 4994 prout
3155 4921 3214 4996 in
3265 4921 3514 4996 tutusle-

73 5001 277 5071 genda
309 5001 525 5056 clarius
556 4993 1070 5079 conti-neturLQuo
1089 4999 1295 5079 subita
1323 5005 1519 5079 morte
1545 5004 1830 5079 prevento
1875 4999 1952 5079 (et
1984 4996 2217 5079 sepulto
2246 4993 2410 5068 apud
2440 5011 2714 5079 murqu
2734 4993 2942 5079 versus
2970 4995 3299 5079 sacrarium
3341 4993 3512 5079 ad!!!

185 5077 266 5140 2.)
295 5088 457 5126 anno
489 5073 745 5127 M°XLIV°
774 5059 1046 5125 Azelirius
1209 5072 1252 5103 ιτ
1287 5087 1366 5124 m.
1401 5059 1666 5140 majoris,
1703 5059 1962 5140 ecclesiae
1989 5059 2260 5140 2.'manu
2285 5059 2598 5140 'secunda.
2671 5065 2716 5098 ⁵⁸
2751 5064 3080 5140 haechabet
3112 5080 3132 5118 .’
3187 5069 3358 5120 Anno
3388 5067 3512 5140 _Do-

71 5144 222 5199 mini
252 5134 412 5198 1054.
443 5143 712 5220 ᾼῑθιίηῃε
739 5141 1016 5220 migravit
1048 5140 1125 5220 ad
1149 5140 1465 5220 Christum,
1499 5134 1772 5220 sepultus
1802 5137 2218 5220 principali
2278 5136 2528 5192 ecclesia
2577 5136 2752 5206 juxta
2805 5134 3194 5207 columpnam
3236 5135 3508 5191 omnium

71 5221 428 5271 sanctorum
458 5215 519 5270 in
549 5219 716 5285 parte
737 5211 986 5270 australi
1015 5217 1072 5268 et
1089 5211 1222 5266 loco
1251 5213 1381 5280 ejus
1407 5211 1783 5268 constituitur
1809 5211 2011 5275 Ethile,
2044 5216 2152 5266 etc.

1687 5315 1909 5374 ΝΟΤᾹΞ.

1920 5423 2088 5549 (‘13
2134 5420 2475 5476 Hezilonem
2501 5423 2680 5476 vocat
2705 5419 3015 5476 Heinricus
3040 5422 3107 5475 ιν
3137 5436 3241 5476 rex
3271 5420 3331 5475 in
3361 5419 3506 5494 dipl-

1848 5511 1904 5550 a.
1934 5511 1953 5549 1
1965 5511 2064 5549 υΟἸ
2081 5535 2092 5547 .

1918 5618 1998 5689 (b)
2039 5615 2412 5686 Bierbergen.

143 5431 292 5501 (114)
314 5427 682 5501 Wennerde,
715 5426 877 5501 olim_
897 5426 1062 5498 apud
1092 5423 1329 5482 Sarsted
1358 5423 1487 5480 sita.

151 5490 201 5569 (1
219 5490 305 5571 t3)
343 5490 591 5554 Lﬁttike
619 5490 797 5555 crone
822 5490 1024 5567 glossa
1055 5512 1101 5554 s.
1130 5501 1234 5553 XV.

143 5630 226 5693 (a)
263 5624 550 5697 Lafferde.
585 5622 1094 5697 Hoheneggelsen,
1127 5620 1480 5695 Nettlingen,
1525 5617 1735 5677 Saviu-

71 5713 209 5770 gen,
241 5695 614 5767 Beddingen.
