3944 6404
394 283 529 338 1247

1566 269 1908 327 ΑΡΡΕΝΒΙΧ
1946 267 2040 320 AD
2073 263 2130 320 S.
2171 263 2676 321 GODEHARDUM.

3689 266 3831 318 1248

391 402 585 460 οιθεὶω
613 415 938 457 numerum
966 400 1086 454 Deo
1116 397 1483 452 servientum
1532 391 1779 448 studens
1807 402 2048 458 augere,
2089 391 2135 442 Α
2166 386 2343 442 tionis
2373 403 2556 460 poena
2585 387 2850 443 diximus
2912 385 3294 454 innodatum,
3345 385 3671 442 certissime
3726 386 3841 441 scit

391 495 454 550 in
479 493 708 549 honore
735 489 920 546 sancti
949 486 1216 556 Mam-itii,
1243 486 1306 541 in
1336 481 1701 540 monasterio
1721 479 1888 553 quod
1920 478 2058 533 bea-

391 587 466 640 tae
496 580 801 638 memoriae
837 575 1228 634 Godehardus
1284 576 1331 609 ⁵³
1358 573 1678 647 episcopus
1720 567 2055 626 aediﬁcave-

390 676 502 739 rat,
537 666 1020 726 sanctimoniales
1049 663 1339 732 instituit;
1400 661 1622 718 scilicet
1678 656 2055 716 considerato

391 761 507 817 hoc
529 773 677 814 sexu
704 761 832 813 tum
856 753 1264 828 oportunitate
1292 751 1407 808 loci
1437 756 1568 807 tum
1592 753 1809 807 natura
1824 746 1903 802 ad
1923 760 2059 818 pec-

392 847 656 906 candum
680 845 985 920 proniore,
1012 842 1160 916 ipsis
1195 841 1398 914 ejectis
1429 844 1499 897 20
1523 838 1852 897 canonicos
1900 849 2057 891 novo

391 939 453 996 in
478 935 843 994 monasterio
871 932 1158 1007 reposuit,
1181 931 1408 1005 quibus
1449 930 1643 987 victus
1699 932 1756 984 et
1809 925 2056 982 vestitus

391 1025 731 1084 necessaria
759 1038 1112 1098 procurans,
1174 1023 1485 1078 Cononem
1535 1014 2056 1087 consanguinitate

394 1116 509 1172 sibi
527 1113 897 1188 proximum,
928 1115 1067 1186 post
1093 1109 1521 1166 Brissinensem
1552 1107 1927 1182 episcopum,
1977 1102 2061 1174 ip-

395 1205 476 1262 sis
490 1203 866 1279 praeposuitJ
871 1217 972 1258 am
989 1205 1191 1257 autem
1207 1199 1462 1254 instante
1475 1197 1662 1254 astatis
1673 1210 1798 1251 suae
1812 1207 2059 1265 vespere

393 1293 803 1367 vespertinum
829 1291 1142 1348 oblaturus
1158 1287 1608 1355 sacriﬁcium,in
1623 1282 1899 1342 orientali
1917 1297 2059 1337 nos-

393 1389 496 1441 trae
523 1381 770 1439 civitatis
797 1385 967 1454 parte
996 1379 1166 1452 prius
1215 1377 1469 1434 domum
1497 1374 1638 1433 belli
1691 1374 1754 1430 in
1803 1372 2060 1428 domum

389 1473 578 1548 pacis,
601 1471 888 1542 adjuncto
917 1469 1099 1526 etiam
1121 1483 1282 1524 novo
1321 1482 1524 1540 opere,
1562 1461 1978 1529 commutavit,
2006 1464 2062 1517 et

398 1567 462 1618 15
493 1559 798 1618 canonicis
827 1557 1108 1615 institutis
1139 1555 1505 1628 abundeque
1536 1554 1650 1610 illis
1705 1550 2061 1609 necessariis

394 1650 669 1725 provisis,
698 1647 988 1704 Adeloldo
1017 1645 1361 1719 praeposito,
1396 1644 1521 1699 viro
1552 1647 1774 1698 sanctae
1832 1655 2060 1695 memo-

2163 475 2608 534 Adalberonem
2651 476 3234 548 Werzeburgensem
3300 476 3655 550 episcopum
3693 493 3840 532 cum

2167 566 2420 623 Eilberto
2449 567 2755 625 Mendensi
2799 567 3086 641 episcopo
3117 565 3468 622 auctoritate
3499 565 3837 640 apostolica

2168 655 2430 713 Corbeiaa
2463 656 2820 728 absolvisse,
2851 671 2964 712 nec
2991 659 3201 728 postea
3215 671 3356 710 cum
3381 670 3652 729 corpore,
3685 671 3843 711 nun-

2165 761 2355 818 quam
2384 750 2587 803 autem
2641 746 2846 803 animo
2897 744 3437 802 excommunicatis
3495 745 3841 802 communi-

2167 851 2356 892 casse.
2387 835 2544 892 Obiit
2573 841 2776 892 autem
2815 835 3009 892 beata:
3036 834 3345 891 memoriae
3375 834 3639 891 domnus
3695 835 3840 890 Het-

2167 925 2291 998 tylo
2318 925 2640 998 episcopus
2664 939 2826 982 anno
2859 923 3182 980 Dominicae
3234 923 3665 980 incarnationis
3698 927 3842 979 1079

2167 1015 2348 1086 (Aug.
2383 1017 2457 1086 5),
2489 1013 2883 1070 ordinationis
2913 1029 3058 1069 vero
3115 1029 3239 1068 suae
3268 1016 3336 1067 26
3361 1013 3426 1080 ⁵ο,
3483 1016 3540 1068 et
3588 1013 3651 1068 in
3707 1027 3846 1068 mo-

2168 1103 2428 1160 nasterio
2454 1103 2644 1159 sancti
2683 1101 2952 1170 Mauritii,
2983 1102 3046 1158 in
3095 1101 3229 1158 loco
3293 1117 3478 1174 quem
3530 1101 3663 1174 ipse
3723 1100 3848 1157 sibi

2169 1192 2550 1266 praefoderat,
2584 1192 2918 1266 requiescit.
2954 1192 3138 1263 Cujus
3175 1191 3322 1264 quia
3351 1191 3552 1248 adhuc
3604 1191 3666 1247 in
3719 1207 3839 1248 no-

2171 1287 2294 1340 stra
2322 1281 2790 1352 congregatione
2811 1281 3076 1354 plurima
3102 1280 3313 1336 vivunt
3355 1279 3671 1349 beneﬁcia,
3703 1281 3846 1352 ejus

2170 1388 2415 1446 quoque
2447 1371 2615 1446 apud
2643 1387 2756 1428 nos
2815 1385 2973 1428 nova
3020 1385 3260 1443 semper
3309 1373 3368 1426 et
3415 1369 3663 1426 celebris
3702 1369 3850 1426 vivit

2171 1461 2486 1518 memoria.
2807 1513 2814 1516 _

2247 1557 2331 1609 18.
2367 1551 2511 1608 Huic
2541 1556 2793 1608 octavus
2825 1550 3096 1607 decimus
3127 1550 3452 1624 episcopus
3510 1552 3652 1607 UDO
3708 1566 3848 1606 suc-

2173 1643 2368 1709 cessit,
2391 1643 2495 1716 qui
2527 1641 2810 1697 aecclesiae
2841 1646 3061 1697 nostra;
3092 1645 3158 1696 33
3190 1640 3365 1696 annis
3393 1639 3649 1713 praefuit.
3717 1641 3845 1709 Hic,

396 1741 521 1811 riae,
552 1737 852 1808 regendos
882 1735 1202 1792 commisit.
1235 1736 1331 1791 Set
1358 1732 1505 1806 quia
1552 1733 1714 1788 idem
1766 1733 2066 1785 monaste-
2103 1745 2143 1799 Β
2174 1737 2238 1788 ut
2265 1733 2540 1788 omnium
2567 1747 2716 1804 pace
2745 1731 2998 1798 dicatur,
3035 1746 3175 1785 cum
3205 1729 3658 1786 oblectamentis
3688 1733 3849 1786 tem-

397 1829 557 1885 rium
583 1825 928 1883 inﬁrmitate
954 1829 1295 1897 pra-ventus
1328 1837 1678 1878 consecrare
1703 1835 1822 1874 non
1849 1816 2061 1890 potuit,

397 1914 746 1970 Burchardo
778 1913 1256 1970 Halverstadensi
1289 1911 1597 1985 episcopo,
1622 1907 1944 1964 fortissimo
2002 1906 2064 1960 in

397 2003 556 2060 bello
586 2003 874 2060 aacclesite
904 2002 1092 2069 militi,
1127 2002 1240 2057 sub
1288 2001 1459 2057 titulo
1503 2005 1724 2055 sanctae
1779 1997 1979 2055 Crucis
2010 2000 2068 2051 et

397 2094 718 2150 beatorum
743 2091 1162 2165 apostolorum
1186 2091 1334 2147 Petri
1375 2095 1432 2146 et
1483 2087 1649 2145 Pauli
1707 2100 2064 2143 consecran-

401 2183 552 2239 dum
581 2182 901 2237 commisit.
935 2185 1062 2245 Quo
1111 2181 1189 2236 ad
1234 2195 1458 2252 purum
1509 2177 1869 2234 inﬁrmitatis
1930 2176 2067 2245 igne

399 2274 668 2340 excocto,
726 2270 994 2343 praedicti
1049 2268 1320 2341 praesulis
1383 2268 1741 2336 ammonitu,
1788 2265 2067 2322 fratribus

401 2359 622 2415 nostris
678 2374 751 2414 ex
799 2358 978 2414 corde
1025 2359 1322 2430 paenitens
1374 2356 1664 2430 quicquid
1716 2354 2064 2422 abstulerat,

401 2449 672 2505 decimas
733 2447 954 2504 scilicet
1007 2454 1063 2503 et
1119 2447 1316 2502 curias
1342 2445 1712 2515 Wangarde,
1748 2443 2067 2517 Eymbrike

401 2537 574 2610 (117),
625 2537 1029 2610 Poppenburg
1085 2537 1230 2607 (H8)
1278 2534 1557 2601 reddidit,
1591 2538 1648 2590 et
1704 2549 1840 2605 qua:
1885 2531 2067 2600 longo

404 2631 673 2698 tempore
705 2630 1197 2695 congregaverat,
1242 2625 1369 2698 ipse
1402 2629 1466 2679 ut
1519 2623 1787 2696 prudens
1843 2620 2068 2676 animal

400 2729 509 2787 per
536 2730 756 2770 manus
795 2729 1135 2787 pauperum
1188 2713 1445 2769 Domino
1489 2711 1797 2767 offerenda
1834 2708 2070 2783 praemi-

402 2802 494 2859 sit.
530 2801 932 2860 Considerans
959 2801 1121 2856 enim
1151 2800 1522 2873 impossibile
1554 2815 1682 2854 esse
1742 2797 2069 2852 multorum

399 2907 527 2948 non
576 2891 850 2947 exaudiri
904 2891 1227 2959 orationes,
1272 2889 1505 2945 nullam
1557 2888 1616 2943 in
1657 2892 1780 2943 tota
1812 2885 2071 2942 Saxonia

403 2980 934 3050 congregationem
961 2978 1358 3051 praetermisit,
1387 2994 1576 3050 quam
1605 2992 1729 3031 non
1756 2973 2072 3047 quantolo-

403 3083 667 3139 cumque
696 3067 965 3124 karitatis
995 3082 1245 3122 munere
1290 3066 1690 3122 honoraverit.
1745 3065 1876 3136 lpse
1924 3077 2071 3134 quo-

404 3170 524 3228 que
551 3155 626 3210 de
656 3155 1073 3211 immutatione
1125 3154 1311 3208 nostri
1344 3153 1574 3208 ordinis
1627 3153 1785 3208 facta
1838 3151 2069 3206 confes-

404 3244 572 3300 sione
598 3243 1012 3315 paenitentiam
1037 3243 1287 3314 accepit,
1314 3247 1371 3297 et
1418 3241 1627 3298 fratres
1684 3245 1922 3296 nostros
1981 3255 2072 3294 as-

402 3337 597 3390 tantes
626 3331 741 3387 sub
770 3331 1141 3388 attestatione
1171 3331 1360 3386 divini
1390 3330 1619 3387 timoris
1642 3335 1705 3386 ut
1759 3329 1820 3384 in
1875 3328 2070 3402 pristi-

405 3438 558 3478 num
589 3421 1015 3490 restitueretur,
1065 3419 1436 3476 consulendo
1487 3417 1893 3492 praecipiendo
1949 3433 2073 3472 am-

403 3510 663 3568 monuit.
690 3510 782 3566 Ad
811 3511 985 3582 cujus
1024 3511 1256 3567 virtutis
1308 3508 1621 3564 cumulum
1671 3509 1785 3564 hoc
1829 3521 2071 3580 quoque

404 3600 690 3657 laudibus
721 3601 850 3671 ejus
878 3599 1104 3673 placuit
1130 3600 1545 3666 inserendum,
1577 3599 1721 3672 quia
1748 3613 1901 3670 pene
1947 3613 2073 3652 om-

403 3689 584 3745 nibus
611 3689 848 3745 Ytalicis
880 3693 937 3744 et
993 3689 1329 3745 Teutonicis
1379 3687 1678 3760 episcopis
1735 3685 2072 3742 inauditam

405 3777 543 3834 etin
571 3778 739 3834 omni
772 3794 1080 3834 canonum
1111 3777 1260 3833 serie
1290 3793 1413 3832 non
1435 3777 1653 3832 lectam
1683 3775 1894 3831 domni
1934 3777 2073 3831 Gre-

406 3861 558 3939 gorii
589 3883 762 3939 papae
793 3867 976 3938 hujus
1008 3867 1271 3933 nominis
1307 3867 1544 3939 septimi
1575 3865 2072 3938 dampnationem

408 3955 950 4026 subscribentibus,
982 3957 1109 4028 ipse
1139 3971 1384 4028 quoque
1415 3956 1628 4011 timore
1676 3954 1884 4011 mortis
1939 3955 2076 4009 sub-

410 4042 666 4115 scripsit,
692 4047 781 4099 set
799 4042 966 4115 quod
994 4043 1334 4115 scripserat,
1367 4047 1432 4098 ut
1474 4044 1657 4098 homo
1702 4043 2073 4112 sagacissimi

407 4131 653 4201 ingenii,
709 4130 885 4186 obelo
939 4131 1207 4204 suposito
1260 4131 1637 4204 dampnavit.
1693 4132 1876 4202 Cujus
1931 4133 2074 4204 quia

409 4220 867 4294 subscriptionis
924 4236 1171 4293 poenam
1235 4225 1291 4276 et
1365 4220 2071 4289 excommunicationem,

409 4309 630 4366 scilicet
657 4309 768 4364 hac
795 4325 906 4382 pro
932 4309 1338 4366 inobedientia
1367 4309 1779 4375 subsecutam,
1813 4309 2075 4364 maxime

2169 1821 2392 1894 poralis
2418 1821 2552 1876 vitae
2597 1820 2773 1875 nimis
2820 1819 3176 1889 indulgeret,
3223 1819 3387 1889 justo
3448 1819 3550 1874 Dei
3600 1818 3839 1889 judicio

2171 1911 2506 1980 condignas
2537 1909 2792 1965 levitatis
2847 1926 2971 1965 suae
3020 1925 3234 1981 pmnas
3285 1908 3526 1964 exolvit.
3588 1909 3843 1965 Ecberto

2171 2015 2438 2072 namque
2470 1998 2818 2054 marchione
2849 1998 3269 2070 episcopatum
3320 2002 3597 2052 nostrum
3646 1997 3850 2053 incen-

2173 2090 2286 2145 diis
2312 2106 2381 2144 ac
2414 2087 2641 2161 rapinis
2670 2087 2944 2142 atrociter
2971 2086 3314 2152 invadente,
3365 2089 3424 2141 et
3440 2101 3648 2141 muros
3673 2086 3850 2141 urbis

2173 2178 2534 2250 gravissima
2565 2177 2880 2232 obsidione
2908 2180 3236 2243 coartante,
3295 2175 3457 2230 idem
3520 2175 3852 2248 episcopus

2174 2268 2254 2323 ob
2284 2269 2324 2303 ⁵¹
2363 2266 2607 2322 tutelam
2635 2266 2729 2320 sui
2775 2271 2833 2321 et
2876 2265 3291 2321 defensionem
3339 2264 3622 2320 (ecclesiae
3679 2263 3848 2319 deci-

2174 2374 2326 2423 mas,
2359 2373 2495 2428 quaa
2526 2371 2739 2410 omnes
2770 2355 2890 2410 fere
2917 2353 2998 2409 illi
3041 2353 3363 2421 vacabant,
3416 2353 3686 2425 aliasque
3733 2370 3851 2408 asc-

2175 2449 2367 2504 clesiae
2394 2446 2808 2519 possessiones
2831 2450 3075 2501 coactus
3105 2449 3192 2501 est
3210 2444 3498 2500 militibus
3528 2445 3847 2518 impertiri,

2175 2543 2231 2593 et
2259 2535 2426 2609 quod
2457 2535 2650 2605 magis
2681 2534 3088 2607 perniciosum
3147 2535 3226 2589 est
3293 2533 3569 2603 mulctas,
3623 2549 3848 2606 paruas

2177 2625 2448 2682 videlicet
2476 2623 2857 2697 pecuniarias
2887 2640 2998 2696 pro
3025 2622 3439 2679 criminalibus
3492 2621 3685 2694 culpis
3753 2622 3850 2676 in-

2178 2716 2431 2782 stitutas,
2461 2712 2810 2768 hominibus
2841 2727 2964 2766 suae
2994 2711 3238 2768 ditionis
3295 2710 3584 2767 relaxare.
3639 2711 3852 2765 Extre-

2177 2821 2278 2860 mo
2310 2808 2514 2859 tamen
2551 2801 2686 2856 vitae
2711 2817 2834 2856 suae
2862 2806 3131 2874 tempore
3157 2800 3429 2856 moribus
3459 2799 3687 2855 sincere
3717 2815 3854 2854 cor-

2177 2890 2369 2959 rectis,
2404 2889 2631 2960 praedia
2660 2889 2944 2960 quaedam
2994 2905 3118 2944 suae
3150 2887 3531 2962 proprietatis
3560 2903 3702 2942 cum
3732 2887 3854 2942 mi-

2178 2979 2376 3034 nistris
2405 2979 2484 3035 ad
2503 2979 2604 3049 jus
2625 2978 2969 3051 episcopale
2997 2978 3279 3047 contulit;
3309 2993 3448 3050 quae
3470 2992 3612 3032 vero
3641 2975 3705 3031 in
3735 2979 3848 3031 Bo-

2179 3067 2370 3122 cbolte
2401 3068 2544 3139 (120)
2570 3067 2758 3138 tytulo
2795 3067 3168 3123 hereditariae
3217 3065 3617 3122 successionis
3644 3080 3856 3137 posse-

2183 3155 2371 3225 derat,
2405 3160 2462 3210 et
2492 3155 2658 3227 quod
2689 3156 2750 3210 in
2781 3155 3070 3210 Witisleve
3103 3154 3597 3226 (l2l)aquodam
3628 3152 3854 3209 Godes-

2180 3243 2388 3298 cbalco
2410 3244 2730 3316 emptionis
2785 3244 3029 3299 nomine
3087 3243 3503 3316 acquisiverat,
3556 3241 3636 3298 ad
3690 3258 3854 3314 opus

2180 3332 2430 3388 fratrum
2489 3333 2805 3401 delegavit.
2868 3337 3117 3405 insuper
3172 3332 3340 3404 quod
3371 3333 3418 3367 ⁵³
3474 3332 3611 3387 filiae
3649 3331 3854 3388 fratris

2181 3421 2272 3476 sui
2304 3420 2470 3477 Elika
2495 3425 2553 3476 et
2582 3420 2904 3476 Atheleidis
2937 3421 2983 3455 ⁵³
3017 3420 3395 3477 venerabiles
3427 3421 3473 3454 “
3501 3419 3854 3489 abbatissae,

2179 3510 2474 3583 praedium
2501 3526 2677 3564 suum
2704 3510 2765 3564 in
2795 3511 3210 3565 tlevenhusem
3243 3511 3384 3581 (122)
3423 3510 3468 3543 ⁵⁵
3525 3525 3663 3566 cum
3722 3525 3857 3564 om-

2177 3600 2358 3656 nibus
2385 3599 2508 3654 suis
2538 3599 2864 3655 attinentiis
2893 3599 3174 3655 aecclesias
3215 3607 3435 3654 nostrae
3464 3598 3854 3669 largirentur,

2179 3687 2373 3744 effecit
2402 3690 2526 3757 (an.
2564 3690 2719 3754 1114,
2752 3687 2877 3743 Oct.
2921 3691 3027 3752 19).

2251 3781 2386 3833 Post
2433 3778 2595 3833 hunc
2645 3779 3040 3833 BRUNIGGUS
3100 3776 3488 3832 Goslariensis
3554 3775 3852 3842 decanus,

2179 3871 2350 3923 (etate
2380 3872 2657 3922 maturus
2681 3870 2739 3922 et
2791 3865 3086 3921 industria
3138 3865 3523 3938 conspicuus,
3566 3863 3856 3920 (ecclesiae

2181 3961 2396 4012 nostrae
2427 3955 2738 4025 delegatur
2762 3957 2886 4025 (an.
2925 3956 3100 4026 1115).
3142 3955 3250 4020 Qui
3279 3955 3698 4028 episcopatum
3717 3956 3855 4026 qui-

2181 4046 2322 4101 dem
2339 4049 2612 4102 nostrum
2633 4049 2894 4116 quatuor
2915 4044 3090 4099 annis
3114 4043 3492 4113 gubernavit,
3527 4049 3617 4099 set
3641 4059 3786 4099 cum
3815 4060 3857 4098 a

2182 4134 2536 4203 Moguntina
2560 4133 2878 4188 Adelberto
2911 4132 3427 4188 consecrationem
3453 4131 3637 4188 nollet
3667 4131 3857 4186 susci-

2183 4240 2345 4296 pere,
2389 4223 2806 4294 episcopatum
2856 4221 3224 4291 resignavit;
3281 4226 3339 4278 et
3388 4221 3468 4278 ad
3514 4220 3855 4277 recclesiam

2184 4312 2374 4368 sancti
2405 4310 2829 4374 Bartholomei,
2855 4311 2953 4366 cui
2981 4310 3263 4383 quaedam
3285 4310 3360 4366 de
3396 4310 3570 4366 bonis
3621 4310 3858 4383 episco-

408 4403 616 4494 nostro
641 4397 703 4452 in
731 4401 998 4494 tempore
1029 4397 1252 4494 lui-mus
1283 4398 1456 4494 (1.19),
1481 4397 1676 4452 visum
1735 4402 1822 4452 est
1870 4414 2070 4453 socor-
2112 4441 2155 4494 Β
2185 4399 2444 4472 palibus,
2477 4399 2762 4472 quaedam
2789 4399 2864 4454 de
2885 4399 3067 4454 rebus
3095 4399 3474 4472 proprietatis
3495 4399 3854 4469 contulerat,

407 4486 542 4555 dias,
577 4489 804 4542 tantam
835 4487 984 4542 tanti
1014 4487 1123 4542 viri
1152 4486 1562 4557 sagacitatem,
1590 4503 1715 4560 qua
1746 4503 1807 4542 se
1838 4487 1918 4543 ab
1957 4488 2071 4542 hac

407 4591 614 4632 coram
673 4577 791 4631 Deo
849 4574 1122 4645 absolvit,
1175 4575 1408 4631 silentio
1433 4575 1751 4647 praeterire.
1805 4575 1905 4631 Hic
1931 4592 2069 4631 cum

406 4663 716 4720 Heinricus
748 4680 850 4720 rex
876 4665 1058 4735 hujus
1083 4665 1346 4720 nominis
1375 4669 1627 4736 quartus
1679 4669 1866 4721 totam
1915 4681 2068 4737 pene

410 4752 735 4810 Saxoniam
767 4753 982 4824 rapina
1008 4758 1271 4809 vastaret
1298 4757 1355 4808 et
1395 4752 1696 4820 incendio,
1750 4753 1892 4810 data
1942 4754 2072 4809 inii-

405 4844 532 4899 nita
559 4843 838 4915 pecunia,
868 4848 1034 4899 utne
1069 4859 1188 4899 una
1247 4843 1470 4898 domus
1528 4843 1588 4898 in
1642 4843 1808 4898 omni
1866 4850 2071 4901 nostro

403 4933 756 5006 episcopatu
811 4933 1264 4990 combureretur
1317 4933 1527 4989 effecit.
1585 4933 1642 4990 Si
1703 4934 1841 5006 quis
1868 4941 2071 4992 autem

405 5021 651 5094 objiciat
677 5038 790 5095 pro
817 5038 886 5079 eo
903 5038 1026 5078 non
1053 5022 1356 5079 orandum
1377 5038 1562 5095 quem
1591 5026 2073 5082 excommunica-

2186 4505 2317 4545 sese
2350 4489 2666 4554 transtulit,
2699 4488 2904 4561 ibique
2934 4487 3096 4544 diem
3123 4487 3316 4544 exitus
3363 4487 3455 4544 sui
3491 4489 3612 4543 Deo
3669 4487 3854 4543 devo-

2182 4584 2275 4634 tus
2297 4577 2630 4649 expectavit
2661 4579 2708 4611 ⁵⁶
2741 4580 2860 4648 (an.
2893 4581 3048 4645 H20,
3076 4579 3262 4633 Mart.
3289 4578 3363 4649 3).

2258 4670 2341 4722 l9.
2380 4667 2599 4722 Dehinc
2634 4668 3057 4735 BERTOLDUS,
3090 4666 3450 4724 venerabilis
3481 4669 3682 4723 noster
3701 4683 3856 4739 prae-

2180 4756 2434 4830 positus,
2459 4757 2595 4813 cleri
2628 4757 2945 4831 plebisque
2973 4773 3275 4813 consensu
3301 4756 3579 4813 aecclesiae
3629 4762 3853 4813 nostra:

2181 4847 2499 4920 praeficitur
2520 4848 2641 4915 (an.
2683 4849 2838 4917 1119,
2872 4848 3032 4902 inter
3056 4849 3254 4903 Jun.
3285 4854 3338 4904 et
3365 4847 3490 4903 Oct.
3515 4847 3627 4917 31).
3653 4846 3768 4912 Qui
3798 4852 3855 4901 et

2181 4937 2380 4992 officio
2397 4937 2798 4992 ecclesiastico
2820 4936 3177 4993 excellenter
3191 4937 3545 5006 eruditus,et
3560 4935 3853 5005 religiosa:

2181 5027 2651 5083 conversationis
2669 5027 2866 5083 studio
2883 5027 3547 5100 praeclarus,religiosas
3572 5042 3852 5099 quasque

1805 5133 2032 5189 VARle
2073 5135 2365 5192 LECTION
2374 5136 2471 5190 ES.

476 5236 524 5269 ‘9
555 5235 620 5292 G.
654 5241 702 5292 1.
783 5237 831 5271 ⁵ο
858 5238 1015 5305 Χνιι,
1046 5238 1220 5291 XXVI.
1254 5240 1307 5290 2.
1407 5237 1450 5270 ⁵¹
1480 5235 1558 5292 ad
1597 5239 1650 5291 2.

1752 5238 1800 5272 δ’
1827 5239 1913 5294 ita
1942 5244 1994 5294 2.
2029 5255 2146 5296 vox
2170 5241 2329 5296 deest
2356 5246 2403 5294 1.

2511 5242 2557 5275 ⁸³
2579 5240 2756 5297 cilika
2785 5245 2842 5297 et
2871 5240 3163 5313 aslbeydis
3193 5242 3246 5296 2.
3301 5239 3636 5297 athelhedis
3672 5245 3721 5296 1.
3805 5242 3849 5273 ⁵⁸

403 5307 762 5364 venerabilis
791 5311 841 5362 1.
920 5308 966 5340 ⁵⁵
997 5307 1382 5364 heneshusen
1403 5311 1455 5362 2.
1536 5308 1584 5341 ⁶⁶
1615 5307 1719 5363 ubi
1740 5313 1798 5364 et
1819 5310 2092 5381 sepultus
2115 5315 2204 5367 est
2233 5316 2285 5366 2.

2019 5418 2062 5470 N
2069 5415 2232 5472 ΟΤλΕ

503 5571 625 5650 1
663 5577 1067 5650 ξορρθιὼωνε
1095 5581 1175 5636 ad
1205 5580 1474 5637 Leinam.

505 5643 625 5715 119)
666 5648 727 5700 Ε.
745 5643 819 5715 'g'.
854 5660 1016 5715 anno
1029 5643 1196 5706 1080.
1222 5651 1484 5708 Saxonia
1510 5656 1764 5710 vastata.

506 5713 625 5784 120)
664 5713 969 5772 Buchholz
1024 5733 1064 5775 a
1113 5723 1514 5792 septentrione
1552 5724 1925 5781 Hannoveraa
1968 5730 2073 5782 aut

477 5500 498 5780 Ξ

504 5504 560 5555 Η
663 5507 1000 5563 Emmerke.

504 5571 604 5624 H8
663 5577 1000 5648 Poppenbu

505 5643 605 5695 119
666 5648 727 5700 Ε.
761 5660 819 5715 g.
854 5660 1000 5704 annc

506 5713 606 5766 120
664 5713 969 5772 Buchholz

2179 5513 2436 5569 Bokholt
2457 5515 2826 5573 praefecturae
2851 5515 3232 5573 Bodenteich.

2251 5586 2399 5725 (121)
2438 5585 2784 5642 Wetzleben
2809 5587 2975 5660 apud
3003 5588 3439 5644 Wollenbuttel.

2281 5659 2397 5725 122)
2441 5657 2750 5714 Hevensen
2780 5674 2968 5725 prope
2996 5659 3364 5725 Hardegsen.

2281 5659 2397 5726 122)
2441 5657 2750 5714 Hevensen
2780 5657 2968 5731 prope
2996 5659 3364 5731 Hardegsen.
