  <div class='ocr_page' id='page_1' title='image "/cluster/home/n/w/nwhite01/storage/ocr_20150623/140-141/uc1.31175018559917/120.png"; bbox 0 0 3980 6412; ppageno 0'>
   <div class='ocr_carea' id='block_1_1' title="bbox 208 354 313 406">
    <p class='ocr_par' dir='ltr' id='par_1_1' title="bbox 208 354 313 406">
     <span class='ocr_line' id='line_1_1' title="bbox 208 354 313 406; baseline 0 -1"><span class='ocrx_word' id='word_1_1' title='bbox 208 354 313 406; x_wconf 75' lang='lat'><strong>2&#39;25</strong></span> 
     </span>
    </p>
   </div>
   <div class='ocr_carea' id='block_1_2' title="bbox 1481 349 2481 407">
    <p class='ocr_par' dir='ltr' id='par_1_2' title="bbox 1481 349 2481 407">
     <span class='ocr_line' id='line_1_2' title="bbox 1481 349 2481 407; baseline -0.003 -1"><span class='ocrx_word' id='word_1_2' title='bbox 1481 350 1700 407; x_wconf 82' lang='lat' dir='ltr'><strong>LEGES</strong></span> <span class='ocrx_word' id='word_1_3' title='bbox 1739 352 1827 407; x_wconf 84' lang='lat' dir='ltr'><strong>ET</strong></span> <span class='ocrx_word' id='word_1_4' title='bbox 1866 349 2481 407; x_wconf 84' lang='lat' dir='ltr'><strong>CONSTITUTIONES.</strong></span> 
     </span>
    </p>
   </div>
   <div class='ocr_carea' id='block_1_3' title="bbox 3650 357 3751 407">
    <p class='ocr_par' dir='ltr' id='par_1_3' title="bbox 3650 357 3751 407">
     <span class='ocr_line' id='line_1_3' title="bbox 3650 357 3751 407; baseline 0 0"><span class='ocrx_word' id='word_1_5' title='bbox 3650 357 3751 407; x_wconf 66' lang='lat' dir='ltr'><strong>“221i</strong></span> 
     </span>
    </p>
   </div>
   <div class='ocr_carea' id='block_1_4' title="bbox 209 473 3749 546">
    <p class='ocr_par' dir='ltr' id='par_1_4' title="bbox 209 473 3749 546">
     <span class='ocr_line' id='line_1_4' title="bbox 209 473 3749 546; baseline 0 -20"><span class='ocrx_word' id='word_1_6' title='bbox 209 475 443 541; x_wconf 85' lang='lat' dir='ltr'><strong>mensis,</strong></span> <span class='ocrx_word' id='word_1_7' title='bbox 522 474 820 545; x_wconf 88' lang='lat' dir='ltr'><strong>Aquensis,</strong></span> <span class='ocrx_word' id='word_1_8' title='bbox 888 476 1212 539; x_wconf 84' lang='lat' dir='ltr'><strong>Januensis,</strong></span> <span class='ocrx_word' id='word_1_9' title='bbox 1259 477 1303 510; x_wconf 71' lang='grc'>³³</span> <span class='ocrx_word' id='word_1_10' title='bbox 1383 474 1678 538; x_wconf 84' lang='lat' dir='ltr'><strong>Lunensis,</strong></span> <span class='ocrx_word' id='word_1_11' title='bbox 1733 476 2006 527; x_wconf 78' lang='lat' dir='ltr'><strong>Vulte—A</strong></span> <span class='ocrx_word' id='word_1_12' title='bbox 2046 478 2143 527; x_wconf 87' lang='lat' dir='ltr'><strong>aut</strong></span> <span class='ocrx_word' id='word_1_13' title='bbox 2172 478 2417 527; x_wconf 88' lang='lat' dir='ltr'><strong>matrem</strong></span> <span class='ocrx_word' id='word_1_14' title='bbox 2472 478 2574 526; x_wconf 91' lang='lat' dir='ltr'><strong>aut</strong></span> <span class='ocrx_word' id='word_1_15' title='bbox 2629 473 2865 527; x_wconf 82' lang='lat' dir='ltr'><strong>fratrem</strong></span> <span class='ocrx_word' id='word_1_16' title='bbox 2897 476 2996 526; x_wconf 90' lang='lat' dir='ltr'><strong>aut</strong></span> <span class='ocrx_word' id='word_1_17' title='bbox 3038 489 3296 527; x_wconf 84' lang='lat' dir='ltr'><strong>sororem</strong></span> <span class='ocrx_word' id='word_1_18' title='bbox 3320 475 3405 528; x_wconf 90' lang='lat' dir='ltr'><strong>vel</strong></span> <span class='ocrx_word' id='word_1_19' title='bbox 3457 480 3749 546; x_wconf 83' lang='lat' dir='ltr'><strong>nepotem,</strong></span> 
     </span>
    </p>
   </div>
   <div class='ocr_carea' id='block_1_5' title="bbox 207 563 1925 633">
    <p class='ocr_par' dir='ltr' id='par_1_5' title="bbox 207 563 1925 633">
     <span class='ocr_line' id='line_1_5' title="bbox 207 563 1925 633; baseline 0.001 -18"><span class='ocrx_word' id='word_1_20' title='bbox 207 563 409 629; x_wconf 82' lang='lat' dir='ltr'><strong>rensis,</strong></span> <span class='ocrx_word' id='word_1_21' title='bbox 444 565 487 598; x_wconf 80' lang='grc'><strong>¹⁴</strong></span> <span class='ocrx_word' id='word_1_22' title='bbox 532 564 929 616; x_wconf 88' lang='lat' dir='ltr'><strong>marchionum</strong></span> <span class='ocrx_word' id='word_1_23' title='bbox 966 579 1198 633; x_wconf 90' lang='lat' dir='ltr'><strong>quoque</strong></span> <span class='ocrx_word' id='word_1_24' title='bbox 1247 568 1303 617; x_wconf 91' lang='lat' dir='ltr'><strong>et</strong></span> <span class='ocrx_word' id='word_1_25' title='bbox 1355 564 1632 617; x_wconf 86' lang='lat' dir='ltr'><strong>comitum</strong></span> <span class='ocrx_word' id='word_1_26' title='bbox 1694 564 1925 616; x_wconf 88' lang='lat' dir='ltr'><strong>Italien-</strong></span> 
     </span>
    </p>
   </div>
   <div class='ocr_carea' id='block_1_6' title="bbox 208 652 1923 717">
    <p class='ocr_par' dir='ltr' id='par_1_6' title="bbox 208 652 1923 717">
     <span class='ocr_line' id='line_1_6' title="bbox 208 652 1923 717; baseline 0.001 -14"><span class='ocrx_word' id='word_1_27' title='bbox 208 652 379 717; x_wconf 91' lang='lat' dir='ltr'><strong>sium,</strong></span> <span class='ocrx_word' id='word_1_28' title='bbox 425 653 705 706; x_wconf 84' lang='lat' dir='ltr'><strong>nobilium</strong></span> <span class='ocrx_word' id='word_1_29' title='bbox 755 669 889 704; x_wconf 90' lang='lat' dir='ltr'><strong>vero</strong></span> <span class='ocrx_word' id='word_1_30' title='bbox 941 654 1277 714; x_wconf 78' lang='lat' dir='ltr'><strong>multorum,</strong></span> <span class='ocrx_word' id='word_1_31' title='bbox 1341 653 1711 705; x_wconf 82' lang='lat' dir='ltr'><strong>vassallorum</strong></span> <span class='ocrx_word' id='word_1_32' title='bbox 1748 655 1807 717; x_wconf 70' lang='lat'><strong>&#39;5,</strong></span> <span class='ocrx_word' id='word_1_33' title='bbox 1836 669 1923 705; x_wconf 82' lang='lat' dir='ltr'><strong>sa-</strong></span> 
     </span>
    </p>
   </div>
   <div class='ocr_carea' id='block_1_7' title="bbox 209 739 1924 810">
    <p class='ocr_par' dir='ltr' id='par_1_7' title="bbox 209 739 1924 810">
     <span class='ocr_line' id='line_1_7' title="bbox 209 739 1924 810; baseline 0.001 -19"><span class='ocrx_word' id='word_1_34' title='bbox 209 739 493 808; x_wconf 88' lang='lat' dir='ltr'><strong>pientium</strong></span> <span class='ocrx_word' id='word_1_35' title='bbox 527 745 582 793; x_wconf 91' lang='lat' dir='ltr'><strong>et</strong></span> <span class='ocrx_word' id='word_1_36' title='bbox 625 740 908 810; x_wconf 87' lang='lat' dir='ltr'><strong>judicum,</strong></span> <span class='ocrx_word' id='word_1_37' title='bbox 942 740 1094 793; x_wconf 88' lang='lat' dir='ltr'><strong>inter</strong></span> <span class='ocrx_word' id='word_1_38' title='bbox 1153 740 1334 793; x_wconf 86' lang='lat' dir='ltr'><strong>multa</strong></span> <span class='ocrx_word' id='word_1_39' title='bbox 1372 756 1501 810; x_wconf 60' lang='lat' dir='ltr'><strong>qua!</strong></span> <span class='ocrx_word' id='word_1_40' title='bbox 1553 740 1635 793; x_wconf 93' lang='lat' dir='ltr'><strong>rei</strong></span> <span class='ocrx_word' id='word_1_41' title='bbox 1684 740 1924 809; x_wconf 76' lang='lat' dir='ltr'><strong>publicae</strong></span> 
     </span>
    </p>
   </div>
   <div class='ocr_carea' id='block_1_8' title="bbox 209 826 1926 897">
    <p class='ocr_par' dir='ltr' id='par_1_8' title="bbox 209 826 1926 897">
     <span class='ocr_line' id='line_1_8' title="bbox 209 826 1926 897; baseline 0.001 -18"><span class='ocrx_word' id='word_1_42' title='bbox 209 828 623 897; x_wconf 84' lang='lat' dir='ltr'><strong>congruebant,</strong></span> <span class='ocrx_word' id='word_1_43' title='bbox 677 827 781 879; x_wconf 86' lang='lat' dir='ltr'><strong>tria</strong></span> <span class='ocrx_word' id='word_1_44' title='bbox 830 826 1081 896; x_wconf 86' lang='lat' dir='ltr'><strong>capitula</strong></span> <span class='ocrx_word' id='word_1_45' title='bbox 1134 826 1526 891; x_wconf 86' lang='lat' dir='ltr'><strong>inseruimus;</strong></span> <span class='ocrx_word' id='word_1_46' title='bbox 1582 843 1710 896; x_wconf 71' lang='lat' dir='ltr'><strong>qua:</strong></span> <span class='ocrx_word' id='word_1_47' title='bbox 1772 832 1836 880; x_wconf 91' lang='lat' dir='ltr'><strong>ut</strong></span> <span class='ocrx_word' id='word_1_48' title='bbox 1883 828 1926 863; x_wconf 64' lang='grc'><strong>’⁸</strong></span> 
     </span>
    </p>
   </div>
   <div class='ocr_carea' id='block_1_9' title="bbox 210 914 1921 986">
    <p class='ocr_par' dir='ltr' id='par_1_9' title="bbox 210 914 1921 986">
     <span class='ocr_line' id='line_1_9' title="bbox 210 914 1921 986; baseline 0.001 -19"><span class='ocrx_word' id='word_1_49' title='bbox 210 915 280 967; x_wconf 87' lang='lat' dir='ltr'><strong>ab</strong></span> <span class='ocrx_word' id='word_1_50' title='bbox 328 916 596 968; x_wconf 88' lang='lat' dir='ltr'><strong>omnibus</strong></span> <span class='ocrx_word' id='word_1_51' title='bbox 647 916 688 950; x_wconf 70' lang='lat'><strong>’7</strong></span> <span class='ocrx_word' id='word_1_52' title='bbox 756 919 952 968; x_wconf 87' lang='lat' dir='ltr'><strong>nostro</strong></span> <span class='ocrx_word' id='word_1_53' title='bbox 1003 915 1273 984; x_wconf 75' lang='lat' dir='ltr'><strong>subjectis</strong></span> <span class='ocrx_word' id='word_1_54' title='bbox 1322 916 1568 986; x_wconf 91' lang='lat' dir='ltr'><strong>imperio</strong></span> <span class='ocrx_word' id='word_1_55' title='bbox 1630 914 1675 951; x_wconf 82' lang='grc'><strong>¹⁸</strong></span> <span class='ocrx_word' id='word_1_56' title='bbox 1731 916 1921 969; x_wconf 88' lang='lat' dir='ltr'><strong>obser-</strong></span> 
     </span>
    </p>
   </div>
   <div class='ocr_carea' id='block_1_10' title="bbox 212 1004 1927 1075">
    <p class='ocr_par' dir='ltr' id='par_1_10' title="bbox 212 1004 1927 1075">
     <span class='ocr_line' id='line_1_10' title="bbox 212 1004 1927 1075; baseline 0.002 -21"><span class='ocrx_word' id='word_1_57' title='bbox 212 1009 416 1057; x_wconf 83' lang='lat' dir='ltr'><strong>ventur</strong></span> <span class='ocrx_word' id='word_1_58' title='bbox 462 1004 761 1075; x_wconf 84' lang='lat' dir='ltr'><strong>stabilique</strong></span> <span class='ocrx_word' id='word_1_59' title='bbox 812 1005 1212 1058; x_wconf 64' lang='lat' dir='ltr'><strong>observatione</strong></span> <span class='ocrx_word' id='word_1_60' title='bbox 1261 1010 1588 1072; x_wconf 85' lang='lat' dir='ltr'><strong>teneantur,</strong></span> <span class='ocrx_word' id='word_1_61' title='bbox 1638 1004 1844 1058; x_wconf 89' lang='lat' dir='ltr'><strong>amodo</strong></span> <span class='ocrx_word' id='word_1_62' title='bbox 1873 1011 1927 1058; x_wconf 85' lang='lat' dir='ltr'><strong>et</strong></span> 
     </span>
    </p>
   </div>
   <div class='ocr_carea' id='block_1_11' title="bbox 211 1091 1925 1164">
    <p class='ocr_par' dir='ltr' id='par_1_11' title="bbox 211 1091 1925 1164">
     <span class='ocr_line' id='line_1_11' title="bbox 211 1091 1925 1164; baseline 0 -18"><span class='ocrx_word' id='word_1_63' title='bbox 211 1092 480 1163; x_wconf 85' lang='lat' dir='ltr'><strong>deinceps</strong></span> <span class='ocrx_word' id='word_1_64' title='bbox 533 1094 856 1159; x_wconf 82' lang='lat' dir='ltr'><strong>statuimus,</strong></span> <span class='ocrx_word' id='word_1_65' title='bbox 892 1093 1165 1162; x_wconf 88' lang='lat' dir='ltr'><strong>jubemus</strong></span> <span class='ocrx_word' id='word_1_66' title='bbox 1224 1091 1267 1125; x_wconf 81' lang='lat'>‘9</span> <span class='ocrx_word' id='word_1_67' title='bbox 1316 1099 1372 1146; x_wconf 93' lang='lat' dir='ltr'><strong>et</strong></span> <span class='ocrx_word' id='word_1_68' title='bbox 1427 1091 1672 1146; x_wconf 85' lang='lat' dir='ltr'><strong>ﬁrmiter</strong></span> <span class='ocrx_word' id='word_1_69' title='bbox 1726 1094 1925 1164; x_wconf 62' lang='lat' dir='ltr'><strong>praeci-</strong></span> 
     </span>
    </p>
   </div>
   <div class='ocr_carea' id='block_1_12' title="bbox 210 1180 1924 1251">
    <p class='ocr_par' dir='ltr' id='par_1_12' title="bbox 210 1180 1924 1251">
     <span class='ocr_line' id='line_1_12' title="bbox 210 1180 1924 1251; baseline 0.001 -19"><span class='ocrx_word' id='word_1_70' title='bbox 210 1182 422 1250; x_wconf 84' lang='lat' dir='ltr'><strong>pimus.</strong></span> <span class='ocrx_word' id='word_1_71' title='bbox 464 1182 589 1234; x_wconf 72' lang='lat' dir='ltr'><strong>Hzec</strong></span> <span class='ocrx_word' id='word_1_72' title='bbox 652 1186 788 1233; x_wconf 88' lang='lat' dir='ltr'><strong>sunt</strong></span> <span class='ocrx_word' id='word_1_73' title='bbox 854 1196 983 1251; x_wconf 67' lang='lat' dir='ltr'><strong>qua:</strong></span> <span class='ocrx_word' id='word_1_74' title='bbox 1028 1180 1435 1234; x_wconf 81' lang='lat' dir='ltr'><strong>inviolabiliter</strong></span> <span class='ocrx_word' id='word_1_75' title='bbox 1494 1181 1785 1234; x_wconf 87' lang='lat' dir='ltr'><strong>observari</strong></span> <span class='ocrx_word' id='word_1_76' title='bbox 1831 1182 1924 1251; x_wconf 85' lang='lat' dir='ltr'><strong>ju-</strong></span> 
     </span>
    </p>
   </div>
   <div class='ocr_carea' id='block_1_13' title="bbox 209 1269 434 1323">
    <p class='ocr_par' dir='ltr' id='par_1_13' title="bbox 209 1269 434 1323">
     <span class='ocr_line' id='line_1_13' title="bbox 209 1269 434 1323; baseline 0.004 -1"><span class='ocrx_word' id='word_1_77' title='bbox 209 1269 434 1323; x_wconf 86' lang='lat' dir='ltr'><strong>bemus.</strong></span> 
     </span>
    </p>
   </div>
   <div class='ocr_carea' id='block_1_14' title="bbox 283 1357 1923 1428">
    <p class='ocr_par' dir='ltr' id='par_1_14' title="bbox 283 1357 1923 1428">
     <span class='ocr_line' id='line_1_14' title="bbox 283 1357 1923 1428; baseline 0 -17"><span class='ocrx_word' id='word_1_78' title='bbox 283 1358 419 1428; x_wconf 87' lang='lat' dir='ltr'><strong>Cap.</strong></span> <span class='ocrx_word' id='word_1_79' title='bbox 458 1362 507 1411; x_wconf 81' lang='lat' dir='ltr'><strong>t.</strong></span> <span class='ocrx_word' id='word_1_80' title='bbox 559 1358 917 1428; x_wconf 84' lang='lat' dir='ltr'><strong>Quicumque</strong></span> <span class='ocrx_word' id='word_1_81' title='bbox 949 1373 1013 1411; x_wconf 81' lang='lat' dir='ltr'><strong>ex</strong></span> <span class='ocrx_word' id='word_1_82' title='bbox 1057 1373 1421 1428; x_wconf 89' lang='lat' dir='ltr'><strong>quacumque</strong></span> <span class='ocrx_word' id='word_1_83' title='bbox 1461 1358 1694 1412; x_wconf 89' lang='lat' dir='ltr'><strong>natione</strong></span> <span class='ocrx_word' id='word_1_84' title='bbox 1733 1357 1923 1427; x_wconf 89' lang='lat' dir='ltr'><strong>legiti-</strong></span> 
     </span>
    </p>
   </div>
   <div class='ocr_carea' id='block_1_15' title="bbox 209 1445 1926 1517">
    <p class='ocr_par' dir='ltr' id='par_1_15' title="bbox 209 1445 1926 1517">
     <span class='ocr_line' id='line_1_15' title="bbox 209 1445 1926 1517; baseline 0.001 -17"><span class='ocrx_word' id='word_1_85' title='bbox 209 1463 367 1500; x_wconf 91' lang='lat' dir='ltr'><strong>mam</strong></span> <span class='ocrx_word' id='word_1_86' title='bbox 422 1462 660 1501; x_wconf 83' lang='lat' dir='ltr'><strong>uxorem</strong></span> <span class='ocrx_word' id='word_1_87' title='bbox 715 1446 932 1517; x_wconf 88' lang='lat' dir='ltr'><strong>accepit</strong></span> <span class='ocrx_word' id='word_1_88' title='bbox 973 1445 1042 1512; x_wconf 67' lang='lat'><strong>’0,</strong></span> <span class='ocrx_word' id='word_1_89' title='bbox 1093 1448 1181 1500; x_wconf 86' lang='lat' dir='ltr'><strong>vel</strong></span> <span class='ocrx_word' id='word_1_90' title='bbox 1240 1448 1521 1517; x_wconf 85' lang='lat' dir='ltr'><strong>acceperit</strong></span> <span class='ocrx_word' id='word_1_91' title='bbox 1577 1451 1637 1514; x_wconf 69' lang='grc' dir='ltr'><strong>ιι,</strong></span> <span class='ocrx_word' id='word_1_92' title='bbox 1698 1447 1743 1500; x_wconf 90' lang='lat' dir='ltr'><strong>si</strong></span> <span class='ocrx_word' id='word_1_93' title='bbox 1799 1463 1926 1501; x_wconf 79' lang='lat' dir='ltr'><strong>eam</strong></span> 
     </span>
    </p>
   </div>
   <div class='ocr_carea' id='block_1_16' title="bbox 211 1534 1928 1605">
    <p class='ocr_par' dir='ltr' id='par_1_16' title="bbox 211 1534 1928 1605">
     <span class='ocr_line' id='line_1_16' title="bbox 211 1534 1928 1605; baseline 0.001 -18"><span class='ocrx_word' id='word_1_94' title='bbox 211 1536 360 1588; x_wconf 91' lang='lat' dir='ltr'><strong>mori</strong></span> <span class='ocrx_word' id='word_1_95' title='bbox 401 1535 707 1605; x_wconf 83' lang='lat' dir='ltr'><strong>contigerit</strong></span> <span class='ocrx_word' id='word_1_96' title='bbox 750 1537 873 1589; x_wconf 86' lang='lat' dir='ltr'><strong>sine</strong></span> <span class='ocrx_word' id='word_1_97' title='bbox 923 1536 1055 1589; x_wconf 80' lang='lat' dir='ltr'><strong>filiis</strong></span> <span class='ocrx_word' id='word_1_98' title='bbox 1105 1534 1152 1570; x_wconf 77' lang='grc'>²²</span> <span class='ocrx_word' id='word_1_99' title='bbox 1197 1552 1400 1589; x_wconf 92' lang='lat' dir='ltr'><strong>eorum</strong></span> <span class='ocrx_word' id='word_1_100' title='bbox 1470 1536 1796 1601; x_wconf 92' lang='lat' dir='ltr'><strong>amborum,</strong></span> <span class='ocrx_word' id='word_1_101' title='bbox 1840 1536 1928 1589; x_wconf 85' lang='lat' dir='ltr'><strong>vir</strong></span> 
     </span>
    </p>
   </div>
   <div class='ocr_carea' id='block_1_17' title="bbox 209 1624 1923 1695">
    <p class='ocr_par' dir='ltr' id='par_1_17' title="bbox 209 1624 1923 1695">
     <span class='ocr_line' id='line_1_17' title="bbox 209 1624 1923 1695; baseline 0.002 -19"><span class='ocrx_word' id='word_1_102' title='bbox 209 1641 329 1677; x_wconf 69' lang='lat' dir='ltr'><strong>sum</strong></span> <span class='ocrx_word' id='word_1_103' title='bbox 389 1626 549 1678; x_wconf 82' lang='lat' dir='ltr'><strong>uxori</strong></span> <span class='ocrx_word' id='word_1_104' title='bbox 608 1625 870 1679; x_wconf 85' lang='lat' dir='ltr'><strong>succedat</strong></span> <span class='ocrx_word' id='word_1_105' title='bbox 949 1631 1005 1679; x_wconf 90' lang='lat' dir='ltr'><strong>et</strong></span> <span class='ocrx_word' id='word_1_106' title='bbox 1072 1625 1266 1678; x_wconf 85' lang='lat' dir='ltr'><strong>omnia</strong></span> <span class='ocrx_word' id='word_1_107' title='bbox 1318 1624 1471 1677; x_wconf 92' lang='lat' dir='ltr'><strong>bona</strong></span> <span class='ocrx_word' id='word_1_108' title='bbox 1539 1626 1662 1692; x_wconf 84' lang='lat' dir='ltr'><strong>ejus</strong></span> <span class='ocrx_word' id='word_1_109' title='bbox 1741 1626 1923 1695; x_wconf 87' lang='lat' dir='ltr'><strong>perci-</strong></span> 
     </span>
    </p>
   </div>
   <div class='ocr_carea' id='block_1_18' title="bbox 211 1714 351 1782">
    <p class='ocr_par' dir='ltr' id='par_1_18' title="bbox 211 1714 351 1782">
     <span class='ocr_line' id='line_1_18' title="bbox 211 1714 351 1782; baseline 0 -17"><span class='ocrx_word' id='word_1_110' title='bbox 211 1714 351 1782; x_wconf 82' lang='lat' dir='ltr'><strong>piat.</strong></span> 
     </span>
    </p>
   </div>
   <div class='ocr_carea' id='block_1_19' title="bbox 279 1800 1924 1873">
    <p class='ocr_par' dir='ltr' id='par_1_19' title="bbox 279 1800 1924 1873">
     <span class='ocr_line' id='line_1_19' title="bbox 279 1800 1924 1873; baseline 0.001 -19"><span class='ocrx_word' id='word_1_111' title='bbox 279 1802 332 1855; x_wconf 72' lang='lat'><strong>9.</strong></span> <span class='ocrx_word' id='word_1_112' title='bbox 365 1800 723 1873; x_wconf 86' lang='lat' dir='ltr'><strong>Quicumque</strong></span> <span class='ocrx_word' id='word_1_113' title='bbox 764 1808 1005 1872; x_wconf 87' lang='lat' dir='ltr'><strong>propter</strong></span> <span class='ocrx_word' id='word_1_114' title='bbox 1052 1801 1429 1872; x_wconf 79' lang='lat' dir='ltr'><strong>cupiditatem</strong></span> <span class='ocrx_word' id='word_1_115' title='bbox 1476 1818 1668 1856; x_wconf 88' lang='lat' dir='ltr'><strong>rerum</strong></span> <span class='ocrx_word' id='word_1_116' title='bbox 1703 1805 1924 1873; x_wconf 84' lang='lat' dir='ltr'><strong>patrem</strong></span> 
     </span>
    </p>
   </div>
   <div class='ocr_carea' id='block_1_20' title="bbox 2036 561 3757 633">
    <p class='ocr_par' dir='ltr' id='par_1_20' title="bbox 2036 561 3757 633">
     <span class='ocr_line' id='line_1_20' title="bbox 2036 561 3757 633; baseline 0.001 -18"><span class='ocrx_word' id='word_1_117' title='bbox 2036 563 2120 615; x_wconf 91' lang='lat' dir='ltr'><strong>vel</strong></span> <span class='ocrx_word' id='word_1_118' title='bbox 2164 562 2416 631; x_wconf 86' lang='lat' dir='ltr'><strong>aliquem</strong></span> <span class='ocrx_word' id='word_1_119' title='bbox 2467 577 2635 614; x_wconf 88' lang='lat' dir='ltr'><strong>suum</strong></span> <span class='ocrx_word' id='word_1_120' title='bbox 2684 563 2728 595; x_wconf 71' lang='grc'>³³</span> <span class='ocrx_word' id='word_1_121' title='bbox 2785 561 3203 631; x_wconf 88' lang='lat' dir='ltr'><strong>propinquum,</strong></span> <span class='ocrx_word' id='word_1_122' title='bbox 3263 578 3364 631; x_wconf 87' lang='lat' dir='ltr'><strong>per</strong></span> <span class='ocrx_word' id='word_1_123' title='bbox 3422 579 3479 613; x_wconf 83' lang='lat' dir='ltr'><strong>se</strong></span> <span class='ocrx_word' id='word_1_124' title='bbox 3513 570 3613 616; x_wconf 90' lang='lat' dir='ltr'><strong>aut</strong></span> <span class='ocrx_word' id='word_1_125' title='bbox 3651 580 3757 633; x_wconf 92' lang='lat' dir='ltr'><strong>per</strong></span> 
     </span>
    </p>
   </div>
   <div class='ocr_carea' id='block_1_21' title="bbox 2035 646 3757 714">
    <p class='ocr_par' dir='ltr' id='par_1_21' title="bbox 2035 646 3757 714">
     <span class='ocr_line' id='line_1_21' title="bbox 2035 646 3757 714; baseline 0.001 -11"><span class='ocrx_word' id='word_1_126' title='bbox 2035 651 2214 704; x_wconf 91' lang='lat' dir='ltr'><strong>alium</strong></span> <span class='ocrx_word' id='word_1_127' title='bbox 2246 650 2617 714; x_wconf 84' lang='lat' dir='ltr'><strong>interfecerit,</strong></span> <span class='ocrx_word' id='word_1_128' title='bbox 2669 648 2957 702; x_wconf 87' lang='lat' dir='ltr'><strong>hereditas</strong></span> <span class='ocrx_word' id='word_1_129' title='bbox 3005 646 3289 703; x_wconf 85' lang='lat' dir='ltr'><strong>interfecti</strong></span> <span class='ocrx_word' id='word_1_130' title='bbox 3338 651 3406 703; x_wconf 80' lang='lat' dir='ltr'><strong>ad</strong></span> <span class='ocrx_word' id='word_1_131' title='bbox 3442 650 3585 703; x_wconf 89' lang='lat' dir='ltr'><strong>alios</strong></span> <span class='ocrx_word' id='word_1_132' title='bbox 3624 669 3757 705; x_wconf 87' lang='lat' dir='ltr'><strong>suos</strong></span> 
     </span>
    </p>
   </div>
   <div class='ocr_carea' id='block_1_22' title="bbox 2032 737 3755 809">
    <p class='ocr_par' dir='ltr' id='par_1_22' title="bbox 2032 737 3755 809">
     <span class='ocr_line' id='line_1_22' title="bbox 2032 737 3755 809; baseline 0 -16"><span class='ocrx_word' id='word_1_133' title='bbox 2032 739 2327 809; x_wconf 85' lang='lat' dir='ltr'><strong>legitimos</strong></span> <span class='ocrx_word' id='word_1_134' title='bbox 2376 739 2615 792; x_wconf 81' lang='lat' dir='ltr'><strong>heredes</strong></span> <span class='ocrx_word' id='word_1_135' title='bbox 2668 737 2986 807; x_wconf 78' lang='lat' dir='ltr'><strong>perveniat.</strong></span> <span class='ocrx_word' id='word_1_136' title='bbox 3047 738 3433 791; x_wconf 83' lang='lat' dir='ltr'><strong>Interfectoris</strong></span> <span class='ocrx_word' id='word_1_137' title='bbox 3488 755 3621 792; x_wconf 91' lang='lat' dir='ltr'><strong>vero</strong></span> <span class='ocrx_word' id='word_1_138' title='bbox 3656 741 3755 793; x_wconf 87' lang='lat' dir='ltr'><strong>he-</strong></span> 
     </span>
    </p>
   </div>
   <div class='ocr_carea' id='block_1_23' title="bbox 2034 827 3747 898">
    <p class='ocr_par' dir='ltr' id='par_1_23' title="bbox 2034 827 3747 898">
     <span class='ocr_line' id='line_1_23' title="bbox 2034 827 3747 898; baseline 0 -17"><span class='ocrx_word' id='word_1_139' title='bbox 2034 829 2244 881; x_wconf 77' lang='lat' dir='ltr'><strong>reditas</strong></span> <span class='ocrx_word' id='word_1_140' title='bbox 2275 828 2331 880; x_wconf 93' lang='lat' dir='ltr'><strong>in</strong></span> <span class='ocrx_word' id='word_1_141' title='bbox 2373 827 2508 880; x_wconf 88' lang='lat' dir='ltr'><strong>tisco</strong></span> <span class='ocrx_word' id='word_1_142' title='bbox 2569 827 2879 896; x_wconf 84' lang='lat' dir='ltr'><strong>redigatur.</strong></span> <span class='ocrx_word' id='word_1_143' title='bbox 2936 827 3059 897; x_wconf 84' lang='lat' dir='ltr'><strong>Ipse</strong></span> <span class='ocrx_word' id='word_1_144' title='bbox 3112 843 3243 879; x_wconf 85' lang='lat' dir='ltr'><strong>vero</strong></span> <span class='ocrx_word' id='word_1_145' title='bbox 3277 828 3579 881; x_wconf 84' lang='lat' dir='ltr'><strong>ordinante</strong></span> <span class='ocrx_word' id='word_1_146' title='bbox 3622 830 3747 898; x_wconf 90' lang='lat' dir='ltr'><strong>epi-</strong></span> 
     </span>
    </p>
   </div>
   <div class='ocr_carea' id='block_1_24' title="bbox 2036 914 3750 987">
    <p class='ocr_par' dir='ltr' id='par_1_24' title="bbox 2036 914 3750 987">
     <span class='ocr_line' id='line_1_24' title="bbox 2036 914 3750 987; baseline 0 -18"><span class='ocrx_word' id='word_1_147' title='bbox 2036 934 2207 987; x_wconf 89' lang='lat' dir='ltr'><strong>scopo</strong></span> <span class='ocrx_word' id='word_1_148' title='bbox 2256 916 2483 986; x_wconf 82' lang='lat' dir='ltr'><strong>publica</strong></span> <span class='ocrx_word' id='word_1_149' title='bbox 2533 915 2868 985; x_wconf 68' lang='lat' dir='ltr'><strong>pmnitentia</strong></span> <span class='ocrx_word' id='word_1_150' title='bbox 2926 916 3202 969; x_wconf 88' lang='lat' dir='ltr'><strong>subdetnr</strong></span> <span class='ocrx_word' id='word_1_151' title='bbox 3239 914 3304 969; x_wconf 77' lang='lat'><strong>&quot;.</strong></span> <span class='ocrx_word' id='word_1_152' title='bbox 3359 916 3519 979; x_wconf 87' lang='lat' dir='ltr'><strong>Quod</strong></span> <span class='ocrx_word' id='word_1_153' title='bbox 3577 917 3623 970; x_wconf 90' lang='lat' dir='ltr'><strong>si</strong></span> <span class='ocrx_word' id='word_1_154' title='bbox 3656 919 3750 970; x_wconf 88' lang='lat' dir='ltr'><strong>ille</strong></span> 
     </span>
    </p>
   </div>
   <div class='ocr_carea' id='block_1_25' title="bbox 2035 1004 3747 1075">
    <p class='ocr_par' dir='ltr' id='par_1_25' title="bbox 2035 1004 3747 1075">
     <span class='ocr_line' id='line_1_25' title="bbox 2035 1004 3747 1075; baseline 0.002 -20"><span class='ocrx_word' id='word_1_155' title='bbox 2035 1005 2135 1075; x_wconf 89' lang='lat' dir='ltr'><strong>qui</strong></span> <span class='ocrx_word' id='word_1_156' title='bbox 2185 1005 2422 1058; x_wconf 89' lang='lat' dir='ltr'><strong>crimine</strong></span> <span class='ocrx_word' id='word_1_157' title='bbox 2481 1004 2760 1074; x_wconf 79' lang='lat' dir='ltr'><strong>arguitur,</strong></span> <span class='ocrx_word' id='word_1_158' title='bbox 2822 1020 3030 1073; x_wconf 88' lang='lat' dir='ltr'><strong>negare</strong></span> <span class='ocrx_word' id='word_1_159' title='bbox 3088 1005 3353 1071; x_wconf 87' lang='lat' dir='ltr'><strong>voluerit,</strong></span> <span class='ocrx_word' id='word_1_160' title='bbox 3390 1020 3496 1074; x_wconf 91' lang='lat' dir='ltr'><strong>per</strong></span> <span class='ocrx_word' id='word_1_161' title='bbox 3552 1021 3610 1058; x_wconf 90' lang='lat' dir='ltr'><strong>se</strong></span> <span class='ocrx_word' id='word_1_162' title='bbox 3638 1022 3747 1075; x_wconf 86' lang='lat' dir='ltr'><strong>pu-</strong></span> 
     </span>
    </p>
   </div>
   <div class='ocr_carea' id='block_1_26' title="bbox 2034 1092 3747 1162">
    <p class='ocr_par' dir='ltr' id='par_1_26' title="bbox 2034 1092 3747 1162">
     <span class='ocr_line' id='line_1_26' title="bbox 2034 1092 3747 1162; baseline 0.002 -17"><span class='ocrx_word' id='word_1_163' title='bbox 2034 1109 2207 1161; x_wconf 84' lang='lat' dir='ltr'><strong>gnam</strong></span> <span class='ocrx_word' id='word_1_164' title='bbox 2241 1094 2448 1159; x_wconf 80' lang='lat' dir='ltr'><strong>faciat;</strong></span> <span class='ocrx_word' id='word_1_165' title='bbox 2486 1109 2586 1146; x_wconf 91' lang='lat' dir='ltr'><strong>nec</strong></span> <span class='ocrx_word' id='word_1_166' title='bbox 2619 1092 2784 1146; x_wconf 87' lang='lat' dir='ltr'><strong>liceat</strong></span> <span class='ocrx_word' id='word_1_167' title='bbox 2813 1093 2864 1145; x_wconf 92' lang='lat' dir='ltr'><strong>ei</strong></span> <span class='ocrx_word' id='word_1_168' title='bbox 2905 1093 3266 1162; x_wconf 87' lang='lat' dir='ltr'><strong>campionem</strong></span> <span class='ocrx_word' id='word_1_169' title='bbox 3294 1093 3342 1127; x_wconf 80' lang='grc'><strong>²⁵</strong></span> <span class='ocrx_word' id='word_1_170' title='bbox 3385 1109 3489 1162; x_wconf 91' lang='lat' dir='ltr'><strong>pro</strong></span> <span class='ocrx_word' id='word_1_171' title='bbox 3522 1110 3580 1147; x_wconf 83' lang='lat' dir='ltr'><strong>se</strong></span> <span class='ocrx_word' id='word_1_172' title='bbox 3612 1094 3747 1148; x_wconf 88' lang='lat' dir='ltr'><strong>dare</strong></span> 
     </span>
    </p>
   </div>
   <div class='ocr_carea' id='block_1_27' title="bbox 2036 1180 3749 1252">
    <p class='ocr_par' dir='ltr' id='par_1_27' title="bbox 2036 1180 3749 1252">
     <span class='ocr_line' id='line_1_27' title="bbox 2036 1180 3749 1252; baseline 0.001 -17"><span class='ocrx_word' id='word_1_173' title='bbox 2036 1182 2145 1236; x_wconf 90' lang='lat' dir='ltr'><strong>nisi</strong></span> <span class='ocrx_word' id='word_1_174' title='bbox 2198 1181 2486 1251; x_wconf 88' lang='lat' dir='ltr'><strong>decrepita</strong></span> <span class='ocrx_word' id='word_1_175' title='bbox 2543 1184 2680 1235; x_wconf 62' lang='lat' dir='ltr'><strong>tetas</strong></span> <span class='ocrx_word' id='word_1_176' title='bbox 2736 1187 2835 1233; x_wconf 89' lang='lat' dir='ltr'><strong>aut</strong></span> <span class='ocrx_word' id='word_1_177' title='bbox 2886 1180 3181 1251; x_wconf 89' lang='lat' dir='ltr'><strong>juvenilis,</strong></span> <span class='ocrx_word' id='word_1_178' title='bbox 3264 1186 3361 1235; x_wconf 84' lang='lat' dir='ltr'><strong>aut</strong></span> <span class='ocrx_word' id='word_1_179' title='bbox 3417 1181 3749 1252; x_wconf 75' lang='lat' dir='ltr'><strong>infirmitas,</strong></span> 
     </span>
    </p>
   </div>
   <div class='ocr_carea' id='block_1_28' title="bbox 2036 1269 2852 1342">
    <p class='ocr_par' dir='ltr' id='par_1_28' title="bbox 2036 1269 2852 1342">
     <span class='ocr_line' id='line_1_28' title="bbox 2036 1269 2852 1342; baseline -0.001 -18"><span class='ocrx_word' id='word_1_180' title='bbox 2036 1287 2293 1342; x_wconf 84' lang='lat' dir='ltr'><strong>pugnare</strong></span> <span class='ocrx_word' id='word_1_181' title='bbox 2326 1269 2688 1341; x_wconf 89' lang='lat' dir='ltr'><strong>prohibuerit</strong></span> <span class='ocrx_word' id='word_1_182' title='bbox 2719 1270 2852 1339; x_wconf 83' lang='lat'>(86).</span> 
     </span>
    </p>
   </div>
   <div class='ocr_carea' id='block_1_29' title="bbox 2107 1356 3755 1429">
    <p class='ocr_par' dir='ltr' id='par_1_29' title="bbox 2107 1356 3755 1429">
     <span class='ocr_line' id='line_1_29' title="bbox 2107 1356 3755 1429; baseline 0.001 -17"><span class='ocrx_word' id='word_1_183' title='bbox 2107 1362 2158 1413; x_wconf 90' lang='lat'><strong>3.</strong></span> <span class='ocrx_word' id='word_1_184' title='bbox 2189 1359 2296 1423; x_wconf 87' lang='lat' dir='ltr'><strong>Qui</strong></span> <span class='ocrx_word' id='word_1_185' title='bbox 2340 1375 2469 1411; x_wconf 86' lang='lat' dir='ltr'><strong>vero</strong></span> <span class='ocrx_word' id='word_1_186' title='bbox 2495 1356 2541 1393; x_wconf 82' lang='grc'><strong>²⁶</strong></span> <span class='ocrx_word' id='word_1_187' title='bbox 2599 1358 2747 1411; x_wconf 86' lang='lat' dir='ltr'><strong>infra</strong></span> <span class='ocrx_word' id='word_1_188' title='bbox 2778 1365 3035 1411; x_wconf 87' lang='lat' dir='ltr'><strong>treuvam</strong></span> <span class='ocrx_word' id='word_1_189' title='bbox 3090 1358 3179 1411; x_wconf 85' lang='lat' dir='ltr'><strong>vel</strong></span> <span class='ocrx_word' id='word_1_190' title='bbox 3230 1361 3273 1394; x_wconf 70' lang='lat'><strong>&#39;7</strong></span> <span class='ocrx_word' id='word_1_191' title='bbox 3326 1359 3525 1413; x_wconf 87' lang='lat' dir='ltr'><strong>datum</strong></span> <span class='ocrx_word' id='word_1_192' title='bbox 3594 1360 3755 1429; x_wconf 88' lang='lat' dir='ltr'><strong>pacis</strong></span> 
     </span>
    </p>
   </div>
   <div class='ocr_carea' id='block_1_30' title="bbox 2036 1447 3753 1518">
    <p class='ocr_par' dir='ltr' id='par_1_30' title="bbox 2036 1447 3753 1518">
     <span class='ocr_line' id='line_1_30' title="bbox 2036 1447 3753 1518; baseline -0.001 -16"><span class='ocrx_word' id='word_1_193' title='bbox 2036 1449 2293 1502; x_wconf 83' lang='lat' dir='ltr'><strong>Osculum</strong></span> <span class='ocrx_word' id='word_1_194' title='bbox 2347 1448 2599 1518; x_wconf 87' lang='lat' dir='ltr'><strong>aliquem</strong></span> <span class='ocrx_word' id='word_1_195' title='bbox 2664 1447 2959 1500; x_wconf 88' lang='lat' dir='ltr'><strong>hominem</strong></span> <span class='ocrx_word' id='word_1_196' title='bbox 3017 1447 3367 1501; x_wconf 81' lang='lat' dir='ltr'><strong>interfecerit</strong></span> <span class='ocrx_word' id='word_1_197' title='bbox 3433 1454 3490 1501; x_wconf 93' lang='lat' dir='ltr'><strong>et</strong></span> <span class='ocrx_word' id='word_1_198' title='bbox 3540 1464 3753 1518; x_wconf 86' lang='lat' dir='ltr'><strong>negare</strong></span> 
     </span>
    </p>
   </div>
   <div class='ocr_carea' id='block_1_31' title="bbox 2034 1533 3747 1605">
    <p class='ocr_par' dir='ltr' id='par_1_31' title="bbox 2034 1533 3747 1605">
     <span class='ocr_line' id='line_1_31' title="bbox 2034 1533 3747 1605; baseline -0.001 -16"><span class='ocrx_word' id='word_1_199' title='bbox 2034 1536 2294 1602; x_wconf 89' lang='lat' dir='ltr'><strong>voluerit,</strong></span> <span class='ocrx_word' id='word_1_200' title='bbox 2352 1550 2605 1605; x_wconf 79' lang='lat' dir='ltr'><strong>pugnam</strong></span> <span class='ocrx_word' id='word_1_201' title='bbox 2662 1550 2763 1604; x_wconf 89' lang='lat' dir='ltr'><strong>per</strong></span> <span class='ocrx_word' id='word_1_202' title='bbox 2816 1550 2873 1587; x_wconf 89' lang='lat' dir='ltr'><strong>se</strong></span> <span class='ocrx_word' id='word_1_203' title='bbox 2930 1533 3101 1586; x_wconf 85' lang='lat' dir='ltr'><strong>faciat</strong></span> <span class='ocrx_word' id='word_1_204' title='bbox 3152 1555 3165 1601; x_wconf 88' lang='lat'><strong>;</strong></span> <span class='ocrx_word' id='word_1_205' title='bbox 3229 1550 3333 1587; x_wconf 90' lang='lat' dir='ltr'><strong>nec</strong></span> <span class='ocrx_word' id='word_1_206' title='bbox 3386 1535 3747 1605; x_wconf 87' lang='lat' dir='ltr'><strong>campionem</strong></span> 
     </span>
    </p>
   </div>
   <div class='ocr_carea' id='block_1_32' title="bbox 2034 1621 3747 1695">
    <p class='ocr_par' dir='ltr' id='par_1_32' title="bbox 2034 1621 3747 1695">
     <span class='ocr_line' id='line_1_32' title="bbox 2034 1621 3747 1695; baseline -0.001 -17"><span class='ocrx_word' id='word_1_207' title='bbox 2034 1641 2138 1695; x_wconf 88' lang='lat' dir='ltr'><strong>pro</strong></span> <span class='ocrx_word' id='word_1_208' title='bbox 2170 1640 2227 1677; x_wconf 88' lang='lat' dir='ltr'><strong>se</strong></span> <span class='ocrx_word' id='word_1_209' title='bbox 2257 1624 2435 1687; x_wconf 85' lang='lat' dir='ltr'><strong>dabit,</strong></span> <span class='ocrx_word' id='word_1_210' title='bbox 2469 1624 2579 1676; x_wconf 90' lang='lat' dir='ltr'><strong>nisi</strong></span> <span class='ocrx_word' id='word_1_211' title='bbox 2607 1622 2679 1675; x_wconf 89' lang='lat' dir='ltr'><strong>sit</strong></span> <span class='ocrx_word' id='word_1_212' title='bbox 2710 1621 2757 1654; x_wconf 83' lang='grc'><strong>²⁸</strong></span> <span class='ocrx_word' id='word_1_213' title='bbox 2808 1627 2872 1676; x_wconf 92' lang='lat' dir='ltr'><strong>ut</strong></span> <span class='ocrx_word' id='word_1_214' title='bbox 2923 1623 3139 1676; x_wconf 88' lang='lat' dir='ltr'><strong>dictum</strong></span> <span class='ocrx_word' id='word_1_215' title='bbox 3189 1629 3275 1675; x_wconf 90' lang='lat' dir='ltr'><strong>est</strong></span> <span class='ocrx_word' id='word_1_216' title='bbox 3330 1639 3501 1694; x_wconf 87' lang='lat' dir='ltr'><strong>supra</strong></span> <span class='ocrx_word' id='word_1_217' title='bbox 3566 1623 3632 1677; x_wconf 69' lang='lat'><strong>’9.</strong></span> <span class='ocrx_word' id='word_1_218' title='bbox 3687 1624 3747 1677; x_wconf 89' lang='lat' dir='ltr'><strong>Si</strong></span> 
     </span>
    </p>
   </div>
   <div class='ocr_carea' id='block_1_33' title="bbox 2039 1710 3755 1781">
    <p class='ocr_par' dir='ltr' id='par_1_33' title="bbox 2039 1710 3755 1781">
     <span class='ocr_line' id='line_1_33' title="bbox 2039 1710 3755 1781; baseline 0 -16"><span class='ocrx_word' id='word_1_219' title='bbox 2039 1730 2169 1766; x_wconf 91' lang='lat' dir='ltr'><strong>vero</strong></span> <span class='ocrx_word' id='word_1_220' title='bbox 2202 1712 2495 1766; x_wconf 90' lang='lat' dir='ltr'><strong>convictus</strong></span> <span class='ocrx_word' id='word_1_221' title='bbox 2543 1710 2735 1779; x_wconf 82' lang='lat' dir='ltr'><strong>fuerit,</strong></span> <span class='ocrx_word' id='word_1_222' title='bbox 2774 1727 3004 1765; x_wconf 81' lang='lat' dir='ltr'><strong>manum</strong></span> <span class='ocrx_word' id='word_1_223' title='bbox 3065 1728 3179 1781; x_wconf 90' lang='lat' dir='ltr'><strong>qua</strong></span> <span class='ocrx_word' id='word_1_224' title='bbox 3210 1711 3585 1765; x_wconf 89' lang='lat' dir='ltr'><strong>homicidium</strong></span> <span class='ocrx_word' id='word_1_225' title='bbox 3617 1712 3755 1766; x_wconf 88' lang='lat' dir='ltr'><strong>fecit</strong></span> 
     </span>
    </p>
   </div>
   <div class='ocr_carea' id='block_1_34' title="bbox 2044 1802 2426 1870">
    <p class='ocr_par' dir='ltr' id='par_1_34' title="bbox 2044 1802 2426 1870">
     <span class='ocr_line' id='line_1_34' title="bbox 2044 1802 2426 1870; baseline -0.005 -15"><span class='ocrx_word' id='word_1_226' title='bbox 2044 1802 2267 1855; x_wconf 89' lang='lat' dir='ltr'><strong>amittat</strong></span> <span class='ocrx_word' id='word_1_227' title='bbox 2294 1802 2426 1870; x_wconf 83' lang='lat'>(87).</span> 
     </span>
    </p>
   </div>
   <div class='ocr_carea' id='block_1_35' title="bbox 874 2078 3091 2164">
    <p class='ocr_par' dir='ltr' id='par_1_35' title="bbox 874 2078 3091 2164">
     <span class='ocr_line' id='line_1_35' title="bbox 874 2078 3091 2164; baseline 0.001 -5"><span class='ocrx_word' id='word_1_228' title='bbox 874 2078 975 2160; x_wconf 88' lang='lat' dir='ltr'><strong>S.</strong></span> <span class='ocrx_word' id='word_1_229' title='bbox 1095 2078 1657 2164; x_wconf 83' lang='lat' dir='ltr'><strong>HENRICI</strong></span> <span class='ocrx_word' id='word_1_230' title='bbox 1763 2078 2179 2163; x_wconf 89' lang='lat' dir='ltr'><strong>LEGES</strong></span> <span class='ocrx_word' id='word_1_231' title='bbox 2288 2078 3091 2162; x_wconf 85' lang='lat' dir='ltr'><strong>PAPIENSES.</strong></span> 
     </span>
    </p>
   </div>
   <div class='ocr_carea' id='block_1_36' title="bbox 1680 2230 2309 2301">
    <p class='ocr_par' dir='ltr' id='par_1_36' title="bbox 1680 2230 2309 2301">
     <span class='ocr_line' id='line_1_36' title="bbox 1680 2230 2309 2301; baseline 0.002 -17"><span class='ocrx_word' id='word_1_232' title='bbox 1680 2234 1815 2295; x_wconf 81' lang='lat' dir='ltr'><strong>(An.</strong></span> <span class='ocrx_word' id='word_1_233' title='bbox 1856 2232 2010 2299; x_wconf 72' lang='lat'><strong>1022,</strong></span> <span class='ocrx_word' id='word_1_234' title='bbox 2052 2233 2197 2299; x_wconf 83' lang='lat' dir='ltr'><strong>Aug.</strong></span> <span class='ocrx_word' id='word_1_235' title='bbox 2240 2230 2309 2301; x_wconf 86' lang='lat' dir='ltr'><strong>l).</strong></span> 
     </span>
    </p>
   </div>
   <div class='ocr_carea' id='block_1_37' title="bbox 244 2356 3719 2428">
    <p class='ocr_par' dir='ltr' id='par_1_37' title="bbox 244 2356 3719 2428">
     <span class='ocr_line' id='line_1_37' title="bbox 244 2356 3719 2428; baseline 0.001 -17"><span class='ocrx_word' id='word_1_236' title='bbox 244 2359 485 2412; x_wconf 79' lang='lat' dir='ltr'><strong>Exstant</strong></span> <span class='ocrx_word' id='word_1_237' title='bbox 516 2357 575 2411; x_wconf 92' lang='lat' dir='ltr'><strong>in</strong></span> <span class='ocrx_word' id='word_1_238' title='bbox 596 2357 737 2411; x_wconf 88' lang='lat' dir='ltr'><strong>actis</strong></span> <span class='ocrx_word' id='word_1_239' title='bbox 767 2356 973 2428; x_wconf 86' lang='lat' dir='ltr'><strong>synodi</strong></span> <span class='ocrx_word' id='word_1_240' title='bbox 1003 2356 1302 2427; x_wconf 87' lang='lat' dir='ltr'><strong>Papiensis</strong></span> <span class='ocrx_word' id='word_1_241' title='bbox 1331 2373 1365 2410; x_wconf 91' lang='lat' dir='ltr'><strong>a</strong></span> <span class='ocrx_word' id='word_1_242' title='bbox 1422 2357 1726 2411; x_wconf 85' lang='lat' dir='ltr'><strong>Benedicto</strong></span> <span class='ocrx_word' id='word_1_243' title='bbox 1758 2358 1876 2411; x_wconf 86' lang='lat' dir='ltr'><strong>Vlll</strong></span> <span class='ocrx_word' id='word_1_244' title='bbox 1927 2358 2160 2426; x_wconf 72' lang='lat' dir='ltr'><strong>habitae,</strong></span> <span class='ocrx_word' id='word_1_245' title='bbox 2208 2375 2242 2412; x_wconf 89' lang='lat' dir='ltr'><strong>a</strong></span> <span class='ocrx_word' id='word_1_246' title='bbox 2271 2360 2538 2415; x_wconf 89' lang='lat' dir='ltr'><strong>Cossarto</strong></span> <span class='ocrx_word' id='word_1_247' title='bbox 2590 2374 2659 2413; x_wconf 80' lang='lat' dir='ltr'><strong>ex</strong></span> <span class='ocrx_word' id='word_1_248' title='bbox 2698 2359 2894 2414; x_wconf 92' lang='lat' dir='ltr'><strong>codice</strong></span> <span class='ocrx_word' id='word_1_249' title='bbox 2946 2359 3006 2413; x_wconf 90' lang='lat' dir='ltr'><strong>in</strong></span> <span class='ocrx_word' id='word_1_250' title='bbox 3046 2359 3162 2414; x_wconf 83' lang='lat' dir='ltr'><strong>fine</strong></span> <span class='ocrx_word' id='word_1_251' title='bbox 3202 2377 3435 2414; x_wconf 87' lang='lat' dir='ltr'><strong>corroso</strong></span> <span class='ocrx_word' id='word_1_252' title='bbox 3466 2364 3622 2415; x_wconf 90' lang='lat' dir='ltr'><strong>tomo</strong></span> <span class='ocrx_word' id='word_1_253' title='bbox 3656 2362 3719 2414; x_wconf 78' lang='lat' dir='ltr'><strong>IX</strong></span> 
     </span>
    </p>
   </div>
   <div class='ocr_carea' id='block_1_38' title="bbox 1122 2428 2825 2485">
    <p class='ocr_par' dir='ltr' id='par_1_38' title="bbox 1122 2428 2825 2485">
     <span class='ocr_line' id='line_1_38' title="bbox 1122 2428 2825 2485; baseline 0.002 -5"><span class='ocrx_word' id='word_1_254' title='bbox 1122 2428 1475 2482; x_wconf 89' lang='lat' dir='ltr'><strong>collectionis</strong></span> <span class='ocrx_word' id='word_1_255' title='bbox 1502 2428 1877 2483; x_wconf 91' lang='lat' dir='ltr'><strong>conciliorum</strong></span> <span class='ocrx_word' id='word_1_256' title='bbox 1914 2430 2249 2484; x_wconf 85' lang='lat' dir='ltr'><strong>Parisiensis</strong></span> <span class='ocrx_word' id='word_1_257' title='bbox 2278 2446 2370 2484; x_wconf 92' lang='lat' dir='ltr'><strong>an.</strong></span> <span class='ocrx_word' id='word_1_258' title='bbox 2411 2433 2537 2484; x_wconf 78' lang='grc'>1671</span> <span class='ocrx_word' id='word_1_259' title='bbox 2572 2430 2825 2485; x_wconf 86' lang='lat' dir='ltr'><strong>insertis.</strong></span> 
     </span>
    </p>
   </div>
   <div class='ocr_carea' id='block_1_39' title="bbox 780 2550 1293 2606">
    <p class='ocr_par' dir='ltr' id='par_1_39' title="bbox 780 2550 1293 2606">
     <span class='ocr_line' id='line_1_39' title="bbox 780 2550 1293 2606; baseline 0 -1"><span class='ocrx_word' id='word_1_260' title='bbox 780 2550 1041 2606; x_wconf 78' lang='lat' dir='ltr'><strong>ORATIO</strong></span> <span class='ocrx_word' id='word_1_261' title='bbox 1076 2552 1293 2605; x_wconf 74' lang='grc' dir='ltr'><strong>ΡΑΡᾹΞ.</strong></span> 
     </span>
    </p>
   </div>
   <div class='ocr_carea' id='block_1_40' title="bbox 276 2725 1925 2792">
    <p class='ocr_par' dir='ltr' id='par_1_40' title="bbox 276 2725 1925 2792">
     <span class='ocr_line' id='line_1_40' title="bbox 276 2725 1925 2792; baseline 0.001 -11"><span class='ocrx_word' id='word_1_262' title='bbox 276 2725 615 2781; x_wconf 88' lang='lat' dir='ltr'><strong>Communis</strong></span> <span class='ocrx_word' id='word_1_263' title='bbox 645 2726 849 2792; x_wconf 88' lang='lat' dir='ltr'><strong>honor,</strong></span> <span class='ocrx_word' id='word_1_264' title='bbox 892 2726 1217 2780; x_wconf 90' lang='lat' dir='ltr'><strong>communis</strong></span> <span class='ocrx_word' id='word_1_265' title='bbox 1255 2728 1437 2791; x_wconf 93' lang='lat' dir='ltr'><strong>dolor,</strong></span> <span class='ocrx_word' id='word_1_266' title='bbox 1496 2734 1675 2782; x_wconf 91' lang='lat' dir='ltr'><strong>etc....</strong></span> <span class='ocrx_word' id='word_1_267' title='bbox 1709 2733 1925 2783; x_wconf 79' lang='lat' dir='ltr'><strong>Autore</strong></span> 
     </span>
    </p>
   </div>
   <div class='ocr_carea' id='block_1_41' title="bbox 205 2816 1924 2887">
    <p class='ocr_par' dir='ltr' id='par_1_41' title="bbox 205 2816 1924 2887">
     <span class='ocr_line' id='line_1_41' title="bbox 205 2816 1924 2887; baseline 0.002 -18"><span class='ocrx_word' id='word_1_268' title='bbox 205 2817 383 2885; x_wconf 78' lang='lat' dir='ltr'><strong>igitur</strong></span> <span class='ocrx_word' id='word_1_269' title='bbox 442 2817 558 2869; x_wconf 88' lang='lat' dir='ltr'><strong>Deo</strong></span> <span class='ocrx_word' id='word_1_270' title='bbox 617 2821 673 2869; x_wconf 90' lang='lat' dir='ltr'><strong>et</strong></span> <span class='ocrx_word' id='word_1_271' title='bbox 734 2816 1090 2886; x_wconf 89' lang='lat' dir='ltr'><strong>principibus</strong></span> <span class='ocrx_word' id='word_1_272' title='bbox 1139 2816 1347 2869; x_wconf 90' lang='lat' dir='ltr'><strong>nostris</strong></span> <span class='ocrx_word' id='word_1_273' title='bbox 1400 2819 1566 2871; x_wconf 90' lang='lat' dir='ltr'><strong>Petro</strong></span> <span class='ocrx_word' id='word_1_274' title='bbox 1620 2824 1676 2871; x_wconf 92' lang='lat' dir='ltr'><strong>et</strong></span> <span class='ocrx_word' id='word_1_275' title='bbox 1724 2820 1924 2887; x_wconf 88' lang='lat' dir='ltr'><strong>Paulo,</strong></span> 
     </span>
    </p>
   </div>
   <div class='ocr_carea' id='block_1_42' title="bbox 204 2902 1923 2976">
    <p class='ocr_par' dir='ltr' id='par_1_42' title="bbox 204 2902 1923 2976">
     <span class='ocr_line' id='line_1_42' title="bbox 204 2902 1923 2976; baseline 0.002 -19"><span class='ocrx_word' id='word_1_276' title='bbox 204 2904 449 2958; x_wconf 86' lang='lat' dir='ltr'><strong>florente</strong></span> <span class='ocrx_word' id='word_1_277' title='bbox 478 2902 894 2974; x_wconf 88' lang='lat' dir='ltr'><strong>gloriosissimo</strong></span> <span class='ocrx_word' id='word_1_278' title='bbox 928 2904 1048 2957; x_wconf 88' lang='lat' dir='ltr'><strong>tilio</strong></span> <span class='ocrx_word' id='word_1_279' title='bbox 1080 2910 1275 2958; x_wconf 90' lang='lat' dir='ltr'><strong>nostro</strong></span> <span class='ocrx_word' id='word_1_280' title='bbox 1305 2906 1369 2960; x_wconf 90' lang='lat' dir='ltr'><strong>H.</strong></span> <span class='ocrx_word' id='word_1_281' title='bbox 1403 2922 1632 2975; x_wconf 86' lang='lat' dir='ltr'><strong>semper</strong></span> <span class='ocrx_word' id='word_1_282' title='bbox 1658 2912 1923 2976; x_wconf 80' lang='lat' dir='ltr'><strong>augusto,</strong></span> 
     </span>
    </p>
   </div>
   <div class='ocr_carea' id='block_1_43' title="bbox 204 2993 1925 3065">
    <p class='ocr_par' dir='ltr' id='par_1_43' title="bbox 204 2993 1925 3065">
     <span class='ocr_line' id='line_1_43' title="bbox 204 2993 1925 3065; baseline 0.002 -18"><span class='ocrx_word' id='word_1_283' title='bbox 204 2993 661 3065; x_wconf 89' lang='lat' dir='ltr'><strong>approbantibus</strong></span> <span class='ocrx_word' id='word_1_284' title='bbox 691 2993 964 3048; x_wconf 87' lang='lat' dir='ltr'><strong>fratribus</strong></span> <span class='ocrx_word' id='word_1_285' title='bbox 999 2993 1208 3048; x_wconf 85' lang='lat' dir='ltr'><strong>nostris</strong></span> <span class='ocrx_word' id='word_1_286' title='bbox 1239 2999 1295 3049; x_wconf 91' lang='lat' dir='ltr'><strong>et</strong></span> <span class='ocrx_word' id='word_1_287' title='bbox 1325 2996 1597 3050; x_wconf 88' lang='lat' dir='ltr'><strong>omnibus</strong></span> <span class='ocrx_word' id='word_1_288' title='bbox 1632 3014 1925 3051; x_wconf 86' lang='lat' dir='ltr'><strong>consacer-</strong></span> 
     </span>
    </p>
   </div>
   <div class='ocr_carea' id='block_1_44' title="bbox 2034 2554 3756 2624">
    <p class='ocr_par' dir='ltr' id='par_1_44' title="bbox 2034 2554 3756 2624">
     <span class='ocr_line' id='line_1_44' title="bbox 2034 2554 3756 2624; baseline 0.002 -16"><span class='ocrx_word' id='word_1_289' title='bbox 2034 2554 2282 2621; x_wconf 89' lang='lat' dir='ltr'><strong>dotibus,</strong></span> <span class='ocrx_word' id='word_1_290' title='bbox 2315 2556 2469 2609; x_wconf 91' lang='lat' dir='ltr'><strong>hunc</strong></span> <span class='ocrx_word' id='word_1_291' title='bbox 2496 2556 2574 2609; x_wconf 91' lang='lat' dir='ltr'><strong>ita</strong></span> <span class='ocrx_word' id='word_1_292' title='bbox 2601 2556 2670 2610; x_wconf 87' lang='lat' dir='ltr'><strong>de</strong></span> <span class='ocrx_word' id='word_1_293' title='bbox 2720 2557 2936 2611; x_wconf 89' lang='lat' dir='ltr'><strong>mundo</strong></span> <span class='ocrx_word' id='word_1_294' title='bbox 2967 2558 3238 2612; x_wconf 88' lang='lat' dir='ltr'><strong>tollamus</strong></span> <span class='ocrx_word' id='word_1_295' title='bbox 3271 2574 3548 2624; x_wconf 89' lang='lat' dir='ltr'><strong>errorem,</strong></span> <span class='ocrx_word' id='word_1_296' title='bbox 3591 2564 3647 2612; x_wconf 91' lang='lat' dir='ltr'><strong>et</strong></span> <span class='ocrx_word' id='word_1_297' title='bbox 3676 2559 3756 2611; x_wconf 89' lang='lat' dir='ltr'><strong>ita</strong></span> 
     </span>
    </p>
   </div>
   <div class='ocr_carea' id='block_1_45' title="bbox 2035 2643 3755 2714">
    <p class='ocr_par' dir='ltr' id='par_1_45' title="bbox 2035 2643 3755 2714">
     <span class='ocr_line' id='line_1_45' title="bbox 2035 2643 3755 2714; baseline 0.002 -18"><span class='ocrx_word' id='word_1_298' title='bbox 2035 2643 2181 2697; x_wconf 87' lang='lat' dir='ltr'><strong>hanc</strong></span> <span class='ocrx_word' id='word_1_299' title='bbox 2209 2643 2650 2714; x_wconf 83' lang='lat' dir='ltr'><strong>intelligentiam</strong></span> <span class='ocrx_word' id='word_1_300' title='bbox 2682 2644 2953 2698; x_wconf 90' lang='lat' dir='ltr'><strong>omnibus</strong></span> <span class='ocrx_word' id='word_1_301' title='bbox 2986 2646 3227 2714; x_wconf 69' lang='lat' dir='ltr'><strong>saeculis,</strong></span> <span class='ocrx_word' id='word_1_302' title='bbox 3270 2647 3431 2700; x_wconf 92' lang='lat' dir='ltr'><strong>omni</strong></span> <span class='ocrx_word' id='word_1_303' title='bbox 3463 2646 3755 2701; x_wconf 88' lang='lat' dir='ltr'><strong>dubietate</strong></span> 
     </span>
    </p>
   </div>
   <div class='ocr_carea' id='block_1_46' title="bbox 2034 2731 3754 2804">
    <p class='ocr_par' dir='ltr' id='par_1_46' title="bbox 2034 2731 3754 2804">
     <span class='ocr_line' id='line_1_46' title="bbox 2034 2731 3754 2804; baseline 0.001 -21"><span class='ocrx_word' id='word_1_304' title='bbox 2034 2731 2252 2800; x_wconf 87' lang='lat' dir='ltr'><strong>fugata,</strong></span> <span class='ocrx_word' id='word_1_305' title='bbox 2297 2731 2691 2797; x_wconf 86' lang='lat' dir='ltr'><strong>infundamns,</strong></span> <span class='ocrx_word' id='word_1_306' title='bbox 2746 2736 2811 2785; x_wconf 95' lang='lat' dir='ltr'><strong>ut</strong></span> <span class='ocrx_word' id='word_1_307' title='bbox 2850 2733 3025 2785; x_wconf 88' lang='lat' dir='ltr'><strong>nullis</strong></span> <span class='ocrx_word' id='word_1_308' title='bbox 3070 2750 3347 2804; x_wconf 89' lang='lat' dir='ltr'><strong>umquam</strong></span> <span class='ocrx_word' id='word_1_309' title='bbox 3396 2735 3754 2803; x_wconf 87' lang='lat' dir='ltr'><strong>temporibus</strong></span> 
     </span>
    </p>
   </div>
   <div class='ocr_carea' id='block_1_47' title="bbox 2035 2819 3754 2891">
    <p class='ocr_par' dir='ltr' id='par_1_47' title="bbox 2035 2819 3754 2891">
     <span class='ocr_line' id='line_1_47' title="bbox 2035 2819 3754 2891; baseline 0.002 -19"><span class='ocrx_word' id='word_1_310' title='bbox 2035 2819 2157 2873; x_wconf 62' lang='lat' dir='ltr'><strong>haec</strong></span> <span class='ocrx_word' id='word_1_311' title='bbox 2215 2820 2393 2890; x_wconf 85' lang='lat' dir='ltr'><strong>pestis</strong></span> <span class='ocrx_word' id='word_1_312' title='bbox 2447 2820 2776 2890; x_wconf 87' lang='lat' dir='ltr'><strong>repullulet,</strong></span> <span class='ocrx_word' id='word_1_313' title='bbox 2821 2836 2923 2874; x_wconf 91' lang='lat' dir='ltr'><strong>nec</strong></span> <span class='ocrx_word' id='word_1_314' title='bbox 2970 2837 3248 2891; x_wconf 90' lang='lat' dir='ltr'><strong>umquam</strong></span> <span class='ocrx_word' id='word_1_315' title='bbox 3297 2823 3359 2875; x_wconf 92' lang='lat' dir='ltr'><strong>in</strong></span> <span class='ocrx_word' id='word_1_316' title='bbox 3390 2823 3601 2875; x_wconf 83' lang='lat' dir='ltr'><strong>talibus</strong></span> <span class='ocrx_word' id='word_1_317' title='bbox 3632 2824 3754 2875; x_wconf 86' lang='lat' dir='ltr'><strong>sine</strong></span> 
     </span>
    </p>
   </div>
   <div class='ocr_carea' id='block_1_48' title="bbox 2032 2908 3751 2977">
    <p class='ocr_par' dir='ltr' id='par_1_48' title="bbox 2032 2908 3751 2977">
     <span class='ocr_line' id='line_1_48' title="bbox 2032 2908 3751 2977; baseline 0.002 -16"><span class='ocrx_word' id='word_1_318' title='bbox 2032 2925 2204 2962; x_wconf 89' lang='lat' dir='ltr'><strong>causa</strong></span> <span class='ocrx_word' id='word_1_319' title='bbox 2272 2912 2537 2963; x_wconf 87' lang='lat' dir='ltr'><strong>secutura</strong></span> <span class='ocrx_word' id='word_1_320' title='bbox 2594 2908 2899 2977; x_wconf 85' lang='lat' dir='ltr'><strong>posteritas</strong></span> <span class='ocrx_word' id='word_1_321' title='bbox 2974 2908 3217 2963; x_wconf 85' lang='lat' dir='ltr'><strong>dubitet.</strong></span> <span class='ocrx_word' id='word_1_322' title='bbox 3279 2911 3344 2964; x_wconf 87' lang='lat' dir='ltr'><strong>Et</strong></span> <span class='ocrx_word' id='word_1_323' title='bbox 3399 2916 3465 2964; x_wconf 91' lang='lat' dir='ltr'><strong>ut</strong></span> <span class='ocrx_word' id='word_1_324' title='bbox 3517 2911 3751 2965; x_wconf 90' lang='lat' dir='ltr'><strong>tirmum</strong></span> 
     </span>
    </p>
   </div>
   <div class='ocr_carea' id='block_1_49' title="bbox 2032 2997 3757 3068">
    <p class='ocr_par' dir='ltr' id='par_1_49' title="bbox 2032 2997 3757 3068">
     <span class='ocr_line' id='line_1_49' title="bbox 2032 2997 3757 3068; baseline 0.001 -18"><span class='ocrx_word' id='word_1_325' title='bbox 2032 3002 2165 3068; x_wconf 89' lang='lat' dir='ltr'><strong>post</strong></span> <span class='ocrx_word' id='word_1_326' title='bbox 2218 2998 2324 3051; x_wconf 87' lang='lat' dir='ltr'><strong>hac</strong></span> <span class='ocrx_word' id='word_1_327' title='bbox 2367 2997 2520 3068; x_wconf 90' lang='lat' dir='ltr'><strong>quod</strong></span> <span class='ocrx_word' id='word_1_328' title='bbox 2549 2997 2839 3051; x_wconf 88' lang='lat' dir='ltr'><strong>sancimus</strong></span> <span class='ocrx_word' id='word_1_329' title='bbox 2890 3004 3246 3068; x_wconf 87' lang='lat' dir='ltr'><strong>permaneat,</strong></span> <span class='ocrx_word' id='word_1_330' title='bbox 3288 3004 3344 3052; x_wconf 91' lang='lat' dir='ltr'><strong>et</strong></span> <span class='ocrx_word' id='word_1_331' title='bbox 3394 3000 3457 3053; x_wconf 91' lang='lat' dir='ltr'><strong>in</strong></span> <span class='ocrx_word' id='word_1_332' title='bbox 3486 2999 3630 3053; x_wconf 83' lang='lat' dir='ltr'><strong>fines</strong></span> <span class='ocrx_word' id='word_1_333' title='bbox 3660 3015 3757 3052; x_wconf 87' lang='lat' dir='ltr'><strong>or-</strong></span> 
     </span>
    </p>
   </div>
   <div class='ocr_carea' id='block_1_50' title="bbox 1644 3134 2315 3190">
    <p class='ocr_par' dir='ltr' id='par_1_50' title="bbox 1644 3134 2315 3190">
     <span class='ocr_line' id='line_1_50' title="bbox 1644 3134 2315 3190; baseline 0.004 -4"><span class='ocrx_word' id='word_1_334' title='bbox 1644 3134 1883 3189; x_wconf 71' lang='grc' dir='ltr'><strong>νΑΗῐᾹΞ</strong></span> <span class='ocrx_word' id='word_1_335' title='bbox 1935 3135 2315 3190; x_wconf 83' lang='lat' dir='ltr'><strong>LECTIONES</strong></span> 
     </span>
    </p>
   </div>
   <div class='ocr_carea' id='block_1_51' title="bbox 274 3229 3163 3301">
    <p class='ocr_par' dir='ltr' id='par_1_51' title="bbox 274 3229 3163 3301">
     <span class='ocr_line' id='line_1_51' title="bbox 274 3229 3163 3301; baseline 0 -16"><span class='ocrx_word' id='word_1_336' title='bbox 274 3229 323 3266; x_wconf 74' lang='lat'>&quot;</span> <span class='ocrx_word' id='word_1_337' title='bbox 343 3247 522 3285; x_wconf 84' lang='lat' dir='ltr'><strong>vocem</strong></span> <span class='ocrx_word' id='word_1_338' title='bbox 560 3234 735 3301; x_wconf 83' lang='lat' dir='ltr'><strong>recepi</strong></span> <span class='ocrx_word' id='word_1_339' title='bbox 779 3247 847 3285; x_wconf 72' lang='lat' dir='ltr'><strong>em</strong></span> <span class='ocrx_word' id='word_1_340' title='bbox 887 3233 950 3286; x_wconf 92' lang='lat' dir='ltr'><strong>L.</strong></span> <span class='ocrx_word' id='word_1_341' title='bbox 1019 3230 1064 3267; x_wconf 72' lang='grc' dir='ltr'>η</span> <span class='ocrx_word' id='word_1_342' title='bbox 1102 3231 1248 3285; x_wconf 83' lang='lat' dir='ltr'><strong>deest</strong></span> <span class='ocrx_word' id='word_1_343' title='bbox 1293 3234 1356 3285; x_wconf 87' lang='lat' dir='ltr'><strong>E.</strong></span> <span class='ocrx_word' id='word_1_344' title='bbox 1421 3233 1464 3268; x_wconf 70' lang='grc'><strong>’⁸</strong></span> <span class='ocrx_word' id='word_1_345' title='bbox 1504 3249 1647 3286; x_wconf 90' lang='lat' dir='ltr'><strong>uas..</strong></span> <span class='ocrx_word' id='word_1_346' title='bbox 1718 3250 1914 3287; x_wconf 91' lang='lat' dir='ltr'><strong>sorum</strong></span> <span class='ocrx_word' id='word_1_347' title='bbox 1975 3250 2108 3288; x_wconf 84' lang='lat' dir='ltr'><strong>corr.</strong></span> <span class='ocrx_word' id='word_1_348' title='bbox 2180 3250 2583 3288; x_wconf 83' lang='lat' dir='ltr'><strong>uasuassorum</strong></span> <span class='ocrx_word' id='word_1_349' title='bbox 2653 3238 2727 3287; x_wconf 77' lang='grc' dir='ltr'><strong>Α.</strong></span> <span class='ocrx_word' id='word_1_350' title='bbox 2800 3232 2842 3268; x_wconf 77' lang='grc'><strong>⁸⁸</strong></span> <span class='ocrx_word' id='word_1_351' title='bbox 2881 3236 2937 3285; x_wconf 90' lang='lat' dir='ltr'><strong>et</strong></span> <span class='ocrx_word' id='word_1_352' title='bbox 2970 3235 3044 3286; x_wconf 83' lang='lat' dir='ltr'><strong>A.</strong></span> <span class='ocrx_word' id='word_1_353' title='bbox 3122 3234 3163 3268; x_wconf 76' lang='grc' dir='ltr'><strong>ιτ</strong></span> 
     </span>
    </p>
   </div>
   <div class='ocr_carea' id='block_1_52' title="bbox 3232 3231 3731 3287">
    <p class='ocr_par' dir='ltr' id='par_1_52' title="bbox 3232 3231 3731 3287">
     <span class='ocr_line' id='line_1_52' title="bbox 3232 3231 3731 3287; baseline 0.004 -2"><span class='ocrx_word' id='word_1_354' title='bbox 3232 3231 3571 3285; x_wconf 84' lang='lat' dir='ltr'><strong>hominibus</strong></span> <span class='ocrx_word' id='word_1_355' title='bbox 3620 3234 3731 3287; x_wconf 79' lang='lat' dir='ltr'><strong>Vn.</strong></span> 
     </span>
    </p>
   </div>
   <div class='ocr_carea' id='block_1_53' title="bbox 205 3300 3747 3373">
    <p class='ocr_par' dir='ltr' id='par_1_53' title="bbox 205 3300 3747 3373">
     <span class='ocr_line' id='line_1_53' title="bbox 205 3300 3747 3373; baseline 0 -18"><span class='ocrx_word' id='word_1_356' title='bbox 205 3300 250 3335; x_wconf 79' lang='grc'>¹⁸</span> <span class='ocrx_word' id='word_1_357' title='bbox 310 3304 493 3356; x_wconf 85' lang='lat' dir='ltr'><strong>nostri</strong></span> <span class='ocrx_word' id='word_1_358' title='bbox 549 3302 874 3372; x_wconf 82' lang='lat' dir='ltr'><strong>imperiiA.</strong></span> <span class='ocrx_word' id='word_1_359' title='bbox 916 3304 978 3357; x_wconf 90' lang='lat' dir='ltr'><strong>V.</strong></span> <span class='ocrx_word' id='word_1_360' title='bbox 1021 3304 1122 3356; x_wconf 85' lang='lat' dir='ltr'><strong>Vn.</strong></span> <span class='ocrx_word' id='word_1_361' title='bbox 1184 3304 1255 3355; x_wconf 87' lang='lat' dir='ltr'><strong>E.</strong></span> <span class='ocrx_word' id='word_1_362' title='bbox 1292 3301 1338 3335; x_wconf 78' lang='lat'><strong>&#39;9</strong></span> <span class='ocrx_word' id='word_1_363' title='bbox 1378 3302 1523 3356; x_wconf 76' lang='lat' dir='ltr'><strong>deest</strong></span> <span class='ocrx_word' id='word_1_364' title='bbox 1554 3305 1609 3357; x_wconf 89' lang='lat' dir='ltr'><strong>L.</strong></span> <span class='ocrx_word' id='word_1_365' title='bbox 1644 3302 1694 3336; x_wconf 75' lang='grc' dir='ltr'><strong>³ο</strong></span> <span class='ocrx_word' id='word_1_366' title='bbox 1734 3312 2078 3373; x_wconf 88' lang='lat' dir='ltr'><strong>acceperunt</strong></span> <span class='ocrx_word' id='word_1_367' title='bbox 2151 3307 2215 3359; x_wconf 71' lang='grc' dir='ltr'><strong>Α.</strong></span> <span class='ocrx_word' id='word_1_368' title='bbox 2267 3306 2326 3357; x_wconf 90' lang='lat' dir='ltr'><strong>V.</strong></span> <span class='ocrx_word' id='word_1_369' title='bbox 2398 3307 2497 3358; x_wconf 86' lang='lat' dir='ltr'><strong>Vn.</strong></span> <span class='ocrx_word' id='word_1_370' title='bbox 2564 3304 2784 3373; x_wconf 88' lang='lat' dir='ltr'><strong>accepit</strong></span> <span class='ocrx_word' id='word_1_371' title='bbox 2850 3306 2936 3356; x_wconf 86' lang='lat' dir='ltr'><strong>vel</strong></span> <span class='ocrx_word' id='word_1_372' title='bbox 2989 3307 3046 3356; x_wconf 77' lang='lat' dir='ltr'><strong>in</strong></span> <span class='ocrx_word' id='word_1_373' title='bbox 3081 3303 3199 3355; x_wconf 82' lang='lat' dir='ltr'><strong>cod.</strong></span> <span class='ocrx_word' id='word_1_374' title='bbox 3270 3303 3441 3356; x_wconf 76' lang='lat' dir='ltr'><strong>Laud.</strong></span> <span class='ocrx_word' id='word_1_375' title='bbox 3496 3304 3747 3355; x_wconf 83' lang='lat' dir='ltr'><strong>secunda</strong></span> 
     </span>
    </p>
   </div>
   <div class='ocr_carea' id='block_1_54' title="bbox 201 3373 2546 3443">
    <p class='ocr_par' dir='ltr' id='par_1_54' title="bbox 201 3373 2546 3443">
     <span class='ocr_line' id='line_1_54' title="bbox 201 3373 2546 3443; baseline 0.001 -17"><span class='ocrx_word' id='word_1_376' title='bbox 201 3390 370 3427; x_wconf 85' lang='lat' dir='ltr'><strong>manu</strong></span> <span class='ocrx_word' id='word_1_377' title='bbox 402 3376 667 3427; x_wconf 79' lang='lat' dir='ltr'><strong>insertum</strong></span> <span class='ocrx_word' id='word_1_378' title='bbox 723 3375 765 3409; x_wconf 76' lang='grc'>¹¹</span> <span class='ocrx_word' id='word_1_379' title='bbox 800 3374 1123 3443; x_wconf 85' lang='lat' dir='ltr'><strong>acceperint</strong></span> <span class='ocrx_word' id='word_1_380' title='bbox 1157 3375 1222 3427; x_wconf 91' lang='lat' dir='ltr'><strong>V.</strong></span> <span class='ocrx_word' id='word_1_381' title='bbox 1262 3376 1367 3427; x_wconf 82' lang='lat' dir='ltr'><strong>Vn.</strong></span> <span class='ocrx_word' id='word_1_382' title='bbox 1433 3373 1480 3408; x_wconf 75' lang='lat'><strong>&quot;</strong></span> <span class='ocrx_word' id='word_1_383' title='bbox 1550 3374 1701 3437; x_wconf 66' lang='lat' dir='ltr'><strong>filiis,</strong></span> <span class='ocrx_word' id='word_1_384' title='bbox 1772 3376 1998 3429; x_wconf 84' lang='lat' dir='ltr'><strong>filiabus</strong></span> <span class='ocrx_word' id='word_1_385' title='bbox 2039 3377 2107 3429; x_wconf 82' lang='grc' dir='ltr'><strong>Α.</strong></span> <span class='ocrx_word' id='word_1_386' title='bbox 2138 3379 2183 3411; x_wconf 71' lang='grc'>³³</span> <span class='ocrx_word' id='word_1_387' title='bbox 2224 3377 2309 3429; x_wconf 87' lang='lat' dir='ltr'><strong>vel</strong></span> <span class='ocrx_word' id='word_1_388' title='bbox 2368 3377 2546 3429; x_wconf 91' lang='lat' dir='ltr'><strong>alium</strong></span> 
     </span>
    </p>
   </div>
   <div class='ocr_carea' id='block_1_55' title="bbox 2580 3373 3748 3445">
    <p class='ocr_par' dir='ltr' id='par_1_55' title="bbox 2580 3373 3748 3445">
     <span class='ocr_line' id='line_1_55' title="bbox 2580 3373 3748 3445; baseline -0.004 -15"><span class='ocrx_word' id='word_1_389' title='bbox 2580 3392 2642 3445; x_wconf 87' lang='lat' dir='ltr'><strong>p.</strong></span> <span class='ocrx_word' id='word_1_390' title='bbox 2682 3375 2741 3429; x_wconf 89' lang='lat' dir='ltr'><strong>L.</strong></span> <span class='ocrx_word' id='word_1_391' title='bbox 2805 3373 2853 3410; x_wconf 76' lang='grc'>²⁴</span> <span class='ocrx_word' id='word_1_392' title='bbox 2897 3374 3186 3437; x_wconf 85' lang='lat' dir='ltr'><strong>publicam</strong></span> <span class='ocrx_word' id='word_1_393' title='bbox 3253 3380 3384 3442; x_wconf 84' lang='lat' dir='ltr'><strong>agat</strong></span> <span class='ocrx_word' id='word_1_394' title='bbox 3454 3374 3748 3442; x_wconf 78' lang='lat' dir='ltr'><strong>poeniten-</strong></span> 
     </span>
    </p>
   </div>
   <div class='ocr_carea' id='block_1_56' title="bbox 202 3438 3753 3524">
    <p class='ocr_par' dir='ltr' id='par_1_56' title="bbox 202 3438 3753 3524">
     <span class='ocr_line' id='line_1_56' title="bbox 202 3438 3753 3524; baseline 0 -27"><span class='ocrx_word' id='word_1_395' title='bbox 202 3445 340 3524; x_wconf 80' lang='lat' dir='ltr'><strong>tiam</strong></span> <span class='ocrx_word' id='word_1_396' title='bbox 376 3444 511 3524; x_wconf 78' lang='grc'>³⁵</span> <span class='ocrx_word' id='word_1_397' title='bbox 575 3438 996 3524; x_wconf 50' lang='lat' dir='ltr'><strong>campbioneinn</strong></span> <span class='ocrx_word' id='word_1_398' title='bbox 1042 3442 1102 3497; x_wconf 87' lang='lat' dir='ltr'><strong>L.</strong></span> <span class='ocrx_word' id='word_1_399' title='bbox 1149 3445 1215 3524; x_wconf 58' lang='lat' dir='ltr'><strong>V.</strong></span> <span class='ocrx_word' id='word_1_400' title='bbox 1253 3446 1354 3524; x_wconf 45' lang='lat' dir='ltr'><strong>Vn:</strong></span> <span class='ocrx_word' id='word_1_401' title='bbox 1419 3445 1503 3498; x_wconf 79' lang='lat' dir='ltr'><strong>hic</strong></span> <span class='ocrx_word' id='word_1_402' title='bbox 1563 3451 1613 3499; x_wconf 86' lang='lat' dir='ltr'><strong>et</strong></span> <span class='ocrx_word' id='word_1_403' title='bbox 1666 3446 1837 3515; x_wconf 76' lang='lat' dir='ltr'><strong>infra.</strong></span> <span class='ocrx_word' id='word_1_404' title='bbox 1877 3444 1926 3481; x_wconf 83' lang='grc'><strong>²⁶</strong></span> <span class='ocrx_word' id='word_1_405' title='bbox 1988 3447 2133 3501; x_wconf 85' lang='lat' dir='ltr'><strong>deest</strong></span> <span class='ocrx_word' id='word_1_406' title='bbox 2166 3450 2229 3503; x_wconf 81' lang='grc' dir='ltr'><strong>Α.</strong></span> <span class='ocrx_word' id='word_1_407' title='bbox 2290 3446 2336 3481; x_wconf 73' lang='grc'><strong>³⁷</strong></span> <span class='ocrx_word' id='word_1_408' title='bbox 2402 3463 2451 3500; x_wconf 88' lang='lat' dir='ltr'><strong>v.</strong></span> <span class='ocrx_word' id='word_1_409' title='bbox 2483 3438 2614 3517; x_wconf 76' lang='lat' dir='ltr'><strong>post</strong></span> <span class='ocrx_word' id='word_1_410' title='bbox 2679 3446 2736 3501; x_wconf 94' lang='lat' dir='ltr'><strong>d.</strong></span> <span class='ocrx_word' id='word_1_411' title='bbox 2778 3446 2840 3500; x_wconf 90' lang='lat' dir='ltr'><strong>L.</strong></span> <span class='ocrx_word' id='word_1_412' title='bbox 2874 3445 2922 3483; x_wconf 72' lang='grc'><strong>⁸⁸</strong></span> <span class='ocrx_word' id='word_1_413' title='bbox 2978 3446 3125 3499; x_wconf 82' lang='lat' dir='ltr'><strong>deest</strong></span> <span class='ocrx_word' id='word_1_414' title='bbox 3166 3446 3252 3509; x_wconf 87' lang='lat' dir='ltr'><strong>V.,</strong></span> <span class='ocrx_word' id='word_1_415' title='bbox 3300 3438 3426 3499; x_wconf 50' lang='lat' dir='ltr'><strong>&#39;Vn.</strong></span> <span class='ocrx_word' id='word_1_416' title='bbox 3454 3438 3636 3497; x_wconf 57' lang='lat' dir='ltr'><strong>&#39;sicut</strong></span> <span class='ocrx_word' id='word_1_417' title='bbox 3676 3447 3753 3497; x_wconf 84' lang='lat' dir='ltr'><strong>E.</strong></span> 
     </span>
    </p>
   </div>
   <div class='ocr_carea' id='block_1_57' title="bbox 1929 3587 2135 3642">
    <p class='ocr_par' dir='ltr' id='par_1_57' title="bbox 1929 3587 2135 3642">
     <span class='ocr_line' id='line_1_57' title="bbox 1929 3587 2135 3642; baseline 0 -1"><span class='ocrx_word' id='word_1_418' title='bbox 1929 3587 2135 3642; x_wconf 79' lang='grc' dir='ltr'><strong>ΝΟΤᾹΞ</strong></span> 
     </span>
    </p>
   </div>
   <div class='ocr_carea' id='block_1_58' title="bbox 269 3681 3754 3754">
    <p class='ocr_par' dir='ltr' id='par_1_58' title="bbox 269 3681 3754 3754">
     <span class='ocr_line' id='line_1_58' title="bbox 269 3681 3754 3754; baseline -0.001 -17"><span class='ocrx_word' id='word_1_419' title='bbox 269 3683 383 3753; x_wconf 88' lang='lat'><strong>(86)</strong></span> <span class='ocrx_word' id='word_1_420' title='bbox 415 3683 584 3753; x_wconf 83' lang='lat' dir='ltr'><strong>Apud</strong></span> <span class='ocrx_word' id='word_1_421' title='bbox 627 3683 1002 3737; x_wconf 85' lang='lat' dir='ltr'><strong>Muratorium</strong></span> <span class='ocrx_word' id='word_1_422' title='bbox 1052 3682 1228 3753; x_wconf 87' lang='lat' dir='ltr'><strong>capiti</strong></span> <span class='ocrx_word' id='word_1_423' title='bbox 1282 3685 1335 3736; x_wconf 78' lang='lat'><strong>2.</strong></span> <span class='ocrx_word' id='word_1_424' title='bbox 1388 3683 1774 3752; x_wconf 84' lang='lat' dir='ltr'><strong>subjiciuntur</strong></span> <span class='ocrx_word' id='word_1_425' title='bbox 1805 3684 1915 3738; x_wconf 89' lang='lat' dir='ltr'><strong>for-</strong></span> <span class='ocrx_word' id='word_1_426' title='bbox 1950 3685 1989 3739; x_wconf 87' lang='lat' dir='ltr'><strong>C</strong></span> <span class='ocrx_word' id='word_1_427' title='bbox 2029 3700 2140 3754; x_wconf 88' lang='lat' dir='ltr'><strong>que</strong></span> <span class='ocrx_word' id='word_1_428' title='bbox 2193 3683 2369 3737; x_wconf 90' lang='lat' dir='ltr'><strong>talis:</strong></span> <span class='ocrx_word' id='word_1_429' title='bbox 2429 3684 2704 3739; x_wconf 87' lang='lat' dir='ltr'><strong>advocato</strong></span> <span class='ocrx_word' id='word_1_430' title='bbox 2755 3683 2902 3737; x_wconf 89' lang='lat' dir='ltr'><strong>victo</strong></span> <span class='ocrx_word' id='word_1_431' title='bbox 2971 3688 3034 3736; x_wconf 91' lang='lat' dir='ltr'><strong>ut</strong></span> <span class='ocrx_word' id='word_1_432' title='bbox 3090 3697 3353 3754; x_wconf 77' lang='lat' dir='ltr'><strong>manum_</strong></span> <span class='ocrx_word' id='word_1_433' title='bbox 3395 3681 3618 3750; x_wconf 90' lang='lat' dir='ltr'><strong>perdat,</strong></span> <span class='ocrx_word' id='word_1_434' title='bbox 3652 3686 3754 3735; x_wconf 88' lang='lat' dir='ltr'><strong>aut</strong></span> 
     </span>
    </p>
   </div>
   <div class='ocr_carea' id='block_1_59' title="bbox 201 3511 1380 3585">
    <p class='ocr_par' dir='ltr' id='par_1_59' title="bbox 201 3511 1380 3585">
     <span class='ocr_line' id='line_1_59' title="bbox 201 3511 1380 3585; baseline 0.002 -18"><span class='ocrx_word' id='word_1_435' title='bbox 201 3515 417 3569; x_wconf 90' lang='lat' dir='ltr'><strong>nisicut</strong></span> <span class='ocrx_word' id='word_1_436' title='bbox 436 3530 583 3571; x_wconf 86' lang='lat' dir='ltr'><strong>corr.</strong></span> <span class='ocrx_word' id='word_1_437' title='bbox 615 3511 726 3568; x_wconf 86' lang='lat' dir='ltr'><strong>nisi</strong></span> <span class='ocrx_word' id='word_1_438' title='bbox 758 3520 821 3568; x_wconf 92' lang='lat' dir='ltr'><strong>ut</strong></span> <span class='ocrx_word' id='word_1_439' title='bbox 850 3518 925 3568; x_wconf 80' lang='grc' dir='ltr'><strong>Α.</strong></span> <span class='ocrx_word' id='word_1_440' title='bbox 950 3511 997 3550; x_wconf 80' lang='grc'>²⁹</span> <span class='ocrx_word' id='word_1_441' title='bbox 1028 3515 1291 3585; x_wconf 87' lang='lat' dir='ltr'><strong>superius</strong></span> <span class='ocrx_word' id='word_1_442' title='bbox 1322 3517 1380 3569; x_wconf 88' lang='lat' dir='ltr'><strong>L.</strong></span> 
     </span>
    </p>
   </div>
   <div class='ocr_carea' id='block_1_60' title="bbox 202 3755 1923 3825">
    <p class='ocr_par' dir='ltr' id='par_1_60' title="bbox 202 3755 1923 3825">
     <span class='ocr_line' id='line_1_60' title="bbox 202 3755 1923 3825; baseline 0.001 -18"><span class='ocrx_word' id='word_1_443' title='bbox 202 3756 375 3807; x_wconf 67' lang='lat' dir='ltr'><strong>mulas</strong></span> <span class='ocrx_word' id='word_1_444' title='bbox 404 3760 623 3809; x_wconf 80' lang='lat' dir='ltr'><strong>veteres</strong></span> <span class='ocrx_word' id='word_1_445' title='bbox 653 3771 795 3825; x_wconf 90' lang='lat' dir='ltr'><strong>quas</strong></span> <span class='ocrx_word' id='word_1_446' title='bbox 839 3755 930 3808; x_wconf 91' lang='lat' dir='ltr'><strong>hic</strong></span> <span class='ocrx_word' id='word_1_447' title='bbox 974 3760 1385 3825; x_wconf 65' lang='lat' dir='ltr'><strong>repraesentare</strong></span> <span class='ocrx_word' id='word_1_448' title='bbox 1433 3771 1619 3824; x_wconf 76' lang='lat' dir='ltr'><strong>operze</strong></span> <span class='ocrx_word' id='word_1_449' title='bbox 1672 3756 1923 3825; x_wconf 88' lang='lat' dir='ltr'><strong>pretium</strong></span> 
     </span>
    </p>
   </div>
   <div class='ocr_carea' id='block_1_61' title="bbox 198 3824 1925 3895">
    <p class='ocr_par' dir='ltr' id='par_1_61' title="bbox 198 3824 1925 3895">
     <span class='ocr_line' id='line_1_61' title="bbox 198 3824 1925 3895; baseline 0 -17"><span class='ocrx_word' id='word_1_450' title='bbox 198 3825 474 3879; x_wconf 81' lang='lat' dir='ltr'><strong>duximus</strong></span> <span class='ocrx_word' id='word_1_451' title='bbox 507 3840 520 3877; x_wconf 93' lang='lat'>:</span> <span class='ocrx_word' id='word_1_452' title='bbox 553 3854 624 3864; x_wconf 92' lang='lat'><strong>—-</strong></span> <span class='ocrx_word' id='word_1_453' title='bbox 679 3824 704 3872; x_wconf 61' lang='grc' dir='ltr'><strong>ί(</strong></span> <span class='ocrx_word' id='word_1_454' title='bbox 738 3827 920 3890; x_wconf 90' lang='lat' dir='ltr'><strong>Petre,</strong></span> <span class='ocrx_word' id='word_1_455' title='bbox 954 3831 1008 3878; x_wconf 93' lang='lat' dir='ltr'><strong>te</strong></span> <span class='ocrx_word' id='word_1_456' title='bbox 1067 3827 1321 3895; x_wconf 85' lang='lat' dir='ltr'><strong>appellat</strong></span> <span class='ocrx_word' id='word_1_457' title='bbox 1374 3824 1687 3887; x_wconf 31' lang='lat' dir='ltr'><strong>Martinus,’</strong></span> <span class='ocrx_word' id='word_1_458' title='bbox 1710 3827 1809 3895; x_wconf 89' lang='lat' dir='ltr'><strong>qui</strong></span> <span class='ocrx_word' id='word_1_459' title='bbox 1842 3832 1925 3879; x_wconf 89' lang='lat' dir='ltr'><strong>est</strong></span> 
     </span>
    </p>
   </div>
   <div class='ocr_carea' id='block_1_62' title="bbox 200 3895 1923 3966">
    <p class='ocr_par' dir='ltr' id='par_1_62' title="bbox 200 3895 1923 3966">
     <span class='ocr_line' id='line_1_62' title="bbox 200 3895 1923 3966; baseline 0.001 -18"><span class='ocrx_word' id='word_1_460' title='bbox 200 3896 519 3949; x_wconf 81' lang='lat' dir='ltr'><strong>advocatus</strong></span> <span class='ocrx_word' id='word_1_461' title='bbox 566 3896 637 3949; x_wconf 89' lang='lat' dir='ltr'><strong>de</strong></span> <span class='ocrx_word' id='word_1_462' title='bbox 668 3902 828 3966; x_wconf 88' lang='lat' dir='ltr'><strong>parte</strong></span> <span class='ocrx_word' id='word_1_463' title='bbox 882 3896 1129 3966; x_wconf 90' lang='lat' dir='ltr'><strong>publica,</strong></span> <span class='ocrx_word' id='word_1_464' title='bbox 1174 3895 1326 3965; x_wconf 89' lang='lat' dir='ltr'><strong>quod</strong></span> <span class='ocrx_word' id='word_1_465' title='bbox 1385 3901 1443 3947; x_wconf 91' lang='lat' dir='ltr'><strong>tu</strong></span> <span class='ocrx_word' id='word_1_466' title='bbox 1497 3896 1756 3950; x_wconf 89' lang='lat' dir='ltr'><strong>occidisti</strong></span> <span class='ocrx_word' id='word_1_467' title='bbox 1780 3897 1923 3949; x_wconf 88' lang='lat' dir='ltr'><strong>Mar-</strong></span> 
     </span>
    </p>
   </div>
   <div class='ocr_carea' id='block_1_63' title="bbox 203 3966 1923 4037">
    <p class='ocr_par' dir='ltr' id='par_1_63' title="bbox 203 3966 1923 4037">
     <span class='ocr_line' id='line_1_63' title="bbox 203 3966 1923 4037; baseline 0.001 -18"><span class='ocrx_word' id='word_1_468' title='bbox 203 3968 496 4035; x_wconf 88' lang='lat' dir='ltr'><strong>quardnm</strong></span> <span class='ocrx_word' id='word_1_469' title='bbox 533 3971 700 4019; x_wconf 92' lang='lat' dir='ltr'><strong>tuum</strong></span> <span class='ocrx_word' id='word_1_470' title='bbox 753 3972 973 4035; x_wconf 88' lang='lat' dir='ltr'><strong>patrem</strong></span> <span class='ocrx_word' id='word_1_471' title='bbox 1034 3983 1137 4037; x_wconf 92' lang='lat' dir='ltr'><strong>per</strong></span> <span class='ocrx_word' id='word_1_472' title='bbox 1193 3966 1585 4035; x_wconf 87' lang='lat' dir='ltr'><strong>cupiditatem,</strong></span> <span class='ocrx_word' id='word_1_473' title='bbox 1621 3973 1720 4019; x_wconf 91' lang='lat' dir='ltr'><strong>aut</strong></span> <span class='ocrx_word' id='word_1_474' title='bbox 1744 3968 1923 4020; x_wconf 90' lang='lat' dir='ltr'><strong>inter-</strong></span> 
     </span>
    </p>
   </div>
   <div class='ocr_carea' id='block_1_64' title="bbox 203 4037 1920 4107">
    <p class='ocr_par' dir='ltr' id='par_1_64' title="bbox 203 4037 1920 4107">
     <span class='ocr_line' id='line_1_64' title="bbox 203 4037 1920 4107; baseline 0 -16"><span class='ocrx_word' id='word_1_475' title='bbox 203 4038 293 4091; x_wconf 82' lang='lat' dir='ltr'><strong>fici</strong></span> <span class='ocrx_word' id='word_1_476' title='bbox 324 4037 533 4091; x_wconf 80' lang='lat' dir='ltr'><strong>fecisti.</strong></span> <span class='ocrx_word' id='word_1_477' title='bbox 573 4038 697 4091; x_wconf 88' lang='lat' dir='ltr'><strong>Non</strong></span> <span class='ocrx_word' id='word_1_478' title='bbox 729 4039 914 4107; x_wconf 89' lang='lat' dir='ltr'><strong>placet</strong></span> <span class='ocrx_word' id='word_1_479' title='bbox 960 4038 1095 4091; x_wconf 91' lang='lat' dir='ltr'><strong>Deo.</strong></span> <span class='ocrx_word' id='word_1_480' title='bbox 1160 4038 1252 4089; x_wconf 87' lang='lat' dir='ltr'><strong>Vis</strong></span> <span class='ocrx_word' id='word_1_481' title='bbox 1311 4038 1363 4089; x_wconf 91' lang='lat' dir='ltr'><strong>ei</strong></span> <span class='ocrx_word' id='word_1_482' title='bbox 1412 4038 1675 4091; x_wconf 89' lang='lat' dir='ltr'><strong>adardire</strong></span> <span class='ocrx_word' id='word_1_483' title='bbox 1703 4038 1731 4091; x_wconf 72' lang='grc' dir='ltr'><strong><em>Ῥ</em></strong></span> <span class='ocrx_word' id='word_1_484' title='bbox 1764 4039 1920 4091; x_wconf 92' lang='lat' dir='ltr'><strong>Volo.</strong></span> 
     </span>
    </p>
   </div>
   <div class='ocr_carea' id='block_1_65' title="bbox 202 4108 1924 4177">
    <p class='ocr_par' dir='ltr' id='par_1_65' title="bbox 202 4108 1924 4177">
     <span class='ocr_line' id='line_1_65' title="bbox 202 4108 1924 4177; baseline 0.002 -19"><span class='ocrx_word' id='word_1_485' title='bbox 202 4108 435 4162; x_wconf 82' lang='lat' dir='ltr'><strong>Vadiate</strong></span> <span class='ocrx_word' id='word_1_486' title='bbox 493 4124 766 4177; x_wconf 88' lang='lat' dir='ltr'><strong>pugnam.</strong></span> <span class='ocrx_word' id='word_1_487' title='bbox 811 4108 949 4172; x_wconf 55' lang='lat' dir='ltr'><strong>Quae</strong></span> <span class='ocrx_word' id='word_1_488' title='bbox 1002 4108 1328 4161; x_wconf 85' lang='lat' dir='ltr'><strong>vadimonia</strong></span> <span class='ocrx_word' id='word_1_489' title='bbox 1376 4108 1587 4162; x_wconf 91' lang='lat' dir='ltr'><strong>debent</strong></span> <span class='ocrx_word' id='word_1_490' title='bbox 1626 4125 1747 4162; x_wconf 91' lang='lat' dir='ltr'><strong>esse</strong></span> <span class='ocrx_word' id='word_1_491' title='bbox 1793 4125 1924 4162; x_wconf 92' lang='lat' dir='ltr'><strong>cum</strong></span> 
     </span>
    </p>
   </div>
   <div class='ocr_carea' id='block_1_66' title="bbox 205 4178 1924 4249">
    <p class='ocr_par' dir='ltr' id='par_1_66' title="bbox 205 4178 1924 4249">
     <span class='ocr_line' id='line_1_66' title="bbox 205 4178 1924 4249; baseline 0.001 -17"><span class='ocrx_word' id='word_1_492' title='bbox 205 4179 647 4249; x_wconf 84' lang='lat' dir='ltr'><strong>tidejussoribus</strong></span> <span class='ocrx_word' id='word_1_493' title='bbox 674 4179 842 4232; x_wconf 87' lang='lat' dir='ltr'><strong>tacita</strong></span> <span class='ocrx_word' id='word_1_494' title='bbox 890 4195 1082 4248; x_wconf 80' lang='lat' dir='ltr'><strong>poena.</strong></span> <span class='ocrx_word' id='word_1_495' title='bbox 1124 4179 1297 4247; x_wconf 72' lang='lat' dir='ltr'><strong>Cujus</strong></span> <span class='ocrx_word' id='word_1_496' title='bbox 1344 4178 1539 4247; x_wconf 89' lang='lat' dir='ltr'><strong>placiti</strong></span> <span class='ocrx_word' id='word_1_497' title='bbox 1572 4186 1924 4233; x_wconf 88' lang='lat' dir='ltr'><strong>sacramenta</strong></span> 
     </span>
    </p>
   </div>
   <div class='ocr_carea' id='block_1_67' title="bbox 203 4250 1924 4319">
    <p class='ocr_par' dir='ltr' id='par_1_67' title="bbox 203 4250 1924 4319">
     <span class='ocr_line' id='line_1_67' title="bbox 203 4250 1924 4319; baseline 0 -16"><span class='ocrx_word' id='word_1_498' title='bbox 203 4251 279 4303; x_wconf 89' lang='lat' dir='ltr'><strong>ita</strong></span> <span class='ocrx_word' id='word_1_499' title='bbox 304 4268 431 4303; x_wconf 78' lang='lat' dir='ltr'><strong>esse</strong></span> <span class='ocrx_word' id='word_1_500' title='bbox 493 4250 721 4303; x_wconf 89' lang='lat' dir='ltr'><strong>debent.</strong></span> <span class='ocrx_word' id='word_1_501' title='bbox 788 4251 1104 4303; x_wconf 77' lang='lat' dir='ltr'><strong>Advocatus</strong></span> <span class='ocrx_word' id='word_1_502' title='bbox 1153 4250 1363 4319; x_wconf 88' lang='lat' dir='ltr'><strong>juret:</strong></span> <span class='ocrx_word' id='word_1_503' title='bbox 1420 4250 1497 4303; x_wconf 88' lang='lat' dir='ltr'><strong>De</strong></span> <span class='ocrx_word' id='word_1_504' title='bbox 1556 4250 1663 4302; x_wconf 89' lang='lat' dir='ltr'><strong>hoc</strong></span> <span class='ocrx_word' id='word_1_505' title='bbox 1697 4250 1847 4304; x_wconf 89' lang='lat' dir='ltr'><strong>unde</strong></span> <span class='ocrx_word' id='word_1_506' title='bbox 1870 4255 1924 4303; x_wconf 91' lang='lat' dir='ltr'><strong>te</strong></span> 
     </span>
    </p>
   </div>
   <div class='ocr_carea' id='block_1_68' title="bbox 202 4320 1926 4392">
    <p class='ocr_par' dir='ltr' id='par_1_68' title="bbox 202 4320 1926 4392">
     <span class='ocr_line' id='line_1_68' title="bbox 202 4320 1926 4392; baseline 0.001 -19"><span class='ocrx_word' id='word_1_507' title='bbox 202 4321 517 4392; x_wconf 81' lang='lat' dir='ltr'><strong>appellavi,</strong></span> <span class='ocrx_word' id='word_1_508' title='bbox 574 4336 666 4374; x_wconf 92' lang='lat' dir='ltr'><strong>me</strong></span> <span class='ocrx_word' id='word_1_509' title='bbox 698 4320 913 4392; x_wconf 86' lang='lat' dir='ltr'><strong>sciente</strong></span> <span class='ocrx_word' id='word_1_510' title='bbox 944 4321 1015 4392; x_wconf 89' lang='lat' dir='ltr'><strong>de</strong></span> <span class='ocrx_word' id='word_1_511' title='bbox 1044 4326 1195 4374; x_wconf 89' lang='lat' dir='ltr'><strong>torto</strong></span> <span class='ocrx_word' id='word_1_512' title='bbox 1222 4325 1278 4372; x_wconf 89' lang='lat' dir='ltr'><strong>te</strong></span> <span class='ocrx_word' id='word_1_513' title='bbox 1304 4335 1417 4372; x_wconf 92' lang='lat' dir='ltr'><strong>non</strong></span> <span class='ocrx_word' id='word_1_514' title='bbox 1463 4321 1771 4392; x_wconf 85' lang='lat' dir='ltr'><strong>appellavi.</strong></span> <span class='ocrx_word' id='word_1_515' title='bbox 1815 4324 1926 4390; x_wconf 78' lang='lat' dir='ltr'><strong>Ap-</strong></span> 
     </span>
    </p>
   </div>
   <div class='ocr_carea' id='block_1_69' title="bbox 199 4391 1924 4462">
    <p class='ocr_par' dir='ltr' id='par_1_69' title="bbox 199 4391 1924 4462">
     <span class='ocr_line' id='line_1_69' title="bbox 199 4391 1924 4462; baseline -0.001 -16"><span class='ocrx_word' id='word_1_516' title='bbox 199 4395 454 4462; x_wconf 88' lang='lat' dir='ltr'><strong>pellatus</strong></span> <span class='ocrx_word' id='word_1_517' title='bbox 486 4392 567 4444; x_wconf 91' lang='lat' dir='ltr'><strong>ita</strong></span> <span class='ocrx_word' id='word_1_518' title='bbox 596 4407 609 4445; x_wconf 89' lang='lat'><strong>:</strong></span> <span class='ocrx_word' id='word_1_519' title='bbox 646 4393 721 4445; x_wconf 93' lang='lat' dir='ltr'><strong>De</strong></span> <span class='ocrx_word' id='word_1_520' title='bbox 743 4391 867 4457; x_wconf 89' lang='lat' dir='ltr'><strong>hoc,</strong></span> <span class='ocrx_word' id='word_1_521' title='bbox 895 4391 1046 4444; x_wconf 90' lang='lat' dir='ltr'><strong>unde</strong></span> <span class='ocrx_word' id='word_1_522' title='bbox 1091 4396 1151 4443; x_wconf 92' lang='lat' dir='ltr'><strong>tu</strong></span> <span class='ocrx_word' id='word_1_523' title='bbox 1187 4406 1275 4462; x_wconf 90' lang='lat' dir='ltr'><strong>me</strong></span> <span class='ocrx_word' id='word_1_524' title='bbox 1306 4391 1632 4462; x_wconf 87' lang='lat' dir='ltr'><strong>appellasti,</strong></span> <span class='ocrx_word' id='word_1_525' title='bbox 1675 4392 1745 4445; x_wconf 92' lang='lat' dir='ltr'><strong>de</strong></span> <span class='ocrx_word' id='word_1_526' title='bbox 1776 4396 1924 4445; x_wconf 90' lang='lat' dir='ltr'><strong>torto</strong></span> 
     </span>
    </p>
   </div>
   <div class='ocr_carea' id='block_1_70' title="bbox 199 4461 1922 4534">
    <p class='ocr_par' dir='ltr' id='par_1_70' title="bbox 199 4461 1922 4534">
     <span class='ocr_line' id='line_1_70' title="bbox 199 4461 1922 4534; baseline 0.001 -19"><span class='ocrx_word' id='word_1_527' title='bbox 199 4461 291 4517; x_wconf 89' lang='lat' dir='ltr'><strong>me</strong></span> <span class='ocrx_word' id='word_1_528' title='bbox 325 4462 657 4534; x_wconf 87' lang='lat' dir='ltr'><strong>appellasti.</strong></span> <span class='ocrx_word' id='word_1_529' title='bbox 718 4462 783 4515; x_wconf 85' lang='lat' dir='ltr'><strong>Et</strong></span> <span class='ocrx_word' id='word_1_530' title='bbox 810 4462 953 4534; x_wconf 71' lang='lat' dir='ltr'><strong>haec</strong></span> <span class='ocrx_word' id='word_1_531' title='bbox 978 4461 1284 4534; x_wconf 88' lang='lat' dir='ltr'><strong>responsio</strong></span> <span class='ocrx_word' id='word_1_532' title='bbox 1320 4461 1493 4534; x_wconf 76' lang='lat' dir='ltr'><strong>debet</strong></span> <span class='ocrx_word' id='word_1_533' title='bbox 1509 4478 1639 4534; x_wconf 86' lang='lat' dir='ltr'><strong>esse</strong></span> <span class='ocrx_word' id='word_1_534' title='bbox 1675 4467 1922 4527; x_wconf 89' lang='lat' dir='ltr'><strong>tantum,</strong></span> 
     </span>
    </p>
   </div>
   <div class='ocr_carea' id='block_1_71' title="bbox 199 4532 1923 4587">
    <p class='ocr_par' dir='ltr' id='par_1_71' title="bbox 199 4532 1923 4587">
     <span class='ocr_line' id='line_1_71' title="bbox 199 4532 1923 4587; baseline -0.001 0"><span class='ocrx_word' id='word_1_535' title='bbox 199 4532 713 4587; x_wconf 49' lang='lat' dir='ltr'><strong>dum&#39;advocatus</strong></span> <span class='ocrx_word' id='word_1_536' title='bbox 761 4532 1021 4586; x_wconf 89' lang='lat' dir='ltr'><strong>adardiat</strong></span> <span class='ocrx_word' id='word_1_537' title='bbox 1070 4533 1122 4585; x_wconf 91' lang='lat' dir='ltr'><strong>ei</strong></span> <span class='ocrx_word' id='word_1_538' title='bbox 1182 4533 1414 4585; x_wconf 91' lang='lat' dir='ltr'><strong>bellum.</strong></span> <span class='ocrx_word' id='word_1_539' title='bbox 1463 4532 1523 4585; x_wconf 88' lang='lat' dir='ltr'><strong>Si</strong></span> <span class='ocrx_word' id='word_1_540' title='bbox 1574 4548 1702 4585; x_wconf 87' lang='lat' dir='ltr'><strong>vero</strong></span> <span class='ocrx_word' id='word_1_541' title='bbox 1751 4534 1923 4586; x_wconf 88' lang='lat' dir='ltr'><strong>advo-</strong></span> 
     </span>
    </p>
   </div>
   <div class='ocr_carea' id='block_1_72' title="bbox 200 4603 1923 4673">
    <p class='ocr_par' dir='ltr' id='par_1_72' title="bbox 200 4603 1923 4673">
     <span class='ocr_line' id='line_1_72' title="bbox 200 4603 1923 4673; baseline -0.001 -15"><span class='ocrx_word' id='word_1_542' title='bbox 200 4612 359 4658; x_wconf 90' lang='lat' dir='ltr'><strong>catus</strong></span> <span class='ocrx_word' id='word_1_543' title='bbox 392 4620 517 4658; x_wconf 89' lang='lat' dir='ltr'><strong>non</strong></span> <span class='ocrx_word' id='word_1_544' title='bbox 572 4604 693 4656; x_wconf 86' lang='lat' dir='ltr'><strong>vult</strong></span> <span class='ocrx_word' id='word_1_545' title='bbox 730 4604 781 4655; x_wconf 89' lang='lat' dir='ltr'><strong>ei</strong></span> <span class='ocrx_word' id='word_1_546' title='bbox 812 4603 1097 4667; x_wconf 89' lang='lat' dir='ltr'><strong>adardire,</strong></span> <span class='ocrx_word' id='word_1_547' title='bbox 1152 4609 1288 4656; x_wconf 89' lang='lat' dir='ltr'><strong>tunc</strong></span> <span class='ocrx_word' id='word_1_548' title='bbox 1336 4603 1656 4672; x_wconf 88' lang='lat' dir='ltr'><strong>appellatus</strong></span> <span class='ocrx_word' id='word_1_549' title='bbox 1697 4604 1923 4673; x_wconf 88' lang='lat' dir='ltr'><strong>jureju-</strong></span> 
     </span>
    </p>
   </div>
   <div class='ocr_carea' id='block_1_73' title="bbox 200 4674 1925 4743">
    <p class='ocr_par' dir='ltr' id='par_1_73' title="bbox 200 4674 1925 4743">
     <span class='ocr_line' id='line_1_73' title="bbox 200 4674 1925 4743; baseline -0.002 -13"><span class='ocrx_word' id='word_1_550' title='bbox 200 4677 381 4730; x_wconf 86' lang='lat' dir='ltr'><strong>rando</strong></span> <span class='ocrx_word' id='word_1_551' title='bbox 442 4674 765 4728; x_wconf 88' lang='lat' dir='ltr'><strong>secundum</strong></span> <span class='ocrx_word' id='word_1_552' title='bbox 823 4690 990 4728; x_wconf 82' lang='lat' dir='ltr'><strong>suam</strong></span> <span class='ocrx_word' id='word_1_553' title='bbox 1047 4675 1232 4743; x_wconf 88' lang='lat' dir='ltr'><strong>legem</strong></span> <span class='ocrx_word' id='word_1_554' title='bbox 1290 4689 1349 4726; x_wconf 84' lang='lat' dir='ltr'><strong>se</strong></span> <span class='ocrx_word' id='word_1_555' title='bbox 1402 4674 1692 4742; x_wconf 86' lang='lat' dir='ltr'><strong>defendat,</strong></span> <span class='ocrx_word' id='word_1_556' title='bbox 1744 4674 1821 4727; x_wconf 91' lang='lat' dir='ltr'><strong>ita</strong></span> <span class='ocrx_word' id='word_1_557' title='bbox 1862 4679 1925 4727; x_wconf 93' lang='lat' dir='ltr'><strong>ut</strong></span> 
     </span>
    </p>
   </div>
   <div class='ocr_carea' id='block_1_74' title="bbox 199 4745 1924 4814">
    <p class='ocr_par' dir='ltr' id='par_1_74' title="bbox 199 4745 1924 4814">
     <span class='ocr_line' id='line_1_74' title="bbox 199 4745 1924 4814; baseline -0.001 -15"><span class='ocrx_word' id='word_1_558' title='bbox 199 4747 516 4801; x_wconf 86' lang='lat' dir='ltr'><strong>advocatus</strong></span> <span class='ocrx_word' id='word_1_559' title='bbox 563 4750 733 4798; x_wconf 88' lang='lat' dir='ltr'><strong>antea</strong></span> <span class='ocrx_word' id='word_1_560' title='bbox 764 4760 881 4797; x_wconf 91' lang='lat' dir='ltr'><strong>non</strong></span> <span class='ocrx_word' id='word_1_561' title='bbox 922 4746 1091 4814; x_wconf 85' lang='lat' dir='ltr'><strong>juret.</strong></span> <span class='ocrx_word' id='word_1_562' title='bbox 1126 4745 1192 4798; x_wconf 85' lang='lat' dir='ltr'><strong>Et</strong></span> <span class='ocrx_word' id='word_1_563' title='bbox 1223 4745 1331 4798; x_wconf 87' lang='lat' dir='ltr'><strong>hoc</strong></span> <span class='ocrx_word' id='word_1_564' title='bbox 1363 4760 1466 4812; x_wconf 90' lang='lat' dir='ltr'><strong>per</strong></span> <span class='ocrx_word' id='word_1_565' title='bbox 1490 4760 1679 4797; x_wconf 84' lang='lat' dir='ltr'><strong>usum.</strong></span> <span class='ocrx_word' id='word_1_566' title='bbox 1732 4745 1798 4797; x_wconf 86' lang='lat' dir='ltr'><strong>Et</strong></span> <span class='ocrx_word' id='word_1_567' title='bbox 1818 4745 1924 4797; x_wconf 90' lang='lat' dir='ltr'><strong>hoc</strong></span> 
     </span>
    </p>
   </div>
   <div class='ocr_carea' id='block_1_75' title="bbox 200 4816 1923 4885">
    <p class='ocr_par' dir='ltr' id='par_1_75' title="bbox 200 4816 1923 4885">
     <span class='ocr_line' id='line_1_75' title="bbox 200 4816 1923 4885; baseline -0.003 -13"><span class='ocrx_word' id='word_1_568' title='bbox 200 4819 372 4872; x_wconf 88' lang='lat' dir='ltr'><strong>debet</strong></span> <span class='ocrx_word' id='word_1_569' title='bbox 402 4832 532 4870; x_wconf 86' lang='lat' dir='ltr'><strong>esse</strong></span> <span class='ocrx_word' id='word_1_570' title='bbox 564 4816 624 4868; x_wconf 93' lang='lat' dir='ltr'><strong>in</strong></span> <span class='ocrx_word' id='word_1_571' title='bbox 672 4816 942 4868; x_wconf 84' lang='lat' dir='ltr'><strong>omnibus</strong></span> <span class='ocrx_word' id='word_1_572' title='bbox 990 4816 1493 4884; x_wconf 88' lang='lat' dir='ltr'><strong>appellationibus.</strong></span> <span class='ocrx_word' id='word_1_573' title='bbox 1552 4816 1632 4867; x_wconf 69' lang='lat' dir='ltr'><strong>lbi</strong></span> <span class='ocrx_word' id='word_1_574' title='bbox 1680 4823 1923 4885; x_wconf 90' lang='lat' dir='ltr'><strong>utraque</strong></span> 
     </span>
    </p>
   </div>
   <div class='ocr_carea' id='block_1_76' title="bbox 199 4885 1923 4959">
    <p class='ocr_par' dir='ltr' id='par_1_76' title="bbox 199 4885 1923 4959">
     <span class='ocr_line' id='line_1_76' title="bbox 199 4885 1923 4959; baseline -0.002 -18"><span class='ocrx_word' id='word_1_575' title='bbox 199 4905 318 4942; x_wconf 89' lang='lat' dir='ltr'><strong>esse</strong></span> <span class='ocrx_word' id='word_1_576' title='bbox 368 4892 636 4959; x_wconf 89' lang='lat' dir='ltr'><strong>possunt.</strong></span> <span class='ocrx_word' id='word_1_577' title='bbox 700 4885 939 4959; x_wconf 32' lang='lat' dir='ltr'><strong>SiJvero</strong></span> <span class='ocrx_word' id='word_1_578' title='bbox 982 4891 1213 4959; x_wconf 82' lang='lat' dir='ltr'><strong>tantum</strong></span> <span class='ocrx_word' id='word_1_579' title='bbox 1273 4891 1628 4959; x_wconf 78' lang='lat' dir='ltr'><strong>sacramenta</strong></span> <span class='ocrx_word' id='word_1_580' title='bbox 1671 4901 1791 4959; x_wconf 78' lang='lat' dir='ltr'><strong>esse</strong></span> <span class='ocrx_word' id='word_1_581' title='bbox 1820 4887 1923 4938; x_wconf 92' lang='lat' dir='ltr'><strong>de-</strong></span> 
     </span>
    </p>
   </div>
   <div class='ocr_carea' id='block_1_77' title="bbox 198 4956 1993 5026">
    <p class='ocr_par' dir='ltr' id='par_1_77' title="bbox 198 4956 1993 5026">
     <span class='ocr_line' id='line_1_77' title="bbox 198 4956 1993 5026; baseline -0.003 -12"><span class='ocrx_word' id='word_1_582' title='bbox 198 4956 548 5023; x_wconf 38' lang='lat' dir='ltr'><strong>bentjtunc</strong></span> <span class='ocrx_word' id='word_1_583' title='bbox 616 4956 937 5025; x_wconf 87' lang='lat' dir='ltr'><strong>appellatus</strong></span> <span class='ocrx_word' id='word_1_584' title='bbox 970 4957 1126 5026; x_wconf 90' lang='lat' dir='ltr'><strong>juret</strong></span> <span class='ocrx_word' id='word_1_585' title='bbox 1173 4956 1485 5009; x_wconf 85' lang='lat' dir='ltr'><strong>secundum</strong></span> <span class='ocrx_word' id='word_1_586' title='bbox 1541 4971 1704 5009; x_wconf 88' lang='lat' dir='ltr'><strong>suam</strong></span> <span class='ocrx_word' id='word_1_587' title='bbox 1735 4956 1921 5025; x_wconf 89' lang='lat' dir='ltr'><strong>legem</strong></span> <span class='ocrx_word' id='word_1_588' title='bbox 1952 4972 1993 5025; x_wconf 82' lang='grc' dir='ltr'><strong>ι)</strong></span> 
     </span>
    </p>
   </div>
   <div class='ocr_carea' id='block_1_78' title="bbox 200 5027 1925 5101">
    <p class='ocr_par' dir='ltr' id='par_1_78' title="bbox 200 5027 1925 5101">
     <span class='ocr_line' id='line_1_78' title="bbox 200 5027 1925 5101; baseline -0.002 -19"><span class='ocrx_word' id='word_1_589' title='bbox 200 5031 419 5101; x_wconf 83' lang='lat' dir='ltr'><strong>absque</strong></span> <span class='ocrx_word' id='word_1_590' title='bbox 444 5027 1120 5101; x_wconf 70' lang='lat' dir='ltr'><strong>sacramentoadvocati.</strong></span> <span class='ocrx_word' id='word_1_591' title='bbox 1146 5028 1342 5101; x_wconf 77' lang='lat' dir='ltr'><strong>Petre,</strong></span> <span class='ocrx_word' id='word_1_592' title='bbox 1397 5033 1453 5080; x_wconf 90' lang='lat' dir='ltr'><strong>te</strong></span> <span class='ocrx_word' id='word_1_593' title='bbox 1483 5028 1734 5097; x_wconf 83' lang='lat' dir='ltr'><strong>appellat</strong></span> <span class='ocrx_word' id='word_1_594' title='bbox 1786 5028 1925 5081; x_wconf 76' lang='lat' dir='ltr'><strong>Mar—</strong></span> 
     </span>
    </p>
   </div>
   <div class='ocr_carea' id='block_1_79' title="bbox 199 5097 1926 5171">
    <p class='ocr_par' dir='ltr' id='par_1_79' title="bbox 199 5097 1926 5171">
     <span class='ocr_line' id='line_1_79' title="bbox 199 5097 1926 5171; baseline -0.002 -17"><span class='ocrx_word' id='word_1_595' title='bbox 199 5097 378 5169; x_wconf 70' lang='lat' dir='ltr'><strong>tinus,</strong></span> <span class='ocrx_word' id='word_1_596' title='bbox 431 5099 597 5171; x_wconf 90' lang='lat' dir='ltr'><strong>quod</strong></span> <span class='ocrx_word' id='word_1_597' title='bbox 651 5097 906 5171; x_wconf 79' lang='lat' dir='ltr'><strong>occidisti</strong></span> <span class='ocrx_word' id='word_1_598' title='bbox 950 5098 1343 5171; x_wconf 82' lang='lat' dir='ltr'><strong>Marculphum</strong></span> <span class='ocrx_word' id='word_1_599' title='bbox 1387 5113 1581 5171; x_wconf 81' lang='lat' dir='ltr'><strong>suu_n:_</strong></span> <span class='ocrx_word' id='word_1_600' title='bbox 1615 5103 1837 5171; x_wconf 80' lang='lat' dir='ltr'><strong>patrem</strong></span> <span class='ocrx_word' id='word_1_601' title='bbox 1869 5103 1926 5151; x_wconf 86' lang='lat' dir='ltr'><strong>et</strong></span> 
     </span>
    </p>
   </div>
   <div class='ocr_carea' id='block_1_80' title="bbox 202 5168 1924 5241">
    <p class='ocr_par' dir='ltr' id='par_1_80' title="bbox 202 5168 1924 5241">
     <span class='ocr_line' id='line_1_80' title="bbox 202 5168 1924 5241; baseline -0.002 -16"><span class='ocrx_word' id='word_1_602' title='bbox 202 5168 369 5225; x_wconf 90' lang='lat' dir='ltr'><strong>tuum</strong></span> <span class='ocrx_word' id='word_1_603' title='bbox 411 5168 523 5241; x_wconf 78' lang='lat' dir='ltr'><strong>per</strong></span> <span class='ocrx_word' id='word_1_604' title='bbox 551 5169 955 5241; x_wconf 70' lang='lat' dir='ltr'><strong>cupiditatem,</strong></span> <span class='ocrx_word' id='word_1_605' title='bbox 977 5174 1079 5241; x_wconf 84' lang='lat' dir='ltr'><strong>aut</strong></span> <span class='ocrx_word' id='word_1_606' title='bbox 1107 5168 1387 5241; x_wconf 77' lang='lat' dir='ltr'><strong>interﬁci_</strong></span> <span class='ocrx_word' id='word_1_607' title='bbox 1399 5168 1606 5241; x_wconf 70' lang='lat' dir='ltr'><strong>fecisti.</strong></span> <span class='ocrx_word' id='word_1_608' title='bbox 1643 5169 1719 5221; x_wconf 91' lang='lat' dir='ltr'><strong>De</strong></span> <span class='ocrx_word' id='word_1_609' title='bbox 1773 5173 1924 5241; x_wconf 85' lang='lat' dir='ltr'><strong>torto</strong></span> 
     </span>
    </p>
   </div>
   <div class='ocr_carea' id='block_1_81' title="bbox 201 5238 1925 5313">
    <p class='ocr_par' dir='ltr' id='par_1_81' title="bbox 201 5238 1925 5313">
     <span class='ocr_line' id='line_1_81' title="bbox 201 5238 1925 5313; baseline -0.001 -18"><span class='ocrx_word' id='word_1_610' title='bbox 201 5258 290 5295; x_wconf 90' lang='lat' dir='ltr'><strong>me</strong></span> <span class='ocrx_word' id='word_1_611' title='bbox 349 5238 686 5313; x_wconf 75' lang='lat' dir='ltr'><strong>appellasti.</strong></span> <span class='ocrx_word' id='word_1_612' title='bbox 709 5310 720 5313; x_wconf 83' lang='lat'>_</span> <span class='ocrx_word' id='word_1_613' title='bbox 751 5239 889 5313; x_wconf 85' lang='lat' dir='ltr'><strong>Vis__</strong></span> <span class='ocrx_word' id='word_1_614' title='bbox 1016 5238 1277 5293; x_wconf 90' lang='lat' dir='ltr'><strong>adardire</strong></span> <span class='ocrx_word' id='word_1_615' title='bbox 1312 5238 1339 5291; x_wconf 83' lang='lat'><strong>?</strong></span> <span class='ocrx_word' id='word_1_616' title='bbox 1369 5238 1520 5313; x_wconf 68' lang='lat' dir='ltr'><strong>Vulg.</strong></span> <span class='ocrx_word' id='word_1_617' title='bbox 1556 5240 1619 5292; x_wconf 86' lang='lat' dir='ltr'><strong>Et</strong></span> <span class='ocrx_word' id='word_1_618' title='bbox 1650 5244 1713 5291; x_wconf 93' lang='lat' dir='ltr'><strong>tu</strong></span> <span class='ocrx_word' id='word_1_619' title='bbox 1744 5238 1827 5291; x_wconf 88' lang='lat' dir='ltr'><strong>vis</strong></span> <span class='ocrx_word' id='word_1_620' title='bbox 1870 5243 1925 5313; x_wconf 84' lang='lat' dir='ltr'><strong>te</strong></span> 
     </span>
    </p>
   </div>
   <div class='ocr_carea' id='block_1_82' title="bbox 202 5309 1927 5379">
    <p class='ocr_par' dir='ltr' id='par_1_82' title="bbox 202 5309 1927 5379">
     <span class='ocr_line' id='line_1_82' title="bbox 202 5309 1927 5379; baseline -0.003 -12"><span class='ocrx_word' id='word_1_621' title='bbox 202 5309 518 5368; x_wconf 78' lang='lat' dir='ltr'><strong>defendere</strong></span> <span class='ocrx_word' id='word_1_622' title='bbox 547 5310 577 5364; x_wconf 83' lang='lat'><strong>?</strong></span> <span class='ocrx_word' id='word_1_623' title='bbox 625 5310 781 5363; x_wconf 93' lang='lat' dir='ltr'><strong>Volo.</strong></span> <span class='ocrx_word' id='word_1_624' title='bbox 848 5309 1080 5363; x_wconf 89' lang='lat' dir='ltr'><strong>Vadiate</strong></span> <span class='ocrx_word' id='word_1_625' title='bbox 1128 5325 1404 5379; x_wconf 85' lang='lat' dir='ltr'><strong>pugnam.</strong></span> <span class='ocrx_word' id='word_1_626' title='bbox 1459 5309 1516 5362; x_wconf 91' lang='lat' dir='ltr'><strong>Si</strong></span> <span class='ocrx_word' id='word_1_627' title='bbox 1543 5325 1677 5361; x_wconf 87' lang='lat' dir='ltr'><strong>vero</strong></span> <span class='ocrx_word' id='word_1_628' title='bbox 1728 5311 1927 5378; x_wconf 88' lang='lat' dir='ltr'><strong>appel-</strong></span> 
     </span>
    </p>
   </div>
   <div class='ocr_carea' id='block_1_83' title="bbox 202 5379 1928 5449">
    <p class='ocr_par' dir='ltr' id='par_1_83' title="bbox 202 5379 1928 5449">
     <span class='ocr_line' id='line_1_83' title="bbox 202 5379 1928 5449; baseline -0.003 -11"><span class='ocrx_word' id='word_1_629' title='bbox 202 5384 348 5438; x_wconf 87' lang='lat' dir='ltr'><strong>lator</strong></span> <span class='ocrx_word' id='word_1_630' title='bbox 377 5385 427 5437; x_wconf 90' lang='lat' dir='ltr'><strong>is</strong></span> <span class='ocrx_word' id='word_1_631' title='bbox 470 5382 731 5437; x_wconf 90' lang='lat' dir='ltr'><strong>noluerit</strong></span> <span class='ocrx_word' id='word_1_632' title='bbox 782 5380 1063 5446; x_wconf 88' lang='lat' dir='ltr'><strong>adardire,</strong></span> <span class='ocrx_word' id='word_1_633' title='bbox 1098 5386 1234 5433; x_wconf 90' lang='lat' dir='ltr'><strong>tunc</strong></span> <span class='ocrx_word' id='word_1_634' title='bbox 1287 5381 1463 5449; x_wconf 91' lang='lat' dir='ltr'><strong>juret,</strong></span> <span class='ocrx_word' id='word_1_635' title='bbox 1509 5384 1569 5433; x_wconf 92' lang='lat' dir='ltr'><strong>ut</strong></span> <span class='ocrx_word' id='word_1_636' title='bbox 1618 5395 1793 5449; x_wconf 81' lang='lat' dir='ltr'><strong>supra</strong></span> <span class='ocrx_word' id='word_1_637' title='bbox 1843 5379 1928 5433; x_wconf 90' lang='lat' dir='ltr'><strong>di-</strong></span> 
     </span>
    </p>
   </div>
   <div class='ocr_carea' id='block_1_84' title="bbox 203 5449 1925 5522">
    <p class='ocr_par' dir='ltr' id='par_1_84' title="bbox 203 5449 1925 5522">
     <span class='ocr_line' id='line_1_84' title="bbox 203 5449 1925 5522; baseline -0.003 -15"><span class='ocrx_word' id='word_1_638' title='bbox 203 5461 354 5509; x_wconf 88' lang='lat' dir='ltr'><strong>ctum</strong></span> <span class='ocrx_word' id='word_1_639' title='bbox 397 5461 509 5508; x_wconf 89' lang='lat' dir='ltr'><strong>est.</strong></span> <span class='ocrx_word' id='word_1_640' title='bbox 566 5453 631 5506; x_wconf 86' lang='lat' dir='ltr'><strong>Et</strong></span> <span class='ocrx_word' id='word_1_641' title='bbox 681 5452 1008 5522; x_wconf 89' lang='lat' dir='ltr'><strong>appellatus</strong></span> <span class='ocrx_word' id='word_1_642' title='bbox 1063 5450 1349 5516; x_wconf 90' lang='lat' dir='ltr'><strong>similiter,</strong></span> <span class='ocrx_word' id='word_1_643' title='bbox 1400 5454 1463 5503; x_wconf 92' lang='lat' dir='ltr'><strong>ut</strong></span> <span class='ocrx_word' id='word_1_644' title='bbox 1508 5466 1698 5522; x_wconf 84' lang='lat' dir='ltr'><strong>supra.</strong></span> <span class='ocrx_word' id='word_1_645' title='bbox 1732 5449 1925 5522; x_wconf 85' lang='lat' dir='ltr'><strong>Sacra-</strong></span> 
     </span>
    </p>
   </div>
   <div class='ocr_carea' id='block_1_85' title="bbox 203 5521 1936 5593">
    <p class='ocr_par' dir='ltr' id='par_1_85' title="bbox 203 5521 1936 5593">
     <span class='ocr_line' id='line_1_85' title="bbox 203 5521 1936 5593; baseline -0.003 -13"><span class='ocrx_word' id='word_1_646' title='bbox 203 5528 491 5580; x_wconf 81' lang='lat' dir='ltr'><strong>mentales</strong></span> <span class='ocrx_word' id='word_1_647' title='bbox 522 5539 657 5577; x_wconf 88' lang='lat' dir='ltr'><strong>vero</strong></span> <span class='ocrx_word' id='word_1_648' title='bbox 702 5521 923 5593; x_wconf 85' lang='lat' dir='ltr'><strong>jurent.</strong></span> <span class='ocrx_word' id='word_1_649' title='bbox 988 5523 1121 5587; x_wconf 83' lang='lat' dir='ltr'><strong>Hoc,</strong></span> <span class='ocrx_word' id='word_1_650' title='bbox 1166 5522 1317 5592; x_wconf 89' lang='lat' dir='ltr'><strong>quod</strong></span> <span class='ocrx_word' id='word_1_651' title='bbox 1359 5521 1677 5593; x_wconf 86' lang='lat' dir='ltr'><strong>appellatus</strong></span> <span class='ocrx_word' id='word_1_652' title='bbox 1717 5521 1936 5593; x_wconf 84' lang='lat' dir='ltr'><strong>juravit</strong></span> 
     </span>
    </p>
   </div>
   <div class='ocr_carea' id='block_1_86' title="bbox 205 5591 1932 5668">
    <p class='ocr_par' dir='ltr' id='par_1_86' title="bbox 205 5591 1932 5668">
     <span class='ocr_line' id='line_1_86' title="bbox 205 5591 1932 5668; baseline -0.001 -21"><span class='ocrx_word' id='word_1_653' title='bbox 205 5595 649 5668; x_wconf 87' lang='lat' dir='ltr'><strong>vernmjnravit</strong></span> <span class='ocrx_word' id='word_1_654' title='bbox 688 5591 787 5647; x_wconf 80' lang='lat' dir='ltr'><strong>:Si</strong></span> <span class='ocrx_word' id='word_1_655' title='bbox 821 5594 990 5649; x_wconf 88' lang='lat' dir='ltr'><strong>Deus.</strong></span> <span class='ocrx_word' id='word_1_656' title='bbox 1051 5591 1226 5646; x_wconf 78' lang='lat' dir='ltr'><strong>Pcena</strong></span> <span class='ocrx_word' id='word_1_657' title='bbox 1276 5607 1406 5644; x_wconf 87' lang='lat' dir='ltr'><strong>vero</strong></span> <span class='ocrx_word' id='word_1_658' title='bbox 1466 5591 1732 5645; x_wconf 91' lang='lat' dir='ltr'><strong>imminet</strong></span> <span class='ocrx_word' id='word_1_659' title='bbox 1763 5592 1932 5646; x_wconf 89' lang='lat' dir='ltr'><strong>utris-</strong></span> 
     </span>
    </p>
   </div>
   <div class='ocr_carea' id='block_1_87' title="bbox 2037 3752 3756 3824">
    <p class='ocr_par' dir='ltr' id='par_1_87' title="bbox 2037 3752 3756 3824">
     <span class='ocr_line' id='line_1_87' title="bbox 2037 3752 3756 3824; baseline -0.001 -17"><span class='ocrx_word' id='word_1_660' title='bbox 2037 3752 2300 3819; x_wconf 77' lang='lat' dir='ltr'><strong>redimat,</strong></span> <span class='ocrx_word' id='word_1_661' title='bbox 2337 3760 2393 3807; x_wconf 87' lang='lat' dir='ltr'><strong>et</strong></span> <span class='ocrx_word' id='word_1_662' title='bbox 2421 3755 2749 3824; x_wconf 87' lang='lat' dir='ltr'><strong>propinquo</strong></span> <span class='ocrx_word' id='word_1_663' title='bbox 2800 3754 3066 3807; x_wconf 90' lang='lat' dir='ltr'><strong>similiter</strong></span> <span class='ocrx_word' id='word_1_664' title='bbox 3099 3769 3111 3817; x_wconf 91' lang='lat'><strong>;</strong></span> <span class='ocrx_word' id='word_1_665' title='bbox 3167 3752 3479 3824; x_wconf 84' lang='lat' dir='ltr'><strong>appellato,</strong></span> <span class='ocrx_word' id='word_1_666' title='bbox 3534 3761 3598 3805; x_wconf 90' lang='lat' dir='ltr'><strong>ut</strong></span> <span class='ocrx_word' id='word_1_667' title='bbox 3636 3769 3756 3805; x_wconf 92' lang='lat' dir='ltr'><strong>non</strong></span> 
     </span>
    </p>
   </div>
   <div class='ocr_carea' id='block_1_88' title="bbox 2034 3822 3757 3892">
    <p class='ocr_par' dir='ltr' id='par_1_88' title="bbox 2034 3822 3757 3892">
     <span class='ocr_line' id='line_1_88' title="bbox 2034 3822 3757 3892; baseline -0.001 -14"><span class='ocrx_word' id='word_1_668' title='bbox 2034 3826 2243 3878; x_wconf 88' lang='lat' dir='ltr'><strong>habeat</strong></span> <span class='ocrx_word' id='word_1_669' title='bbox 2270 3822 2669 3879; x_wconf 68' lang='lat' dir='ltr'><strong>haereditatem</strong></span> <span class='ocrx_word' id='word_1_670' title='bbox 2692 3825 2975 3878; x_wconf 84' lang='lat' dir='ltr'><strong>interfecti</strong></span> <span class='ocrx_word' id='word_1_671' title='bbox 3005 3843 3018 3891; x_wconf 86' lang='lat'><strong>;</strong></span> <span class='ocrx_word' id='word_1_672' title='bbox 3062 3840 3223 3876; x_wconf 87' lang='lat' dir='ltr'><strong>suam</strong></span> <span class='ocrx_word' id='word_1_673' title='bbox 3269 3822 3502 3892; x_wconf 89' lang='lat' dir='ltr'><strong>quidem</strong></span> <span class='ocrx_word' id='word_1_674' title='bbox 3533 3824 3757 3892; x_wconf 87' lang='lat' dir='ltr'><strong>perdat,</strong></span> 
     </span>
    </p>
   </div>
   <div class='ocr_carea' id='block_1_89' title="bbox 2036 3893 3754 3957">
    <p class='ocr_par' dir='ltr' id='par_1_89' title="bbox 2036 3893 3754 3957">
     <span class='ocr_line' id='line_1_89' title="bbox 2036 3893 3754 3957; baseline -0.002 -9"><span class='ocrx_word' id='word_1_675' title='bbox 2036 3898 2293 3948; x_wconf 88' lang='lat' dir='ltr'><strong>bannum</strong></span> <span class='ocrx_word' id='word_1_676' title='bbox 2325 3897 2521 3955; x_wconf 85' lang='lat' dir='ltr'><strong>solvat.</strong></span> <span class='ocrx_word' id='word_1_677' title='bbox 2570 3912 2805 3949; x_wconf 89' lang='lat' dir='ltr'><strong>manum</strong></span> <span class='ocrx_word' id='word_1_678' title='bbox 2838 3896 3062 3948; x_wconf 88' lang='lat' dir='ltr'><strong>amittat</strong></span> <span class='ocrx_word' id='word_1_679' title='bbox 3121 3901 3221 3947; x_wconf 89' lang='lat' dir='ltr'><strong>aut</strong></span> <span class='ocrx_word' id='word_1_680' title='bbox 3252 3894 3519 3957; x_wconf 86' lang='lat' dir='ltr'><strong>redimat,</strong></span> <span class='ocrx_word' id='word_1_681' title='bbox 3555 3893 3611 3946; x_wconf 90' lang='lat' dir='ltr'><strong>id</strong></span> <span class='ocrx_word' id='word_1_682' title='bbox 3646 3900 3754 3956; x_wconf 89' lang='lat' dir='ltr'><strong>est,</strong></span> 
     </span>
    </p>
   </div>
   <div class='ocr_carea' id='block_1_90' title="bbox 2036 3964 3752 4036">
    <p class='ocr_par' dir='ltr' id='par_1_90' title="bbox 2036 3964 3752 4036">
     <span class='ocr_line' id='line_1_90' title="bbox 2036 3964 3752 4036; baseline -0.002 -17"><span class='ocrx_word' id='word_1_683' title='bbox 2036 3972 2097 4019; x_wconf 92' lang='lat' dir='ltr'><strong>ut</strong></span> <span class='ocrx_word' id='word_1_684' title='bbox 2124 3966 2408 4036; x_wconf 86' lang='lat' dir='ltr'><strong>widrigild</strong></span> <span class='ocrx_word' id='word_1_685' title='bbox 2442 3967 2675 4031; x_wconf 90' lang='lat' dir='ltr'><strong>tribuat,</strong></span> <span class='ocrx_word' id='word_1_686' title='bbox 2718 3974 2775 4019; x_wconf 92' lang='lat' dir='ltr'><strong>et</strong></span> <span class='ocrx_word' id='word_1_687' title='bbox 2826 3967 3130 4019; x_wconf 89' lang='lat' dir='ltr'><strong>ordinante</strong></span> <span class='ocrx_word' id='word_1_688' title='bbox 3178 3966 3447 4034; x_wconf 86' lang='lat' dir='ltr'><strong>episcopo</strong></span> <span class='ocrx_word' id='word_1_689' title='bbox 3505 3964 3752 4033; x_wconf 68' lang='lat' dir='ltr'><strong>publica:</strong></span> 
     </span>
    </p>
   </div>
   <div class='ocr_carea' id='block_1_91' title="bbox 2032 4036 3757 4107">
    <p class='ocr_par' dir='ltr' id='par_1_91' title="bbox 2032 4036 3757 4107">
     <span class='ocr_line' id='line_1_91' title="bbox 2032 4036 3757 4107; baseline -0.002 -16"><span class='ocrx_word' id='word_1_690' title='bbox 2032 4039 2387 4107; x_wconf 64' lang='lat' dir='ltr'><strong>paenitentiae</strong></span> <span class='ocrx_word' id='word_1_691' title='bbox 2436 4038 2730 4091; x_wconf 87' lang='lat' dir='ltr'><strong>subdetnr.</strong></span> <span class='ocrx_word' id='word_1_692' title='bbox 2765 4037 2824 4091; x_wconf 90' lang='lat' dir='ltr'><strong>Si</strong></span> <span class='ocrx_word' id='word_1_693' title='bbox 2871 4053 3003 4091; x_wconf 91' lang='lat' dir='ltr'><strong>vero</strong></span> <span class='ocrx_word' id='word_1_694' title='bbox 3038 4036 3103 4089; x_wconf 90' lang='lat' dir='ltr'><strong>lis</strong></span> <span class='ocrx_word' id='word_1_695' title='bbox 3148 4052 3250 4105; x_wconf 90' lang='lat' dir='ltr'><strong>per</strong></span> <span class='ocrx_word' id='word_1_696' title='bbox 3292 4041 3650 4107; x_wconf 81' lang='lat' dir='ltr'><strong>sacramenta</strong></span> <span class='ocrx_word' id='word_1_697' title='bbox 3686 4036 3757 4088; x_wconf 90' lang='lat' dir='ltr'><strong>ab</strong></span> 
     </span>
    </p>
   </div>
   <div class='ocr_carea' id='block_1_92' title="bbox 2036 4105 3752 4178">
    <p class='ocr_par' dir='ltr' id='par_1_92' title="bbox 2036 4105 3752 4178">
     <span class='ocr_line' id='line_1_92' title="bbox 2036 4105 3752 4178; baseline -0.002 -17"><span class='ocrx_word' id='word_1_698' title='bbox 2036 4105 2295 4178; x_wconf 83' lang='lat' dir='ltr'><strong>utrisque</strong></span> <span class='ocrx_word' id='word_1_699' title='bbox 2336 4107 2589 4169; x_wconf 86' lang='lat' dir='ltr'><strong>ﬁniatur,</strong></span> <span class='ocrx_word' id='word_1_700' title='bbox 2634 4110 2789 4162; x_wconf 89' lang='lat' dir='ltr'><strong>nulla</strong></span> <span class='ocrx_word' id='word_1_701' title='bbox 2828 4124 2996 4176; x_wconf 70' lang='lat' dir='ltr'><strong>poena</strong></span> <span class='ocrx_word' id='word_1_702' title='bbox 3028 4107 3108 4159; x_wconf 88' lang='lat' dir='ltr'><strong>eis</strong></span> <span class='ocrx_word' id='word_1_703' title='bbox 3155 4106 3473 4159; x_wconf 82' lang='lat' dir='ltr'><strong>immineat.</strong></span> <span class='ocrx_word' id='word_1_704' title='bbox 3527 4105 3584 4159; x_wconf 88' lang='lat' dir='ltr'><strong>Si</strong></span> <span class='ocrx_word' id='word_1_705' title='bbox 3619 4122 3752 4178; x_wconf 83' lang='lat' dir='ltr'><strong>vero</strong></span> 
     </span>
    </p>
   </div>
   <div class='ocr_carea' id='block_1_93' title="bbox 2034 4176 3751 4249">
    <p class='ocr_par' dir='ltr' id='par_1_93' title="bbox 2034 4176 3751 4249">
     <span class='ocr_line' id='line_1_93' title="bbox 2034 4176 3751 4249; baseline -0.003 -16"><span class='ocrx_word' id='word_1_706' title='bbox 2034 4176 2361 4245; x_wconf 82' lang='lat' dir='ltr'><strong>advocatus,</strong></span> <span class='ocrx_word' id='word_1_707' title='bbox 2397 4181 2482 4233; x_wconf 89' lang='lat' dir='ltr'><strong>vel</strong></span> <span class='ocrx_word' id='word_1_708' title='bbox 2529 4195 2758 4249; x_wconf 89' lang='lat' dir='ltr'><strong>parens,</strong></span> <span class='ocrx_word' id='word_1_709' title='bbox 2795 4179 3143 4247; x_wconf 85' lang='lat' dir='ltr'><strong>juravcrint,</strong></span> <span class='ocrx_word' id='word_1_710' title='bbox 3183 4184 3238 4230; x_wconf 87' lang='lat' dir='ltr'><strong>et</strong></span> <span class='ocrx_word' id='word_1_711' title='bbox 3268 4193 3397 4230; x_wconf 91' lang='lat' dir='ltr'><strong>reus</strong></span> <span class='ocrx_word' id='word_1_712' title='bbox 3446 4192 3504 4230; x_wconf 86' lang='lat' dir='ltr'><strong>se</strong></span> <span class='ocrx_word' id='word_1_713' title='bbox 3545 4176 3751 4246; x_wconf 85' lang='lat' dir='ltr'><strong>puriti-</strong></span> 
     </span>
    </p>
   </div>
   <div class='ocr_carea' id='block_1_94' title="bbox 2033 4249 3746 4317">
    <p class='ocr_par' dir='ltr' id='par_1_94' title="bbox 2033 4249 3746 4317">
     <span class='ocr_line' id='line_1_94' title="bbox 2033 4249 3746 4317; baseline -0.002 -14"><span class='ocrx_word' id='word_1_714' title='bbox 2033 4266 2160 4303; x_wconf 90' lang='lat' dir='ltr'><strong>care</strong></span> <span class='ocrx_word' id='word_1_715' title='bbox 2217 4266 2389 4303; x_wconf 89' lang='lat' dir='ltr'><strong>ausus</strong></span> <span class='ocrx_word' id='word_1_716' title='bbox 2443 4266 2558 4303; x_wconf 90' lang='lat' dir='ltr'><strong>non</strong></span> <span class='ocrx_word' id='word_1_717' title='bbox 2604 4250 2798 4316; x_wconf 88' lang='lat' dir='ltr'><strong>fuerit,</strong></span> <span class='ocrx_word' id='word_1_718' title='bbox 2882 4254 3019 4302; x_wconf 91' lang='lat' dir='ltr'><strong>tunc</strong></span> <span class='ocrx_word' id='word_1_719' title='bbox 3067 4249 3454 4317; x_wconf 89' lang='lat' dir='ltr'><strong>supradictam</strong></span> <span class='ocrx_word' id='word_1_720' title='bbox 3516 4262 3746 4316; x_wconf 60' lang='lat' dir='ltr'><strong>poenam</strong></span> 
     </span>
    </p>
   </div>
   <div class='ocr_carea' id='block_1_95' title="bbox 2034 4320 2964 4390">
    <p class='ocr_par' dir='ltr' id='par_1_95' title="bbox 2034 4320 2964 4390">
     <span class='ocr_line' id='line_1_95' title="bbox 2034 4320 2964 4390; baseline -0.001 -16"><span class='ocrx_word' id='word_1_721' title='bbox 2034 4322 2352 4375; x_wconf 89' lang='lat' dir='ltr'><strong>substineat</strong></span> <span class='ocrx_word' id='word_1_722' title='bbox 2373 4326 2582 4390; x_wconf 69' lang='lat' dir='ltr'><strong>praeter</strong></span> <span class='ocrx_word' id='word_1_723' title='bbox 2602 4320 2904 4390; x_wconf 84' lang='lat' dir='ltr'><strong>widrigild.</strong></span> <span class='ocrx_word' id='word_1_724' title='bbox 2943 4341 2964 4367; x_wconf 80' lang='grc'><strong>»</strong></span> 
     </span>
    </p>
   </div>
   <div class='ocr_carea' id='block_1_96' title="bbox 2104 4387 3749 4461">
    <p class='ocr_par' dir='ltr' id='par_1_96' title="bbox 2104 4387 3749 4461">
     <span class='ocr_line' id='line_1_96' title="bbox 2104 4387 3749 4461; baseline -0.004 -16"><span class='ocrx_word' id='word_1_725' title='bbox 2104 4395 2222 4461; x_wconf 81' lang='lat'>(87)</span> <span class='ocrx_word' id='word_1_726' title='bbox 2286 4387 2545 4445; x_wconf 62' lang='lat' dir='ltr'><strong>Fofmulz</strong></span> <span class='ocrx_word' id='word_1_727' title='bbox 2590 4387 2828 4445; x_wconf 73' lang='lat' dir='ltr'><strong>veteres:</strong></span> <span class='ocrx_word' id='word_1_728' title='bbox 2855 4418 2927 4430; x_wconf 90' lang='lat'>—</span> <span class='ocrx_word' id='word_1_729' title='bbox 2971 4390 3155 4452; x_wconf 86' lang='lat' dir='ltr'><strong>Petre,</strong></span> <span class='ocrx_word' id='word_1_730' title='bbox 3188 4394 3244 4441; x_wconf 91' lang='lat' dir='ltr'><strong>te</strong></span> <span class='ocrx_word' id='word_1_731' title='bbox 3296 4387 3552 4457; x_wconf 86' lang='lat' dir='ltr'><strong>appellat</strong></span> <span class='ocrx_word' id='word_1_732' title='bbox 3604 4388 3749 4461; x_wconf 65' lang='lat' dir='ltr'><strong>Mar-</strong></span> 
     </span>
    </p>
   </div>
   <div class='ocr_carea' id='block_1_97' title="bbox 2034 4457 3751 4531">
    <p class='ocr_par' dir='ltr' id='par_1_97' title="bbox 2034 4457 3751 4531">
     <span class='ocr_line' id='line_1_97' title="bbox 2034 4457 3751 4531; baseline -0.003 -15"><span class='ocrx_word' id='word_1_733' title='bbox 2034 4457 2208 4528; x_wconf 85' lang='lat' dir='ltr'><strong>tinus,</strong></span> <span class='ocrx_word' id='word_1_734' title='bbox 2242 4463 2398 4531; x_wconf 90' lang='lat' dir='ltr'><strong>quod</strong></span> <span class='ocrx_word' id='word_1_735' title='bbox 2429 4468 2490 4515; x_wconf 92' lang='lat' dir='ltr'><strong>tu</strong></span> <span class='ocrx_word' id='word_1_736' title='bbox 2522 4462 2774 4515; x_wconf 91' lang='lat' dir='ltr'><strong>occidisti</strong></span> <span class='ocrx_word' id='word_1_737' title='bbox 2810 4462 3089 4531; x_wconf 89' lang='lat' dir='ltr'><strong>Donatum</strong></span> <span class='ocrx_word' id='word_1_738' title='bbox 3122 4475 3289 4511; x_wconf 84' lang='lat' dir='ltr'><strong>suum</strong></span> <span class='ocrx_word' id='word_1_739' title='bbox 3323 4465 3549 4531; x_wconf 76' lang='lat' dir='ltr'><strong>patrem</strong></span> <span class='ocrx_word' id='word_1_740' title='bbox 3600 4457 3751 4510; x_wconf 87' lang='lat' dir='ltr'><strong>infra</strong></span> 
     </span>
    </p>
   </div>
   <div class='ocr_carea' id='block_1_98' title="bbox 2034 4529 3749 4597">
    <p class='ocr_par' dir='ltr' id='par_1_98' title="bbox 2034 4529 3749 4597">
     <span class='ocr_line' id='line_1_98' title="bbox 2034 4529 3749 4597; baseline -0.004 -10"><span class='ocrx_word' id='word_1_741' title='bbox 2034 4529 2315 4595; x_wconf 82' lang='lat' dir='ltr'><strong>treuvam,</strong></span> <span class='ocrx_word' id='word_1_742' title='bbox 2346 4532 2432 4584; x_wconf 88' lang='lat' dir='ltr'><strong>vel</strong></span> <span class='ocrx_word' id='word_1_743' title='bbox 2480 4532 2626 4585; x_wconf 85' lang='lat' dir='ltr'><strong>infra</strong></span> <span class='ocrx_word' id='word_1_744' title='bbox 2680 4533 2879 4585; x_wconf 90' lang='lat' dir='ltr'><strong>datum</strong></span> <span class='ocrx_word' id='word_1_745' title='bbox 2936 4530 3193 4582; x_wconf 90' lang='lat' dir='ltr'><strong>osculum</strong></span> <span class='ocrx_word' id='word_1_746' title='bbox 3251 4529 3423 4597; x_wconf 88' lang='lat' dir='ltr'><strong>pacis.</strong></span> <span class='ocrx_word' id='word_1_747' title='bbox 3487 4529 3562 4581; x_wconf 90' lang='lat' dir='ltr'><strong>De</strong></span> <span class='ocrx_word' id='word_1_748' title='bbox 3594 4532 3749 4580; x_wconf 91' lang='lat' dir='ltr'><strong>torto</strong></span> 
     </span>
    </p>
   </div>
   <div class='ocr_carea' id='block_1_99' title="bbox 2034 4600 3753 4672">
    <p class='ocr_par' dir='ltr' id='par_1_99' title="bbox 2034 4600 3753 4672">
     <span class='ocr_line' id='line_1_99' title="bbox 2034 4600 3753 4672; baseline -0.003 -15"><span class='ocrx_word' id='word_1_749' title='bbox 2034 4620 2126 4657; x_wconf 91' lang='lat' dir='ltr'><strong>me</strong></span> <span class='ocrx_word' id='word_1_750' title='bbox 2167 4601 2490 4672; x_wconf 87' lang='lat' dir='ltr'><strong>appellasti.</strong></span> <span class='ocrx_word' id='word_1_751' title='bbox 2556 4602 2647 4654; x_wconf 91' lang='lat' dir='ltr'><strong>Vis</strong></span> <span class='ocrx_word' id='word_1_752' title='bbox 2702 4600 3074 4672; x_wconf 20' lang='lat' dir='ltr'><strong>eiﬂadardire</strong></span> <span class='ocrx_word' id='word_1_753' title='bbox 3102 4601 3131 4652; x_wconf 84' lang='lat'><strong>?</strong></span> <span class='ocrx_word' id='word_1_754' title='bbox 3167 4600 3425 4672; x_wconf 19' lang='lat' dir='ltr'><strong>VolozEt</strong></span> <span class='ocrx_word' id='word_1_755' title='bbox 3463 4602 3526 4651; x_wconf 92' lang='lat' dir='ltr'><strong>tu</strong></span> <span class='ocrx_word' id='word_1_756' title='bbox 3578 4600 3657 4672; x_wconf 81' lang='lat' dir='ltr'><strong>vis</strong></span> <span class='ocrx_word' id='word_1_757' title='bbox 3689 4603 3753 4672; x_wconf 83' lang='lat' dir='ltr'><strong>te</strong></span> 
     </span>
    </p>
   </div>
   <div class='ocr_carea' id='block_1_100' title="bbox 2040 4670 3749 4740">
    <p class='ocr_par' dir='ltr' id='par_1_100' title="bbox 2040 4670 3749 4740">
     <span class='ocr_line' id='line_1_100' title="bbox 2040 4670 3749 4740; baseline -0.004 -13"><span class='ocrx_word' id='word_1_758' title='bbox 2040 4670 2395 4727; x_wconf 78' lang='lat' dir='ltr'><strong>defendere?</strong></span> <span class='ocrx_word' id='word_1_759' title='bbox 2438 4672 2600 4727; x_wconf 92' lang='lat' dir='ltr'><strong>Volo.</strong></span> <span class='ocrx_word' id='word_1_760' title='bbox 2668 4670 2903 4724; x_wconf 88' lang='lat' dir='ltr'><strong>Vadiate</strong></span> <span class='ocrx_word' id='word_1_761' title='bbox 2969 4685 3246 4740; x_wconf 88' lang='lat' dir='ltr'><strong>pugnam.</strong></span> <span class='ocrx_word' id='word_1_762' title='bbox 3317 4671 3493 4739; x_wconf 83' lang='lat' dir='ltr'><strong>Cujus</strong></span> <span class='ocrx_word' id='word_1_763' title='bbox 3551 4670 3749 4738; x_wconf 88' lang='lat' dir='ltr'><strong>placiti</strong></span> 
     </span>
    </p>
   </div>
   <div class='ocr_carea' id='block_1_101' title="bbox 2035 4741 3753 4811">
    <p class='ocr_par' dir='ltr' id='par_1_101' title="bbox 2035 4741 3753 4811">
     <span class='ocr_line' id='line_1_101' title="bbox 2035 4741 3753 4811; baseline -0.003 -14"><span class='ocrx_word' id='word_1_764' title='bbox 2035 4748 2390 4797; x_wconf 87' lang='lat' dir='ltr'><strong>sacramenta</strong></span> <span class='ocrx_word' id='word_1_765' title='bbox 2422 4742 2503 4795; x_wconf 90' lang='lat' dir='ltr'><strong>ita</strong></span> <span class='ocrx_word' id='word_1_766' title='bbox 2532 4746 2683 4795; x_wconf 88' lang='lat' dir='ltr'><strong>sunt.</strong></span> <span class='ocrx_word' id='word_1_767' title='bbox 2726 4742 3058 4811; x_wconf 85' lang='lat' dir='ltr'><strong>Appellator</strong></span> <span class='ocrx_word' id='word_1_768' title='bbox 3101 4741 3295 4809; x_wconf 88' lang='lat' dir='ltr'><strong>juret:</strong></span> <span class='ocrx_word' id='word_1_769' title='bbox 3329 4742 3404 4793; x_wconf 93' lang='lat' dir='ltr'><strong>De</strong></span> <span class='ocrx_word' id='word_1_770' title='bbox 3439 4742 3565 4805; x_wconf 87' lang='lat' dir='ltr'><strong>hoc,</strong></span> <span class='ocrx_word' id='word_1_771' title='bbox 3600 4741 3753 4793; x_wconf 85' lang='lat' dir='ltr'><strong>unde</strong></span> 
     </span>
    </p>
   </div>
   <div class='ocr_carea' id='block_1_102' title="bbox 2034 4811 3751 4894">
    <p class='ocr_par' dir='ltr' id='par_1_102' title="bbox 2034 4811 3751 4894">
     <span class='ocr_line' id='line_1_102' title="bbox 2034 4811 3751 4894; baseline -0.003 -26"><span class='ocrx_word' id='word_1_772' title='bbox 2034 4821 2089 4894; x_wconf 82' lang='lat' dir='ltr'><strong>te</strong></span> <span class='ocrx_word' id='word_1_773' title='bbox 2125 4812 2429 4894; x_wconf 70' lang='lat' dir='ltr'><strong>appellavi,</strong></span> <span class='ocrx_word' id='word_1_774' title='bbox 2466 4813 2621 4883; x_wconf 92' lang='lat' dir='ltr'><strong>quod</strong></span> <span class='ocrx_word' id='word_1_775' title='bbox 2650 4817 2708 4865; x_wconf 92' lang='lat' dir='ltr'><strong>tu</strong></span> <span class='ocrx_word' id='word_1_776' title='bbox 2741 4812 2996 4894; x_wconf 67' lang='lat' dir='ltr'><strong>occidisti</strong></span> <span class='ocrx_word' id='word_1_777' title='bbox 3039 4818 3260 4894; x_wconf 79' lang='lat' dir='ltr'><strong>patrem</strong></span> <span class='ocrx_word' id='word_1_778' title='bbox 3320 4827 3515 4894; x_wconf 70' lang='lat' dir='ltr'><strong>meum</strong></span> <span class='ocrx_word' id='word_1_779' title='bbox 3566 4811 3751 4890; x_wconf 76' lang='lat' dir='ltr'><strong>Dona-</strong></span> 
     </span>
    </p>
   </div>
   <div class='ocr_carea' id='block_1_103' title="bbox 2034 4882 3754 4951">
    <p class='ocr_par' dir='ltr' id='par_1_103' title="bbox 2034 4882 3754 4951">
     <span class='ocr_line' id='line_1_103' title="bbox 2034 4882 3754 4951; baseline -0.003 -13"><span class='ocrx_word' id='word_1_780' title='bbox 2034 4882 2345 4938; x_wconf 53' lang='lat' dir='ltr'><strong>tum&#39;infra</strong></span> <span class='ocrx_word' id='word_1_781' title='bbox 2385 4882 2664 4944; x_wconf 83' lang='lat' dir='ltr'><strong>treuvam,</strong></span> <span class='ocrx_word' id='word_1_782' title='bbox 2711 4885 2794 4936; x_wconf 88' lang='lat' dir='ltr'><strong>vel</strong></span> <span class='ocrx_word' id='word_1_783' title='bbox 2837 4882 2984 4935; x_wconf 88' lang='lat' dir='ltr'><strong>infra</strong></span> <span class='ocrx_word' id='word_1_784' title='bbox 3035 4882 3231 4936; x_wconf 86' lang='lat' dir='ltr'><strong>datum</strong></span> <span class='ocrx_word' id='word_1_785' title='bbox 3266 4884 3523 4935; x_wconf 90' lang='lat' dir='ltr'><strong>osculum</strong></span> <span class='ocrx_word' id='word_1_786' title='bbox 3576 4882 3754 4951; x_wconf 78' lang='lat' dir='ltr'><strong>pacis,</strong></span> 
     </span>
    </p>
   </div>
   <div class='ocr_carea' id='block_1_104' title="bbox 2034 4953 3753 5024">
    <p class='ocr_par' dir='ltr' id='par_1_104' title="bbox 2034 4953 3753 5024">
     <span class='ocr_line' id='line_1_104' title="bbox 2034 4953 3753 5024; baseline -0.002 -16"><span class='ocrx_word' id='word_1_787' title='bbox 2034 4972 2126 5008; x_wconf 91' lang='lat' dir='ltr'><strong>me</strong></span> <span class='ocrx_word' id='word_1_788' title='bbox 2166 4955 2378 5007; x_wconf 89' lang='lat' dir='ltr'><strong>sciente</strong></span> <span class='ocrx_word' id='word_1_789' title='bbox 2411 4953 2481 5007; x_wconf 92' lang='lat' dir='ltr'><strong>de</strong></span> <span class='ocrx_word' id='word_1_790' title='bbox 2507 4959 2660 5008; x_wconf 91' lang='lat' dir='ltr'><strong>torto</strong></span> <span class='ocrx_word' id='word_1_791' title='bbox 2688 4959 2743 5007; x_wconf 90' lang='lat' dir='ltr'><strong>te</strong></span> <span class='ocrx_word' id='word_1_792' title='bbox 2799 4969 2915 5006; x_wconf 90' lang='lat' dir='ltr'><strong>non</strong></span> <span class='ocrx_word' id='word_1_793' title='bbox 2948 4954 3227 5024; x_wconf 88' lang='lat' dir='ltr'><strong>appellavi</strong></span> <span class='ocrx_word' id='word_1_794' title='bbox 3271 4970 3283 5006; x_wconf 93' lang='lat'><strong>:</strong></span> <span class='ocrx_word' id='word_1_795' title='bbox 3344 4953 3401 5007; x_wconf 89' lang='lat' dir='ltr'><strong>Si</strong></span> <span class='ocrx_word' id='word_1_796' title='bbox 3438 4954 3601 5024; x_wconf 86' lang='lat' dir='ltr'><strong>Deus.</strong></span> <span class='ocrx_word' id='word_1_797' title='bbox 3638 4957 3753 5024; x_wconf 50' lang='lat' dir='ltr'><strong>Apf</strong></span> 
     </span>
    </p>
   </div>
   <div class='ocr_carea' id='block_1_105' title="bbox 2034 5023 3751 5096">
    <p class='ocr_par' dir='ltr' id='par_1_105' title="bbox 2034 5023 3751 5096">
     <span class='ocr_line' id='line_1_105' title="bbox 2034 5023 3751 5096; baseline -0.003 -16"><span class='ocrx_word' id='word_1_798' title='bbox 2034 5027 2279 5096; x_wconf 88' lang='lat' dir='ltr'><strong>pellatus</strong></span> <span class='ocrx_word' id='word_1_799' title='bbox 2309 5025 2389 5079; x_wconf 89' lang='lat' dir='ltr'><strong>ita</strong></span> <span class='ocrx_word' id='word_1_800' title='bbox 2427 5041 2440 5078; x_wconf 88' lang='lat'><strong>:</strong></span> <span class='ocrx_word' id='word_1_801' title='bbox 2497 5026 2573 5079; x_wconf 84' lang='lat' dir='ltr'><strong>De</strong></span> <span class='ocrx_word' id='word_1_802' title='bbox 2604 5026 2732 5089; x_wconf 91' lang='lat' dir='ltr'><strong>hoc,</strong></span> <span class='ocrx_word' id='word_1_803' title='bbox 2788 5025 2940 5079; x_wconf 87' lang='lat' dir='ltr'><strong>unde</strong></span> <span class='ocrx_word' id='word_1_804' title='bbox 2975 5033 3034 5077; x_wconf 92' lang='lat' dir='ltr'><strong>tu</strong></span> <span class='ocrx_word' id='word_1_805' title='bbox 3090 5041 3181 5077; x_wconf 89' lang='lat' dir='ltr'><strong>me</strong></span> <span class='ocrx_word' id='word_1_806' title='bbox 3236 5023 3558 5094; x_wconf 84' lang='lat' dir='ltr'><strong>appellasti,</strong></span> <span class='ocrx_word' id='word_1_807' title='bbox 3598 5023 3751 5096; x_wconf 87' lang='lat' dir='ltr'><strong>quod</strong></span> 
     </span>
    </p>
   </div>
   <div class='ocr_carea' id='block_1_106' title="bbox 2035 5094 3754 5166">
    <p class='ocr_par' dir='ltr' id='par_1_106' title="bbox 2035 5094 3754 5166">
     <span class='ocr_line' id='line_1_106' title="bbox 2035 5094 3754 5166; baseline -0.003 -16"><span class='ocrx_word' id='word_1_808' title='bbox 2035 5094 2143 5166; x_wconf 81' lang='lat' dir='ltr'><strong>ego</strong></span> <span class='ocrx_word' id='word_1_809' title='bbox 2207 5097 2541 5150; x_wconf 88' lang='lat' dir='ltr'><strong>occidissem</strong></span> <span class='ocrx_word' id='word_1_810' title='bbox 2597 5102 2820 5166; x_wconf 89' lang='lat' dir='ltr'><strong>patrem</strong></span> <span class='ocrx_word' id='word_1_811' title='bbox 2887 5102 3055 5148; x_wconf 91' lang='lat' dir='ltr'><strong>tnum</strong></span> <span class='ocrx_word' id='word_1_812' title='bbox 3138 5096 3286 5148; x_wconf 84' lang='lat' dir='ltr'><strong>infra</strong></span> <span class='ocrx_word' id='word_1_813' title='bbox 3346 5101 3630 5166; x_wconf 87' lang='lat' dir='ltr'><strong>treuvam,</strong></span> <span class='ocrx_word' id='word_1_814' title='bbox 3685 5094 3754 5145; x_wconf 92' lang='lat' dir='ltr'><strong>de</strong></span> 
     </span>
    </p>
   </div>
   <div class='ocr_carea' id='block_1_107' title="bbox 2035 5164 3757 5238">
    <p class='ocr_par' dir='ltr' id='par_1_107' title="bbox 2035 5164 3757 5238">
     <span class='ocr_line' id='line_1_107' title="bbox 2035 5164 3757 5238; baseline -0.004 -17"><span class='ocrx_word' id='word_1_815' title='bbox 2035 5164 2187 5221; x_wconf 85' lang='lat' dir='ltr'><strong>torto</strong></span> <span class='ocrx_word' id='word_1_816' title='bbox 2229 5184 2319 5221; x_wconf 93' lang='lat' dir='ltr'><strong>me</strong></span> <span class='ocrx_word' id='word_1_817' title='bbox 2376 5164 2725 5238; x_wconf 74' lang='lat' dir='ltr'><strong>appellasti:</strong></span> <span class='ocrx_word' id='word_1_818' title='bbox 2786 5168 2843 5221; x_wconf 91' lang='lat' dir='ltr'><strong>Si</strong></span> <span class='ocrx_word' id='word_1_819' title='bbox 2886 5168 3055 5238; x_wconf 88' lang='lat' dir='ltr'><strong>Deus.</strong></span> <span class='ocrx_word' id='word_1_820' title='bbox 3121 5166 3179 5220; x_wconf 91' lang='lat' dir='ltr'><strong>Si</strong></span> <span class='ocrx_word' id='word_1_821' title='bbox 3234 5182 3366 5218; x_wconf 88' lang='lat' dir='ltr'><strong>vero</strong></span> <span class='ocrx_word' id='word_1_822' title='bbox 3431 5164 3757 5232; x_wconf 90' lang='lat' dir='ltr'><strong>appellator</strong></span> 
     </span>
    </p>
   </div>
   <div class='ocr_carea' id='block_1_108' title="bbox 2036 5237 3755 5311">
    <p class='ocr_par' dir='ltr' id='par_1_108' title="bbox 2036 5237 3755 5311">
     <span class='ocr_line' id='line_1_108' title="bbox 2036 5237 3755 5311; baseline -0.005 -19"><span class='ocrx_word' id='word_1_823' title='bbox 2036 5237 2607 5311; x_wconf 6' lang='lat' dir='ltr'><strong>nolueritqadardire,</strong></span> <span class='ocrx_word' id='word_1_824' title='bbox 2641 5245 2778 5292; x_wconf 91' lang='lat' dir='ltr'><strong>tunc</strong></span> <span class='ocrx_word' id='word_1_825' title='bbox 2831 5238 2899 5290; x_wconf 86' lang='lat' dir='ltr'><strong>lis</strong></span> <span class='ocrx_word' id='word_1_826' title='bbox 2929 5237 3165 5291; x_wconf 79' lang='lat' dir='ltr'><strong>finiatur</strong></span> <span class='ocrx_word' id='word_1_827' title='bbox 3213 5252 3315 5311; x_wconf 86' lang='lat' dir='ltr'><strong>per</strong></span> <span class='ocrx_word' id='word_1_828' title='bbox 3373 5238 3755 5311; x_wconf 77' lang='lat' dir='ltr'><strong>sacramenta.</strong></span> 
     </span>
    </p>
   </div>
   <div class='ocr_carea' id='block_1_109' title="bbox 2038 5304 3754 5379">
    <p class='ocr_par' dir='ltr' id='par_1_109' title="bbox 2038 5304 3754 5379">
     <span class='ocr_line' id='line_1_109' title="bbox 2038 5304 3754 5379; baseline -0.005 -16"><span class='ocrx_word' id='word_1_829' title='bbox 2038 5309 2387 5379; x_wconf 89' lang='lat' dir='ltr'><strong>utsuperius</strong></span> <span class='ocrx_word' id='word_1_830' title='bbox 2444 5309 2712 5363; x_wconf 84' lang='lat' dir='ltr'><strong>diximus.</strong></span> <span class='ocrx_word' id='word_1_831' title='bbox 2762 5311 2935 5362; x_wconf 68' lang='lat' dir='ltr'><strong>Pwna</strong></span> <span class='ocrx_word' id='word_1_832' title='bbox 2959 5304 3426 5379; x_wconf 10' lang='lat' dir='ltr'><strong>veroiutr&#39;iusque</strong></span> <span class='ocrx_word' id='word_1_833' title='bbox 3466 5304 3754 5356; x_wconf 90' lang='lat' dir='ltr'><strong>imminet.</strong></span> 
     </span>
    </p>
   </div>
   <div class='ocr_carea' id='block_1_110' title="bbox 2040 5378 3760 5450">
    <p class='ocr_par' dir='ltr' id='par_1_110' title="bbox 2040 5378 3760 5450">
     <span class='ocr_line' id='line_1_110' title="bbox 2040 5378 3760 5450; baseline -0.005 -16"><span class='ocrx_word' id='word_1_834' title='bbox 2040 5378 2391 5450; x_wconf 25' lang='lat' dir='ltr'><strong>Appe’llatori</strong></span> <span class='ocrx_word' id='word_1_835' title='bbox 2444 5396 2599 5445; x_wconf 86' lang='lat' dir='ltr'><strong>vero,</strong></span> <span class='ocrx_word' id='word_1_836' title='bbox 2634 5380 2681 5432; x_wconf 90' lang='lat' dir='ltr'><strong>si</strong></span> <span class='ocrx_word' id='word_1_837' title='bbox 2737 5380 2916 5432; x_wconf 86' lang='lat' dir='ltr'><strong>victus</strong></span> <span class='ocrx_word' id='word_1_838' title='bbox 2974 5378 3167 5442; x_wconf 82' lang='lat' dir='ltr'><strong>fuerit,</strong></span> <span class='ocrx_word' id='word_1_839' title='bbox 3214 5381 3289 5450; x_wconf 84' lang='lat' dir='ltr'><strong>_nt</strong></span> <span class='ocrx_word' id='word_1_840' title='bbox 3344 5389 3760 5450; x_wconf 78' lang='lat' dir='ltr'><strong>manum_pe_r-</strong></span> 
     </span>
    </p>
   </div>
   <div class='ocr_carea' id='block_1_111' title="bbox 2043 5444 3759 5519">
    <p class='ocr_par' dir='ltr' id='par_1_111' title="bbox 2043 5444 3759 5519">
     <span class='ocr_line' id='line_1_111' title="bbox 2043 5444 3759 5519; baseline -0.005 -14"><span class='ocrx_word' id='word_1_841' title='bbox 2043 5444 2160 5516; x_wconf 57' lang='lat' dir='ltr'><strong>dat&#39;,</strong></span> <span class='ocrx_word' id='word_1_842' title='bbox 2220 5456 2320 5505; x_wconf 91' lang='lat' dir='ltr'><strong>aut</strong></span> <span class='ocrx_word' id='word_1_843' title='bbox 2374 5444 2634 5505; x_wconf 87' lang='lat' dir='ltr'><strong>redimat.</strong></span> <span class='ocrx_word' id='word_1_844' title='bbox 2710 5450 3031 5519; x_wconf 82' lang='lat' dir='ltr'><strong>Appellato,</strong></span> <span class='ocrx_word' id='word_1_845' title='bbox 3095 5455 3156 5499; x_wconf 89' lang='lat' dir='ltr'><strong>ut</strong></span> <span class='ocrx_word' id='word_1_846' title='bbox 3214 5445 3474 5519; x_wconf 79' lang='lat' dir='ltr'><strong>bannum</strong></span> <span class='ocrx_word' id='word_1_847' title='bbox 3533 5444 3759 5519; x_wconf 85' lang='lat' dir='ltr'><strong>solvat,</strong></span> 
     </span>
    </p>
   </div>
   <div class='ocr_carea' id='block_1_112' title="bbox 2046 5515 3762 5591">
    <p class='ocr_par' dir='ltr' id='par_1_112' title="bbox 2046 5515 3762 5591">
     <span class='ocr_line' id='line_1_112' title="bbox 2046 5515 3762 5591; baseline -0.003 -15"><span class='ocrx_word' id='word_1_848' title='bbox 2046 5515 2285 5576; x_wconf 89' lang='lat' dir='ltr'><strong>manum</strong></span> <span class='ocrx_word' id='word_1_849' title='bbox 2348 5522 2573 5591; x_wconf 87' lang='lat' dir='ltr'><strong>perdat,</strong></span> <span class='ocrx_word' id='word_1_850' title='bbox 2633 5524 2689 5573; x_wconf 90' lang='lat' dir='ltr'><strong>et</strong></span> <span class='ocrx_word' id='word_1_851' title='bbox 2754 5515 3135 5573; x_wconf 79' lang='lat' dir='ltr'><strong>homicidium</strong></span> <span class='ocrx_word' id='word_1_852' title='bbox 3195 5515 3514 5571; x_wconf 90' lang='lat' dir='ltr'><strong>secundum</strong></span> <span class='ocrx_word' id='word_1_853' title='bbox 3571 5516 3762 5585; x_wconf 90' lang='lat' dir='ltr'><strong>legem</strong></span> 
     </span>
    </p>
   </div>
   <div class='ocr_carea' id='block_1_113' title="bbox 2046 5593 2336 5647">
    <p class='ocr_par' dir='ltr' id='par_1_113' title="bbox 2046 5593 2336 5647">
     <span class='ocr_line' id='line_1_113' title="bbox 2046 5593 2336 5647; baseline -0.01 0"><span class='ocrx_word' id='word_1_854' title='bbox 2046 5593 2336 5647; x_wconf 88' lang='lat' dir='ltr'><strong>emendet.</strong></span> 
     </span>
    </p>
   </div>
  </div>
