3944 6386
114 268 257 322 1249

1302 275 1704 331 CHRONICON
1745 276 2366 335 HILDESHEIMENSE.

3404 284 3539 341 1250

87 404 383 461 personas
406 391 694 448 omnibus
723 395 922 449 modis
952 412 1074 451 suae
1107 412 1436 467 aggregare
1465 399 1764 455 nitebatur
1802 405 1849 456 Α
1878 398 1956 453 ad
1980 398 2222 455 beatum
2256 401 2681 459 Godehardum
2706 403 3057 471 offeruntur,
3086 405 3347 478 itemque
3375 408 3540 465 obla-

90 479 404 535 tecclesiaa.
438 481 573 553 Ipse
618 498 819 537 sacras
852 482 1113 553 virgines
1169 486 1229 539 in
1265 486 1614 559 episcopatu
1661 503 1765 542 no-

89 572 219 622 stro
263 568 500 639 primus
540 570 779 626 inclusit
806 573 872 629 ⁵⁷.
907 576 963 627 et
995 572 1241 629 clericos
1272 591 1428 646 quos
1457 576 1762 645 regulares

87 662 318 713 vocant
342 658 692 727 introduxit,
726 660 1120 734 ejusdemque
1147 664 1373 719 ordinis
1416 665 1763 737 praepositu-

84 763 223 802 ram
254 746 316 803 in
344 748 797 805 Banchenrothe
832 752 1000 821 (t23),
1031 756 1088 806 et
1116 752 1189 807 de
1218 754 1341 808 suis
1370 759 1427 809 et
1455 754 1764 827 episcopa-

81 834 249 891 libus
294 836 472 893 bonis
519 838 787 894 instituit.
846 844 906 894 ln
960 841 1151 913 capite
1206 844 1385 898 etiam
1444 839 1765 899 sanctuarii

83 925 441 998 principalis
472 927 757 984 {ecclesia
788 946 943 1001 opus
974 930 1261 999 elegantis
1294 938 1602 988 structurae
1629 933 1762 988 sedl-

83 1013 292 1070 ﬁcavit
324 1021 448 1082 (an.
486 1021 642 1083 1130,
676 1018 861 1073 Mart.
900 1020 1006 1087 14).

164 1108 254 1160 20.
296 1105 444 1160 Huic
478 1108 943 1162 BERNHARDUS
968 1108 1287 1181 episcopus
1320 1112 1605 1166 successit
1635 1114 1756 1177 (an.

88 1192 252 1259 1130,
291 1195 450 1250 inter
478 1195 637 1251 Mar.
670 1199 739 1249 28
771 1202 823 1252 et
862 1198 1007 1251 Jun.
1049 1200 1152 1263 t2).
1198 1199 1305 1263 Qui
1338 1199 1601 1271 primum
1634 1218 1760 1254 ma-

84 1281 274 1352 gister
304 1283 627 1354 scolarum,
659 1284 874 1339 deinde
915 1286 1163 1355 majoris
1212 1288 1489 1342 aecclesiae
1522 1305 1757 1360 praepo-

84 1370 265 1437 situs,
298 1372 429 1444 pari
458 1372 755 1428 desiderio
787 1374 924 1428 cleri
955 1380 1011 1429 et
1040 1377 1249 1447 populi
1292 1392 1475 1448 supra
1506 1377 1757 1431 modum

84 1458 352 1515 renitens
396 1460 455 1515 in
487 1460 841 1535 episcopum
886 1462 1138 1532 eligitur.
1176 1464 1403 1519 Electus
1456 1471 1656 1521 autem
1686 1466 1758 1520 si-

86 1553 190 1603 cut
217 1548 307 1603 vir
335 1548 661 1605 litteratura
684 1567 754 1607 ac
778 1551 1133 1607 discretione
1156 1554 1442 1626 omnique
1472 1556 1756 1610 virtutum

84 1636 307 1693 decore
361 1640 744 1712 conspicuus,
779 1640 1051 1712 dispersa
1097 1659 1484 1711 congregare,
1520 1649 1575 1698 et
1622 1660 1757 1699 con-

86 1732 338 1797 gregata
368 1744 742 1797 conservare,
777 1734 831 1785 et
880 1730 1084 1786 habita
1136 1732 1331 1786 modis
1375 1733 1759 1804 competenti-

83 1816 202 1871 bus
230 1822 625 1887 augmentare
656 1819 903 1874 curavit.
938 1820 1257 1875 Abbatiam
1300 1822 1597 1893 siquidem
1630 1822 1760 1877 Rin-

86 1905 496 1976 gelemensem
528 1909 671 1979 (124)
705 1908 871 1981 prius
921 1910 1205 1979 regalem,
1241 1927 1401 1966 nunc
1452 1928 1591 1966 vero
1639 1912 1760 1983 epi-

87 1996 420 2068 scopalem,
456 1998 731 2053 Conrado
764 2014 901 2067 rege
935 2016 1231 2054 consensu
1280 2001 1619 2073 principum
1649 2002 1757 2057 do-

82 2089 292 2151 nante,
328 2085 387 2139 in
443 2090 805 2159 perpetuum
865 2087 979 2141 sibi
1029 2093 1085 2142 et
1139 2089 1588 2143 successoribus
1636 2090 1759 2144 suis

84 2174 350 2229 obtinuit
394 2178 519 2241 (an.
560 2180 713 2243 1151,
756 2178 909 2245 Jul.,
944 2181 1055 2241 30),
1087 2194 1155 2231 ac
1200 2178 1658 2249 prmposituram
1697 2177 1756 2232 in

83 2263 349 2334 Alsburg
397 2265 569 2335 (125),
624 2282 763 2320 cum
815 2271 951 2321 ante
1000 2283 1119 2321 non
1178 2272 1355 2322 totam
1407 2267 1754 2340 possideret,

87 2354 367 2410 Heinrico
388 2355 542 2411 duce
560 2361 793 2427 partem
823 2374 999 2412 suam
1023 2358 1758 2431 conferente,integraliter

84 2444 265 2499 bonis
292 2444 699 2518 proprietariis
724 2446 1007 2501 aecclesiie
1042 2452 1256 2502 nostrae
1288 2447 1670 2502 coadunavit.
1694 2448 1756 2502 In

85 2532 319 2588 honore
346 2550 590 2607 quoque
620 2534 778 2589 beati
806 2535 1143 2590 Godehardi
1188 2536 1452 2608 episcopi
1485 2536 1669 2591 nostri
1701 2541 1757 2591 et

88 2621 477 2691 confessoris,
512 2640 649 2679 vere
692 2628 1037 2679 sanctorum
1088 2624 1360 2694 catalogo
1391 2624 1515 2679 ﬁeri
1547 2625 1753 2679 incon-

84 2710 397 2766 venienter
426 2712 718 2783 asscripti,
736 2713 907 2783 cujus
930 2712 1055 2784 ipse
1081 2713 1529 2767 translationem
1555 2718 1756 2768 aucto-

85 2798 255 2854 ritate
288 2800 615 2855 lnnocentii
637 2816 811 2873 papas
836 2805 891 2855 et
920 2801 1257 2856 coniventia
1288 2802 1592 2856 Bernensis
1618 2818 1757 2856 con-

88 2886 205 2941 cilii
256 2887 667 2961 sollempniter
708 2889 1036 2945 celebrarat
1068 2900 1190 2957 (an.
1238 2892 1414 2959 1132),
1456 2894 1752 2944 monaste-

84 2977 245 3032 rium
275 2977 339 3032 in
370 2978 617 3033 australi
647 2983 813 3050 parte
859 2984 1079 3034 nostrze
1112 2978 1361 3033 civitatis
1400 2984 1750 3034 construens

85 3066 391 3123 dedicavit
418 3072 475 3123 et
505 3066 754 3137 dotavit,
787 3085 855 3123 ac
903 3068 1109 3123 fratres
1157 3067 1504 3123 monasticaa
1532 3067 1754 3140 profes-

86 3156 274 3212 sionis
303 3156 449 3213 inibi
482 3160 600 3212 Deo
634 3158 954 3213 servituros
985 3158 1305 3228 constituit,
1339 3162 1394 3212 et
1423 3158 1470 3212 is
1503 3158 1749 3213 Frideri-

85 3262 226 3301 cum
281 3246 547 3319 primum
598 3247 881 3303 abbatem
930 3247 1192 3319 praefecit
1242 3260 1358 3317 (an.
1406 3247 1581 3319 1H6).
1624 3251 1750 3318 Ipse

84 3334 339 3390 fratrum
394 3334 624 3390 utilitati
672 3336 768 3407 pie
823 3335 1214 3407 prospiciens,
1266 3340 1495 3407 partem
1546 3335 1753 3407 praedii

82 3424 253 3495 quod
292 3424 353 3479 in
388 3424 787 3480 Waleshusen
834 3426 980 3494 (126)
1026 3424 1310 3493 habebat,
1352 3425 1411 3480 in
1460 3440 1751 3494 augmen-

84 3517 213 3567 tum
242 3512 710 3585 przebendarum
755 3514 1018 3568 contulit.
1056 3513 1285 3567 Praedia
1312 3530 1454 3567 vero
1483 3528 1619 3584 qua:
1650 3529 1749 3568 ve-

82 3600 385 3657 nerabiles
416 3601 736 3657 abbatissae
783 3600 1121 3657 Adelheidis
1169 3606 1225 3655 et
1274 3601 1439 3656 Elika
1469 3601 1749 3656 aacclesiar.

82 3690 482 3758 contulerant,
513 3692 627 3746 hac
659 3691 1068 3746 moderatione
1099 3690 1379 3745 fratribus
1411 3690 1749 3762 impertivit,

82 3785 149 3837 ut
178 3786 377 3836 curtes
410 3785 465 3835 et
494 3780 704 3836 litones
726 3782 862 3836 usui
893 3780 1145 3835 fratrum
1171 3779 1470 3849 cederent,
1492 3779 1753 3836 ministe-

78 3870 260 3926 riales
290 3886 434 3925 vero
466 3871 645 3926 curia:
677 3870 1001 3943 episcopali
1024 3870 1336 3925 curialium
1360 3885 1525 3924 more
1556 3869 1752 3925 deser-

79 3962 296 4027 virent,
330 3960 413 4015 sic
445 3964 646 4015 tamen
676 3964 741 4016 ut
769 3959 1245 4015 ministerialium
1278 3959 1512 4031 absque
1533 3959 1750 4014 herede

78 4048 504 4105 decedentium
521 4049 684 4106 bona
703 4066 807 4105 seu
818 4048 1112 4104 beneficia
1128 4048 1378 4103 fratrum
1398 4046 1573 4103 bonis
1595 4064 1749 4103 sem-

76 4154 188 4210 per
216 4137 526 4194 accedant.
557 4142 671 4193 Nec
703 4138 817 4193 hoc
849 4137 1080 4193 silentio
1126 4136 1609 4209 praetereundum
1640 4142 1746 4203 est,

78 4228 250 4301 quod
280 4232 508 4284 curtem
540 4233 813 4284 nostram
851 4220 912 4283 in
946 4227 1256 4289 Embreke,
1290 4243 1413 4299 qua
1440 4226 1622 4296 longo
1650 4243 1749 4282 ca-

77 4318 316 4373 ruimus
365 4322 653 4391 tempore,
689 4318 985 4388 sagaciter
1022 4317 1330 4390 requisivit
1372 4320 1429 4371 et
1468 4316 1750 4372 fratribus

77 4407 360 4477 reddidit,
391 4411 448 4463 et
488 4407 628 4463 inde
657 4412 919 4480 quatuor
950 4406 1186 4462 servitia
1217 4406 1468 4462 fratrum
1503 4405 1750 4461 consilio

77 4496 214 4552 dari
235 4496 554 4565 ordinavit,
583 4497 706 4552 duo
732 4496 1015 4552 fratribus
1041 4496 1230 4551 sancti
1258 4494 1506 4552 Mauritii
1537 4500 1594 4549 et
1621 4511 1752 4551 san-

79 4590 188 4641 ctae
222 4585 445 4652 Crucis,
477 4586 540 4640 in
572 4586 936 4641 Ascensione
983 4589 1040 4640 et
1064 4585 1125 4640 in
1166 4587 1547 4640 Pentecosten
1577 4582 1751 4639 nobi-

80 4690 255 4729 scum
310 4673 372 4728 in
423 4674 755 4741 refectorio,
792 4690 981 4729 unum
1029 4674 1089 4729 in
1143 4672 1555 4745 apostolorum
1604 4672 1753 4727 Petri

79 4767 137 4819 et
194 4762 359 4819 Pauli
417 4762 585 4831 festo,
636 4767 919 4835 quartum
970 4762 1031 4817 in
1086 4762 1279 4835 ipsius
1325 4761 1471 4818 boni
1520 4761 1751 4817 comitis

78 4852 421 4919 Thietmari,
452 4851 556 4924 qui
600 4851 814 4907 eadem
862 4850 1025 4907 bona
1074 4850 1250 4907 nobis
1280 4849 1547 4917 contulit,
1578 4850 1751 4905 anni-

78 4942 370 4998 versario.
396 4946 461 4998 Et
486 4947 551 4998 ut
580 4941 864 4998 fratribus
897 4942 1178 4998 affectum
1202 4942 1471 4996 fraterna:
1495 4940 1753 4996 dilectio-

78 5033 173 5088 nis
193 5033 258 5088 in
286 5033 573 5088 omnibus
599 5031 949 5102 declararet,
972 5030 1354 5087 medietatem
1376 5029 1750 5085 oblationum

78 5122 284 5179 altaris
304 5121 500 5178 beatae
531 5121 745 5193 Mariae,
773 5126 827 5178 et
850 5121 1095 5177 terciam
1121 5124 1355 5193 partem
1381 5134 1592 5174 eorum
1612 5134 1749 5190 quae

1876 486 2065 542 tiones
2119 490 2419 562 sepulchri
2478 508 2616 545 cum
2675 491 2840 546 omni
2902 492 3255 561 integritate,
3312 495 3538 553 domno

1834 588 1835 591 ‘
1874 574 2219 632 Hermanno
2269 578 2569 647 Thuringo
2616 579 2941 635 venerabili
2982 582 3334 654 presbytero
3365 584 3537 641 inter-

1871 664 2167 735 veniente,
2200 666 2480 722 fratribus
2529 668 2799 737 erogavit
2848 668 2972 737 (an.
3012 671 3191 741 1146),
3238 676 3293 728 et
3335 689 3410 728 ne
3449 690 3539 730 re-

1872 768 2007 807 rum
2039 755 2443 811 necessarium
2475 756 2773 812 defectum
2806 758 3021 813 sentire
3049 766 3421 830 cogerentur,
3453 762 3539 818 in-

1873 842 2058 898 stituit
2091 850 2153 899 ut
2177 861 2283 915 per
2311 844 2611 901 licentiam
2642 846 2994 902 absentibus
3024 864 3130 920 per
3164 855 3225 904 15
3256 850 3384 906 dies
3408 852 3534 924 ple-

1872 932 2040 987 naria
2068 933 2534 1004 praebendarum
2557 935 2752 1008 portio
2777 942 2994 1008 praeter
3015 937 3225 994 vinum
3246 940 3537 997 ministre-

1872 1027 1990 1087 tur;
2024 1023 2271 1094 quando
2315 1029 2515 1079 autem
2546 1025 2756 1080 vinum
2787 1025 2973 1094 deest,
3012 1030 3077 1081 10
3106 1044 3391 1085 nummos
3424 1047 3535 1103 pro

1868 1109 2003 1164 vino
2047 1110 2198 1179 dari,
2234 1129 2373 1167 cum
2425 1118 2562 1167 ante
2604 1118 2833 1185 septem
2872 1114 3179 1185 darentur,
3212 1117 3531 1176 ordinavit.

1868 1198 2139 1254 Castrum
2172 1200 2354 1255 etiam
2390 1201 2787 1270 Winzenburg
2832 1202 3101 1258 funditus
3151 1204 3440 1278 dirutum,
3471 1212 3537 1263 ut

1869 1286 1979 1341 sibi
2026 1288 2101 1342 ad
2156 1294 2423 1344 tutamen
2464 1290 2745 1345 aacclesiie
2796 1291 3159 1347 resediticare
3204 1293 3423 1360 liceret,
3454 1296 3533 1351 ab

1868 1376 2226 1447 imperatore
2271 1379 2500 1434 Lotario
2531 1380 2889 1452 impetravit,
2923 1381 3088 1453 quod
3114 1386 3170 1437 et
3206 1383 3531 1441 reaadiﬁca-

1868 1464 1968 1531 vit,
2002 1471 2058 1520 et
2083 1471 2145 1520 ut
2171 1467 2450 1521 :ecclesiae
2482 1474 2538 1523 et
2581 1469 2692 1524 sibi
2724 1474 2779 1525 et
2811 1470 3259 1526 successoribus
3300 1472 3441 1541 suis,
3476 1479 3534 1530 et

1867 1554 2095 1626 absque
2153 1556 2407 1627 alicujus
2454 1558 2784 1627 invasione,
2825 1559 3081 1616 liberum
3130 1568 3527 1632 permaneret,

1866 1642 2126 1698 duorum
2196 1648 2602 1701 Romanorum
2662 1648 3015 1719 pontificum
3084 1650 3408 1705 Innocentii
3475 1656 3532 1707 et

1800 1757 1837 1809 Β
1872 1735 2135 1802 Eugenii,
2188 1752 2549 1803 magnorum
2602 1736 2663 1791 in
2713 1738 2941 1792 Christo
2988 1737 3271 1808 virorum,
3321 1739 3529 1796 hanno

1870 1821 2093 1878 firmari
2134 1825 2365 1893 rogavit
2393 1828 2510 1894 (an.
2550 1828 2727 1897 1135),
2760 1828 2912 1882 Νου.
2947 1828 3059 1898 25).
3097 1831 3225 1899 lpse
3256 1828 3437 1884 etiam
3462 1830 3528 1885 li-

1869 1927 2088 1979 gneam
2117 1914 2326 1969 turrim
2344 1919 2633 1971 vetustate
2665 1915 2925 1972 dirutam
2954 1917 3199 1984 amovit,
3223 1922 3280 1973 et
3307 1935 3529 1976 novam

1868 2016 1987 2054 non
2041 2002 2280 2057 modico
2330 2009 2579 2076 sumptu
2627 2004 2909 2077 reposuit,
2944 2004 3227 2079 deditque
3276 2024 3387 2063 vas
3419 2007 3529 2064 cri-

1868 2094 2131 2144 smatum
2158 2095 2510 2159 argenteum
2533 2097 2588 2146 et
2611 2092 2847 2148 dorsale
2865 2092 3034 2147 valde
3060 2094 3314 2162 bonum,
3332 2112 3526 2169 quan-

1866 2177 1945 2232 do
2000 2178 2254 2233 lmbrike
2308 2178 2588 2235 fratribus
2635 2180 2979 2249 resignavit,
3012 2182 3073 2236 in
3122 2183 3527 2239 testimonium

1867 2268 1989 2336 (an.
2026 2271 2205 2337 1149),
2236 2270 2381 2323 Mai.
2416 2272 2525 2339 27).
2556 2269 2913 2325 Indumenta
2943 2287 3187 2343 quoque
3218 2272 3530 2345 episcopa-

1864 2354 1944 2409 lia
1965 2354 2285 2423 aurifrigiis
2310 2356 2588 2411 decenter
2609 2362 2821 2412 ornata
2838 2358 2911 2413 de
2936 2375 3044 2413 suo
3067 2360 3347 2416 (ecclesia;
3370 2379 3531 2417 com-

1863 2445 2118 2515 paravit,
2151 2444 2484 2516 anulosque
2516 2445 2671 2500 duos
2711 2446 3083 2517 pontiﬁcales
3126 2466 3234 2504 suo
3283 2450 3527 2505 nomine

1864 2530 2201 2602 inscriptos,
2235 2547 2421 2587 unum
2484 2533 2714 2604 topazio
2772 2534 3021 2605 aliisque
3079 2537 3335 2605 gemmis
3385 2554 3525 2593 cum

1864 2618 2199 2688 margaritis
2253 2620 2765 2692 circumpositum,
2820 2621 3071 2677 alterum
3129 2625 3523 2696 quadrangu-

1862 2706 1987 2760 lum
2028 2707 2287 2777 jacincto
2326 2708 2553 2779 optimo
2592 2709 2929 2765 radiantem
2968 2711 3157 2767 beatae
3188 2713 3379 2768 Mariae
3411 2714 3521 2769 ob-

1865 2795 2008 2850 tulit.
2047 2796 2306 2860 Qualiter
2334 2798 2513 2852 etiam
2566 2798 2998 2854 monasterium
3043 2806 3316 2857 nostrum
3362 2818 3523 2858 cam-

1862 2883 2037 2955 panis
2068 2889 2123 2940 et
2152 2885 2395 2957 picturis
2422 2886 2823 2954 adornaverit,
2857 2904 3061 2945 coram
3093 2891 3379 2947 omnibus
3403 2892 3525 2949 elu-

1863 2974 2056 3029 cescit.
2091 2976 2552 3044 Praerogativam
2602 2976 2860 3049 denique
2915 2978 3273 3052 episcopalis
3320 2980 3520 3049 ofﬁcii,

1820 3079 2049 3135 .quam
2079 3063 2137 3118 in
2183 3064 2695 3120 Gandeshemensi
2748 3066 3016 3121 aecclesia
3059 3069 3149 3124 sui
3189 3074 3526 3126 antecesso-

1860 3169 1973 3217 res,
2029 3154 2295 3225 episcopi
2345 3154 2612 3210 videlicet
2663 3155 3253 3226 Hideneshemenses,
3292 3159 3524 3216 habue-

1859 3248 2017 3309 runt,
2076 3248 2197 3299 toto
2256 3244 2388 3298 vita:
2462 3261 2583 3299 suae
2664 3250 2928 3318 tempore
2982 3247 3179 3321 quiete
3234 3250 3523 3322 possedit.

1860 3335 2008 3387 Nam
2040 3331 2333 3387 domnam
2381 3333 2828 3402 Liutghardam.
2863 3334 3105 3391 domnae
3156 3339 3380 3394 Berthae
3426 3340 3527 3395 ab-

1860 3420 2097 3476 batissa:
2156 3421 2565 3491 subrogatam,
2608 3423 2886 3478 Goslariae
2944 3424 3005 3479 in
3053 3424 3217 3481 curia
3268 3427 3528 3498 impera-

1860 3511 2001 3566 toris
2042 3511 2299 3567 Lotharii
2345 3512 2406 3566 in
2438 3512 2706 3567 {ecclesia
2755 3513 3072 3569 beatorum
3110 3516 3523 3586 apostolorum

1862 3600 2143 3671 Symonis
2172 3604 2228 3653 et
2253 3599 2441 3665 ludar,
2465 3600 2763 3671 promissa
2791 3601 2904 3656 sibi
2930 3601 3131 3657 debita
3157 3603 3519 3676 obedientia',

1859 3704 2047 3744 manu
2088 3689 2333 3762 propria
2377 3690 2766 3746 consecravit.
2821 3692 2950 3756 Qua
3000 3691 3303 3758 defuncta,
3351 3693 3523 3751 dom-

1859 3794 2002 3833 nam
2052 3777 2443 3833 Adelheidam
2482 3778 2563 3834 illi
2617 3778 2722 3834 rite
2770 3779 3175 3854 substitutam,
3208 3782 3533 3843 oculorum

1859 3867 2099 3923 cecitate
2130 3867 2514 3941 praepeditus,
2546 3884 2652 3941 per
2681 3884 2933 3926 manum
2972 3870 3181 3927 domni
3234 3873 3522 3931 Bernhar-

1858 3956 1919 4013 di
1951 3956 2371 4013 Palburnensis
2419 3957 2704 4031 episcopi,
2734 3958 2795 4015 in
2840 3959 3354 4019 Gandesheznensi
3396 3980 3523 4020 mo-

1858 4046 2121 4102 nasterio
2186 4047 2634 4119 praesentialiter
2710 4048 2823 4104 sibi
2901 4050 3306 4107 obedientiam
3380 4067 3521 4125 pro-

1857 4135 2144 4203 mittente,
2178 4135 2313 4192 fecit
2360 4138 2715 4193 consecrari.
2753 4138 2909 4194 Obiit
2956 4145 3158 4197 autem
3203 4157 3365 4197 anno
3413 4144 3524 4200 Do-

1859 4224 2094 4281 minicae
2138 4225 2565 4281 incarnationis
2602 4231 2734 4283 1153
2782 4228 2926 4298 (Jul,
2960 4232 3071 4300 20),
3106 4246 3229 4285 suae
3260 4246 3400 4286 vero
3431 4247 3522 4286 or-

1858 4314 2180 4370 dinationis
2206 4330 2367 4371 anno
2397 4320 2486 4384 23,
2518 4319 2575 4370 et
2621 4317 2682 4370 in
2727 4318 3092 4374 monasterio
3145 4319 3304 4375 beati
3334 4320 3520 4376 Gode-

1857 4404 2035 4460 hardi
2062 4404 2395 4476 requiescit.

1929 4498 2018 4549 21.
2052 4496 2186 4549 Post
2214 4492 2445 4548 obitum
2488 4493 2695 4549 domni
2726 4496 3054 4551 Bernhardi
3080 4498 3315 4554 BRUNO
3345 4497 3518 4555 deca-

1859 4598 1994 4651 nus,
2022 4582 2112 4638 vir
2140 4582 2337 4638 bonus
2359 4586 2415 4637 et
2439 4582 2747 4654 providus,
2773 4584 3050 4641 aecclesiaa
3074 4590 3293 4642 nostra;
3318 4587 3514 4660 praeﬁ-

1860 4672 2026 4728 citur.
2049 4671 2157 4737 Qui
2172 4670 2352 4726 rebus
2369 4670 2647 4727 aecclesia:
2665 4673 3091 4729 conservandis
3108 4689 3177 4730 ac
3200 4674 3516 4732 melioran-

1858 4761 1951 4817 dis
1972 4761 2146 4817 annis
2173 4762 2236 4817 ιο
2257 4764 2446 4817 totum
2474 4777 2535 4816 se
2554 4760 2847 4833 impendit
2865 4762 3089 4836 quibus
3108 4763 3235 4836 ipse
3256 4764 3510 4836 praefuit.

1858 4853 2098 4906 Tectum
2129 4853 2185 4904 et
2214 4847 2625 4921 pavimentum
2647 4849 2992 4923 principalis
3011 4851 3290 4907 aecclesiaa
3306 4868 3514 4923 eroga-

1858 4940 1930 4995 tis
1958 4939 2079 4995 fere
2110 4943 2178 4995 50
2208 4940 2426 4995 marcis
2456 4939 2755 4995 meliorari
2797 4939 2949 4996 fecit.
2984 4940 3263 4997 Ofﬁcinas
3292 4941 3512 4998 domus

1858 5031 1915 5083 et
1964 5028 2140 5084 curiae
2186 5028 2543 5101 episcopalis
2590 5027 2859 5102 dilapsas
2890 5029 3205 5102 reparavit.
3237 5033 3506 5087 Castrum

1855 5133 2099 5190 quoque
2125 5117 2537 5187 Winzenburg
2586 5133 2708 5174 non
2762 5118 3002 5175 modico
3056 5124 3301 5192 sumptu
3352 5124 3510 5177 turre

1474 5264 1704 5319 VARle
1746 5262 2147 5319 LECTIONES.
2232 5316 2235 5317 ,

148 5356 195 5388 ⁵⁷
227 5355 601 5426 sequentium
629 5356 755 5411 loco
782 5354 916 5426 haec
940 5353 1115 5426 habet
1146 5356 1179 5409 2
1205 5370 1217 5407 :
1273 5351 1695 5426 Monasterium
1727 5351 1919 5426 eciam
1971 5350 2197 5426 dictum
2225 5349 2653 5426 Yessingerade

74 5421 333 5495 vocatur
361 5425 684 5493 innovavit,
704 5430 776 5495 ,et
796 5424 1022 5495 ibidem
1052 5424 1261 5481 fratres
1291 5422 1523 5480 ordinis
1548 5422 1946 5480 Cisterciensis
1970 5421 2284 5479 collocavit
2309 5426 2367 5478 et
2395 5421 2687 5479 moniales

84 5493 315 5554 locavit
340 5496 403 5553 in
434 5493 852 5567 lserenhagen.

1690 5584 1914 5640 ΝΟΤΛΕ.

148 5675 303 5820 ξ123ζ
342 5674 532 5757 Hodie
570 5673 994 5758 Marianrode.‘

174 5750 277 5805 124
338 5746 710 5819 ngclheim
735 5746 816 5805 ad
840 5745 994 5805 Indn

174 5745 300 5819 124)
338 5746 710 5819 Ringclheim
735 5746 816 5805 ad
840 5745 1176 5805 Indristam.

2785 5351 2863 5408 od
2912 5351 3089 5408 hodie
3138 5354 3509 5412 Marienrade

2778 5423 2797 5478 i
2826 5424 3142 5496 quondam
3169 5425 3509 5485 habitantes

1944 5672 2066 5742 125)
2106 5670 2415 5742 Oelsburg.

1946 5676 2042 5729 125
2106 5672 2415 5742 Oelsburg.

1946 5672 2066 5816 126)
2106 5742 2551 5801 Wallshausen.
