3944 6392
449 276 578 337 1251

1592 272 1936 333 APPENDIX
1975 269 2072 323 AD
2109 267 2168 321 8.
2211 269 2726 332 GODEHARDUM.

3745 281 3877 335 1252

434 403 791 460 ﬁrmissima
819 401 1230 459 communivit.
1258 399 1515 458 Contulit
1543 404 1741 457 autem
1772 398 1851 456 ad
1892 397 2093 471 ipsum
2135 392 2182 445 Α
2209 394 2543 454 calamitate
2596 399 2777 454 tercia
2827 414 2967 472 pars
3035 399 3418 474 episcopatus
3459 401 3559 458 vix
3589 402 3882 458 immunis

436 495 764 552 armarium
823 498 1012 549 totum
1073 495 1494 548 testamentum
1553 506 1782 547 novum
1840 495 1896 547 et
1942 489 2096 544 fetus

436 589 758 658 utrumque
803 583 1121 654 glosatum,
1179 582 1544 655 expositores
1598 586 1655 636 et
1699 579 2100 653 hystoriogra-

433 675 589 747 phos
621 689 690 728 ac
722 670 1064 727 divinorum
1094 670 1386 726 librorum
1419 674 1788 736 tractatores,
1821 685 1930 725 nec
1975 683 2095 724 non

432 762 618 819 libros
647 760 906 835 phisicas,
941 759 1212 834 aliosque
1250 774 1438 834 quam
1476 760 1679 834 plures
1713 775 1824 814 suo
1852 759 2097 815 nomine

432 850 764 923 insignitos.
799 852 1088 907 Ornatum
1117 863 1257 905 vero
1304 847 1550 905 adauxit
1595 849 1896 911 ecclesiae,
1929 863 2098 903 casu-

431 942 554 998 lam
604 940 679 997 de
722 939 982 997 examito
1029 944 1305 995 ornatam
1357 938 1688 1009 aurifrigio,
1732 938 1968 994 dorsale
2021 936 2096 992 de

432 1031 637 1105 pallio,
665 1029 940 1096 infulam,
974 1027 1348 1101 cyrothecas,
1382 1025 1656 1084 sandalia
1684 1042 1863 1094 nova,
1892 1031 1948 1082 et
1977 1026 2095 1082 alia

434 1121 671 1187 usitata,
724 1134 972 1193 capsam
1031 1133 1169 1173 cum
1223 1116 1486 1190 reliquiis
1538 1123 1593 1174 et
1635 1117 1852 1190 pedem
1903 1115 2096 1172 crucis

434 1208 818 1267 conferendo.
853 1205 1074 1265 Obtulit
1103 1210 1390 1280 praeterea
1434 1205 1513 1263 ad
1542 1206 1934 1279 praebendam
1978 1206 2092 1262 fra-

434 1303 590 1356 trum
636 1303 752 1355 tres
800 1312 1047 1353 mansos
1096 1301 1152 1353 et
1195 1296 1514 1352 dimidium
1565 1299 1620 1351 et
1650 1295 1802 1352 duas
1833 1311 2003 1351 areas
2035 1295 2091 1350 in

434 1387 783 1458 Eilstringhe
832 1385 999 1455 (127).
1052 1389 1190 1442 Tres
1241 1401 1491 1441 mansos
1541 1389 1597 1440 et
1646 1389 1762 1440 tres
1811 1391 1979 1442 areas
2033 1385 2091 1440 in

433 1476 663 1534 Solesze
693 1475 843 1547 (128)
873 1491 1009 1530 cum
1042 1479 1177 1530 octo
1229 1474 1565 1546 mancipiis,
1600 1491 1669 1529 ac
1699 1474 1964 1546 cyphum
2000 1490 2090 1528 ar-

432 1571 714 1636 genteum
747 1569 975 1638 septem
1002 1565 1221 1620 marcis
1252 1568 1671 1636 comparatum
1702 1565 1767 1618 ⁵⁸.

475 1659 592 1736 ⁸22.
635 1656 682 1689 ⁵ο
712 1653 1009 1727 Episcopo
1061 1654 1334 1708 Brunone
1381 1651 1662 1708 defuncto
1695 1653 1744 1686 ⁶⁰
1772 1651 1896 1723 (an.
1937 1657 2089 1720 1162,

2208 493 2560 543 remaneret.
2598 488 2855 544 Consilio
2905 493 3106 545 tamen
3156 491 3364 546 domni
3414 491 3794 564 imperatoris
3827 499 3880 547 ct

2206 577 2548 649 principum
2598 579 2729 649 ejus
2759 580 2874 634 hac
2903 583 3233 653 utcumque
3282 581 3490 638 sedata
3521 585 3877 639 commotio-

2208 681 2302 732 ne,
2335 666 2597 722 domnus
2626 668 3008 725 Hermannus
3028 670 3348 744 episcopus
3379 687 3487 744 per
3511 687 3876 728 consensum

2207 757 2456 812 fratrum
2503 757 2581 813 ad
2613 759 2998 831 sepulchrum
3051 761 3283 816 Domini
3311 761 3612 834 profectus
3643 768 3772 831 est;
3818 764 3874 818 in

2205 860 2327 916 qua
2357 845 2722 917 profectione
2760 853 2976 920 praeter
3028 849 3176 904 alios
3215 849 3456 906 labores
3486 851 3880 922 naufragium

2204 950 2441 1007 passus,
2459 936 2536 990 ad
2561 940 2790 992 tantam
2821 939 3061 994 devenit
3084 938 3377 1012 inopiam,
3402 946 3466 995 ut
3493 945 3692 996 tantus
3715 942 3882 1014 prin—

2205 1040 2369 1095 ceps,
2404 1041 2617 1093 genere
2649 1031 2705 1081 et
2732 1027 3019 1095 dignitate
3045 1027 3391 1100 praeclarus,
3415 1029 3672 1102 publicw
3705 1046 3881 1086 men-

2204 1113 2424 1169 dicitati
2456 1114 2863 1184 subjiceretur.
2900 1118 2946 1170 A
2976 1117 3320 1190 patriarcha
3352 1124 3554 1174 tamen
3593 1120 3876 1176 Jheroso-

2202 1203 2471 1259 limitano
2498 1209 2554 1259 et
2573 1204 2651 1260 ab
2673 1205 2802 1260 aliis
2827 1212 2993 1262 terras
3014 1207 3172 1262 illius
3196 1207 3487 1277 religiosis
3514 1208 3610 1281 pie
3633 1225 3880 1282 suscep-

2203 1299 2318 1358 tus,
2347 1293 2604 1362 benigne
2638 1295 2878 1351 habitus
2909 1300 2967 1352 et
2995 1296 3322 1352 honoriﬁce
3375 1297 3682 1367 dimissus,
3717 1299 3879 1354 redi-

2205 1388 2331 1439 tum
2358 1384 2417 1439 in
2448 1384 2706 1456 patriam
2737 1401 2910 1441 suam
2940 1386 3290 1442 acceleravit
3317 1407 3328 1455 ;
3377 1388 3743 1461 Veniensque
3772 1389 3877 1445 be-

2204 1490 2276 1529 ne
2309 1491 2516 1546 sospes
2565 1475 2626 1530 in
2653 1475 2925 1546 Ytaliam,
2954 1477 3036 1533 ibi
3080 1482 3350 1548 egrotare
3401 1480 3576 1551 cepit,
3611 1484 3668 1534 et
3707 1480 3876 1552 apud

2206 1563 2512 1620 Secusium
2547 1564 2714 1636 (131),
2749 1564 2866 1621 ﬁde
2897 1566 3131 1638 plenus,
3166 1567 3484 1623 defunctus
3535 1573 3623 1624 est
3661 1573 3717 1624 et
3769 1569 3880 1625 ibi—

2202 1653 2341 1708 dem
2372 1652 2641 1724 sepultus
2673 1655 2716 1696 ⁶ι
2752 1655 2870 1725 (an.
2911 1655 3068 1724 1170,
3095 1658 3220 1711 Jul.
3256 1661 3364 1722 10).

433 1745 558 1801 Oct.
597 1748 700 1817 18),
749 1743 1174 1800 HERMANNUS
1217 1741 1569 1814 praepositus
1618 1744 1847 1797 Sanctae
1895 1742 2096 1798 Crucis
2137 1747 2178 1798 Β
2279 1747 2368 1797 23.
2412 1744 2458 1776 θ’
2518 1745 2889 1800 ADELOGUS
2949 1745 2996 1777 ⁸⁸
3062 1745 3415 1818 praepositus
3481 1746 3879 1802 Goslariensis

431 1834 832 1891 communiter
904 1832 982 1887 ab
1041 1831 1324 1886 omnibus
1389 1831 1642 1899 electus,
1703 1847 1736 1887 a
1814 1831 2096 1887 ﬁdelibus

429 1923 736 1988 acclesim,
770 1921 1046 1978 consulto
1098 1925 1298 1976 tamen
1349 1919 1517 1993 prius
1562 1920 1941 1992 imperatore,
1995 1921 2101 1993 qui

430 2030 504 2071 eo
551 2017 824 2085 tempore
869 2012 928 2066 in
976 2009 1164 2066 Ytalia
1217 2008 1588 2075 morabatur,
1651 2015 2097 2066 sacramentum

431 2101 730 2158 ﬁdelitatis
789 2098 1071 2172 suscepit,
1131 2097 1479 2171 cunctisque
1544 2097 1809 2170 negociis
1865 2098 1990 2154 suis
2044 2105 2103 2155 et

433 2190 704 2248 comodis
759 2190 917 2245 circa
971 2187 1239 2244 redditus
1304 2186 1678 2261 episcopales
1746 2187 1934 2244 libera
1995 2205 2099 2261 po-

433 2283 639 2336 testate
671 2277 998 2350 dispositis,
1023 2291 1161 2331 cum
1192 2275 1414 2332 milicia
1444 2276 1740 2332 domnum
1771 2277 2097 2350 imperato-

431 2385 562 2426 rem
620 2367 679 2423 in
726 2366 978 2423 Ytaliam
1031 2369 1294 2434 secutus,
1337 2364 1630 2436 regalium
1687 2365 2099 2422 investituram

433 2457 599 2532 apud
627 2459 896 2529 Papyam
927 2455 1183 2527 adeptus
1213 2461 1300 2510 est
1332 2459 1497 2522 (129).
1531 2459 1592 2510 In
1621 2455 1972 2529 episcopatu
2003 2456 2102 2513 de-

433 2543 615 2619 nique
643 2545 1022 2611 constitutus,
1053 2542 1278 2598 sociam
1325 2559 1563 2616 semper
1590 2542 1823 2600 habens
1866 2544 2101 2600 humili-

432 2640 614 2692 tatem
663 2650 803 2690 cum
861 2633 1071 2689 timore
1127 2631 1227 2688 Dei
1281 2635 1338 2687 et
1393 2633 1559 2687 omni
1609 2633 2098 2700 mansuetudine,

433 2722 706 2781 subditos
733 2723 846 2779 sibi
877 2718 1275 2794 gubernabat,
1310 2736 1454 2792 erga
1496 2721 1706 2778 fratres
1749 2725 1914 2778 tanta
1957 2740 2099 2778 usus

431 2811 856 2879 benivolentia,
891 2816 954 2866 ut
983 2810 1229 2866 terciam
1261 2813 1494 2882 partem
1527 2809 1802 2866 sacriﬁcii
1832 2811 1891 2866 in
1915 2812 2099 2867 choro

435 2902 627 2960 sancti
676 2899 1015 2958 Godehardi
1064 2899 1221 2954 circa
1269 2898 1502 2954 initium
1549 2917 1674 2955 suae
1701 2901 2098 2972 promotionis

432 2993 579 3065 ipsis
607 2990 941 3060 largiretur.
974 2992 1034 3044 In
1066 2987 1424 3044 memoriam
1455 3004 1698 3062 quoque
1728 2991 2000 3045 omnium
2033 2991 2098 3045 ﬁ-

434 3079 659 3137 delium
699 3077 1062 3144 animarum,
1094 3093 1278 3148 quam
1327 3075 1453 3150 ipse
1481 3076 1712 3148 primus
1741 3077 1802 3131 in
1834 3076 2100 3134 aecclesia

434 3175 641 3227 nostra
688 3167 985 3224 celebrem
1024 3167 1176 3234 fecit,
1213 3172 1327 3222 tres
1381 3183 1626 3222 mansos
1673 3168 1734 3222 in
1787 3169 2094 3223 Sutherem

436 3263 585 3332 (130)
617 3265 674 3316 et
704 3257 1118 3314 molendinum
1151 3255 1225 3311 de
1267 3255 1632 3330 patrimonio
1677 3272 1786 3311 suo
1820 3256 2096 3313 fratribus

434 3349 792 3420 assignavit;
836 3346 1424 3404 Ganderhemensem
1456 3345 1789 3401 mcclesiam
1821 3345 2097 3403 incendio

433 3439 848 3514 depravatam,
881 3437 985 3492 sed
1035 3435 1233 3492 studio
1275 3433 1596 3491 Atheleidis
1646 3434 1968 3490 abbatiSsae
2015 3451 2101 3491 re-

431 3533 727 3603 paratam,
780 3526 1071 3584 llartwico
1129 3522 1451 3581 venerabili
1495 3523 1832 3579 Bremensis
1893 3524 2095 3580 recole-

431 3617 532 3674 siae
582 3615 1034 3689 archiepiscopo
1087 3612 1413 3684 multisque
1461 3611 1590 3668 aliis
1637 3612 1934 3686 episcopis
1965 3629 2099 3669 coo-

431 3706 804 3782 perantibus,
855 3704 1244 3777 solempniter
1294 3701 1611 3759 dedicavit.
1667 3705 1778 3759 Nec
1824 3719 2096 3775 unquam

429 3796 491 3853 in
550 3795 822 3852 secclesia
875 3792 1228 3851 Coslariensi
1285 3789 1553 3864 aliquam
1610 3791 2096 3848 contradictionis

430 3885 770 3942 molestiam
801 3881 1100 3950 sustinuit,
1127 3881 1279 3937 adeo
1300 3884 1365 3936 ut
1387 3881 1448 3936 in
1478 3879 1748 3954 quadam
1781 3881 2098 3954 sollempni

433 3971 600 4029 curia
629 3970 909 4027 Goslarize
963 3969 1282 4038 celebrata,
1316 3985 1456 4025 cum
1493 3969 1625 4043 ipse
1671 3969 1870 4026 adhuc
1898 3970 2098 4026 diaco-

431 4075 550 4116 nus
598 4063 774 4125 esset,
824 4062 882 4113 et
926 4057 1195 4130 plerique
1240 4055 1688 4129 episcoporum,
1734 4062 1938 4130 utpote
1987 4061 2100 4116 Mo-

431 4149 718 4221 guntinus
749 4145 1060 4204 Conradus
1085 4150 1142 4202 et
1161 4144 1483 4201 Reinaldus
1513 4146 1902 4215 Coloniensis,
1937 4147 2097 4204 simi-

429 4238 561 4295 liter
587 4236 648 4294 in
677 4237 1004 4294 diaconatu
1053 4233 1353 4291 constituti
1399 4239 1455 4291 et
1501 4235 1754 4308 simplici
1794 4235 2096 4293 electionis

428 4328 658 4384 honore
713 4325 1024 4400 pollentes,
1072 4323 1434 4398 suscipiendi
1493 4325 1789 4381 domuum
1842 4325 2098 4400 impera-

429 4422 617 4474 torem
673 4416 734 4472 in
777 4415 1162 4488 processione
1215 4419 1273 4470 et
1318 4430 1662 4470 sermonem
1710 4414 1968 4472 faciendi
2016 4415 2095 4472 ad

428 4507 726 4581 populum
776 4521 849 4562 ex
895 4503 1094 4563 ofﬁcio
1145 4521 1268 4561 suae
1321 4503 1646 4574 dignitatis,
1709 4504 2094 4562 Hildeneshe-

427 4598 656 4656 mensis
706 4595 950 4666 electus,
984 4612 1140 4653 onus
1192 4600 1249 4652 et
1295 4594 1568 4652 laborem
1618 4594 1841 4651 ibidem
1893 4596 2092 4652 subire

2208 1837 2346 1902 post
2401 1830 2716 1887 decessum
2775 1833 3100 1889 Hermanni
3150 1834 3416 1908 episcopi
3461 1835 3538 1891 ab
3587 1836 3879 1891 omnibus

2209 1921 2427 1976 electus
2453 1928 2539 1976 est
2569 1922 2692 1991 (an.
2731 1923 2908 1988 1171).
2945 1923 3055 1989 Qui
3088 1923 3382 1995 pluribus,
3416 1930 3480 1980 ut
3527 1926 3586 1980 in
3635 1925 3878 1999 privile-

2209 2010 2319 2079 giis
2349 2010 2471 2064 suis
2519 2010 2872 2077 continetur,
2905 2012 3158 2068 fratrum
3213 2013 3552 2069 commodis
3597 2013 3694 2086 pie
3736 2031 3878 2087 pro-

2210 2099 2486 2172 spiciens,
2544 2101 2605 2155 in
2659 2101 3039 2172 praestatione
3099 2102 3274 2158 castri
3343 2103 3635 2173 Honburg
3706 2104 3876 2175 (132),

2208 2189 2373 2261 quod
2406 2189 2453 2222 6‘
2482 2188 2608 2261 ipse
2639 2188 2965 2245 alienatum
2998 2190 3076 2246 ab
3104 2190 3354 2248 ecclesia
3397 2207 3506 2264 per
3535 2191 3880 2248 Heinricum

2208 2275 2446 2344 ducem,
2480 2277 2728 2333 domino
2761 2277 3054 2334 Friderico
3101 2278 3464 2352 imperatore
3490 2287 3879 2353 cooperante.

2208 2367 2361 2423 datis
2410 2367 2681 2439 pecuniis
2732 2367 3039 2439 requisivit
3071 2369 3188 2439 (an.
3230 2370 3407 2439 1181),
3439 2369 3592 2426 duos
3623 2387 3877 2426 mansos

2210 2456 2270 2511 in
2298 2454 2810 2511 Waltrinkehusen
2842 2456 2989 2527 (133)
3030 2461 3087 2512 et
3117 2457 3512 2526 Westenhem,
3549 2462 3614 2513 10
3647 2458 3878 2514 solidos

2208 2545 2524 2614 solventes,
2585 2561 2621 2600 a
2676 2545 2918 2601 duobus
2973 2544 3255 2601 fratribus
3315 2546 3626 2618 Ludolpho
3674 2545 3881 2601 videli-

2208 2637 2300 2688 cet
2351 2637 2406 2688 et
2464 2633 2759 2705 Adolpho,
2810 2634 2916 2705 qui
2963 2637 3197 2707 partem
3250 2635 3525 2705 ejusdem
3581 2633 3760 2690 castri
3817 2635 3878 2688 in

2207 2721 2501 2778 beneﬁcio
2541 2726 2952 2794 susceperunt,
2987 2727 3043 2779 et
3089 2723 3168 2779 ab
3217 2722 3346 2779 aliis
3401 2723 3645 2779 duobus
3687 2723 3880 2778 fratri-

2209 2810 2322 2865 bus
2376 2810 2615 2866 Bodone
2667 2817 2722 2867 et
2767 2810 3063 2879 Bertoldo,
3099 2811 3200 2884 qui
3243 2827 3417 2867 suam
3447 2811 3880 2868 nichilominus

2208 2904 2437 2972 partem
2491 2899 2570 2955 ab
2621 2901 2908 2973 episcopo
2961 2900 3270 2956 feodaliter
3333 2906 3750 2973 perceperunt,
3816 2905 3880 2955 10

2207 3004 2445 3044 marcas
2477 2988 2555 3044 ad
2603 2989 2928 3044 emendum
2958 2989 3256 3062 praedium
3309 2990 3372 3045 in
3417 3007 3572 3063 opus
3621 2991 3878 3045 fratrum

2137 3100 2177 3152 ο
2207 3077 2335 3132 dari
2362 3077 2660 3132 ordinavit
2687 3083 2809 3144 (an.
2849 3079 3024 3149 1183).
3051 3079 3344 3134 Praedium
3373 3096 3617 3152 quoque
3639 3080 3878 3134 comitis

2207 3166 2434 3222 Ottonis
2467 3166 2540 3221 de
2573 3167 2703 3221 Asle
2735 3169 2904 3235 (134),
2926 3183 2962 3223 a
2991 3168 3174 3223 vidua
3204 3168 3392 3240 ipsius
3421 3169 3656 3224 comitis
3675 3169 3875 3223 domi-

2205 3270 2286 3309 na
2318 3254 2552 3310 Salome
2605 3254 2774 3326 quod
2813 3254 2891 3309 ad
2942 3256 3138 3328 ipsam
3197 3256 3462 3325 legitima
3493 3257 3877 3313 successione

2205 3341 2554 3397 devolutum
2607 3348 2754 3413 erat,
2803 3360 2916 3399 sua
2972 3344 3094 3399 lilia
3149 3345 3566 3401 consenciente
3619 3346 3878 3418 aliisque

2206 3432 2328 3486 suis
2376 3431 2697 3487 heredibus
2749 3431 3010 3501 legitime
3067 3434 3612 3504 consencientibus,
3671 3435 3878 3491 multis

2204 3520 2514 3577 laboribus
2563 3525 2621 3576 et
2665 3521 2902 3592 magnis
2941 3523 3228 3595 impensis
3277 3527 3700 3596 comparatum
3731 3541 3876 3580 cum

2205 3610 2490 3666 omnibus
2545 3610 2666 3666 suis
2726 3611 3078 3681 attinenciis,
3121 3612 3421 3668 mediante
3462 3613 3711 3670 domino
3767 3615 3882 3669 Fri-

2205 3699 2406 3756 derico
2446 3700 2804 3772 imperatore
2850 3705 2907 3756 et
2946 3701 3168 3756 factum
3206 3702 3473 3775 episcopi
3513 3703 3710 3758 modis
3741 3720 3879 3759 om—

2205 3790 2384 3845 nibus
2450 3790 2895 3857 corroborante,
2957 3791 3220 3846 ecclesiae
3287 3795 3509 3847 nostras
3563 3792 3881 3864 acquisivit

2205 3881 2326 3951 (an.
2366 3878 2541 3949 1186).
2576 3881 2808 3934 Mansos
2853 3883 3052 3934 autem
3086 3885 3114 3933 7
3145 3883 3202 3934 et
3239 3882 3271 3933 8
3295 3880 3511 3951 jugera
3541 3881 3604 3935 in
3634 3883 3877 3938 Stenem

2205 3969 2284 4025 ad
2331 3967 2493 4023 idem
2535 3967 2831 4040 praedium
2883 3969 3244 4040 pertinentes
3292 3973 3347 4024 et
3391 3975 3531 4025 tunc
3584 3971 3877 4042 temporis

2203 4057 2316 4113 sibi
2343 4061 2626 4114 vacantes
2652 4056 2730 4112 ad
2762 4073 2936 4112 usum
2972 4057 3220 4113 fratrum
3255 4059 3368 4114 sub
3417 4075 3489 4114 ea
3517 4059 3881 4117 determina-

2203 4147 2362 4204 tione
2392 4146 2722 4218 deputavit,
2753 4151 2814 4202 ut
2841 4147 3166 4220 redemptis
3211 4149 3387 4204 bonis
3418 4166 3487 4204 ac
3518 4149 3881 4222 pignoribus

2203 4235 2485 4305 ecclesias,
2540 4234 2599 4290 in
2652 4236 3019 4306 emptionem
3087 4238 3440 4293 eorumdem
3507 4238 3880 4310 praediorum

2203 4325 2502 4395 obligatis,
2526 4329 2668 4380 tunc
2701 4324 2951 4381 demum
2980 4325 3233 4382 liberam
3265 4327 3470 4383 utendi
3499 4327 3584 4382 eis
3611 4327 3884 4385 habeant

2209 4415 2572 4472 facultatem.
2608 4414 2878 4470 Praestitit
2923 4415 3169 4490 insuper
3208 4420 3420 4472 mutuo
3467 4416 3708 4474 duobus
3758 4418 3879 4474 fra-

2208 4505 2397 4562 tribus
2425 4503 2673 4559 Ludolfo
2703 4509 2760 4559 et
2791 4503 3151 4560 Wilbrando
3181 4505 3491 4575 sexaginta
3519 4519 3762 4560 marcas
3792 4521 3881 4561 ar-

2203 4594 2384 4665 genti,
2415 4593 2665 4666 quando
2709 4593 3171 4650 Jherosolimam
3217 4594 3700 4666 proﬁscebantur
3738 4612 3881 4651 cum

427 4690 757 4760 cogeretur.
809 4688 945 4742 Post
993 4685 1223 4760 aliquot
1277 4700 1472 4741 annos
1525 4700 1647 4740 suae
1698 4684 2093 4757 promotionis
2203 4682 2454 4740 domino
2502 4681 2883 4755 imperatore,
2945 4688 3144 4740 castro
3199 4683 3466 4739 ecclesias
3526 4682 3884 4740 Halremunt

425 4775 679 4852 quidam
709 4774 808 4831 sui
833 4773 1061 4846 ﬁdeles,
1085 4774 1230 4849 quia
1259 4789 1470 4830 eorum
1499 4789 1690 4848 usque
1720 4789 1964 4846 quaque
1989 4790 2094 4830 νο-
2202 4773 2375 4844 (135),
2425 4771 2593 4845 quod
2645 4771 2760 4844 ipsi
2801 4772 2876 4828 de
2929 4789 3116 4830 manu
3172 4773 3436 4846 episcopi
3491 4772 3881 4832 beneﬁciaria

425 4865 756 4924 luntatibus
789 4863 1034 4921 nolebat
1062 4880 1192 4921 esse
1219 4862 1541 4931 obnoxius,
1575 4861 1752 4919 tantis
1780 4862 2009 4936 rapinis
2041 4865 2099 4920 et
2204 4877 2456 4918 munere
2501 4862 2550 4896 ⁸⁵
2599 4866 2938 4925 tenuerunt,
2995 4862 3127 4919 loco
3179 4863 3449 4936 pignoris
3505 4867 3770 4935 recepto,
3829 4869 3883 4920 et

429 4957 722 5014 incendiis
771 4954 1228 5040 demoliti_sunt
1277 4953 1715 5028 episcopatum,
1751 4957 1813 5008 ut
1860 4953 1938 5009 ab
1981 4953 2096 5010 hac
2208 4950 2437 5024 aliquot
2488 4950 2976 5006 ministerialibus
3026 4952 3170 5024 suis,
3222 4967 3293 5008 ac
3349 4951 3701 5024 interposita
3741 4969 3881 5026 pac-

502 5118 549 5152 "
571 5116 1182 5198 eumessetecum"
1210 5043 2059 5198 seniumsssrasﬂxv‘mﬁ

2318 5041 2574 5198 2223123.“
2605 5112 2914 5198 Brgno'nis
2935 5111 3129 5167 obitus
3160 5113 3453 5194 mrodice
3483 5115 3536 5166 2.
3571 5111 3737 5194 circa
3768 5130 3875 5198 an:

429 5203 540 5243 nos
571 5184 863 5244 Dominici
891 5189 1147 5243 MCLXlll
1195 5185 1289 5240 vel
1320 5187 1597 5257 MCLXIIU
1630 5189 1733 5240 aut
1763 5186 1922 5257 circa
1957 5187 2278 5257 contigisse
2309 5184 2615 5239 scribitur.
2665 5184 2750 5257 ft
2773 5185 3097 5257 Eurusque
3133 5185 3339 5252 prima
3391 5199 3606 5239 manus
3654 5185 3874 5254 incipit

429 5260 626 5315 altera
655 5260 862 5317 saeculi
889 5258 1060 5312 XIII.
1142 5257 1189 5290 ⁸³
1221 5271 1508 5312 numerus
1539 5256 1719 5312 deest.
1800 5257 1848 5290 ⁸³
1877 5254 2143 5326 άθιοειιέ
2162 5273 2214 5313 c.
2294 5257 2343 5289 δι
2371 5270 2496 5328 quo
2526 5270 2576 5311 ε.
2657 5255 2704 5288 ⁸⁵
2737 5254 2799 5309 in
2828 5254 3141 5326 pheodum
3181 5259 3501 5311 tenuerunt
3531 5259 3582 5309 2.

508 5416 651 5495 (1??)
689 5416 1004 5495 ἕλξειιῑίηεφ
1030 5416 1372 5474 desolatam
1397 5431 1590 5489 Prope
1619 5417 1962 5474 Romula).
2279 5415 2432 5495 (1.3?)
2469 5414 2801 5495 tissime.-
3135 5485 3146 5495 .
3236 5485 3246 5495 .

507 5484 648 5558 (128)
686 5484 1032 5558 Solschen).
1399 5484 1420 5489 “
1511 5484 1532 5489 “
2282 5484 2424 5558 (133)
2469 5485 3025 5558 waltringhausen,
3059 5485 3434 5558 principatus
3477 5485 3872 5558 Schamburg.

507 5557 652 5637 (1129)
691 5559 770 5614 Cl.
803 5556 1040 5637 Luntzel
1070 5561 1476 5637 Hermannum
1507 5564 1645 5632 post
1671 5559 1734 5618 d.
1763 5564 1823 5615 21
1861 5565 1925 5615 55
1957 5561 2097 5618 Dec.
2279 5556 2619 5637 (131)-Αεξ1θ2
2654 5556 2979 5637 Asselburg
2999 5556 3187 5637 prope
3215 5556 3531 5627 Burgdorf,
3554 5557 3725 5613 haud
3747 5574 3872 5630 pro-

437 5625 572 5679 1164
603 5632 1020 5683 consecratum
1045 5629 1264 5685 scribit.
1510 5625 1530 5632 ’
2206 5625 2303 5685 cul
2333 5625 2418 5683 ab
2442 5626 2695 5682 lndistra
2724 5627 2904 5682 situm
2933 5625 3062 5684 fuit.

506 5693 655 5835 ﬁ
2285 5699 2433 5769 (1335)
2473 5701 2661 5770 Prope
2693 5699 2964 5772 Springe.

734 5783 870 5826 ωι.
