3944 6386
94 323 241 377 1253

1287 318 1692 377 CHRONICON
1736 317 2360 378 HILDESHEIMENSE.

3406 332 3541 391 1254

88 445 292 510 cione,
325 446 389 498 ut
412 442 607 497 adem
630 442 927 515 pradicta
958 459 1175 500 marca
1205 444 1531 517 redemptis
1557 444 1763 517 pigno-
1799 444 1846 495 Α
1879 445 1935 498 In
1971 446 2510 503 Candershemensi
2542 449 2791 505 ecclesia
2821 456 2940 507 toto
2966 453 3095 509 vita
3120 473 3243 511 sua
3276 461 3543 532 tempore

88 536 265 591 ribus
324 532 402 589 ab
454 533 779 587 heredibus
836 532 1263 606 pradictorum
1314 536 1361 568 ⁶⁶
1420 533 1667 588 fratrum
1709 533 1766 587 in

90 639 280 677 usum
304 620 567 676 ecclesia
598 620 859 676 debeant
903 621 1233 693 provenire.
1293 620 1765 676 Consuetudines

91 716 386 784 praeterea
412 709 738 782 quasdam,
772 714 827 766 et
853 710 1136 783 quadam
1156 712 1294 781 jura
1321 710 1601 773 ecclesia,
1633 726 1767 783 qua

92 806 238 858 ante
269 805 542 873 tempora
573 816 701 865 sua,
724 801 943 873 scripta
976 800 1309 873 specialiter
1331 800 1770 872 comprehensa

94 907 223 946 non
246 889 593 953 habuimus,
628 905 701 943 ne
729 889 789 943 in
812 894 1118 962 posterum
1151 889 1354 961 aliqua
1378 894 1623 962 possent
1649 904 1772 943 ma-

93 979 471 1049 lignancium
528 978 835 1051 iniquitate
890 978 1163 1048 convelli,
1234 980 1451 1051 scripto
1505 993 1772 1051 compre-

92 1068 327 1135 hendit,
362 1074 415 1123 et
447 1067 564 1123 alia
594 1066 878 1140 quadam
910 1074 1044 1123 ante
1075 1084 1198 1123 non
1246 1068 1451 1125 habita
1495 1062 1770 1123 clementi

92 1158 365 1213 bonitate
398 1156 813 1230 superaddidit
834 1158 955 1225 (an.
997 1157 1153 1221 1179)
1185 1157 1350 1230 quod
1402 1157 1671 1213 videlicet
1696 1175 1769 1214 ne

93 1248 247 1321 ipse,
269 1264 340 1301 ne
369 1246 585 1320 aliquis
618 1262 1037 1301 successorum
1070 1262 1317 1301 suorum
1348 1247 1769 1319 episcoporum

98 1336 225 1391 sine
254 1336 509 1391 consilio
540 1334 937 1389 discretorum
968 1334 1236 1403 fratrum,
1290 1336 1380 1390 vel
1421 1353 1645 1405 magna
1672 1354 1771 1391 ne-

100 1424 274 1495 gocia
319 1424 595 1489 difﬁnire,
658 1424 749 1478 vel
798 1423 1091 1480 beneﬁcia
1134 1426 1367 1494 majora
1400 1426 1614 1491 locare,
1647 1428 1769 1481 sive

99 1513 367 1569 redditus
407 1528 632 1568 mensae
664 1528 809 1579 sua,
858 1511 905 1566 si
938 1512 1085 1567 forte
1115 1514 1522 1569 necessarium
1576 1514 1767 1586 fuerit,

99 1602 337 1675 pignori
367 1602 633 1671 obligare
657 1599 748 1656 vel
775 1600 898 1656 ullo
922 1602 1104 1657 modo
1131 1601 1389 1659 alienare
1422 1609 1766 1675 prasumat.

100 1694 245 1747 Item
275 1697 340 1747 ut
360 1708 431 1746 ex
462 1690 889 1763 depravatione
918 1697 1173 1746 moneta
1202 1695 1679 1762 congregationis
1712 1694 1769 1748 in

1877 534 2141 589 ofﬁcium
2191 537 2534 611 episcopale
2595 538 2774 594 libere
2822 540 2884 595 in
2938 542 3221 599 omnibus
3260 548 3538 604 exercuit.

1880 628 2022 680 Nam
2054 625 2300 682 domina
2332 627 2673 695 Luidgarda
2703 629 3003 697 defuncta,
3033 630 3347 692 dominam
3375 636 3546 695 Adel-

1878 714 2140 785 heydam
2176 714 2253 770 illi
2284 718 2571 772 canonice
2604 717 2986 776 substitutam
3040 720 3102 776 in
3152 723 3365 778 eodem
3412 743 3541 780 mo-

1881 805 2137 859 nasterio
2170 806 2554 871 consecravit,
2587 807 2890 878 synodum
2931 814 2989 866 et
3015 810 3307 867 crismatis
3340 830 3545 871 conse-

1880 895 2207 950 crationem
2235 894 2459 950 ibidem
2488 896 3045 970 quocienscumque
3074 899 3257 956 voluit
3283 902 3543 959 celebra-

1882 985 1963 1039 vit
1991 984 2055 1037 “.
2093 984 2245 1039 Obiit
2284 988 2484 1039 autem
2535 1000 2695 1039 anno
2742 984 3063 1041 Dominica
3118 987 3542 1047 incarnationis

1885 1073 2019 1128 1190
2050 1074 2233 1143 (Sept.
2268 1074 2378 1142 '20),
2430 1078 2486 1127 et
2531 1074 2798 1146 sepultus
2839 1079 2928 1131 est
2972 1076 3035 1131 in
3089 1076 3287 1133 medio
3341 1078 3543 1152 cripta

1882 1162 2226 1236 principalis
2260 1160 2541 1217 ecclesia.

2587 1253 2840 1309 BERNO.

1951 1346 2037 1397 2i.
2084 1341 2223 1396 Huic
2252 1341 2531 1395 successit
2565 1344 2750 1396 Berno
2799 1342 3143 1418 episcopus,
3190 1344 3294 1419 qui
3345 1346 3543 1419 primo

1882 1431 2165 1502 magister
2196 1429 2736 1495 scolarum,exinde
2759 1430 3001 1487 ecclesie
3020 1438 3217 1488 nostre
3249 1433 3542 1505 decanus,

1882 1520 2150 1576 unanimi
2185 1519 2319 1574 cleri
2360 1518 2643 1574 electione
2693 1524 2749 1574 et
2782 1520 2969 1575 tocius
3002 1523 3210 1596 populi
3242 1540 3544 1580 consensu

1880 1610 2125 1666 ecclesie
2158 1612 2357 1663 nostre
2391 1607 2684 1680 prefectus
2717 1614 2820 1664 est.
2882 1609 3109 1665 Electus
3161 1617 3361 1669 autem
3394 1611 3546 1669 sicut

1880 1700 1969 1755 vir
1996 1698 2260 1772 prudens
2293 1702 2349 1752 et
2380 1696 2668 1769 providus
2698 1702 2753 1754 et
2784 1697 3016 1755 litterali
3055 1699 3299 1757 scientia
3344 1702 3543 1775 predi-

98 1781 443 1854 prabendis
474 1782 599 1835 suis
637 1780 995 1837 detrimenta
1044 1780 1209 1836 nulla
1250 1784 1601 1847 sustineant,
1658 1789 1771 1839 sta-
1808 1793 1850 1849 Β
1885 1790 2089 1858 tus,ita
2116 1788 2531 1861 episcopatum
2554 1786 2925 1861 temporibus
2958 1790 3078 1843 suis
3102 1788 3545 1865 amministrare

97 1871 242 1935 tuit;
275 1875 331 1925 et
359 1870 566 1925 hanno
598 1869 861 1924 ﬁrmavit
884 1874 948 1923 ut
978 1871 1044 1923 2i
1078 1868 1250 1924 solidi
1292 1888 1421 1926 mar
1444 1890 1505 1925 ’τερ
1551 1871 1771 1927 exami-

96 1959 224 2015 nati
252 1958 481 2029 argenti
503 1974 739 2030 semper
763 1957 1073 2030 aqualiter
1098 1959 1525 2030 respondeant.
1554 1962 1771 2017 Firma-

102 2050 187 2106 vit
213 2051 406 2106 eciam
438 2048 901 2120 archidyaconis
935 2049 1252 2119 synodalia
1280 2051 1325 2083 ‘7
1378 2051 1450 2105 de
1508 2052 1769 2107 ecclesiis

98 2140 225 2195 sive
258 2138 503 2212 capellis
546 2140 667 2193 suis
694 2155 831 2211 qua
861 2138 922 2192 in
964 2152 1175 2193 eorum
1235 2145 1529 2212 potestate
1580 2142 1770 2197 consi-

100 2234 285 2295 stunt,
314 2234 449 2301 post
479 2228 711 2284 obitum
738 2226 1117 2283 sacerdotum
1150 2229 1251 2301 qui
1297 2230 1369 2284 de
1418 2248 1601 2287 manu
1650 2233 1768 2304 epi-

100 2318 270 2391 scopi
315 2318 599 2374 ecclesias
656 2318 900 2372 easdem
954 2317 1079 2371 sive
1133 2319 1393 2390 capellas
1432 2325 1766 2376 tenuerunt.

100 2410 487 2465 Testamenta
516 2424 758 2481 quoque
792 2406 1041 2462 fratrum
1081 2424 1216 2479 qua
1244 2409 1356 2480 ipsi
1390 2410 1649 2478 fecerint,
1678 2409 1769 2466 vel

102 2516 240 2571 qua
269 2515 342 2553 ex
373 2498 627 2553 aliorum
658 2496 1028 2552 testamentis
1059 2496 1255 2565 legata
1288 2498 1523 2568 fuerint,
1556 2502 1770 2572 imper-

103 2593 354 2661 petuum
380 2586 628 2643 donavit
652 2591 706 2641 et
725 2585 914 2641 banni
960 2585 1048 2640 sui
1103 2589 1449 2644 auctoritate
1500 2589 1767 2645 munivit.

106 2676 359 2732 Instituit
388 2691 654 2748 quoque,
686 2674 852 2747 quod
887 2691 993 2729 nec
1036 2674 1161 2747 ipse
1213 2693 1322 2731 nec
1370 2677 1586 2751 aliquis
1637 2696 1771 2733 suc-

107 2781 414 2821 cessorum
447 2780 695 2819 suorum
748 2763 1176 2835 episcoporum
1233 2764 1505 2821 bannum
1550 2767 1642 2822 vel
1682 2783 1772 2822 ec-

108 2853 351 2910 clesiam
385 2852 652 2925 aliquam
685 2851 861 2907 alicui
901 2852 1163 2907 ecclesia
1195 2854 1253 2908 in
1285 2855 1633 2928 episcopatu
1664 2872 1771 2911 no-

110 2949 232 2999 stro
263 2943 593 2998 constituta
623 2941 748 2997 sine
780 2957 1081 2997 consensu
1130 2948 1186 2997 et
1225 2945 1474 3000 consilio
1523 2946 1773 3002 fratrum

108 3034 399 3104 perpetuo
430 3028 869 3102 possidendam
895 3029 1113 3085 debeat
1150 3032 1415 3087 conferre
1462 3033 1554 3088 vel
1583 3034 1771 3089 dona-

1880 1879 2127 1945 curavit,
2165 1882 2226 1932 ut
2249 1882 2305 1932 et
2332 1877 2579 1931 honeste
2606 1893 2805 1933 rerum
2836 1878 3215 1951 acquisitioni
3241 1885 3296 1935 et
3328 1898 3545 1938 earun-

1880 1969 2019 2024 dem
2051 1966 2487 2023 conservationi
2517 1965 2747 2021 decenti
2780 1965 3144 2023 omnimodis
3193 1967 3543 2039 intenderet.

1882 2060 2009 2130 Ipse
2040 2055 2200 2111 enim
2232 2058 2426 2126 preter
2466 2052 2685 2109 multas
2718 2052 2950 2109 servicii
2986 2056 3033 2089 7°
3075 2054 3399 2130 imperialis
3444 2074 3545 2114 ex-

1881 2162 2123 2217 pensas,
2153 2160 2341 2215 parvo
2375 2148 2662 2214 tempore,
2713 2160 2834 2215 quo
2884 2142 3129 2199 ecclesie
3178 2150 3379 2200 nostre
3412 2162 3546 2218 pre-

1882 2234 2009 2301 fuit,
2039 2234 2097 2287 in
2125 2232 2467 2287 reddituum
2503 2246 2705 2284 mense
2754 2230 3117 2303 episcopalis
3147 2232 3546 2304 absolutione,

1880 2324 2023 2379 etin
2051 2322 2351 2377 bonorum
2385 2335 2502 2392 que
2550 2318 2628 2373 ab
2677 2319 3030 2392 episcopatu
3086 2322 3330 2377 nomine
3390 2321 3550 2378 feodi

1881 2412 2258 2475 tenebantur,
2291 2412 2347 2463 et
2375 2412 2589 2482 patene
2620 2407 2864 2478 majoris
2895 2408 3094 2463 calicis
3126 2408 3548 2483 redempcione

1885 2508 1985 2559 (00
2017 2507 2166 2557 eteo
2216 2498 2477 2571 amplius
2533 2514 2769 2552 marcas
2824 2498 3116 2570 impendit
3163 2502 3245 2562 τίς
3295 2499 3547 2555 fratrum

1881 2590 2071 2645 eciam
2100 2587 2447 2643 utilitatibus
2475 2603 2596 2640 non
2624 2586 2823 2640 minus
2864 2587 3110 2641 studens
3168 2591 3225 2642 et
3273 2588 3546 2643 comodis

1881 2684 1913 2735 4
1940 2693 2185 2735 mansos
2211 2676 2271 2729 in
2303 2673 2469 2730 Olem
2501 2678 2649 2741 (138)
2686 2689 2721 2728 a
2747 2690 2933 2728 manu
2954 2673 3127 2745 layca
3150 2691 3269 2732 non
3294 2674 3548 2731 modicis

1885 2764 2005 2821 suis
2036 2762 2315 2835 expensis
2360 2760 2689 2833 expeditos,
2734 2761 3055 2834 prebendis
3106 2762 3359 2819 fratrum
3409 2780 3548 2819 con-

1884 2871 2063 2911 sensu
2094 2851 2359 2925 episcopi
2390 2850 2737 2921 assignavit,
2767 2855 2823 2907 et
2849 2850 2924 2907 de
2969 2850 3081 2907 hiis
3132 2852 3318 2908 tribus
3370 2852 3547 2925 septi-

1885 2943 2080 2999 manis
2107 2956 2328 3013 panem
2358 2939 2416 2994 in
2448 2938 2777 3003 refectorio,
2830 2939 2981 2995 sicut
3038 2946 3394 2998 consuetum
3440 2944 3547 3012 est,

1884 3032 2013 3088 dari
2036 3029 2301 3086 instituit.
2337 3027 2503 3083 Dedit
2530 3027 2721 3082 eciam
2770 3027 2829 3081 in
2862 3027 3274 3101 redemptione
3320 3029 3552 3095 decime

109 3136 171 3175 re
206 3136 218 3173 :
251 3123 308 3174 et
340 3135 478 3173 cum
510 3119 719 3174 fratres
751 3119 829 3174 ab
860 3121 1339 3176 antecessoribus
1389 3123 1510 3177 suis
1545 3124 1773 3197 episco-
1814 3141 1856 3197 ο
1890 3124 1948 3178 in
1973 3125 2291 3177 Hoctenem
2325 3121 2473 3184 (139)
2513 3118 2756 3171 terciam
2783 3122 3016 3189 partem
3041 3118 3293 3190 pecunie
3321 3137 3333 3185 ;
3376 3118 3450 3174 de
3483 3135 3555 3175 ea

110 3209 203 3282 pis
258 3208 476 3264 nostris
534 3209 593 3263 id
648 3210 851 3280 gratia
908 3210 1338 3283 percepissent,
1393 3218 1456 3268 ut
1506 3214 1583 3270 ad
1614 3214 1776 3271 bona

108 3295 590 3353 obedientiarum
650 3314 899 3353 suarum
958 3299 1183 3353 tuenda
1240 3300 1625 3369 advocatum,
1675 3302 1778 3378 qui

112 3385 223 3441 sibi
254 3384 556 3440 videretur
584 3386 881 3458 ydoneus,
940 3386 1242 3457 eligerent,
1303 3389 1406 3461 qui
1458 3394 1656 3446 tamen
1702 3390 1779 3446 ad

110 3474 400 3548 praedicta
427 3474 590 3529 bona
616 3491 725 3547 pro
756 3475 957 3531 litibus
991 3476 1339 3532 decidendis
1371 3495 1495 3535 non
1534 3480 1646 3535 nisi
1684 3497 1783 3535 vo-

111 3569 282 3619 catus
313 3562 533 3618 debeat
561 3564 863 3627 accedere,
897 3563 1218 3636 pradictus
1252 3570 1422 3637 pater
1447 3572 1503 3622 et
1555 3568 1782 3639 episco-

111 3669 228 3725 pus
257 3656 461 3706 noster
485 3651 794 3723 amplioris
833 3652 1262 3708 benivolencia
1320 3654 1495 3709 nobis
1560 3672 1783 3711 munus

112 3740 677 3813 impertiens,super
706 3747 1043 3797 memorata
1072 3741 1321 3797 fratrum
1346 3741 1507 3797 bona
1534 3743 1783 3799 domino

115 3829 434 3885 Fritherico
476 3830 835 3901 imperatore
886 3830 1301 3887 consenciente
1360 3830 1437 3886 ab
1478 3832 1785 3888 advocatis

112 3916 353 3990 penitus
383 3916 666 3981 absolvit,
698 3922 754 3973 et
784 3933 963 3973 omne
988 3918 1090 3987 jus
1128 3918 1600 3975 decidendarum
1650 3936 1788 3976 can-

112 4022 343 4073 sarum,
373 4006 496 4061 sive
523 4023 630 4079 per
660 4023 721 4062 se
754 4005 877 4062 sive
914 4022 1021 4079 per
1051 4007 1278 4063 amicos
1331 4025 1492 4077 suos,
1544 4008 1605 4064 in
1650 4010 1789 4070 ohe-

111 4095 500 4151 dientiarinm
523 4096 569 4131 “
592 4095 891 4152 transtulit
918 4115 931 4161 ;
980 4100 1036 4151 et
1066 4096 1456 4153 villicationes
1495 4101 1786 4172 praposi-

114 4188 263 4241 tura
292 4190 536 4248 nostra,
580 4184 828 4240 Hisnem
860 4188 1010 4255 (136)
1038 4184 1311 4242 videlicet
1349 4190 1541 4243 Hasen
1586 4193 1641 4244 et
1688 4192 1793 4246 Lu-

116 4274 309 4340 sbike,
343 4273 422 4329 ab
452 4272 830 4329 intollerabili
853 4273 1003 4345 jugo
1036 4274 1469 4332 advocatorum
1500 4278 1793 4351 imperpe-

113 4368 289 4420 tuum
311 4361 651 4429 absolvens,
694 4362 1018 4436 praposito
1063 4365 1360 4433 regendas
1410 4369 1797 4426 commenda-

114 4452 201 4507 vit
232 4450 491 4507 Contulit
514 4452 705 4507 eciam
734 4450 995 4507 ecclesia
1027 4469 1392 4526 campanam
1426 4457 1573 4525 (137)
1618 4455 1788 4513 valde

116 4542 348 4597 bonam
376 4544 432 4596 et
460 4541 583 4596 duo
615 4540 981 4597 candelabra
1005 4541 1209 4613 longa,
1252 4549 1308 4598 et
1349 4544 1428 4599 ad
1472 4550 1749 4601 sartatect

118 4628 469 4704 principalis
512 4628 775 4688 ecclesia
829 4629 951 4687 fere
1022 4635 1091 4687 2O
1155 4649 1393 4690 marcas
1466 4634 1779 4708 impendit.

1886 3214 2199 3267 annuatim
2234 3206 2344 3261 tria
2374 3206 2594 3261 talenta
2614 3205 2744 3261 dari
2770 3203 3117 3278 disponens,
3146 3206 3221 3261 de
3243 3204 3468 3280 quibus
3494 3206 3555 3262 in

1887 3297 2229 3355 aniversarii
2280 3297 2369 3351 sui
2412 3295 2507 3350 die
2540 3294 2779 3349 cuilibet
2828 3295 3134 3366 prehende
3193 3300 3223 3350 9
3278 3296 3557 3354 denarios

1887 3387 2219 3460 assignavit
2281 3405 2292 3440 :
2349 3390 2405 3440 et
2453 3384 2667 3440 eodem
2712 3384 2807 3439 die
2835 3383 2915 3439 ad
2954 3385 3342 3457 sepulchrum
3380 3403 3558 3442 suum

1886 3479 2208 3533 honestum
2240 3490 2477 3529 cereum
2528 3477 2583 3527 et
2627 3477 2693 3526 20
2754 3471 2977 3527 solidos
3036 3472 3114 3527 ad
3165 3472 3558 3529 elemosinam

1889 3565 2182 3636 majorem
2262 3559 2580 3616 ordinavit.
2669 3562 2941 3614 Castrum
3032 3559 3282 3632 insuper
3354 3561 3555 3617 Halre-

1889 3657 2062 3709 munt
2092 3650 2202 3705 sibi
2228 3665 2471 3720 vacans,
2504 3648 2651 3703 dum
2681 3652 2925 3721 propter
2950 3646 3233 3721 plurima,
3259 3665 3379 3721 que
3430 3650 3558 3723 ipse

1892 3742 2042 3799 sicut
2072 3741 2161 3795 vir
2189 3738 2456 3812 prudens
2487 3736 2761 3804 advertit,
2801 3735 3237 3793 infeodandum
3280 3737 3560 3794 decerne-

1891 3838 1999 3902 ret,
2031 3829 2222 3886 multa
2245 3826 2474 3884 consilii
2514 3826 2606 3882 sui
2651 3825 2988 3883 maturitate
3040 3828 3362 3899 promovit,
3415 3834 3478 3883 ut
3505 3832 3563 3885 et

1893 3918 2263 3996 episcopatui
2293 3916 2556 3991 plurima
2582 3932 2699 3990 que
2730 3932 2853 3971 non
2898 3914 3163 3973 habebat
3188 3916 3561 3990 accederent,

1895 4016 1954 4069 et
1982 4008 2304 4084 prebendis
2334 4009 2379 4042 τ’
2406 4008 2660 4063 fratrum
2684 4011 2751 4063 30
2779 4006 3110 4063 solidorum
3156 4007 3423 4065 redditus
3470 4025 3565 4065 ac-

1897 4105 2277 4157 cresceretur.
2308 4096 2565 4156 Contulit
2590 4097 2782 4153 eciam
2806 4096 3051 4152 ecclesie
3078 4098 3292 4153 veteris
3324 4115 3393 4154 ac
3425 4098 3567 4155 novi

1898 4188 2256 4246 Testamenti
2283 4187 2465 4243 libros
2500 4185 2761 4257 glosatos
2792 4190 2848 4240 et
2878 4202 3102 4258 magno
3141 4185 3448 4242 scolastice
3480 4188 3567 4242 di-

1900 4278 2151 4350 ligencie
2207 4276 2403 4331 studio
2450 4274 2807 4330 elaboratos.
2874 4273 2996 4329 Hoc
3044 4273 3235 4329 eciam
3283 4274 3566 4330 laudibus

1902 4370 2031 4441 ejus
2062 4365 2283 4440 placuit
2312 4365 2610 4435 adjacere,
2642 4361 2805 4435 quod
2837 4377 3049 4417 omnes
3096 4363 3141 4396 ⁷³
3192 4363 3565 4437 prepositure

1904 4454 2125 4512 montis
2150 4453 2338 4511 sancti
2372 4452 2520 4508 Petri
2549 4451 2608 4506 in
2641 4450 2924 4519 Goslaria,
2956 4451 3059 4506 diu
3080 4467 3116 4506 a
3143 4451 3330 4525 laycis
3362 4468 3433 4507 ex
3466 4468 3566 4508 ne-

1904 4545 2198 4616 gligencia
2222 4540 2666 4615 propositorum
2693 4538 3108 4595 miserabiliter
3140 4541 3186 4573 7‘
3218 4546 3563 4614 occupatos,

1894 4634 2100 4691 multis
2130 4630 2442 4689 laboribus
2472 4634 2528 4685 et
2562 4628 2895 4685 innumeris
2929 4629 3231 4703 expensis,
3283 4630 3433 4685 sicut
3478 4631 3567 4688 vir

1509 4753 1746 4809 VARUE
1783 4751 2187 4813 LECTIONES.

195 4844 243 4877 “
273 4844 401 4899 alia
417 4860 641 4917 manus
669 4848 874 4901 ,ςκεπιὶ
900 4847 1059 4917 XIV.
1092 4848 1323 4917 incipit.
1404 4850 1450 4883 ⁸⁷
1484 4866 1529 4904 s.

195 4844 243 4877 “
273 4844 401 4899 alia
428 4860 641 4901 manus
669 4848 874 4901 ,ςκεπιὶ
900 4847 1059 4901 XIV.
1092 4848 1323 4917 incipit.
1404 4850 1450 4883 ⁸⁷
1484 4866 1529 4904 s.
1560 4866 1696 4923 qua
1724 4850 1800 4906 de
1830 4866 1881 4907 c.
1961 4851 2007 4884 ⁸⁸
2041 4850 2129 4905 ita
2156 4848 2437 4918 corrigo;
2496 4844 2978 4903 obedientiarum
3009 4861 3059 4900 c.
3139 4845 3186 4879 ⁶⁹
3217 4845 3317 4903 Hic
3357 4846 3567 4902 turrim

117 4915 456 4971 construxit
483 4917 830 4972 monasterii
861 4916 1049 4975 sancti
1080 4918 1416 4974 Godehardi
1445 4924 1498 4976 2.
1576 4923 1624 4961 το
1646 4923 1803 4979 deest
1840 4924 1886 4977 1.
1981 4922 2022 4955 τ¹
2076 4919 2197 4976 Sub
2248 4918 2361 4975 isto
2422 4921 2665 4974 sanctus
2720 4916 3123 4972 Bernwardus
3180 4916 3567 4973 canonisatus

1981 4922 2022 4955 τ¹
2076 4919 2197 4976 Sub
2248 4916 2361 4975 isto
2415 4916 2665 4974 Sanctus
2720 4916 3123 4972 Bernwardus
3180 4916 3568 4973 canonisatus

118 4985 296 5073 fuit_a
322 4986 502 5073 ter-cio
534 5004 695 5064 papa
721 4988 1033 5073 Celestino,
1065 4987 1410 5073 elaborante
1431 4991 1553 5073 hoc
1582 4992 1814 5073 prefato
1845 4993 2115 5073 Bernone
2146 4990 2386 5073 presule
2434 4994 2508 5073 et.
2540 4985 2906 5073 ’[heo‘dorico
2949 4986 3167 5073 abbate
3198 4987 3396 5073 npstri‘
3431 5004 3564 5073 ωρ-

116 5056 363 5135 nasterii
389 5056 569 5135 (corr.
604 5056 658 5115 εἰ.
693 5076 774 5116 m.
813 5062 866 5117 S.
893 5056 1252 5131 Michahelis)
1283 5059 1387 5133 qui
1428 5056 1650 5135 fuitv'ir
1694 5079 1809 5135 per
1854 5064 2060 5119 omnia
2115 5056 2404 5135 providus
2458 5063 2516 5135 et
2568 5057 2948 5135 laudabiliter
3002 5058 3173 5135 rexit.
3229 5058 3569 5135 Spiritualia

116 5130 569 5213 tamenpartim
598 5137 884 5213 ceperunt
906 5128 1481 5213 tepesce‘renprbpter
1510 5128 1725 5213 nimias
1756 5134 2037 5213 divi_c_ia.s._
2057 5128 2185 5213 ipse
2226 5129 2821 5213 multa‘clenodiajn
2850 5128 3071 5185 casulis
3107 5128 3407 5213 etcappis
3440 5147 3567 5188 mo-

116 5148 325 5186 tamen
350 5148 569 5202 parum
598 5148 662 5187 ce
711 5148 884 5188 erunt
906 5148 960 5188 te
1008 5148 1207 5187 escere
1238 5148 1481 5204 propter
1510 5148 1725 5189 nimias
1756 5148 2023 5191 amotas.
2058 5148 2185 5208 Ipse
2226 5148 2416 5189 multa
2448 5148 2721 5187 cienoaia
2761 5148 2821 5185 1n
2850 5148 3071 5185 casuus
3116 5148 3173 5187 θι
3197 5148 3407 5204 cappis
3440 5148 3567 5188 mo-

114 5200 384 5277 nasterio
416 5206 621 5277 nostro
651 5148 833 5275 (£0712
863 5148 1003 5273 suo?
1020 5201 1265 5277 contulit
1288 5218 1399 5277 pro
1428 5204 1827 5277 ampliacione
1854 5204 2043 5263 divini
2072 5205 2267 5277 cultus
2291 5209 2348 5260 et
2380 5200 2637 5277 obtinuit
2664 5198 2940 5277 infulam,
2956 5199 3249 5277 sandalia
3298 5219 3439 5277 cum
3473 5218 3568 5277 ce-

115 5273 260 5329 teris
291 5271 667 5354 libertatibus
695 5290 856 5330 anno
888 5271 1121 5354 Domini
1161 5271 1308 5330 1495—.
1337 5276 1469 5330 Post
1499 5271 1608 5332 hec
1640 5277 1959 5383 episcopus
1990 5277 2053 5332 in
2081 5274 2334 5332 Domino
2360 5271 2970 5351 defunctus,quies_cit
2997 5272 3057 5326 in
3087 5273 3288 5329 medio
3320 5272 3567 5330 ecclesie

116 5344 370 5383 mninnc
404 5345 556 5383 ninnn
594 5362 912 5383 nannncnm
952 5345 1227 5383 hnnhcmi
1284 5347 1548 5383 incus-ilo)
1652 5350 1670 5381 Ἰ
1727 5363 1832 5383 num
1879 5348 2015 5383 οηιῖἰ
2054 5353 2070 5383 Ι
2217 5348 2262 5380 73
2312 5348 2587 5383 ηωίεῃηῃ
2636 5349 2720 5383 ac!
2767 5342 2993 5383 rat-hinc:
3042 5350 3148 5383 ml!
3193 5346 3383 5383 n'ma'lo
3421 5347 3567 5383 Λυδή

114 5344 382 5429 majoris
404 5345 564 5429 circa
593 5362 916 5429 ascensum
947 5345 1251 5417 baptismi.
1284 5347 1492 5403 inserit
1518 5352 1570 5403 2.
1652 5350 1670 5381 ⁷

116 5417 393 5472 LEIBN.
500 5419 551 5453 η
580 5417 932 5475 mirabiliter
956 5434 1007 5474 ε.

1727 5348 2020 5421 prehendi
2054 5353 2073 5402 1
2099 5392 2108 5401 .

2217 5348 2262 5380 ⁷³
2312 5348 2589 5403 omissum
2635 5342 2993 5399 est‘reditus
3041 5350 3148 5399 aut
3188 5346 3383 5402 simile
3421 5347 3571 5418 quid

1740 5492 1963 5547 NOTE.

122 5586 345 5713 H36)
382 5587 846 5655 Itzum,Hasede,
862 5587 1183 5658 Losebeck,
1205 5603 1366 5645 nunc
1391 5587 1599 5645 civitas
1626 5604 1788 5646 nova

259 5673 342 5713 es.

259 5673 342 5713 es.

384 5729 805 5859 Illlxlokke
835 5731 899 5786 in
929 5745 1120 5801 marg.
1156 5747 1342 5789 manu
1372 5746 1503 5791 ssc.
1528 5732 1720 5790 XVII.

1969 5588 1985 5657 ζ
2002 5588 2119 5657 139)
2160 5585 2469 5642 Hottelem.
2521 5602 2573 5641 a.
2606 5585 2761 5657 119,6,
2812 5584 3095 5657 d.AM_art.
3153 5589 3203 5657 6.
3257 5584 3569 5657 Conradus

1906 5652 2409 5739 Hildensemensis
2440 5654 3023 5739 electusnimperialis
3060 5656 3231 5739 aula
3269 5652 3569 5739 cancella-

1906 5731 2030 5788 rius
2058 5730 2314 5793 occurrit
2336 5729 2399 5785 in
2424 5727 2631 5786 charta
2657 5726 2913 5786 Heidrioi
2941 5728 3009 5785 Vl
3060 5727 3335 5809 Ecclesia
3381 5727 3569 5801 Ultra-

1902 5802 2141 5877 jeotino
2164 5800 2327 5860 data.
3282 5812 3289 5817 ‘
