3888 6396
401 291 421 343 1
434 289 535 342 255

1537 277 1875 336 APPENDIX
1913 276 2006 330 AD
2055 275 2110 330 S.
2153 276 2654 336 GODEHABDUM.

3723 279 3742 329 1
3760 279 3840 329 256

393 408 660 484 prudens
686 413 743 464 et
771 413 1108 472 strennuus,
1140 404 1497 474 integraliter
1543 401 1814 471 absolvit,
1865 405 1922 457 et
1968 416 2041 456 ne
2079 401 2129 452 A
2153 402 2253 459 dia
2305 408 2361 460 et
2413 401 2844 477 episcopalium
2899 401 3360 474 possessionum
3432 398 3842 456 alienationes

396 497 677 570 deinceps
708 496 1019 565 obligetur,
1046 493 1388 549 auctoritate
1415 491 1740 566 apostolica
1780 506 2045 546 commu-

397 586 508 641 niri
539 586 689 641 fecit.
721 587 911 649 Quam
940 582 1245 638 beneficus
1279 586 1479 638 autem
1527 581 1588 636 in
1638 579 1846 635 fratres
1886 578 1935 649 ej
1948 595 2042 632 us-
2096 639 2099 641 _

396 675 534 730 dem
584 672 695 728 loci
746 670 936 732 fuerit,
995 669 1320 726 laudabilia
1357 671 1486 741 ejus
1535 669 1691 725 facta
1734 671 2038 733 testantur,

396 761 558 830 apud
582 776 734 832 quos
754 758 970 814 celebri
995 763 1051 814 et
1081 758 1258 830 digne
1297 758 1601 814 laudanda
1626 757 1768 812 vivit
1813 772 2041 811 memo-

396 851 481 905 ria
509 851 567 920 (ᾧ
593 864 691 904 an.
726 848 882 918 1194,
915 847 1039 902 Oct.
1070 849 1180 919 28).

1023 937 1412 992 CONRADUS.

435 1027 553 1077 ‘25.
595 1020 904 1076 Conradus
963 1018 1346 1075 cancellarius
1403 1020 1579 1074 frater
1647 1023 1849 1074 noster
1917 1020 2036 1088 (an.

401 1110 704 1166 1194-1198
735 1110 775 1178 -1-
806 1125 860 1164 a.
897 1108 1070 1178 1202),
1099 1107 1200 1180 qui
1241 1107 1501 1178 primum
1551 1112 1748 1162 nostre
1800 1104 2040 1161 ecclesie

398 1201 734 1273 episcopus,
765 1197 977 1252 deinde
1009 1196 1086 1251 ad
1139 1196 1579 1268 Erbipolensem
1628 1196 2041 1268 episcopatum

397 1287 738 1350 translatus,
769 1285 826 1340 in
860 1285 989 1356 ipsa
1014 1283 1247 1340 civitate
1272 1289 1515 1356 propter
1551 1283 1842 1354 justitiam
1886 1282 2039 1337 occi-

399 1393 501 1431 sus
547 1381 651 1431 est.
712 1378 838 1446 Ipse
897 1372 1141 1428 ecclesie
1191 1375 1393 1427 nostre
1444 1377 1719 1427 ornatum
1767 1371 2042 1426 decenter

397 1464 728 1538 ampliavit;
767 1462 928 1518 dedit
957 1463 1115 1518 enim
1147 1467 1261 1517 tres
1291 1461 1545 1528 casulas,
1589 1478 1772 1517 unam
1799 1461 1872 1516 de
1900 1477 2038 1516 exa-

398 1555 620 1611 minato
649 1552 858 1618 rubeo,
891 1551 1072 1606 aliam
1097 1550 1170 1605 de
1201 1550 1480 1616 candido,
1512 1550 1755 1605 terciam
1799 1549 1872 1604 de
1898 1565 2038 1621 pur-

396 1659 546 1715 pura
574 1640 833 1706 violatia,
862 1655 1072 1694 omnes
1099 1644 1339 1694 ornatas
1368 1637 1672 1708 aurifrigio
1703 1656 1715 1706 ;
1744 1638 1895 1693 duas
1917 1637 2037 1692 dal-

2151 507 2434 565 perpessa
2464 498 2568 549 est.
2597 491 2880 558 Tandem,
2913 490 3328 546 misericordia
3367 489 3480 545 Dei
3513 487 3844 558 evigilante

2151 596 2259 652 pro
2289 581 2482 648 nobis,
2511 598 2581 637 eo
2602 581 2733 652 jam
2759 579 2822 635 in
2851 579 3206 652 episcopum
3246 581 3636 634 consecrato
3697 582 3755 630 et
3782 577 3840 630 ad

2149 669 2521 742 episcopium
2551 672 2598 705 ⁸ο
2628 673 2924 736 nostrum,
2957 667 3118 724 unde
3145 683 3252 740 per
3300 683 3559 722 annum
3609 670 3676 721 et
3731 682 3842 721 am-

2147 758 2303 830 plius
2333 759 2552 830 ejectus
2579 759 2789 826 fuerat,
2816 762 3162 825 revertente,
3193 756 3380 812 rebus
3415 772 3543 828 pro
3576 761 3841 827 tempore

2151 847 2294 902 satis
2322 847 2475 903 bene
2506 847 2871 920 compositis,
2894 846 3170 919 dispersa
3202 845 3602 914 recolligere,
3651 845 3842 899 incen-

2149 951 2216 991 sa
2240 939 2297 991 et
2319 936 2622 992 destructa
2648 936 3013 1004 reediﬁcare,
3046 934 3306 991 alienata
3337 937 3384 969 εί
3426 949 3772 1001 revocare,
3803 940 3845 987 et

2148 1023 2461 1080 ecclesiam
2491 1023 2720 1080 diutina
2749 1023 3203 1080 tribulationum
3244 1026 3638 1096 tempestate
3682 1037 3845 1094 quas-

2149 1115 2339 1167 satam
2369 1117 2492 1168 tam
2521 1111 2582 1168 in
2611 1111 2988 1168 interioribus
3013 1127 3200 1184 quam
3233 1111 3671 1166 exterioribus
3693 1112 3843 1165 omni

2148 1199 2450 1270 diligentia
2479 1200 2701 1256 studuit
2725 1200 3071 1257 reformare.
3103 1202 3216 1256 Sex
3239 1199 3480 1272 quippe
3531 1199 3844 1255 villicatio-

2148 1303 2255 1344 nes
2288 1289 2544 1359 Orsleve,
2575 1287 3007 1346 Wackensleve
3057 1288 3230 1359 (141),
3303 1288 3620 1345 Stockem
3684 1292 3842 1355 (142).

2149 1377 2512 1434 Otfredesem
2538 1379 2706 1449 (143),
2733 1380 2949 1450 Upum,
2983 1377 3329 1446 Rengelem,
3378 1393 3504 1449 pro
3540 1377 3843 1449 quingen-

2149 1464 2219 1519 tis
2245 1465 2460 1521 marcis
2492 1471 2546 1521 et
2589 1465 2849 1538 amplius
2894 1464 3127 1520 comitis
3182 1464 3384 1520 Sifridi
3427 1465 3516 1520 de
3553 1465 3828 1520 Blanken

2147 1553 2339 1609 burch
2388 1570 2424 1611 a
2480 1554 2746 1626 predicto
2801 1553 3029 1610 domno
3076 1553 3448 1609 cancellario
3510 1553 3841 1624 obligatas,

2145 1642 2298 1698 datis
2325 1641 2746 1698 nichilominus
2775 1640 2971 1697 eidem
3016 1641 3217 1697 comiti
3266 1642 3570 1698 ducentis
3634 1641 3844 1697 marcis

396 1731 663 1799 maticas,
681 1745 868 1785 unam
900 1730 945 1762 ⁷⁵
973 1729 1231 1783 examito
1259 1727 1468 1795 rubeo,
1499 1727 1745 1783 alteram
1779 1727 1852 1781 de
1897 1743 2037 1782 can-
2078 1745 2116 1799 Β
2146 1731 2373 1800 argenti
2399 1735 2454 1785 et
2478 1729 2845 1802 quibusdam
2877 1729 3008 1785 aliis
3055 1729 3351 1785 reditibus
3404 1730 3535 1785 sibi
3589 1732 3845 1786 vacanti-

395 1819 555 1887 dido,
585 1819 783 1875 albam
816 1818 1041 1872 bonam
1080 1815 1338 1871 examito
1365 1814 1642 1881 candido,
1688 1819 1804 1870 tres
1850 1814 2042 1887 pallas

396 1907 613 1977 altaris,
646 1908 798 1962 duas
823 1907 897 1961 de
928 1921 1194 1978 purpura
1222 1904 1428 1970 rubea,
1462 1920 1646 1959 unam
1672 1904 1746 1959 de
1773 1920 1918 1960 auro
1940 1903 2046 1958 cir-

395 1997 672 2063 culatam,
704 1995 884 2051 aliam
915 1993 1229 2063 stellatam,
1255 1992 1496 2048 terciam
1527 1992 1936 2065 quotidianam
1981 1992 2041 2046 in

396 2085 610 2151 altari;
653 2083 942 2139 cortinam
995 2083 1242 2149 bonam,
1291 2097 1407 2154 que
1461 2079 1747 2152 suspendi
1793 2081 1940 2136 solet
1982 2079 2042 2135 in

397 2172 727 2246 aquilonari
757 2177 921 2244 parte
950 2171 1287 2236 sanctuarii,
1321 2185 1650 2242 purpuram
1673 2185 1857 2224 unam
1880 2169 2043 2224 villo-

399 2279 567 2329 sam;
603 2278 703 2318 sex
729 2277 972 2333 cappas,
1000 2265 1117 2314 tres
1146 2259 1219 2314 de
1245 2258 1504 2314 examito
1552 2259 1759 2328 rubeo,
1812 2264 1924 2314 tres
1968 2258 2042 2313 de

395 2350 567 2417 albo;
613 2348 734 2404 duo
782 2347 994 2403 scrinia
1038 2346 1285 2419 pulchra
1348 2362 1419 2400 ex
1477 2362 1623 2402 auro
1668 2351 1723 2401 et
1768 2345 2040 2417 gemmis,

395 2439 548 2492 duas
597 2436 909 2510 porciones
958 2434 1340 2506 reliquiarum
1407 2433 1594 2489 sancti
1651 2433 1931 2505 Stephani
1987 2438 2044 2488 et

395 2526 581 2581 sancti
614 2524 934 2588 Laurencii,
969 2521 1276 2577 modicum
1303 2521 1595 2589 balsami;
1641 2526 1906 2593 preterea
1935 2523 2040 2577 ad-

392 2614 696 2670 vocaciam
727 2612 974 2669 civitatis
997 2615 1194 2666 nostre
1221 2610 1472 2683 pecunia
1497 2626 1619 2666 non
1648 2628 1838 2684 parva
1862 2627 2040 2684 expe-

392 2702 570 2770 divit;
603 2707 834 2776 partem
857 2699 1176 2757 advocacie
1209 2716 1387 2772 super
1409 2698 1839 2756 villicacionem
1892 2704 2038 2776 (140)

391 2793 672 2849 fratribus
701 2791 946 2848 contulit
972 2792 1090 2861 (an.
1127 2794 1305 2846 1198).

911 2875 1328 2933 HARBERTUS
1371 2881 1488 2932 26'"
1505 2919 1516 2931 .

461 2968 633 3018 Anno
661 2959 1153 3017 “incarnationis
1199 2960 1496 3015 Dominice
1554 2961 1686 3016 1216
1733 2957 1784 2994 π
1835 2961 2034 3032 (Mart.

2150 1820 2264 1874 bus
2295 1819 2600 1875 beneficiis
2634 1818 2951 1890 assignatis
3001 1819 3079 1874 ab
3101 1819 3271 1875 omni
3295 1821 3433 1890 ejus
3457 1819 3842 1893 impetitione

2150 1909 2385 1980 penitus
2436 1908 2752 1979 expedivit.
2811 1909 3176 1964 Eorumdem
3252 1908 3443 1964 etiam
3536 1909 3842 1964 bonorum

2151 2002 2381 2069 partem
2407 2013 2442 2052 a
2467 1996 2835 2069 quibusdam
2863 1996 3155 2052 militibus
3193 2001 3251 2052 et
3281 1997 3725 2053 servientibus
3750 1998 3841 2052 da-

2152 2085 2222 2140 tis
2248 2090 2316 2141 30
2345 2085 2580 2153 marcis,
2609 2089 2666 2140 et
2706 2084 3130 2141 villicationem
3190 2086 3250 2141 in
3310 2086 3650 2142 Mallerten
3717 2090 3826 2155 (144

2150 2174 2302 2230 datis
2355 2181 2416 2230 16
2473 2175 2710 2244 marcis,
2756 2178 2812 2230 et
2861 2175 3004 2230 item
3042 2174 3481 2231 villicationem
3534 2178 3840 2234 Stocken'.

2150 2280 2336 2335 quam
2360 2263 2749 2336 postmodum
2777 2263 2986 2319 fratres
3015 2264 3090 2318 de
3135 2264 3562 2321 Wulﬂebuthe
3631 2265 3842 2322 violen-

2151 2356 2236 2408 ter
2263 2352 2624 2418 detinebant,
2659 2351 2864 2408 solutis
2886 2352 3220 2423 nonaginta
3250 2353 3491 2409 marcis
3526 2354 3839 2411 liberavit:

2150 2439 2435 2496 allodium
2467 2439 2806 2512 episcopale
2834 2439 2897 2494 in
2921 2439 3272 2513 Afdenhorp
3301 2443 3468 2511 (145)
3516 2447 3584 2498 et
3617 2443 3839 2499 molen-

2149 2529 2360 2585 dinum
2406 2529 2466 2584 in
2515 2529 2746 2584 civitate
2794 2545 2903 2602 pro
2951 2529 3256 2600 octoginta
3310 2532 3560 2587 marcis
3607 2533 3838 2589 cuidam

2150 2617 2474 2688 Gerhardo,
2506 2622 2561 2672 et
2588 2616 3007 2674 villicationem
3027 2618 3311 2674 Vorstede
3342 2621 3510 2691 (146)
3571 2622 3839 2677 Theodo-

2147 2706 2269 2762 rico
2298 2707 2372 2762 de
2401 2707 2573 2762 Alten
2599 2722 2709 2780 pro
2747 2706 3058 2777 sexaginta
3086 2708 3308 2764 marcis
3353 2714 3663 2782 tempore
3717 2729 3837 2766 can-

2147 2795 2363 2851 cellarii
2396 2795 2679 2866 obligata,
2718 2799 2817 2852 140
2843 2812 3190 2852 marcarum
3215 2797 3537 2854 solutione
3576 2803 3839 2873 recepit:

2147 2883 2387 2940 ecclesie
2418 2883 2860 2940 Gandersehem
2889 2885 2995 2940 300
3025 2901 3289 2953 marcas,
3321 2891 3379 2941 et
3409 2888 3482 2942 in
3513 2905 3726 2946 causa
3754 2890 3839 2944 ab

2145 2973 2301 3028 batie
2327 2973 2400 3028 de
2429 2972 2734 3042 Ringelem
2765 2977 2832 3028 60
2857 2989 3098 3030 marcas
3129 2975 3424 3047 expendit
3453 2995 3468 3044 ;
3503 2977 3583 3033 in
3618 2995 3837 3034 recom-

393 3055 480 3116 21)
513 3050 657 3106 obiit
685 3049 1009 3141 Harbertus
1035 3047 1192 3141 bone
1218 3047 1520 3102 memoriae
1552 3054 1773 3141 nostre
1794 3049 2034 3141 ecclesie
2075 3086 2113 3141 Ε
2142 3060 2495 3133 pensatione
2523 3060 2713 3116 eciam
2742 3060 2994 3134 dampni
3041 3063 3209 3134 quod
3256 3062 3321 3118 in
3361 3065 3772 3132 molendino,
3797 3075 3835 3121 ει

391 3144 511 3195 26ιι⁸
543 3138 878 3210 episcopus,
909 3135 1013 3208 qui
1042 3135 1304 3206 primum
1334 3139 1559 3204 cantor,
1597 3137 1812 3192 deinde
1842 3137 2036 3208 major

392 3226 634 3283 ecclesie
665 3228 867 3281 nostre
898 3223 1254 3296 prepositus,
1286 3223 1623 3295 prebendas
1641 3225 1888 3281 fratrum
1915 3231 2034 3282 toto

392 3333 496 3372 sue
544 3313 1082 3371 administracionis
1132 3317 1396 3383 tempore
1450 3311 1663 3368 utiliter
1704 3319 1760 3369 et
1790 3314 2037 3371 ﬁdeliter

390 3405 763 3478 dispensans,
793 3418 1084 3472 magnum
1113 3405 1168 3456 et
1207 3401 1525 3470 sincerum,
1574 3419 1753 3474 quem
1803 3419 2036 3477 semper

390 3510 532 3565 erga
583 3491 897 3549 ecclesiam
953 3494 1219 3546 nostram
1269 3494 1550 3559 gesserat,
1591 3490 1870 3547 affectum
1903 3492 2035 3565 ipsa

389 3599 638 3656 operum
692 3579 1052 3637 exhibitione
1099 3577 1527 3650 comprobavit.
1581 3581 1812 3634 Domno
1858 3579 2036 3650 igitur

388 3671 660 3729 Conrado
684 3668 1007 3742 imperialis
1035 3667 1168 3724 aule
1199 3666 1571 3734 cancellario,
1607 3673 1805 3724 nostre
1835 3673 2034 3726 autem

386 3761 632 3817 ecclesie
673 3764 769 3816 25°
802 3758 1108 3832 episcopo,
1163 3756 1222 3811 in
1266 3755 1366 3811 illa
1415 3755 1767 3826 gravissima
1802 3757 2034 3830 imperii

387 3849 758 3906 dissencione
786 3845 1156 3919 temporibus
1189 3843 1324 3900 dive
1366 3844 1653 3900 memorie
1701 3845 1952 3920 Philippi
1979 3851 2036 3903 et

389 3937 613 3994 Ottonis
633 3937 712 3992 ad
738 3933 1222 4006 Herbipolensem
1253 3933 1663 4005 episcopatum
1692 3937 2034 3992 transeunte

389 4027 511 4096 (an.
550 4025 725 4095 H98),
755 4027 810 4079 et
838 4027 902 4078 ut
929 4021 1176 4078 ecclesia
1203 4019 1481 4078 derelicta
1522 4020 1583 4076 in
1620 4021 1883 4092 legitimo
1923 4023 2036 4080 sibi

387 4120 622 4188 pastore
651 4112 1013 4187 prospiceret
1039 4111 1264 4167 domno
1295 4109 1646 4167 Innocencio
1667 4127 1827 4184 papa
1853 4113 2034 4184 hujus

387 4201 614 4258 nomini
643 4201 822 4258 tercio
852 4199 1106 4257 districta
1153 4204 1209 4255 et
1256 4199 1456 4272 sepius
1486 4199 1809 4270 injugente,
1867 4216 2032 4257 com-

385 4291 552 4347 muni
582 4296 639 4348 et
668 4290 954 4347 canonico
982 4289 1166 4346 tocius
1193 4288 1432 4361 capituli
1461 4293 1517 4344 et
1545 4288 1684 4343 cleri
1713 4305 2029 4360 consensu,

385 4379 665 4437 omnibus
693 4379 858 4436 laicis
893 4380 938 4413 ⁷⁸
969 4378 1216 4435 omnino
1242 4377 1878 4446 contradicentibus,in
1908 4380 2029 4452 epi-

386 4485 634 4542 scopum
667 4468 883 4524 electus
912 4471 1018 4533 est,
1047 4471 1291 4541 propter
1312 4467 1478 4539 quod
1525 4466 1776 4524 ecclesia
1823 4474 2029 4526 nostra

383 4557 603 4613 multos
636 4558 681 4593 7’
712 4560 767 4612 et
809 4571 1019 4626 graves
1065 4555 1321 4624 labores,
1376 4571 1692 4628 expensas,
1741 4557 2026 4630 pericula,

270 4695 276 4700 .
383 4647 507 4700 tam
537 4643 949 4702 communium
974 4661 1162 4717 quam
1188 4644 1557 4716 privatarum
1578 4660 1778 4701 rerum
1793 4644 2029 4718 dispen-

2143 3150 2396 3205 aliorum
2416 3149 2717 3205 bonorum
2745 3149 3009 3217 ecclesie,
3025 3150 3192 3222 quod
3221 3167 3332 3224 per
3359 3151 3762 3226 Lippoldum
3779 3157 3833 3208 de

2145 3238 2437 3294 Escherde
2479 3238 2710 3305 accidit,
2765 3238 3046 3310 expensis
3093 3240 3439 3309 nonaginta
3480 3246 3734 3301 marcis
3779 3246 3833 3299 de

2144 3343 2252 3382 suo
2278 3327 2558 3383 fratribus
2583 3327 2746 3382 dedit
2767 3327 3192 3384 villicationem
3231 3333 3291 3384 et
3321 3330 3747 3389 advocatiam
3779 3336 3835 3388 de

2142 3416 2472 3473 Monestede
2502 3417 2666 3487 (147),
2688 3416 2763 3472 de
2793 3432 2982 3472 manu
3003 3417 3258 3474 Heinrici
3284 3423 3342 3474 et
3369 3419 3673 3478 ﬁliorum
3699 3426 3835 3495 ejus.

2141 3505 2244 3578 qui
2273 3521 2406 3561 eam
2435 3503 2798 3573 detinebant,
2830 3509 2893 3560 16
2921 3504 3140 3561 marcis
3169 3505 3454 3563 redemit.
3496 3511 3767 3569 Reditus
3791 3519 3837 3568 t6

2143 3593 2470 3649 solidorum
2498 3593 2559 3648 in
2588 3592 2801 3649 eadem
2829 3593 2971 3650 villa
2991 3609 3030 3650 a
3056 3594 3331 3666 quodam
3375 3599 3553 3654 Exzo
3618 3600 3701 3656 de
3749 3602 3838 3656 Eil-

2143 3683 2366 3750 stringe
2421 3680 2735 3753 acquirens
2791 3697 2902 3754 pro
2950 3684 2984 3736 4
3019 3682 3263 3750 marcis,
3311 3699 3424 3740 eos
3482 3686 3578 3742 ad
3621 3705 3838 3762 panem

2143 3768 2461 3824 scolarium
2489 3768 2551 3824 in
2581 3768 2898 3826 refectorio'
2919 3770 3235 3826 annuatim
3262 3772 3622 3833 ordinavit.
3658 3779 3839 3835 Advo-

2141 3857 2370 3914 caciam
2420 3857 2663 3930 insuper
2707 3856 3055 3915 obediencie
3111 3859 3174 3914 in
3223 3859 3694 3923 Wittenburch
3721 3910 3740 3939 ,
3796 3877 3838 3922 et

2141 3945 2322 4003 aliam
2346 3945 2737 4002 advocaciam
2766 3962 2945 4020 super
2975 3951 3038 4002 t2
3069 3946 3225 4004 areis
3275 3956 3557 4021 argento
3589 3955 3836 4013 fratrum

2139 4032 2521 4106 redemptas;
2577 4032 2838 4089 similiter
2876 4038 2934 4090 et
2984 4033 3389 4093 advocaciam
3424 4040 3481 4074 ⁸³
3530 4041 3838 4101 bonorum

2139 4122 2508 4196 prepositure
2536 4121 2781 4193 majoris
2805 4121 2867 4178 in
2897 4123 3212 4195 Idagesem
3229 4125 3408 4198 (148),
3436 4133 3507 4185 et
3535 4131 3838 4190 decimam

2140 4211 2410 4281 ejusdem
2439 4209 2572 4266 ville
2604 4211 2682 4265 ad
2712 4212 3013 4282 agendam
3043 4212 3235 4286 ipsius
3283 4221 3698 4279 memoriam
3739 4223 3838 4278 fra-

2138 4303 2297 4355 trum
2326 4298 2629 4371 deputavit
2657 4299 2910 4370 utilitati,
2964 4304 3021 4356 et
3071 4317 3148 4357 ne
3196 4302 3337 4375 quis
3395 4321 3836 4367 successorum

2142 4405 2390 4445 suorum
2437 4405 2510 4444 ea
2563 4388 2865 4460 alienaret,
2923 4389 3113 4446 banni
3149 4391 3243 4446 sui
3291 4393 3598 4454 ﬁrmavit
3657 4407 3841 4457 aucto

2138 4478 2339 4540 ritate;
2395 4493 2601 4534 curam
2632 4479 2678 4512 ⁸³
2709 4478 2954 4550 insuper
3002 4480 3286 4536 Vorstede
3332 4498 3373 4538 a
3424 4485 3746 4548 Brunone
3783 4492 3836 4546 dt:

2138 4562 2382 4619 custode
2416 4566 2512 4618 107
2553 4561 2768 4618 marcis
2826 4568 3246 4636 comparatam
3299 4567 3588 4628 ecclesie
3655 4583 3838 4632 nostre

2136 4646 2534 4715 condonavit,
2606 4645 2814 4719 predio
2866 4647 3058 4704 eciam
3109 4649 3173 4704 in
3226 4652 3626 4724 Repenarde
3681 4662 3836 4731 (149ί,

1752 4752 1984 4808 VARle
2024 4755 2425 4810 LECTIONES.

1753 4757 1984 4808 VARIIE
2024 4757 2107 4810 LE
2155 4757 2425 4810 TIONES.

453 4844 499 4922 fu
529 4843 749 4922 excidi;
775 4841 869 4922 ἀς,
920 4843 995 4922 -.τε
1025 4841 1245 4922 Dehinc
1274 4841 1594 4922 Harbertus
1624 4842 1745 4922 2938
1782 4843 2050 4922 unanimi
2081 4757 2560 4922 ciridilectione
2591 4843 3210 4922 Aﬂoruithepiskcopus.
3264 4851 3320 4902 Is
3380 4851 3686 4922 quiescit
3718 4866 3836 4914 ante

383 4913 564 4971 altare
589 4917 789 4970 sancte
820 4911 1140 4970 Katherine
1171 4913 1248 4968 ad
1273 4913 1636 4986 aquilonem.
1663 4909 1874 4986 _Viguit_
1894 4929 2055 4986 anno
2085 4915 2314 4971 domini
2343 4915 2554 4986 MClIIrl.
2584 4919 2637 4970 2.

2743 4915 2788 4949 ⁷⁸³
2819 4914 2957 4971 MCC
2990 4914 3040 4970 1.
3071 4914 3259 4974 ἱηαηα
3286 4914 3529 4980 εικσῇιί
3557 4927 3758 4985 XVII
3779 4931 3838 4985 ad

381 4986 710 5056 marginem
743 4985 866 5057 hac
903 4986 1129 5057 scripta
1157 4991 1294 5057 sunt
1320 4980 1352 5040 ,τ
1365 4984 1463 5057 Hic
1495 4980 1715 5050 injuria
1746 4982 2084 5057 scribendis
2103 4990 2365 5042 erratum
2396 4985 2563 5057 estin
2591 5001 2862 5041 numero.
2894 4987 3045 5042 Vixit
3071 4988 3234 5044 enim
3252 4989 3481 5050 adhuc
3505 4980 3837 5057 ξῆἶιέιξέι-ὦε

381 5053 541 5130 anno
575 5060 730 5123 1206,
762 5055 864 5111 ubi
894 5053 1543 5130 tria;altaria_in_cr_ipta
1572 5054 2054 5130 consecravit,_ut_
2071 5055 2144 5130 in_
2158 5057 2272 5130 hoc
2301 5057 2432 5130 ipso
2460 5055 2613 5130 libro
2644 5057 2926 5130 sequitur.
2964 5062 3012 5130 1.
3045 5059 3296 5116 Annum
3358 5064 3517 5121 1216
3582 5053 3838 5128 ὗιᾶἶέὰῇ

380 5126 452 5182 iis
482 5128 695 5184 ductus
717 5121 855 5198 ηυδε
882 5128 954 5182 D.
986 5125 1374 5196 Zeppenfeldt
1404 5121 1467 5180 ἰή
1502 5121 1767 5202 Beﬂge
1797 5140 1898 5180 zur
1926 5121 2477 5183 Hildesheimschen
2516 5121 2857 5184 Geschichte
2882 5131 2942 5184 T.
2968 5129 3009 5185 Ι.
3037 5144 3097 5201 p.
3131 5135 3222 5186 73.
3256 5139 3525 5192 notavit

381 5197 664 5253 omnibus
689 5213 746 5254 ο.
779 5213 830 5253 c.
857 5213 907 5254 ε.
1015 5199 1060 5232 ⁷⁸
1087 5195 1306 5252 multas
1335 5211 1385 5252 ι’.
1490 5195 1538 5228 ³ο
1565 5210 1708 5256 epm
1735 5209 1786 5250 c.
1885 5197 1928 5231 ⁸¹
1969 5197 2308 5256 alienanata
2335 5213 2385 5255 ε.
2491 5199 2538 5233 ⁸³
2567 5197 2887 5255 adnociam
2915 5215 2968 5255 ε.
3073 5201 3120 5235 ⁸³
3143 5216 3226 5256 an
3258 5205 3521 5256 curiam

1015 5195 1306 5252 "multas
1335 5211 1385 5252 ι’.

381 5197 664 5253 omnibus
689 5189 751 5254 οἷ
779 5213 830 5253 c.
857 5213 907 5254 ε.
1015 5189 1306 5252 "inultas
1335 5211 1385 5252 ι’.
1490 5195 1538 5228 ³ο
1565 5189 1786 5268 (Ei—nc.

3649 5144 3697 5177 ⁷⁸
3731 5143 3834 5199 0.1.

2491 5199 2538 5233 ⁸³
2567 5197 2887 5255 adnociam
2915 5215 2968 5255 ε.
3038 5197 3120 5235 “⁸²
3143 5216 3226 5257 an
3258 5205 3551 5264 curiam.

1975 5287 2195 5342 ΝΟΤΑΞ.

479 5375 599 5515 MO)
637 5372 812 5442 Lede,
839 5373 980 5430 villa
999 5373 1271 5430 desolata
1294 5387 1482 5498 prope
1521 5374 1781 5452 Gronau,
1868 5441 1878 5452 _

479 5447 566 5515 141
635 5443 1079 5515 Oschersleben,
1109 5443 1398 5500 Wackers
1421 5442 1574 5499 eben
1601 5456 1664 5496 in
1693 5455 1878 5512 princ)

380 5515 423 5570 Η
427 5442 623 5570 £11335
626 5443 1079 5569 t(gfcilchersleben,
1109 5442 1574 5500 Wackersleben
1601 5442 1664 5496 in
1693 5442 2029 5514 principatu

476 5584 598 5640 142)
641 5581 995 5639 Βὶῠοιὼοὶω.

476 5587 575 5640 142
641 5584 995 5639 Stcckheim.

448 5584 602 5796 £143;
639 5651 924 5720 Otfresen,
959 5655 1186 5729 Uppen,
1212 5653 1598 5728 Ringelheim.

475 5723 582 5782 144
635 5719 932 5782 Helm.

2235 5376 2356 5503 :45)
2397 5376 2512 5430 Das
2538 5375 2651 5432 alte
2682 5376 2825 5432 Dorf
2847 5391 3036 5450 prape
3067 5377 3483 5443 Hildesheim.

2262 5448 2330 5500 46
2395 5448 2610 5503 Ferste.

2231 5517 2349 5574 147)
2389 5517 2696 5574 Mﬁnstedt.

2233 5585 2350 5643 148)
2392 5589 2573 5643 ltzum
2601 5588 2630 5643 ‘?

2235 5657 2357 5727 149)
2395 5659 2721 5733 Reppener.

2206 5373 2226 5722 Ξ
