3944 6392
103 264 127 313 1
145 264 264 314 257
1316 259 1713 317 CHBONICON
1756 256 2378 320 HlLDESHElMENSE.
3429 276 3563 333 1258

98 381 292 453 quod
324 381 536 439 fratres
567 384 645 438 ab
685 383 933 438 ecclesia
991 382 1150 438 beati
1195 381 1428 439 Martini
1473 381 1533 437 in
1591 380 1785 438 Minda
1822 382 1868 434 Α
1898 379 1999 434 siis
2024 383 2145 438 suis
2167 389 2223 440 et
2247 386 2503 443 ofﬁcinis
2537 388 2890 446 ediﬁcandis
2919 391 3239 451 liberaliter
3263 398 3559 468 subvenit,

95 470 229 526 sibi
264 470 643 542 comparavit
675 472 741 531 ⁸⁵,
776 470 850 526 de
882 470 1061 525 rebus
1109 471 1233 525 suis
1287 475 1391 525 500
1444 486 1643 526 marce
1688 471 1795 524 im-
1905 474 1960 523 et
1985 470 2204 528 fundos
2226 491 2434 533 eorum
2466 478 2585 533 fere
2618 481 2960 553 sumptibus
3007 486 3266 557 propriis
3323 504 3566 562 compa-

96 576 309 633 pense
344 565 530 617 sunt:
581 561 850 616 decimas
905 561 1097 616 eciam
1145 561 1299 615 duas
1350 560 1411 615 in
1470 561 1794 616 Dunhuscn

103 650 273 720 (150)
302 649 551 706 ecclesie
583 649 967 705 condonavit.
1005 649 1253 714 Quantis
1277 650 1468 705 eciam
1509 649 1673 704 tectis
1707 665 1797 703 ec-

108 738 303 794 clesie
334 738 700 812 principalis,
736 744 793 795 et
818 738 1070 794 ofﬁcinis
1097 739 1257 793 curie
1286 738 1667 812 episcopalis,
1702 755 1796 793 ex-

110 844 351 901 pensas
382 828 763 900 impcnderit,
797 845 951 900 quas
982 828 1211 884 dirutas
1246 833 1368 884 tam
1400 831 1447 863 ⁸⁵
1478 845 1515 884 a
1540 832 1798 883 vetusta-

116 922 178 973 te
220 934 413 990 quam
444 934 515 973 ex
538 918 912 989 negligencia
943 920 989 951 ⁸⁸
1047 918 1288 987 invenit,
1348 935 1554 973 coram
1608 916 1799 973 omni-

118 1007 245 1061 bus
278 1007 558 1062 elucescit
602 1009 666 1064 ⁸⁷.

674 1116 992 1170 SIFRlllllS
1024 1122 1141 1169 27"“
1176 1116 1242 1168 ⁸⁸.

199 1221 659 1277 Anniversarius
688 1221 883 1277 Sifridi
913 1224 998 1276 27‘
1032 1222 1297 1295 episcopi
1325 1221 1570 1277 ecclesie
1591 1226 1795 1277 nostre

124 1314 185 1365 et
212 1310 323 1365 viri
357 1311 854 1373 mansuetissimi,
887 1311 992 1383 qui
1049 1311 1441 1367 advocaciam
1468 1311 1513 1345 ’9
1567 1311 1629 1366 in
1687 1314 1794 1366 He-

128 1399 485 1456 medesdore
563 1417 742 1474 super
797 1401 1002 1456 omnia
1030 1401 1192 1456 bona
1248 1400 1520 1471 ejusdem
1576 1400 1794 1456 villica-

122 1492 328 1559 tionis,
360 1490 728 1563 ubicumque
760 1492 870 1545 sita
901 1492 1171 1560 sunt,100
1196 1491 1415 1546 marcis
1447 1508 1482 1546 a
1509 1490 1793 1546 fratribus

126 1579 385 1648 Hugone
410 1585 466 1635 et
487 1580 750 1635 Justacio
776 1585 1192 1652 comparatam
1248 1580 1493 1635 ecclesie
1523 1580 1791 1651 contulit,

125 1667 212 1723 ita
242 1667 515 1724 videlicet
541 1672 624 1734 ut,
658 1668 705 1723 si
735 1668 882 1741 quid
902 1668 1133 1723 bonum
1167 1684 1277 1741 pro
1328 1672 1595 1742 tempore
1621 1668 1797 1724 fuerit

125 1761 187 1811 et
241 1757 638 1813 commodum
670 1759 738 1823 9°,
798 1756 1059 1829 capitulo
1114 1757 1186 1814 sit
1245 1758 1383 1813 inde
1426 1757 1682 1813 liberum
1709 1773 1800 1813 or-

124 1846 765 1915 dinare,advocaciam
786 1846 847 1901 in
880 1846 1282 1901 \Vittenburch
1309 1863 1489 1919 super
1510 1847 1799 1903 allodium

126 1939 189 1990 et
218 1939 283 1990 12
313 1938 485 1991 areas
518 1935 597 1991 ab
624 1934 889 1990 Arnoldo
945 1934 1099 1990 laico
1141 1940 1433 2008 emptam,
1492 1952 1604 1993 suo
1655 1940 1800 1991 tem-

127 2040 281 2097 pore
311 2028 368 2079 et
397 2024 702 2080 decimam
730 2024 907 2079 unius
940 2025 1136 2080 mansi
1169 2031 1225 2080 et
1286 2030 1349 2081 12
1403 2042 1681 2082 arearum
1738 2026 1801 2081 in

128 2114 349 2170 eadem
378 2114 521 2169 villa
575 2113 1017 2170 racionabiliter
1068 2119 1482 2187 comparatam
1536 2115 1802 2172 ecclesia:

129 2208 352 2259 nostra;
400 2202 610 2269 dedit;
664 2208 934 2275 preterea
994 2204 1310 2275 quandam
1361 2221 1567 2261 aream
1626 2222 1797 2261 suam

125 2295 303 2364 juxta
345 2291 588 2348 valvam
644 2292 831 2347 sancti
892 2293 1061 2361 Petri,
1112 2309 1229 2365 que
1272 2294 1440 2366 prius
1488 2294 1801 2350 tenebatur

124 2385 265 2454 jure
296 2381 536 2448 feodali,
572 2380 952 2437 claustralcm
984 2382 1121 2437 fecit
1150 2388 1207 2437 et
1232 2382 1391 2438 cnrie
1408 2384 1669 2439 cantoris
1699 2385 1803 2440 ad-

124 2472 289 2544 jecit.
324 2475 486 2527 Duas
515 2471 708 2527 eciam
735 2487 907 2527 areas
946 2472 1005 2527 in
1034 2488 1194 2528 nova
1225 2473 1458 2530 civitate
1514 2474 1797 2547 prepositi

131 2561 348 2632 majori
400 2560 780 2633 prepositura
835 2566 1087 2616 vacante
1142 2562 1220 2616 ad
1274 2578 1454 2617 usum
1511 2579 1799 2635 quorum-

130 2651 277 2707 dam
305 2649 700 2705 luminarium
732 2649 1081 2718 assignavit,
1114 2655 1171 2705 et
1198 2650 1399 2706 locum
1430 2652 1655 2723 piscine
1693 2652 1799 2724 qui

131 2740 334 2796 minus
354 2738 514 2794 utilis
531 2737 658 2807 fuit,
683 2753 872 2810 prope
888 2743 1161 2795 nostrum
1185 2739 1606 2796 dormitorium
1621 2740 1797 2797 nobis

129 2828 313 2883 dedit.
337 2829 588 2882 Parvam
640 2826 821 2881 etiam
863 2841 1066 2881 aream
1117 2831 1173 2881 et
1230 2826 1616 2882 advocaciam
1667 2828 1796 2899 ejus

133 2935 169 2974 a
197 2915 448 2972 Henrico
506 2913 838 2970 camerario
870 2919 927 2969 et
948 2913 1083 2969 ﬁliis
1115 2915 1238 2969 suis
1268 2920 1535 2988 emptam
1583 2921 1794 2972 contn-

127 3007 195 3063 lit
222 3005 300 3061 ad
329 3002 572 3059 stabiles
603 3002 856 3058 vicarias
890 3022 902 3069 ;
936 3002 1143 3058 volens
1173 3004 1366 3059 eciam
1396 3004 1638 3060 ecclesie
1695 3006 1798 3078 pia

128 3092 528 3152 benivolentia
556 3092 892 3171 providere,
925 3108 1224 3148 consensu
1255 3099 1311 3149 et
1355 3094 1602 3151 consilio
1633 3096 1797 3168 capi-
1836 3088 1877 3143 C

130 3182 235 3240 tuli
266 3182 470 3237 statuit
500 3186 563 3237 ut
593 3182 949 3238 advocacias
972 3185 1343 3256 prepositure
1369 3186 1797 3259 majoris,quas

131 3270 476 3345 prepositus
500 3286 661 3325 nunc
692 3275 867 3339 tenet,
909 3276 967 3327 et
1017 3288 1136 3344 que
1184 3274 1580 3345 postmodum
1632 3282 1796 3348 pote-

129 3362 269 3413 runt
301 3373 337 3411 a
366 3354 534 3411 laicis
566 3356 851 3428 expediri,
874 3356 1076 3412 nullus
1101 3375 1519 3415 successorum
1545 3377 1792 3417 suorum

128 3448 225 3503 vel
257 3447 405 3502 alter
460 3445 679 3518 aliquis
732 3445 966 3503 alienat.
1022 3448 1177 3503 Obiit
1214 3454 1417 3505 autem
1472 3455 1610 3523 post
1665 3468 1790 3507 ces-

127 3536 361 3592 sionem
414 3550 589 3590 suam
620 3549 784 3591 anno
813 3534 1243 3591 incarnationis
1273 3537 1574 3593 dominice
1632 3543 1787 3607 1227,

136 3624 329 3698 pridie
383 3623 544 3679 Ydus
570 3622 942 3679 Novembris.
978 3626 1159 3694 Cujus
1187 3625 1393 3682 anima
1418 3642 1526 3699 per
1567 3627 1792 3683 miseri-

124 3711 399 3768 cordiam
426 3711 529 3768 Dei
556 3711 898 3784 requiescat
920 3711 981 3767 in
1010 3728 1179 3785 pace.
1213 3717 1399 3769 Amen
1430 3716 1498 3769 θί.

606 3837 980 3893 CONRADUS
1012 3838 1058 3870 θ’
1090 3840 1210 3892 28υε
1240 3839 1307 3893 9³.

193 3942 657 4001 Anniversarius
701 3943 1061 4000 venerabilis
1111 3944 1342 4000 domini
1391 3946 1647 4002 Conradi
1699 3948 1783 4002 28i

119 4031 374 4089 ecclesie
404 4036 605 4095 nostre
636 4032 923 4103 episcopi,
958 4032 1062 4104 qui
1091 4038 1412 4106 postquam
1441 4034 1695 4090 Parisius
1726 4036 1786 4091 in

115 4124 329 4181 divina
366 4122 593 4194 pagina
621 4122 1001 4178 laudabiliter
1032 4130 1284 4195 rexerat,
1316 4129 1625 4180 etcrucem
1649 4143 1786 4187 con-

1904 559 2073 615 ravit.
2109 562 2376 621 Claustra
2407 567 2586 621 etiam
2608 568 3069 637 Vulvinghusen
3100 574 3248 645 (152)
3279 580 3335 631 et
3396 559 3567 633 Frau-

1906 645 2175 719 kenberg
2222 656 2369 721 (153)
2427 672 2536 710 suo
2592 660 2860 729 tempore
2924 664 3061 714 sunt
3120 668 3481 733 constructa,
3512 672 3569 722 et

1909 735 2229 794 Winhusen
2260 743 2427 814 (134),
2464 745 2557 799 cui
2586 746 2903 802 conventui
2934 748 3249 807 ecclesiam
3291 753 3563 823 ejusdem

1906 824 2037 915 ville
2069 831 2505 899 parrochialem
2535 834 2820 905 attribuit,
2879 842 2935 893 et
2990 838 3277 907 religiosis
3322 844 3566 915 quibus-

1905 911 2049 969 libet
2076 915 2204 972 aliis
2262 920 2451 976 multa
2508 924 2833 981 commoda
2883 926 3122 998 prebuit
3166 934 3223 985 et
3269 911 3561 1004 inpendit,

1906 1004 2226 1075 providens
2257 1009 2678 1067 nichilominus
2738 1030 2811 1069 ne
2843 1014 2903 1070 in
2961 1020 3457 1077 conventualibus
3509 1028 3566 1079 et

1905 1095 2381 1164 parrochialibus
2411 1100 2672 1155 ecclesiis
2698 1101 3175 1175 aliquodvicium
3215 1117 3562 1181 emergeret,

1906 1197 1977 1236 ex
2008 1199 2130 1255 quo
2164 1185 2529 1244 minueretur
2553 1189 2734 1245 decor
2783 1191 3177 1251 ecclesiastice
3237 1198 3560 1269 dignitatis.

1909 1271 2229 1329 Ecclesiam
2251 1292 2495 1349 quoque
2528 1284 2797 1335 nostram
2832 1286 2888 1336 et
2942 1283 3355 1357 episcopatum
3412 1290 3566 1345 sicut

1904 1365 2111 1450 pastor
2137 1365 2425 1436 providus
2448 1372 2504 1422 et
2534 1368 2809 1440 provisor
2865 1370 3119 1441 diligens
3169 1374 3230 1429 in
3261 1378 3563 1450 emptione

1904 1447 2206 1507 bonorum
2245 1457 2299 1509 et
2356 1456 2765 1529 redemptione
2823 1460 3275 1520 advocatiarum
3332 1447 3560 1523 ditavit.

1904 1538 2272 1599 Advocacias
2299 1544 2459 1600 enim
2490 1545 2922 1604 villicationum
2954 1553 3163 1608 Barem
3196 1555 3368 1623 (155),
3422 1558 3565 1613 Bed-

1903 1626 2104 1700 digen,
2139 1631 2464 1702 Eckelsem,
2507 1635 2758 1705 Bultem,
2818 1638 3149 1710 Addencm,
3208 1659 3244 1698 a
3300 1645 3563 1718 capitulo

1839 1732 2127 1790 Bmagna
2187 1737 2426 1778 summa
2475 1724 2726 1795 pecunie
2766 1728 3108 1802 redemptas
3156 1731 3437 1790 fratribus
3485 1736 3564 1792 ad

1906 1808 2279 1878 prehendam
2310 1812 2559 1868 contulit
2584 1813 2902 1872 liberaliter
2940 1823 2997 1874 et
3048 1819 3338 1878 absolute.
3397 1824 3567 1881 Simi-

1906 1893 2036 1950 liter
2065 1897 2457 1956 advocaciam
2482 1918 2517 1957 a
2549 1902 2776 1959 domno
2804 1907 3075 1964 Bertoldo
3096 1909 3171 1965 de
3201 1912 3387 1968 Veteri
3416 1916 3565 1970 Foro

1906 1985 2284 2059 redemptam
2344 1990 2423 2046 ab
2470 1992 2723 2048 ecclesia
2789 1996 3008 2052 montis
3053 2000 3241 2055 sancti
3294 2003 3561 2073 Mauritii,

1908 2074 2105 2131 eidem
2135 2078 2379 2134 ecclesie
2405 2081 2652 2137 contulit
2680 2088 2925 2156 propter
2954 2088 3161 2143 Deum.
3190 2092 3440 2163 Insuper
3466 2093 3569 2148 ad-

1906 2164 2220 2222 vocaciam
2276 2167 2338 2223 in
2396 2169 2542 2224 urbe
2596 2175 2653 2225 et
2704 2171 2765 2226 in
2823 2174 2975 2229 areis
3017 2177 3388 2248 quibusdam
3412 2186 3568 2237 retro

1907 2252 2121 2309 urbem
2150 2256 2273 2311 sitis
2300 2262 2357 2313 et
2384 2258 2648 2330 quedam
2677 2260 2876 2318 ofﬁcia
2900 2262 3294 2323 braxatorum
3321 2285 3357 2323 a
3374 2286 3570 2327 came-

1903 2343 2085 2414 rario,
2118 2349 2174 2400 et
2202 2346 2594 2405 advocaciam
2626 2350 2684 2404 in
2718 2350 2992 2409 Malerten
3023 2370 3060 2411 a
3086 2357 3299 2414 comite
3332 2360 3572 2417 Bernar-

1906 2432 1986 2487 do
2016 2433 2091 2488 de
2124 2436 2488 2507 Spegelberg
2511 2438 2651 2494 data
2680 2441 2937 2511 pecunia
2969 2442 3257 2503 liberavit.
3300 2448 3571 2506 Advoca-

1907 2521 2059 2576 ciam
2093 2523 2285 2578 eciam
2316 2524 2378 2580 in
2410 2526 2823 2585 Honhamelen
2857 2547 2892 2587 a
2924 2531 3152 2589 domno
3205 2537 3572 2595 Theodorico

1904 2609 2092 2666 libero
2123 2618 2365 2669 centum
2395 2617 2774 2687 septuaginta
2824 2621 3042 2676 marcis
3091 2624 3411 2682 examinati
3472 2643 3568 2683 ar-

1906 2700 2066 2769 genti
2093 2701 2364 2771 redemit,
2397 2720 2431 2758 a
2461 2720 2583 2776 quo
2614 2706 2793 2762 etiam
2825 2710 3136 2779 sexaginta
3162 2714 3380 2769 marcis
3413 2732 3566 2788 pon-

1905 2788 2249 2845 deratorum
2281 2791 2669 2849 denariorum
2722 2797 3147 2869 proprietatem
3179 2803 3356 2858 castri
3385 2805 3569 2878 Depe-

1903 2893 2078 2933 nowe
2164 2880 2307 2950 (156)
2375 2884 2768 2954 comparavit.
2834 2890 3181 2946 Avocatiam
3235 2891 3413 2948 etiam
3468 2895 3568 2950 vil-

1904 2964 2196 3021 licationis
2226 2967 2287 3022 in
2338 2970 2705 3027 Hardeshem
2755 2973 2900 3045 (157)
2961 2977 3184 3034 auxilio
3230 2978 3487 3037 litonum
3533 2999 3569 3038 a

1905 3053 2132 3110 domno
2161 3056 2436 3113 Conrado
2468 3057 2541 3114 de
2569 3060 2799 3116 Piscina
2822 3062 3162 3135 quingentis
3189 3072 3247 3124 et
3268 3070 3565 3144 quinqua-

1906 3143 2070 3213 ginta
2094 3142 2258 3199 libris
2288 3145 2673 3204 denariorum
2723 3150 3308 3214 Hildensemensium
3366 3142 3568 3233 acqui-

1906 3232 2057 3288 sivit.
2093 3236 2361 3291 Preterea
2408 3236 2790 3294 medietatem
2844 3240 3186 3300 advocaciie
3243 3246 3303 3302 in
3360 3232 3566 3306 Aulica

1903 3322 2051 3391 (158)
2085 3338 2121 3379 a
2150 3323 2380 3380 domno
2411 3326 2701 3399 Lippoldo
2755 3329 2830 3385 de
2888 3333 3164 3391 Escherte
3208 3337 3351 3392 emit
3398 3355 3566 3395 sexa-

1901 3411 2068 3481 ginta
2097 3412 2365 3485 quinque
2396 3414 2582 3482 libris,
2608 3416 2682 3471 de
2706 3418 2928 3489 quibus
2958 3420 3121 3477 dedit
3159 3426 3565 3496 quadraginta

1899 3498 2103 3567 libras,
2136 3504 2192 3556 et
2220 3518 2331 3573 pro
2362 3508 2428 3557 35
2459 3502 2625 3558 libris
2652 3505 2939 3576 obligavit
2967 3510 3018 3564 ei
3069 3527 3259 3568 unum
3298 3531 3561 3573 vorwer-

1900 3604 2040 3644 cum
2068 3589 2130 3644 in
2161 3590 2386 3645 Rodem
2419 3592 2568 3663 (159)
2609 3598 2663 3649 et
2691 3610 3062 3653 vorwercum
3117 3600 3178 3657 in
3236 3604 3559 3676 Anderten,

1898 3681 1956 3766 et
1984 3676 2202 3733 cedens
2222 3677 2518 3747 obligatos
2549 3680 2803 3754 reliquit.
2851 3685 3258 3758 Dapiferatum
3314 3707 3558 3766 quoque

1897 3765 1974 3821 ab
2006 3768 2253 3822 Ernesto
2283 3767 2553 3839 dapifero
2606 3775 2848 3828 centum
2905 3778 3285 3848 septuaginta
3336 3765 3558 3839 marcis

1897 3855 2059 3925 emit,
2086 3856 2400 3927 presertim
2425 3874 2565 3913 cum
2595 3860 2785 3918 multa
2815 3861 3209 3924 incommoda
3238 3870 3298 3925 in
3330 3872 3555 3929 victua-

1895 3944 2054 4000 libus
2082 3944 2160 4001 ab
2188 3945 2325 4019 ipso
2360 3948 2679 4006 sustineret
2706 3970 2719 4019 ;
2755 3957 2811 4008 et
2836 3955 3249 4015 molendinum
3274 3961 3557 4034 pineerne

1896 4035 2199 4107 preposito
2225 4041 2282 4092 et
2306 4037 2566 4110 capitulo
2595 4045 2799 4097 nostro
2830 4048 2887 4100 et
2909 4045 3128 4103 abbate
3161 4050 3345 4105 sancti
3377 4053 3559 4108 Godc-

1894 4123 2068 4179 hardi
2094 4128 2556 4198 cooperantibus
2590 4132 2733 4186 emit
2760 4140 3000 4189 centum
3041 4139 3343 4207 octoginta
3370 4141 3554 4210 libris,

115 4219 214 4269 tra
241 4211 525 4266 Avienses
558 4211 702 4281 (151)
731 4211 1110 4283 priedicarat,
1145 4217 1495 4284 assumptus
1545 4214 1653 4270 fuit
1707 4215 1785 4271 ad
1894 4217 1951 4268 et
1972 4230 2218 4269 censum
2249 4216 2598 4273 molendino
2632 4238 2740 4273 suo
2768 4222 2841 4276 de
2874 4225 2970 4278 tali
2999 4227 3298 4297 emptione
3332 4246 3558 4284 accres—

113 4300 391 4369 regimen
423 4299 669 4355 ecclesie
697 4305 896 4355 nostre
923 4319 935 4368 ;
962 4300 1064 4356 ubi
1096 4318 1233 4356 cum
1295 4301 1380 4357 vir
1433 4305 1785 4360 venerabilis
1894 4310 2147 4370 centeni,
2168 4305 2638 4362 videlicetunam
2668 4311 3264 4384 plaustratamtritici,
3301 4324 3351 4373 ci
3374 4337 3555 4375 uuam

114 4390 331 4463 spiritu
359 4388 463 4445 Dei
490 4394 809 4458 regeretur,
836 4390 995 4446 circa
1023 4391 1351 4462 spiritualia
1372 4407 1662 4463 magnam
1684 4411 1784 4449 cu-
1821 4437 1865 4491 Ι)
1894 4392 2286 4464 plaustratam
2321 4395 2585 4463 siliginis.
2620 4404 2675 4452 et
2704 4415 2889 4454 unam
2940 4402 3335 4473 plaustratam
3367 4408 3551 4477 ordei,

112 4495 252 4535 ram
281 4477 515 4546 habuit,
546 4483 604 4532 et
631 4482 837 4552 tamen
867 4478 1087 4534 idcirco
1133 4479 1589 4552 dispositionem
1642 4477 1862 4539 ιθω--ν
1892 4480 1970 4537 ad
1998 4481 2466 4539 consolationem
2483 4501 2819 4558 pauperum
2838 4490 3158 4548 scolarium
3181 4495 3363 4551 choro
3383 4497 3555 4554 beate

112 4564 421 4641 poralium
451 4578 577 4618 non
605 4560 884 4632 neglexit.
909 4565 1198 4635 Tempore
1235 4569 1396 4623 enim
1427 4586 1537 4626 suo
1564 4574 1783 4646 recepti
1893 4571 2065 4628 Marie
2095 4571 2343 4642 virginis
2373 4573 2834 4634 deservientium
2877 4581 3209 4652 assignavit
3264 4592 3556 4659 perpetuo

116 4658 263 4711 sunt
286 4653 499 4708 fratres
528 4650 936 4707 Predicatores
970 4651 1240 4721 Minores,
1275 4658 1333 4710 et
1363 4671 1599 4713 sorores
1651 4678 1785 4719 san-
1895 4662 2243 4718 et'donavit.
2276 4665 2739 4723 Conversionem
2792 4669 2972 4727 etiam
3014 4650 3187 4728 beati
3237 4650 3402 4731 Pauli
3458 4678 3558 4748 agi

116 4750 213 4803 cte
240 4742 415 4801 Marie
445 4740 793 4812 Magdalene
821 4740 1175 4814 penitentes,
1218 4743 1442 4816 quibus
1478 4745 1541 4802 in
1598 4749 1784 4807 eccle-
1831 4749 1861 4766 '
1897 4750 2286 4824 solempniter
2314 4752 2583 4825 instituit,
2615 4759 2671 4812 et
2691 4758 2905 4815 eodem
2945 4759 3039 4816 die
3071 4761 3385 4821 karitatem
3415 4740 3555 4823 cum

172 4906 199 4934 λ
1508 4856 1742 4914 νΑΒΙᾸΞ
1783 4858 2179 4915 LECTIONES.

126 4990 159 5042 ὲ
194 4958 387 5042 sugg.
421 4958 944 5042 opmparaverunt.
982 4956 1068 5042 M35
1098 4958 1299 5042 tamep
1330 4975 1380 5015 c.
1461 4961 1508 4994 ⁸⁸
1541 4962 1878 5042 negliencia
1910 4980 1960 5020 c.
2039 4967 2105 5042 “_
2134 4964 2411 5042 elucessit
2439 4984 2489 5025 c.
2568 4970 2614 5005 ⁸⁸
2645 4970 2899 5042 quiescit
2943 4978 3080 5031 ante
3130 4976 3312 5034 altare
3366 4981 3555 5037 sancti

117 5028 281 5109 P_etri
302 5024 353 5109 2'.
512 5024 831 5109 advociam
853 5042 920 5107 ο..
982 5027 1031 5062 ⁰⁰
1060 5028 1386 5109 comedam
1408 5046 1458 5086 c.
1523 5034 1585 5109 _‘_“
1618 5024 1759 5109 Post
1792 5036 1918 5092 haec
1938 5036 2209 5109 sequitur
2233 5038 2346 5109 fol.
2402 5042 2524 5095 145’
2576 5024 3312 5104 mina‘s‘éémTu"X7if."
3334 5024 3557 5109 «VEB;

115 5098 282 5150 deest
312 5108 363 5149 ο.
442 5093 490 5128 9³
519 5094 788 5151 ΧΧἮΙΙω⁸
826 5096 1151 5170 epiSGOpus
1180 5104 1199 5154 1
1235 5098 1346 5155 fuit
1373 5102 1671 5159 excellens
1701 5105 1913 5163 doctor
1934 5106 1996 5162 in
2010 5093 2315 5176 theologia
2343 5113 2396 5165 2.

1731 5224 1953 5279 NOTAE.

216 5317 343 5456 1§0g
381 5319 625 5399 punsea
649 5317 918 5401 prmfect.
953 5322 1303 5378 Lavenstein
1332 5323 1361 5378 ‘?
1973 5331 2119 5456 (155)
2158 5333 2400 5404 Barum,
2434 5334 2800 5409 Beddingen,
2832 5340 3142 5415 Eggelsen,
3167 5345 3422 5415 Bi‘iltum,
3448 5348 3560 5405 Ad-

219 5388 313 5456 151
379 5405 420 5445 1.
453 5403 505 5445 e.
530 5389 903 5456 Albigenses.
1898 5401 1972 5456 de
2001 5418 2123 5456 um.

219 5388 343 5462 151)
379 5388 420 5445 i.
453 5388 903 5462 e._Albfgenses.
1898 5388 2123 5458 delum’.

377 5454 860 5550 ﬂutinghausen
889 5479 927 5520 a
954 5464 1203 5522 meridie
1232 5468 1620 5527 Hannoverae.
1908 5454 2122 5550 “1153)-
2153 5477 2441 5550 pepenau
2465 5480 2802 5550 parrochiae
2840 5484 3171 5544 Stenwede.

223 5525 349 5669 153;
375 5525 682 5589 Goslariae.
1525 5525 1532 5526 ί
1967 5525 2110 5616 (itii)
2152 5525 2427 5603 {1553313.

223 5598 321 5654 154
373 5615 563 5669 prepe
598 5605 841 5661 Gallam.
1970 5615 2110 5669 (158)
2154 5616 2299 5669 Elze.

191 5598 344 5669 (154)
373 5615 563 5672 prepe
598 5605 841 5661 Gallam.
1970 5598 2009 5681 (1
2152 5598 2299 5673 tilica:

1967 5687 2116 5759 (159)
2156 5688 2483 5747 Kirchrode
2511 5708 2700 5768 prope
2728 5697 3049 5758 Anderten.

447 5760 693 5820 Punon.
729 5764 918 5821 cxu.
2511 5760 2532 5765 ”
2625 5760 2644 5768 ’
3045 5789 3141 5847 40'
