3888 6412
472 293 603 348 1259

1608 272 1947 331 APPENDIX
1986 266 2078 322 AD
2119 264 2175 320 S.
2216 264 2717 326 GODEHABDUM.
3790 267 3876 320 ηε

465 415 653 471 ferina
680 412 753 468 de
784 410 1016 466 decima
1040 408 1101 462 in
1130 404 1349 462 Giftene
1380 405 1525 471 (160)
1556 399 1685 453 dari
1714 393 1993 452 fratribus
2014 406 2103 447 or-
2141 391 2188 440 A
2218 391 2545 447 nasterium
2573 399 2847 450 nostrum
2875 399 2964 450 est
2982 393 3156 450 novis
3178 391 3464 449 trabibus
3488 394 3561 445 et
3625 387 3818 457 tignis
3856 407 3876 443 ε

465 503 711 561 dinavit.
767 502 830 555 In
876 493 1308 568 temporalibus
1365 492 1444 545 ita
1497 488 1819 561 prudenter
1866 484 2103 553 agebat,

2210 478 2423 547 tegulis
2477 481 2895 545 instauratum,
2962 489 3019 538 et
3091 478 3587 554 cooperantibus
3637 476 3876 532 ﬁdelium

463 593 627 667 quod
682 589 892 645 nociva
940 565 1210 651 removit,
1266 580 1520 636 alienata
1572 576 1888 646 recollegit,
1940 572 2104 627 utilia
2211 565 2552 624 elemosinis
2585 587 2771 642 cupro
2803 576 3059 626 tectum.’
3102 573 3362 624 Domum
3420 568 3635 622 etiam
3690 568 3876 637 episee

462 662 1040 739 cbnstruxiLTurrim
1056 686 1298 745 quoque
1329 669 1386 723 in
1417 666 1704 738 superiori
1730 668 1922 720 castro
1938 662 2103 716 ψίθ-

459 769 723 837 cenburg
752 782 788 821 a
817 762 1044 819 domno
1069 758 1430 815 Theodorico
1459 757 1531 810 de
1557 755 1829 812 Stockem
1860 767 2099 822 recupe-

2209 655 2408 727 palem
2440 657 3012 725 Hildensemensem,
3042 674 3163 731 que
3202 673 3309 729 per
3361 654 3777 710 stillicidium
3814 656 3876 707 de

2208 750 2452 814 pl‘avata
2482 747 2690 813 fuerat,
2724 748 2898 803 bonis
2921 746 3223 802 asseribus
3251 745 3369 814 tegi
3410 743 3595 799 fecit.
3624 743 3766 798 Biis
3790 760 3876 797 om

457 858 625 921 ravi‘t,
659 832 716 911 et
744 852 1000 909 eandem
1032 844 1109 904 ad
1160 863 1348 903 unam
1396 846 1645 900 domum
1696 841 1993 909 exaltavit,
2046 844 2100 895 et
2205 833 2385 889 nibus
2408 835 2649 891 feliciter
2672 838 2946 907 peractis,
2980 852 3117 890 cum
3155 851 3216 889 se
3264 832 3778 890 insufﬁcientem
3828 848 3876 886 at

455 946 836 1003 mansionem
859 939 1119 1013 episcopi
1173 934 1530 1002 emendavit,
1581 932 1800 1004 pulcris
1854 929 2097 986 ediﬁciis

456 1038 608 1093 sicut
632 1034 835 1106 liquet.
877 1033 1129 1087 Montem
1156 1026 1331 1081 etiam
1362 1027 1745 1078 Bawarorum
1773 1020 1832 1075 in
1884 1019 2094 1075 eodem

456 1130 672 1187 castro,
705 1126 759 1177 et
785 1116 1156 1175 advocatiam
1186 1113 1544 1174 Hildenscm,
1595 1115 1650 1165 et
1676 1106 2091 1164 villicationem

453 1217 512 1272 in
536 1214 770 1269 Clowen
799 1208 946 1279 (161)
975 1206 1084 1261 illis
1114 1204 1186 1259 de
1208 1203 1480 1257 Esclierte
1520 1201 1732 1268 injuste
1756 1198 2097 1271 occupanti-

451 1305 565 1360 bus
595 1297 908 1373 expedivit.
940 1294 1210 1349 Castrum
1234 1297 1290 1346 et
1308 1290 1595 1345 civitatem
1624 1287 1916 1343 Bosendal
1950 1288 2092 1356 (162)

451 1386 775 1447 construxit
796 1390 850 1440 ct
878 1382 1147 1447 munivit,
1183 1380 1259 1435 ad
1286 1379 1456 1448 cujus
1514 1376 1877 1448 emptionem
1929 1373 2091 1428 ediﬁ-

449 1481 764 1544 eationem,
793 1480 849 1531 et
868 1470 1199 1529 obsidionis
1222 1467 1633 1523 liberationem
1680 1480 1789 1520 nec
1840 1479 1958 1519 non
2013 1463 2090 1518 ad

446 1556 639 1642 Peyne
666 1567 809 1637 (163)
840 1560 1086 1618 civitatis
1113 1555 1490 1615 obsidionem
1547 1553 1826 1627 expendit
1855 1554 2090 1607 monete

448 1653 943 1716 llildensemensis
999 1653 1131 1705 octo
1183 1647 1346 1703 milia
1404 1645 1778 1700 talentorum.
1854 1642 2087 1696 Turrim

444 1746 754 1822 quandam
787 1739 1130 1799 Scherstede
1161 1737 1304 1807 (164)
1336 1735 1397 1790 in
1414 1750 1553 1790 area
1580 1748 1688 1787 sua
1708 1732 1922 1802 injuste
1954 1746 2090 1822 con-

447 1820 727 1894 structam
753 1830 932 1887 diruit
958 1826 1196 1902 penitus
1228 1829 1282 1880 et
1308 1822 1613 1880 destruxit.
1658 1824 1907 1876 Emnam
1936 1820 2084 1889 (165)

443 1925 740 1982 civitatem
768 1918 1056 1976 obsidens
1090 1914 1264 1986 coepit
1294 1919 1349 1968 et
1375 1916 1611 1983 captam
1642 1908 1947 1965 destruxit.
2007 1907 2085 1961 Si-

444 2014 656 2071 militer
680 2009 942 2067 Insulam
976 2006 1119 2076 (166)
1169 2007 1430 2059 castrum
1461 2000 1624 2073 apud
1652 2004 1920 2056 nostram
1953 1996 2087 2052 civi-

441 2109 624 2160 tatem
655 2101 856 2164 situm,
873 2097 933 2151 in
960 2112 1081 2167 quo
1102 2092 1419 2148 violatores
1439 2090 1604 2163 pacis
1631 2105 1692 2144 se
1718 2090 2081 2160 receperant,

443 2187 809 2265 expugnavit
835 2191 891 2240 et
910 2182 1214 2240 destruxit.
1246 2179 1460 2235 Videris
1499 2178 1675 2234 etiam
1727 2175 2002 2245 angarias
2032 2179 2087 2230 et

444 2277 863 2352 oppressiones
908 2272 1229 2327 liberorum
1289 2267 1534 2323 minoris
1597 2265 1841 2321 comicie
1912 2265 2085 2335 juxta

442 2365 742 2429 Nortwolt,
775 2361 916 2418 emit
936 2358 1189 2416 eandem
1215 2372 1250 2412 a
1279 2355 1491 2412 comite
1549 2353 1824 2409 Conrado
1876 2353 1950 2408 de
1984 2356 2081 2407 Le-

444 2454 681 2512 wenrod
718 2454 866 2522 (167)
927 2446 1229 2504 trescentis
1283 2446 1583 2512 octoginta
1630 2442 1796 2497 libris
1848 2446 2083 2498 monete

441 2539 960 2600 Hildensemensis.
994 2535 1257 2592 Tandem
1287 2533 1508 2589 ultimis
1532 2531 1743 2587 diebus
1777 2532 1906 2585 suis
1946 2547 2084 2586 con-

444 2634 711 2690 siderans
735 2625 1067 2703 periculum
1084 2630 1140 2680 et
1168 2637 1489 2694 gravamen
1518 2619 1951 2675 transeuntium
1984 2622 2085 2674 Po-

441 2722 733 2797 penburg,
766 2716 907 2772 emit
934 2718 1165 2788 partem
1190 2711 1461 2783 ejusdem
1494 2708 1670 2764 castri
1696 2707 1966 2797 ducentis
1996 2707 2082 2761 vi-

443 2795 587 2881 ginti
613 2808 798 2874 libris,
830 2810 886 2860 et
914 2803 1207 2859 minorem
1264 2799 1468 2855 turrim
1525 2798 1733 2852 decem
1787 2795 1969 2863 libris,
2030 2800 2085 2851 et

442 2896 737 2955 ediﬁcavit
761 2893 841 2950 ibi
871 2891 1250 2947 mansionem
1295 2903 1430 2942 cum
1475 2884 1728 2940 ofﬁcinis
1783 2884 1904 2939 suis
1942 2899 2082 2939 con-

445 2990 700 3042 stantem
722 2983 841 3038 fere
873 2983 1111 3035 centum
1138 2976 1344 3044 libras,
1375 2990 1483 3029 nec
1515 2973 1745 3027 sinebat
1771 2988 1923 3027 nova
1944 2972 2085 3027 telo.

443 3075 545 3132 nia
574 3071 813 3136 institui,
843 3067 1002 3123 unde
1034 3066 1287 3121 viatores
1308 3063 1495 3118 solent
1522 3061 1778 3116 indebite
1812 3060 2087 3116 molesta-

444 3163 511 3219 ri.
543 3163 813 3215 Ceterum
844 3155 1221 3211 medietatem
1278 3150 1585 3207 advocatie
1636 3150 1695 3204 in
1742 3149 2084 3205 Sclierstede

450 3251 595 3322 (168)
623 3247 763 3303 emit
794 3242 1082 3299 sexcentis
1112 3239 1548 3313 quinquaginta
1580 3238 1761 3303 libris,
1814 3243 1870 3293 et
1926 3238 2085 3293 ediﬁ-

445 3336 597 3394 cavit
624 3334 701 3390 ibi
726 3336 987 3388 castrum
1019 3327 1283 3384 onerosis
1314 3325 1649 3398 sumptibus
1680 3330 1735 3379 et
1786 3326 2082 3396 expensis,

446 3443 555 3500 pro
571 3423 791 3497 quibus
819 3419 1081 3492 quedam
1101 3416 1265 3471 bona
1289 3414 1368 3469 ad
1388 3413 1788 3486 episcopalem
1813 3430 2085 3469 mensam

444 3510 810 3588 pertinencia
861 3505 1163 3576 obligavit,
1221 3508 1276 3558 et
1309 3502 1569 3572 obligata
1619 3501 1851 3574 reliquit
1904 3504 1970 3557 9‘.
2020 3508 2085 3558 ln

445 3618 629 3661 causa
658 3613 898 3673 quoque
924 3592 1307 3652 Goslariensis
1355 3590 1596 3646 ecclesie
1649 3591 1928 3664 expendit
1956 3608 2087 3647 exa-

444 3690 651 3749 minati
682 3686 910 3759 argenti
940 3685 1230 3740 ducentas
1259 3696 1515 3748 marcas,
1572 3686 1625 3735 et
1655 3681 1715 3735 in
1744 3681 1938 3751 ﬁgura
1988 3682 2086 3753 ju-

447 3780 585 3837 dicii
606 3793 713 3852 per
740 3774 1034 3846 legitimas
1079 3769 1461 3844 probationes
1487 3768 1741 3824 obtinuit
1768 3769 1934 3842 quod
1989 3785 2087 3826 ea-

449 3868 587 3925 dem
618 3864 864 3922 ecclesia
890 3860 1158 3931 subjecta
1187 3857 1293 3913 erit
1324 3856 1383 3912 in
1415 3855 1775 3929 spirit-ilibus
1805 3857 2090 3932 episcopo

451 3950 942 4011 Hildensemensi.
974 3949 1168 4003 Preter
1203 3947 1313 4001 hec
1356 3946 1560 4001 omnia
1617 3944 1901 4001 diocesim
1957 3961 2090 4002 nos-

452 4050 607 4101 tram
636 4058 672 4098 a
696 4032 1067 4112 jurisditione
1097 4034 1370 4104 ducatus,
1421 4049 1607 4106 quam
1652 4032 2091 4104 jurisditionem

453 4133 713 4189 domnus
743 4130 872 4184 Otto
928 4124 1051 4180 dux
1105 4121 1587 4179 Brunesvicensis
1644 4120 1755 4176 sibi
1801 4138 2091 4196 usurpare

454 4236 658 4277 coram
684 4216 912 4273 domno
938 4213 1295 4286 imperatore
1326 4214 1382 4266 et
1405 4208 1773 4282 principibus
1820 4209 1881 4264 in
1930 4211 2091 4266 curia

453 4306 747 4380 solempni
762 4302 922 4377 apud
944 4296 1687 4371 Magunciam,intendebat
1708 4297 1828 4367 (an.
1869 4298 1999 4355 1235
2019 4300 2089 4371 ‘2),

2204 924 2468 993 regimen
2506 926 2750 981 ecclesie
2776 930 3098 998 reputaret,
3144 929 3272 980 tum
3329 926 3612 995 propter
3636 921 3876 986 senium

2204 1017 2327 1067 tum
2349 1018 2590 1085 propter
2619 1030 2836 1069 scisma
2860 1014 3024 1085 quod
3052 1013 3162 1068 fuit
3185 1014 3339 1067 inter
3361 1011 3602 1066 sedem
3667 1016 3876 1082 aposto

2200 1099 2378 1155 licam
2409 1108 2462 1157 et
2521 1102 2859 1174 imperium,
2920 1102 3003 1157 ab
3036 1101 3228 1156 electo
3270 1100 3689 1156 Ferrariense
3770 1104 3875 1153 tum

2202 1190 2248 1223 9⁵
2292 1190 2618 1261 apostolice
2675 1190 2832 1245 sedis
2904 1190 3103 1258 legato
3152 1190 3513 1245 cessionem
3578 1188 3802 1259 petin't
3841 1202 3876 1241 ei

2199 1278 2471 1345 obtinuit,
2511 1279 2728 1334 cedens
2772 1278 2906 1334 loco
2953 1294 3075 1333 non
3124 1278 3426 1346 dignitati.
3492 1280 3875 1347 lioratusqm-

2198 1368 2365 1438 apud
2418 1368 2625 1423 fratres
2680 1367 3084 1423 Predicatores
3147 1366 3579 1438 aliquamdiu,
3654 1373 3875 1438 propter

2197 1454 2559 1510 discordiam
2586 1460 2851 1527 tempore
2882 1454 3184 1511 electionis
3242 1455 3300 1509 in
3364 1453 3653 1509 ecclesia
3694 1460 3875 1511 ηοδιιῑι

2195 1548 2419 1599 motam
2452 1544 2745 1600 civitatem
2766 1548 3033 1600 nostram
3064 1542 3788 1614 relinquens,profectus
3812 1554 3876 1596 est

2196 1634 2636 1702 Schonowiam,
2680 1633 2880 1689 ubiad
2910 1632 3230 1690 Dominum
3276 1632 3583 1701 migrans
3646 1632 3876 1689 feliciter

2128 1729 2168 1781 Β
2196 1720 2525 1792 requiescit.
2561 1721 2724 1777 Rexit
2752 1726 2953 1777 autem
2980 1720 3298 1777 ecclesiam
3334 1727 3649 1777 nostram
3692 1726 3761 1776 Ξῖ
3790 1738 3870 1777 aa-

2192 1808 2304 1875 nis,
2358 1814 2417 1864 et
2440 1815 2583 1881 post
2628 1810 2959 1865 cessionem
3010 1826 3187 1865 suam
3230 1810 3294 1864 in
3334 1809 3547 1866 ternio
3596 1826 3779 1866 anno
3806 1812 3867 1865 ts.

2194 1897 2494 1954 Kalendas
2516 1898 2800 1967 Januarii,
2828 1898 2977 1955 obiit
2996 1913 3166 1955 anno
3192 1898 3445 1955 Domini
3489 1900 3645 1957 124⁵9
3680 1901 3752 1952 ⁸⁵.

2705 2037 3077 2095 HEINBICUS
3110 2039 3156 2073 ’7
3181 2038 3305 2093 29ιω
3321 2080 3333 2091 .

2264 2163 2402 2219 Post
2423 2163 2756 2218 cessionem
2779 2162 3136 2219 venerabilis
3160 2162 3354 2235 patris
3384 2179 3465 2225 ac
3486 2162 3751 2225 domini
3772 2165 3872 2235 epi-

2193 2253 2358 2324 scopi
2384 2252 2663 2322 Conradi,
2691 2252 2953 2307 domnus
2984 2252 3293 2308 Heinricus
3316 2251 3871 2323 Hylhegunstadea-

2194 2341 2275 2395 sis
2305 2340 2547 2397 ecclesie
2573 2340 2913 2412 prepositus
2941 2339 3003 2394 in
3035 2339 3396 2413 episcopum
3448 2346 3765 2397 nostrum
3788 2342 3868 2395 eli—

2192 2429 2366 2499 gitur,
2396 2430 2503 2485 sed
2530 2428 2850 2501 postulatio
2879 2429 3039 2485 facta
3090 2428 3168 2484 de
3223 2430 3470 2485 domno
3522 2432 3866 2489 ﬂammeum

2194 2519 2380 2575 sancti
2405 2518 2633 2589 Cyriaci
2661 2518 2722 2572 in
2752 2517 3095 2573 Brunswihc
3134 2517 3456 2589 preposito
3512 2518 3865 2574 electionem

2190 2608 2380 2680 ipsius
2408 2606 2808 2678 multipliciter
2828 2606 3220 2677 perturbavit,
3247 2606 3409 2662 adeo
3442 2611 3519 2662 ut
3541 2623 3586 2663 a
3621 2622 3768 2676 rege
3804 2608 3867 2660 in-

2190 2696 2457 2762 vestitus,
2491 2695 2569 2752 ab
2597 2693 3048 2765 archiepiscopo
3076 2693 3509 2764 conﬁrmatus,
3546 2696 3867 2767 possessio—

2191 2802 2330 2842 nem
2359 2785 2623 2858 quietam
2643 2789 2864 2840 nostrae
2908 2784 3159 2841 civitatis
3186 2783 3419 2840 habere
3476 2801 3625 2841 non
3657 2794 3865 2858 posset.

2191 2880 2248 2932 et
2276 2873 2558 2931 omnibus
2588 2872 2795 2928 castris
2821 2872 3067 2928 ecclesia
3097 2878 3155 2929 et
3182 2873 3432 2945 oppidis
3475 2874 3570 2931 ab
3606 2875 3865 2931 adversa-

2191 2964 2277 3019 rio
2301 2979 2409 3018 suo
2438 2962 2767 3033 occupatis,
2801 2966 3048 3033 excepto
3079 2961 3520 3030 Vincemburg,
3560 2963 3657 3019 ad
3700 2964 3863 3033 repn-

2127 3072 2166 3125 C
2198 3053 2448 3109 mendas
2476 3067 2618 3107 suas
2650 3068 2719 3106 ac
2749 3066 2997 3106 suorum
3028 3051 3280 3121 injurias
3306 3051 3395 3106 ad
3427 3052 3763 3109 domuum
3788 3068 3866 3124 pt-

2192 3159 2336 3215 pam
2366 3140 2774 3197 Innocentium
2804 3145 3110 3211 quartum,
3128 3140 3239 3212 qui
3258 3145 3412 3196 tunc
3442 3143 3753 3210 Lugduni
3772 3158 3869 3196 me

2194 3232 2460 3296 rabatur,
2495 3229 2740 3285 accessit
2767 3247 2779 3293 ;
2810 3244 2922 3300 pro
2953 3229 3125 3298 ciijus
3157 3234 3396 3284 mature
3456 3245 3749 3301 persona
3802 3248 3868 3285 re-

2193 3320 2458 3376 verentia
2480 3335 2589 3375 nec
2612 3335 2738 3373 non
2778 3317 2971 3374 Sifridi
3014 3318 3349 3386 Maguntini
3420 3319 3866 3393 archiepiscop;

2195 3427 2441 3483 precum
2481 3407 2761 3464 instantia
2796 3406 2936 3462 licet
2992 3407 3055 3462 in
3103 3406 3407 3479 principio
3460 3409 3570 3463 sui
3606 3410 3869 3466 introitu~

2194 3499 2458 3554 domnus
2480 3511 2642 3569 papa
2659 3500 2716 3551 et
2737 3498 2856 3551 tota
2880 3494 3046 3550 curia
3065 3494 3226 3551 circa
3247 3511 3395 3555 eum
3424 3494 3724 3568 benigne
3762 3514 3867 3554 mo-

2196 3591 2491 3655 verentur,
2543 3590 2743 3640 tamen
2800 3581 2975 3638 variis
3022 3582 3488 3652 sugesﬁonibns
3534 3586 3869 3643 multum}:

2196 3675 2488 3731 nobilium
2520 3673 2854 3729 amicorum
2876 3671 3024 3727 dicti
3050 3672 3359 3743 postulati,
3396 3675 3749 3743 negotium
3772 3677 3867 3746 jar:

2197 3765 2337 3820 dicti
2361 3761 2629 3836 episcopi
2657 3761 2878 3818 mansit
2919 3775 3027 3833 per
3076 3776 3310 3817 annum
3364 3766 3426 3817 et
3486 3764 3780 3837 amplius
3826 3764 3865 3816 in

2199 3868 2509 3927 suspenso.
2555 3849 2818 3907 Tandem
2873 3848 3202 3905 venerabili
3256 3855 3433 3922 patre
3487 3867 3573 3908 ac
3643 3854 3866 3910 domine

2196 3942 2653 4016 Argen'tenensis
2677 3939 2924 3997 ecclesia
2955 3939 3243 4012 episcopo
3273 3946 3665 4000 exsecutore
3693 3945 3865 4000 obten-

2199 4036 2278 4103 to,
2306 4048 2445 4089 cum
2474 4029 2674 4086 multis
2700 4027 2905 4099 gratiis
2928 4043 2966 4084 a
2998 4027 3140 4084 sede
3182 4029 3544 4100 apostolica
3566 4032 3697 4088 sibi
3726 4032 3865 4088 colla-

2196 4121 2289 4189 tis,
2318 4136 2353 4177 a
2383 4120 2608 4176 domno
2636 4132 2799 4190 papa
2820 4115 3152 4172 honoriﬁce
3183 4120 3273 4172 est
3318 4116 3675 4177 dimissus.
3732 4121 3865 4175 Doni

2198 4226 2313 4265 nus
2342 4224 2484 4264 vero
2514 4204 2991 4277 Argentenensis,
3024 4204 3587 4277 quemadmodum
3620 4211 3692 4267 in
3730 4224 3864 4267 man-

2198 4298 2349 4355 datis
2378 4299 2700 4369 receperat,
2728 4292 3150 4367 prenominato
3208 4293 3523 4367 episcopo
3576 4316 3730 4356 cum
3754 4298 3862 4369 jure

452 4396 774 4472 prudenter
799 4390 1088 4460 liberavit,
1118 4388 1343 4444 ibidem
1368 4401 1514 4441 voce
1564 4385 1805 4458 publica
1859 4392 2087 4460 protes-
2127 4412 2172 4467 ι)
2197 4387 2433 4460 justicia
2454 4384 2732 4441 universa
2759 4398 2829 4438 ac
2860 4380 3095 4472 singula
3124 4381 3552 4453 redintegrari
3604 4386 3862 4461 precepit

450 4492 584 4545 tans
615 4498 817 4541 coram
846 4479 1151 4546 omnibus,
1198 4474 1739 4531 Hildensemensem
1787 4476 2090 4551 episcopa-

449 4579 578 4632 tum
606 4571 826 4629 nullius
856 4565 1143 4634 dominio,
1170 4563 1389 4620 nullius
1419 4562 1681 4634 ducatui,
1704 4568 2089 4638 preterquam

450 4665 634 4721 solius
654 4658 923 4735 episcopi
942 4656 1250 4727 subjacere
1279 4672 1292 4711 :
1325 4658 1381 4710 et
1408 4653 1522 4709 hoc
1553 4652 1660 4708 fuit
1694 4652 1772 4708 ab
1802 4654 2090 4709 universis

448 4751 819 4827 principibus
849 4744 1271 4820 approbatum.
1320 4740 1585 4809 Quatuor
1628 4740 1807 4797 etiam
1859 4740 2090 4798 vicibus

449 4845 704 4902 existens
733 4840 1049 4914 cpiscopus
1092 4835 1153 4891 in
1205 4834 1444 4904 negotio
1501 4832 1692 4888 crucis
1739 4836 1796 4886 et
1845 4832 2091 4888 ecclesia

446 4935 712 4989 Romane
743 4934 797 4984 et
824 4924 1062 5001 proprie
1088 4922 1266 4995 Alpes
1286 4920 1557 4977 transivit
1610 4918 1848 4987 magnis
1878 4918 2094 4975 labori-

444 5020 562 5078 bus
594 5026 649 5076 et
679 5015 971 5091 expensis.
1030 5014 1109 5067 Ex
1157 5010 1530 5082 promotione
1570 5005 1748 5062 etiam
1803 5020 1911 5062 sua
1966 5022 2092 5064 mo-

1812 5095 2037 5151 VARIIE
2064 5094 2472 5151 “LECTIONES.

1539 5166 1585 5199 9‘3
1618 5166 1698 5218 ita
1751 5166 1970 5233 legitur
1992 5182 2014 5233 ,·
2038 5168 2290 5224 minime
2318 5181 2476 5220 nunc
2506 5169 2569 5218 ut
2622 5160 2946 5217 Leibnitius
2975 5158 3207 5233 ξιξνέρίέτ

519 5182 565 5213 9‘
594 5181 739 5233 Haec
754 5179 885 5245 jam
913 5185 1099 5245 supra
1133 5170 1431 5236 leguntur.

2198 4490 2447 4533 suarum
2485 4472 2913 4530 sententiarum
2938 4470 3146 4529 hanno
3172 4472 3699 4532 contradictores
3724 4493 3790 4531 ac
3810 4490 3867 4528 η.

2192 4566 2379 4623 belles
2409 4553 2924 4634 compescendo.A
2952 4556 3125 4625 cujus
3156 4557 3487 4614 sententiis
3556 4564 3867 4621 adversar;

2198 4651 2590 4726 appellantes,
2610 4647 3099 4719 procuraverant
3124 4649 3332 4715 partes
3362 4647 3449 4702 ad
3508 4655 3862 4724 presenti”:

2197 4740 2572 4812 domnipape
2588 4734 2782 4791 scitari
2797 4752 2811 4802 ;
2840 4732 2946 4789 ubi
2954 4731 3263 4805 postulato
3276 4740 3728 4806 personaliter
3743 4759 3863 4799 cum.

2197 4822 2952 4903 parente,procuratoribus
2968 4837 3108 4893 sepe
3120 4821 3263 4878 dicti
3278 4823 3585 4901 episcopi
3600 4834 3788 4890 etiam
3801 4849 3860 4886 8.:-

2199 4917 2481 4985 tantibus,
2505 4913 2770 4987 pret‘atus
2788 4909 3139 4983 postulatus
3154 4909 3245 4966 ~de
3269 4927 3381 4967 ore
3446 4916 3695 4978 domi
3725 4936 3857 4995 pgpe,

2200 5022 2337 5062 cum
2361 5003 2589 5060 silentio
2602 4999 3035 5071 sibiimposito,
3060 4999 3547 5071 supermelosia
3569 5009 3861 5075 Hyldeng}.

3318 5160 3371 5192 9°
3405 5162 3807 5220 MCCXLV’HI.
3829 5164 3854 5211 ἐι

446 5227 731 5319 Sequitur
754 5227 1125 5302 witherwu'alia
1150 5227 1382 5302 "ianus,
1411 5236 1618 5293 saeculi
1648 5235 1769 5288 XII
1774 5237 1800 5288 Ι
1806 5227 2021 5292 ἠιθιλὶῗ.
2100 5238 2146 5272 υτ
2180 5237 2465 5292 Henricus
2487 5233 2797 5301 inscriptio
2823 5229 3033 5285 saeculi
3059 5227 3225 5284 XIV.

2024 5325 2250 5381 NOTAE.

545 5406 665 5461 160)
705 5402 909 5459 Giften.

543 5472 659 5531 1611
702 5472 939 5529 Clauen.

544 5541 664 5613 162)
707 5541 1040 5613 Rogsenthal.

540 5610 665 5679 163)
706 5610 900 5669 Peina.

513 5681 657 5759 (164)
702 5681 977 5738 Sarstedt.

2264 5395 2411 5467 (165)
2444 5393 2631 5467 .deie
2657 5394 2895 5467 διὀξιξιιξ
2916 5403 3011 5467 2::-
3031 5385 3185 5467 iefl'a
3209 5386 3279 5467 in
3294 5390 3626 5467 episcono
3874 5388 3875 5393 ‘

2265 5409 2411 5465 (ius)
2454 5409 2631 5448 uouie
2657 5409 2895 5459 bronau
2921 5409 2934 5455 ;
2960 5409 3011 5442 V.
3031 5409 3185 5443 intra
3216 5409 3279 5447 in
3294 5409 3529 5467 qpisco
3652 5409 3725 5451 si

2265 5465 2411 5535 (166)
2444 5462 2711 5530 'Werder,
2737 5459 2841 5535 ubi
2877 5458 3014 5535 1660
3037 5456 3378 5535 claustrum
3409 5409 3725 5535 ωαξης.

2265 5530 2385 5606 (167
2395 5530 2411 5672 ζ
2450 5530 2792 5590 Lauenrode
2818 5533 3102 5598 castrum,
3133 5530 3530 5591 Hannoverae
3550 5531 3843 5604 obj‘erius.

2267 5608 2394 5672 (168
2452 5602 2730 5661 Sarstedt.
