3888 6484
491 312 628 368 1263

1630 317 1973 372 APPENDIX
2010 315 2104 369 AD
2153 311 2211 367 S.
2252 313 2751 375 GODEHARDUM.
3802 321 3844 378 ll

483 438 732 492 conatus
770 436 1016 493 ecclesia
1042 441 1245 495 nostra
1294 453 1400 510 per
1441 438 1641 511 plures
1687 455 1878 497 annos
1909 445 2031 495 tam
2062 438 2123 494 in
2158 438 2205 490 Α
2234 435 2535 508 piscatura
2564 445 2621 496 et
2649 445 2681 496 9
2710 442 2937 499 mansis
2965 441 3267 515 predictis,
3302 458 3421 514 pro
3482 444 3674 497 certo
3722 448 3774 497 et
3796 462 3843 501 cc

482 525 889 597 spiritualibus
917 542 1103 598 quam
1154 526 1215 581 in
1264 527 1694 599 temporalibus
1735 529 2119 599 gubernatur.

483 614 706 669 lndicto
733 629 870 669 vero
901 613 1148 669 concilio
1172 615 1336 687 apud
1363 617 1721 686 Lugdunum
1747 634 1783 674 a
1810 634 1972 691 papa
1993 620 2124 674 Gre-

482 701 645 771 gorio
674 704 734 768 Χ,
758 706 896 756 tunc
929 702 1191 773 primum
1222 719 1292 759 eo
1322 703 1382 759 in
1412 705 1785 777 dyaconatus
1814 713 1871 763 et
1893 707 2121 780 presbi-

478 792 698 845 teratus
729 789 969 845 ordines
994 795 1289 862 promoto,
1322 808 1460 849 cum
1490 794 1617 849 aliis
1643 796 2011 868 coepiscopis
2043 796 2122 852 ad

476 877 793 935 concilium
837 878 1229 952 proﬁciscitur
1277 886 1397 949 (an.
1431 885 1609 950 127-1),
1640 883 1841 957 ibique
1878 889 2121 958 propter

473 968 755 1023 noticiam
805 968 897 1023 sui
946 969 1176 1039 generis
1222 986 1258 1026 a
1298 986 1458 1043 papa
1487 971 1745 1043 benigne
1777 974 2116 1046 suscipitur,

476 1061 533 1113 et
572 1058 646 1113 de
695 1057 979 1114 mandato
1023 1075 1177 1131 pape
1216 1075 1252 1115 a
1279 1060 1606 1117 reverendo
1649 1066 1816 1133 patre
1842 1066 2118 1120 Wernero

477 1148 922 1220 archiepiscopo
977 1148 1315 1217 Moguntino
1365 1149 1588 1206 ibidem
1644 1152 1706 1207 in
1769 1152 2118 1226 episcOpum

475 1241 886 1303 consecratur;
917 1252 1039 1308 quo
1058 1252 1296 1293 reverso
1326 1254 1634 1311 prospere,
1666 1241 2006 1313 pontiﬁcale
2035 1242 2118 1298 of-

471 1325 675 1380 ﬁcium
705 1330 791 1380 est
836 1329 1014 1396 prout
1060 1326 1269 1381 melius
1317 1328 1508 1400 potuit
1536 1344 1640 1403 pre
1670 1328 1919 1386 diversis
1947 1347 2118 1388 occu-

470 1413 813 1486 pationibus
843 1417 1142 1469 executus.
1179 1414 1279 1469 Hic
1307 1415 1593 1473 nimirum
1639 1417 1718 1474 ab
1753 1434 1825 1475 eo
1848 1423 2116 1492 tempore

471 1519 592 1574 quo
634 1506 901 1558 nostram
941 1502 1252 1559 ecclesiam
1280 1504 1542 1576 suscepit
1570 1507 1895 1576 regendam
1925 1524 2115 1581 usque

468 1590 529 1645 in
559 1591 740 1646 ﬁnem
765 1591 882 1646 vite
908 1607 1011 1646 sue
1036 1590 1228 1647 zelum
1259 1591 1359 1647 Dei
1384 1593 1461 1647 ad
1487 1594 1798 1650 ecclesiam
1817 1595 2114 1668 optinens,

469 1694 604 1734 eam
654 1695 765 1752 pro
796 1678 1018 1735 viribus
1066 1679 1342 1735 extollere
1390 1681 1631 1749 studuit,
1662 1681 1827 1739 bona
1852 1684 2116 1756 quedam

2234 525 2434 583 stituto
2460 530 2679 600 precio,
2712 532 2986 588 videlicet
3021 548 3131 606 pro
3161 531 3475 597 trecentis,
3513 530 3844 604 quinquagm

2231 617 2290 669 ta
2316 617 2555 684 marcis,
2585 619 2854 676 manebit
2876 620 3123 677 ecclesie
3150 639 3163 688 ;
3217 621 3292 675 de
3326 619 3587 692 quibus
3642 621 3843 693 quinqu:

2230 702 2394 771 ginta
2424 722 2623 762 marce
2649 708 2779 779 jam
2810 724 2916 781 per
2946 710 3300 783 episcopum
3333 712 3491 764 sunt
3527 707 3760 764 solute.
3788 716 3844 767 [te

2230 789 2517 848 allodium
2548 796 2765 850 Veteris
2794 796 2927 851 ville
2981 801 3116 852 ante
3167 796 3541 852 Hildensem
3603 795 3844 853 alienata:

2228 894 2338 951 pro
2368 883 2669 951 octoginta
2717 884 2953 941 talentis
2998 887 3406 958 recuperavit.
3448 887 3757 941 Castrum
3782 891 3843 941 Μ

2227 968 2526 1040 denberge
2558 989 2696 1028 cum
2722 973 3005 1043 indagine
3030 975 3205 1030 castri
3240 978 3497 1029 tantum
3530 990 3575 1030 a
3609 976 3686 1009 ¹⁰⁸
3718 986 3844 1031 comit

2224 1055 2340 1111 bus
2370 1055 2444 1112 de
2459 1059 2943 1130 Wodlenberghe
2960 1075 3070 1132 pro
3095 1060 3256 1117 mille
3277 1061 3675 1133 quingentis
3699 1064 3843 1117 mani

2226 1144 2392 1216 quod
2417 1145 2478 1201 in
2504 1153 2669 1219 parte
2692 1148 2936 1204 australi
2958 1150 3196 1219 magnis
3208 1149 3412 1205 eciam
3438 1150 3844 1223 sumptibusp:

2224 1236 2391 1304 parte
2434 1237 2705 1291 muravit.
2739 1236 3038 1291 Allodium
3091 1237 3165 1292 ad
3222 1237 3355 1293 Rod
3403 1239 3611 1308 juxta
3645 1239 3844 1293 VVolder

2222 1320 2403 1392 berge
2424 1327 2481 1378 et
2502 1328 2744 1395 pratum
2769 1330 2966 1380 castro
2988 1326 3275 1397 adjacens
3300 1340 3421 1398 pro
3440 1331 3525 1382 7O
3544 1328 3775 1383 marcis
3790 1348 3799 1391 ;
3814 1330 3844 1382 vi

2222 1410 2558 1467 licationem
2584 1413 2967 1486 Holle,quam
2995 1414 3330 1483 obligatam
3354 1416 3642 1481 invenit,
3664 1432 3773 1489 pro
3788 1433 3844 1470 cc:

2223 1504 2350 1555 tum
2374 1500 2815 1573 quinquaginta
2838 1502 3056 1558 marcis
3086 1503 3372 1559 absolvit.
3406 1504 3844 1560 Advocaciami

2224 1588 2387 1644 Holle
2419 1594 2472 1645 et
2512 1590 2830 1646 comiciam
2856 1590 3101 1660 ibidem,
3133 1608 3243 1648 nec
3272 1608 3406 1649 non
3440 1593 3844 1664 gograviamd

2231 1678 2289 1732 15
2319 1678 2472 1733 villis
2504 1694 2539 1733 a
2568 1678 2783 1734 comite
2813 1679 3060 1735 Ludolfo
3088 1680 3163 1736 de
3189 1680 3672 1752 Woldenberge
3696 1699 3793 1755 pro
3815 1687 3844 1736 H

469 1766 832 1841 episcopalia
862 1783 898 1823 a
930 1767 1051 1822 suis
1100 1768 1623 1839 predecessoribus
1670 1770 1934 1841 obligata
1977 1771 2117 1827 deo-
2152 1781 2195 1833 Β
2225 1767 2533 1836 marcis,et
2554 1767 2945 1823 advocaciam
2966 1769 3028 1823 in
3053 1768 3533 1826 Badekenstede
3566 1773 3722 1843 (184)
3747 1773 3844 1826 εδδ

467 1856 732 1926 bligavit,
764 1860 821 1912 et
848 1855 1113 1928 quedam
1144 1856 1305 1912 bona
1336 1857 1447 1912 sibi
1479 1858 1721 1930 suisque
1767 1859 2121 1916 successori-

464 1945 579 2001 bus
608 1944 1005 2017 comparavit;
1032 1945 1146 2001 ista
1164 1945 1434 2001 videlicet
1464 1964 1475 2001 :
1511 1950 1647 2002 ante
1678 1952 1938 2004 castrum
1970 1952 2118 2021 Pop-

463 2034 772 2106 penborch
803 2037 868 2088 1O
892 2049 1135 2089 mansos
1164 2050 1275 2106 pro
1300 2039 1539 2091 centum
1568 2035 2008 2109 quinquaginta
2034 2042 2117 2093 ta-

464 2122 659 2189 lentis,
684 2125 803 2178 trcs
830 2125 1028 2194 partes
1054 2122 1375 2179 advocacie
1418 2123 1478 2178 in
1511 2124 1868 2196 Chyerstede
1895 2125 1974 2181 ab
2002 2125 2113 2181 illis

464 2210 539 2266 de
588 2210 900 2277 Escherde,
931 2210 1084 2265 duas
1131 2215 1328 2283 partes
1371 2228 1482 2284 pro
1528 2212 1829 2283 octoginta
1858 2213 2107 2283 talentis,

463 2299 775 2372 quandam
811 2299 1124 2355 comiciam
1169 2300 1341 2370 juxta
1394 2301 1711 2357 Cberstede
1756 2302 1830 2357 de
1868 2302 1980 2357 hiis
2011 2303 2112 2359 vil-

461 2387 533 2442 lis
562 2403 575 2442 :
626 2387 958 2455 Hottenem,
994 2387 1413 2460 Duppenstede
1443 2390 1611 2459 (176),
1641 2405 1830 2462 parvo
1874 2390 2109 2447 Lobeke

462 2478 606 2548 (177)
640 2481 698 2533 et
744 2476 819 2532 de
866 2473 994 2532 aliis
1041 2476 1409 2548 quibusdam
1452 2477 1605 2533 villis
1644 2478 2109 2549 circumjacenti-

455 2565 595 2637 bus,
624 2580 661 2621 a
690 2566 963 2620 Brunone
1002 2564 1075 2619 de
1108 2564 1359 2620 Gustede
1407 2581 1517 2637 pro
1559 2565 1996 2639 quinquaginta
2025 2572 2108 2624 ta-

454 2652 662 2721 lentis;
695 2651 1081 2708 advocaciam
1110 2651 1171 2706 in
1202 2651 1437 2708 Clowen
1470 2655 1540 2689 ¹⁰⁴
1570 2670 1607 2710 a
1635 2654 1847 2710 Sifrido
1876 2655 1951 2711 de
1991 2659 2102 2712 Ru-

452 2742 731 2812 tenberge
760 2757 869 2814 pro
899 2740 1340 2813 quinquaginta
1382 2742 1613 2799 talentis
1644 2762 1657 2811 ;
1709 2743 2101 2801 advocaciam

447 2831 510 2887 in
561 2831 937 2902 Borchdorpe
983 2845 1193 2885 versus
1242 2830 1498 2887 Miricam
1551 2832 1695 2903 (178)
1728 2847 1766 2889 a
1812 2833 2099 2906 Lippoldo

446 2920 520 2975 de
550 2919 841 2975 Escherde
868 2934 978 2991 pro
1007 2922 1077 2973 40
1108 2918 1370 2985 talentis;
1402 2920 1771 2992 piscaturam
1799 2920 1860 2976 in
1894 2923 2099 2992 Layna

440 3010 612 3080 juxta
638 3009 811 3065 ruthe
857 3024 895 3064 a
943 3007 1169 3063 domno
1223 3009 1493 3064 Johanne
1549 3009 1624 3065 de
1672 3010 1954 3081 Adenoys
1984 3027 2095 3083 pro

447 3102 510 3155 14
561 3098 826 3164 talentis;
886 3100 1147 3152 castrum
1187 3096 1398 3153 Hudhe
1439 3114 1577 3153 cum
1615 3099 1881 3171 quinque
1920 3115 2090 3155 man-

442 3188 545 3257 sis,
593 3190 792 3259 prato-
816 3201 954 3240 cum
1006 3183 1352 3255 molendino
1427 3191 1483 3242 et
1539 3186 1777 3243 duabus
1832 3188 2086 3259 piscatu-

435 3276 516 3331 ris
568 3291 605 3331 a
653 3274 964 3330 Hillemaro
1019 3272 1093 3327 de
1149 3271 1374 3342 Oberge
1444 3290 1553 3346 pro
1604 3274 1873 3331 ducentis
1923 3292 2083 3333 mar-

436 3364 538 3427 cis,
593 3367 648 3419 et
693 3361 867 3436 quasi
912 3360 1179 3416 funditus
1227 3360 1301 3416 de
1359 3378 1513 3418 novo
1562 3362 1797 3433 magnis
1835 3366 2082 3437 sumpti-

432 3453 546 3508 bus
577 3449 919 3508 construxit.
963 3448 1300 3505 Comcciam
1353 3453 1575 3506 Nowen
1614 3452 1683 3487 ¹⁰⁵
1718 3451 1858 3522 (179)
1913 3468 1949 3508 a
1988 3468 2082 3509 co-

2222 1855 2361 1911 dem
2386 1871 2494 1928 pro
2523 1860 2590 1911 26
2616 1856 2869 1923 talentis,
2897 1855 3039 1913 item
3063 1858 3369 1927 majorem
3405 1860 3777 1927 comiciam,
3798 1878 3844 1930 qi

2220 1944 2423 2017 incipit
2451 1961 2486 1999 a
2533 1944 2809 2001 Scirbeke
2844 1946 3021 2014 juxta
3058 1945 3407 2002 Harlessem
3439 1952 3510 2004 et
3541 1948 3844 2020 protendita

2218 2048 2325 2105 per
2353 2032 2540 2087 Hever
2572 2048 2761 2104 usque
2815 2032 2893 2087 ad
2943 2031 3171 2089 fontem
3216 2033 3684 2092 Sebbettessen
3725 2037 3844 2092 abin

2218 2124 2383 2192 parte
2431 2120 2820 2184 Gandersem,
2852 2124 2909 2175 et
2952 2137 3144 2193 usque
3182 2121 3266 2176 ad
3310 2127 3598 2194 pontem
3634 2125 3843 2181 Olkesse

2219 2209 2381 2280 (185),
2414 2214 2470 2265 et
2512 2214 2790 2281 quartam
2819 2213 3053 2281 partem
3084 2210 3339 2267 comicie
3371 2227 3585 2283 super
3622 2214 3844 2271 Amberx

2212 2299 2383 2369 (186),
2432 2313 2469 2353 a
2525 2297 2738 2353 comite
2787 2300 3127 2354 Hermanno
3170 2299 3248 2354 de
3291 2300 3763 2372 Woldenberge
3798 2319 3843 2373 pr

2212 2386 2664 2459 quadringentis
2694 2386 2911 2442 marcis
2942 2433 2950 2438 .
2998 2387 3403 2444 advocaciam
3439 2388 3511 2444 in
3550 2391 3844 2447 Sibbethtee

2213 2492 2317 2532 sen
2346 2476 2419 2531 de
2450 2476 2625 2531 bonis
2659 2476 2924 2531 custodie
2948 2492 2986 2532 a
3010 2476 3263 2545 Hugone
3302 2477 3383 2533 de
3421 2478 3773 2536 Holthusen
3796 2496 3844 2551 pri

2209 2569 2279 2621 20
2316 2565 2573 2632 marcis;
2634 2569 2918 2634 stagnum
2962 2566 3137 2636 juxta
3189 2565 3519 2624 Eddessen
3582 2574 3652 2625 et
3696 2570 3844 2626 moles

2208 2654 2415 2709 dinum
2450 2656 2627 2721 Berge
2660 2669 2797 2708 cum
2840 2655 3178 2726 piscatura;
3213 2654 3444 2712 silvam
3477 2660 3800 2730 quandam
3826 2675 3844 2711 υ

2208 2745 2383 2808 Harto
2424 2742 2572 2812 (187)
2618 2758 2753 2813 quae
2802 2740 3017 2796 dicitur
3044 2741 3606 2814 Wrochterowolt,
3647 2763 3686 2803 a
3716 2748 3843 2802 mult:

2205 2830 2560 2888 echtwardis
2588 2846 2697 2902 pro
2729 2845 2955 2899 magna
2992 2847 3234 2887 summa
3262 2834 3549 2904 pecunie
3581 2837 3844 2909 expediri:

2203 2925 2258 2976 et
2309 2918 2551 2975 ecclesie
2606 2917 2879 2973 obtinuit.
2943 2922 3005 2973 1n
3060 2919 3541 2991 Tyderingerod
3610 2926 3843 2998 quinque

2202 3010 2364 3081 ginta
2428 3006 2803 3063 echtwardos
2857 3023 2893 3062 a
2948 3007 3261 3079 Lyppoldo
3340 3009 3426 3066 de
3491 3014 3745 3070 Vreden
3788 3030 3844 3085 pri;

2130 3129 2169 3183 ρ
2200 3099 2268 3151 24
2294 3096 2531 3161 marcis,
2563 3094 2863 3150 decimam
2910 3095 2970 3150 in
3014 3096 3531 3172 Hemmendorpe
3583 3110 3844 3159 vacanter:

2198 3185 2310 3240 sibi
2359 3184 2603 3255 suisque
2635 3183 3081 3240 successoribus
3119 3186 3368 3243 retinuit
3397 3207 3412 3254 ;
3467 3189 3751 3247 domum
3776 3196 3839 3263 cp;

2192 3273 2495 3345 scopalem
2527 3272 2589 3327 in
2620 3271 3174 3345 Hildensem,quasi
3201 3274 3515 3347 dirutam,
3548 3296 3761 3349 muro,
3787 3288 3843 3336 tn.

2187 3362 2389 3425 bibus,
2444 3366 2595 3416 tecto
2650 3361 2884 3433 lapideo
2928 3362 3148 3429 refecit,
3192 3368 3249 3419 et
3302 3365 3444 3422 aliis
3508 3369 3777 3427 editiciis
3811 3373 3843 3424 i2

2187 3451 2489 3508 stauravit.
2526 3450 2889 3507 Cenaculum
2933 3451 2994 3506 in
3041 3453 3511 3525 Poppenburch
3560 3465 3624 3515 et
3671 3466 3844 3517 tum:

2185 3556 2437 3613 parvam
2468 3537 2844 3608 adjacentem
2870 3538 3177 3611 lapidibus
3211 3541 3380 3597 texit.
3403 3545 3715 3603 Castrum
3745 3548 3843 3600 Ἧι

2184 3627 2450 3696 cenburg
2477 3642 2512 3681 a
2559 3625 2890 3697 Beyerberg
2918 3642 3111 3698 usque
3140 3626 3220 3682 ad
3252 3628 3527 3688 valvam
3578 3636 3829 3690 murarit

431 3542 570 3598 mite
620 3538 870 3596 Henrico
915 3537 989 3593 de
1036 3537 1465 3607 Woldenberge
1517 3554 1627 3610 pro
1677 3543 1776 3593 120
1825 3541 2076 3607 marcis;

429 3630 784 3688 advocacias
814 3628 875 3683 in
904 3626 1231 3697 Ringelem,
1257 3626 1317 3681 in
1346 3629 1595 3699 Uppem,
1624 3627 1684 3682 in
1711 3628 1904 3684 Solide
1930 3632 2076 3701 (180)

428 3724 484 3777 et
512 3718 807 3776 comecias
836 3716 915 3772 ad
950 3715 1149 3783 Soltga
1190 3718 1247 3769 et
1272 3714 1351 3769 ad
1388 3715 1485 3769 Ris
1516 3716 1682 3787 (181),
1708 3732 1819 3771 nec
1845 3732 1968 3772 non
1998 3718 2074 3773 ad
2181 3716 2419 3772 valvam
2465 3714 2768 3786 lapideam
2816 3719 2951 3771 ante
2991 3721 3262 3771 castrum
3293 3726 3516 3790 Peyne
3547 3724 3839 3779 construi

424 3808 847 3882 proprietatem
900 3804 1075 3860 castri
1124 3803 1392 3858 Werdere
1443 3804 1589 3874 (182)
1637 3809 1692 3860 et
1748 3806 2074 3862 molendini
2181 3805 2237 3856 et
2280 3800 2581 3874 lapidibus
2621 3800 2792 3868 texit;
2837 3802 3198 3859 testudinem
3242 3804 3303 3859 in
3356 3812 3584 3865 castro
3622 3811 3844 3867 similing

426 3901 483 3952 et
509 3898 579 3930 ¹⁰⁸
600 3896 916 3967 piscature,
947 3896 1005 3947 et
1034 3895 1064 3945 9
1095 3907 1443 3946 mansorum
1473 3892 1888 3962 adjacencium
1919 3910 1955 3949 a
1980 3911 2074 3951 co-
2178 3889 2476 3962 lapidibus
2507 3889 2664 3955 texit,
2685 3894 2740 3944 et
2765 3889 2881 3945 alia
2907 3890 3142 3946 editicia
3171 3891 3234 3946 in
3265 3892 3511 3952 eodem
3533 3904 3753 3955 castro
3774 3900 3844 3954 fer:

428 3986 569 4040 mite
598 3982 845 4039 Ludolfo
886 3981 960 4036 de
992 3979 1430 4050 Woldenberge
1468 3997 1577 4053 pro
1620 3982 2070 4054 quadringentis
2178 3978 2381 4035 omnia
2408 3977 2751 4043 innovavit;
2793 3977 3039 4034 feodum
3069 3979 3263 4035 eciam
3295 3985 3493 4040 castri
3533 3988 3797 4046 civitatis
3818 4000 3844 4038 es

425 4071 861 4146 quinquaginta
890 4069 1126 4135 marcis,
1159 4072 1213 4124 et
1243 4067 1403 4124 idem
1452 4073 1715 4126 castrum
1761 4087 1870 4143 pro
1917 4072 2069 4129 libro
2176 4065 2422 4122 comicie
2479 4067 2673 4137 Peyne
2724 4080 2761 4120 a
2802 4065 3017 4122 comite
3048 4067 3419 4126 Widekindo
3464 4072 3556 4129 de
3616 4078 3844 4150 Poppen

427 4163 495 4196 ¹⁰⁷
520 4166 712 4217 castro
733 4157 976 4214 ecclesie
999 4155 1272 4227 obtinuit,
1286 4155 1367 4212 ita
1386 4157 1551 4229 quod
1575 4157 1768 4214 dictus
1791 4174 1992 4214 comes
2012 4164 2069 4215 et
2172 4155 2360 4210 borch
2384 4152 2698 4226 expedivit,
2720 4153 2825 4225 qui
2848 4152 2996 4209 illud
3022 4154 3084 4210 in
3110 4172 3339 4213 manus
3374 4176 3544 4217 suas
3582 4164 3777 4222 libere
3795 4182 3844 4220 τε.

425 4252 516 4307 sui
542 4249 790 4307 heredes
816 4248 1014 4319 ipsum
1035 4248 1294 4302 castrum
1323 4263 1392 4302 eo
1407 4247 1540 4317 jure
1556 4247 1928 4316 obtinebunt,
1943 4265 2065 4322 quo
2174 4243 2463 4314 signavit;
2514 4241 2903 4298 advocaciam
2945 4242 3007 4298 in
3060 4244 3397 4317 Lapidibus
3430 4264 3475 4304 a
3506 4254 3795 4311 Johanne
3818 4262 3844 4305 ετ

420 4342 495 4398 de
519 4340 887 4406 Halremunt,
919 4336 991 4391 de
1022 4336 1257 4391 Sladem
1285 4336 1555 4406 comites,
1587 4340 1643 4391 et
1678 4336 1960 4392 dominus
1989 4338 2064 4394 de
2173 4329 2445 4387 Conrado
2475 4329 2675 4384 Acken
2701 4328 3018 4401 expedivit.
3053 4335 3199 4387 Item
3230 4348 3267 4388 a
3300 4332 3570 4396 domno
3608 4342 3844 4399 Heinric-t.

422 4430 723 4498 Honburg,
758 4442 866 4482 sua
896 4429 1089 4481 castra
1131 4428 1327 4480 tenere
1358 4423 1436 4478 ab
1466 4423 1712 4479 ecclesia
1742 4424 2064 4481 dinoscun-
2098 4466 2142 4520 Β
2172 4420 2246 4476 de
2276 4418 2596 4520 lionborch
2619 4419 2680 4473 in
2710 4418 2940 4520 placitis
2970 4420 3230 4520 obtinuit
3246 4425 3443 4520 quod
3470 4427 3755 4489 liberum
3777 4434 3844 4486 eiii

419 4526 530 4588 tur,
563 4535 634 4575 eo
683 4516 934 4588 adjecto,
975 4513 1142 4587 quod
1184 4517 1446 4569 castrum
1493 4514 1621 4585 jam
1673 4514 1898 4570 dictum
1949 4515 2061 4571 sub
2098 4507 2140 4520 "
2171 4509 2413 4565 ecclesie
2460 4507 2749 4564 redimere
2797 4513 3062 4565 castrum
3111 4510 3423 4584 Honburg
3473 4534 3843 4593 quocumqt.

417 4622 800 4682 quocumque
852 4603 1043 4660 eciam
1083 4602 1265 4676 pallio
1302 4602 1445 4674 (183)
1483 4618 1589 4676 per
1625 4602 1852 4659 dictum
1881 4603 2063 4659 comi-
2168 4614 2328 4656 anno
2373 4612 2610 4669 semper
2653 4595 2808 4652 infra
2857 4596 3075 4654 festum
3128 4601 3367 4671 pasche
3432 4610 3504 4662 et
3536 4611 3844 4680 Walburp

417 4704 533 4755 tem
573 4698 695 4753 sive
721 4711 827 4768 per
856 4709 996 4750 suos
1023 4693 1271 4749 heredes
1302 4692 1545 4751 alienari
1573 4708 1697 4749 non
1725 4692 1923 4760 debet,
1954 4692 2061 4749 sed
2165 4704 2276 4762 pro
2335 4685 2607 4743 trecentis
2670 4684 2836 4741 libris
2897 4685 3531 4753 Hildensemensium
3601 4699 3844 4757 denarii-

415 4805 524 4861 pro
571 4787 704 4843 loco
757 4788 813 4840 et
860 4787 1124 4854 tempore
1174 4786 1434 4839 castrum
1495 4798 1635 4839 cum
1689 4781 2055 4854 molendino,
2166 4793 2319 4833 rum.
2353 4780 2494 4832 Item
2526 4776 2890 4832 camerarius
2934 4777 3338 4849 marscalcus,
3374 4783 3727 4861 pincerna,
3756 4789 3837 4845 οξ

1774 4931 2001 4987 VARUE
2039 4929 2438 4987 LECTIONES.

488 5044 558 5078 ιοι
589 5041 805 5097 dowen
839 5040 860 5093 l
945 5039 1015 5073 ¹⁰⁸
1046 5041 1268 5094 Rowen
1298 5037 1390 5093 ed.
1468 5035 1539 5078 ιοθ
1566 5035 1587 5090 i
1616 5050 1669 5091 c.
1743 5036 1814 5072 ¹⁰⁷
1845 5035 1996 5094 libro
2026 5052 2078 5094 c.
2156 5036 2229 5071 ¹⁰⁸
2261 5037 2347 5090 tm
2376 5049 2426 5090 c.

1995 5176 2221 5235 NOTAE.

2256 5268 2377 5334 182)
2416 5263 2653 5320 Werder
2680 5277 2759 5319 an
2786 5262 2894 5319 der
2921 5264 3105 5322 Nette.

479 5273 627 5346 (176)
666 5274 852 5346 L90!“
883 5269 1171 5346 dssertus-
2227 5269 2377 5346 αξξ)
2416 5269 2429 5346 ἶ

666 5274 852 5327 Locus
883 5273 1171 5325 desertus.
2256 5273 2377 5334 182)
2419 5273 2653 5320 Werder
2680 5277 2759 5319 an
2786 5273 2879 5319 del

612 5273 628 5408 ζ
668 5342 915 5396 Kleinen
944 5339 1163 5408 Lopke.
1247 5404 1256 5408 Δ
1386 5403 1436 5408 __
1713 5403 1730 5408 _
1775 5404 1829 5408 _
1868 5406 1876 5408 4
1908 5406 1915 5408 ξ
1993 5405 2002 5408 _
2227 5273 2377 5408 (183)
2414 5335 2453 5391 i.
2488 5338 2879 5408 e._praetextu.

481 5339 628 5465 (177)
668 5342 915 5396 Kleinen
944 5339 1163 5420 Lopke.
1247 5404 1256 5415 .
1386 5403 1395 5414 _
1867 5406 1876 5417 _
1992 5405 2004 5417 θ
2256 5339 2377 5404 183)
2414 5339 2453 5391 i.
2488 5350 2538 5391 e.
2571 5339 2879 5407 praetextu.

489 5414 627 5491 (178)
666 5412 877 5491 Mirica,
906 5424 1147 5491 merica,
1179 5419 1355 5491 erica,
1376 5404 1541 5491 idem
1569 5403 1737 5477 quod
1762 5404 1967 5475 Hezde,
1989 5420 2053 5462 in
2230 5339 2371 5491 g1
2412 5404 2903 5491 Dabdekenstedt.

407 5472 662 5539 Marchia
690 5472 891 5536 nostra
922 5472 1142 5534 silvam
1164 5474 1528 5554 signiﬁcans.
1588 5472 1611 5477 “
1637 5543 1647 5555 _
1907 5547 1916 5558 .
1953 5472 1960 5475 ’
2209 5472 2397 5602 {185)}
2416 5475 2735 5533 Scbirbeck
2759 5479 2817 5530 et
2830 5473 3195 5559 Harlessem,
3225 5482 3396 5544 Villa
3430 5490 3820 5566 desol.,prop‘

476 5552 624 5602 (179)
657 5552 736 5602 Cf.
770 5552 835 5602 H.
865 5555 930 5602 Α.
966 5545 1199 5602 Luntzel
1229 5545 1322 5599 die
1368 5545 1546 5602 altere
1584 5546 1823 5601 Diocese
1854 5546 2050 5602 Hilde-
2156 5550 2223 5602 H1
2247 5547 2353 5602 des
2406 5565 2443 5602 .:
2488 5547 2594 5602 der
2648 5549 2834 5601 Hever
2864 5561 3054 5602 prone
3095 5548 3434 5602 Bllderlnh
3466 5580 3481 5593 ι
3553 5566 3813 5602 annvsﬁ'

476 5552 624 5630 (179)
657 5552 749 5630 (31.Δ
770 5552 835 5630 tl.
865 5555 930 5605 Α.
966 5545 1199 5604 Luntzel
1229 5545 1322 5599 die
1368 5545 1546 5602 altere
1584 5545 1823 5601 Diocese
1854 5546 2050 5602 Hilde-
2156 5545 2443 5630 gildesh.;
2488 5547 2594 5628 der
2646 5549 2842 5630 llj‘ever.
2864 5561 3054 5630 prope
3086 5545 3511 5630 Dilderl‘ah';
3525 5545 3817 5624 ξέῌέέξμ

405 5617 615 5694 shéim-
636 5637 694 5694 pf
732 5626 849 5694 ψ,
2155 5617 2931 5694 Gandersheim;01xhe_im.
2965 5617 3047 5673 cr.
3086 5620 3357 5685 Luntzel
3399 5617 3536 5692 15’s.

468 5687 890 5835 (181))’8οωᾱα
960 5756 971 5768 ,
2217 5689 2364 5760 (186)
2399 5687 2463 5743 ln
2490 5702 2614 5760 quo
2637 5702 2692 5744 e.
2724 5702 2782 5758 g.
2816 5687 3145 5752 Bokenem.

495 5765 589 5821 181
654 5763 879 5818 Bereler
905 5761 1025 5814 Bis.
2223 5759 2371 5830 (187)
2409 5759 2582 5815 Harz.

495 5759 614 5830 181)
654 5763 879 5818 Bereler
905 5759 1025 5814 Bis.
2223 5759 2371 5830 (187)
2409 5759 2582 5815 Hafz.
