3944 6414
58 277 207 330 1265

1281 269 1684 329 CHRONICON
1728 265 2346 332 HILDESHEIMENSE.

3396 279 3534 331 1266

53 397 203 454 ciati
236 397 552 470 episcopi,
603 396 679 452 de
710 397 1100 470 suppellectili
1129 397 1515 470 quorundam
1549 391 1760 466 prede-
1799 393 1848 445 A
1877 399 2131 452 mortem
2164 416 2336 455 suam
2366 401 2712 456 ordinarent
2741 404 2919 472 prout
2967 399 3303 456 secundum
3349 403 3537 455 Deum

53 505 397 544 cessorum
435 504 688 543 suorum
720 488 1143 562 episcoporum
1174 489 1248 544 de
1281 489 1434 544 facto
1485 503 1544 540 se
1573 485 1766 553 inges-

53 582 296 642 serant,
329 577 513 649 quod
540 578 860 650 episcopus
891 579 1128 651 penitus
1155 579 1432 634 abolevit.
1460 574 1611 641 Quid
1639 573 1768 645 plu-

47 669 176 724 ra?
242 667 530 723 Ecclesia
577 667 877 740 siquidem
936 685 1042 741 per
1088 669 1289 741 ipsum
1328 667 1762 722 incrementum

48 758 245 827 longe
280 756 568 829 amplius
599 757 934 829 recepisset,
971 757 1020 812 si
1052 762 1107 812 et
1155 756 1489 812 domestica
1540 758 1597 808 et
1653 753 1765 806 fra-

51 850 224 902 trum
253 844 618 918 persecutio
647 861 770 900 non
797 845 1006 901 fuisset
1031 864 1042 910 ;
1094 845 1253 900 unde
1280 845 1487 918 iniquo
1518 841 1762 898 consilio

52 941 276 992 actum
309 939 410 991 est
444 934 616 1007 quod
643 934 766 990 dux
787 937 1089 991 Johannes
1120 941 1354 992 armata
1383 951 1571 990 manu
1619 948 1762 988 con—

55 1031 151 1082 tra
172 1025 562 1098 episcopum
589 1029 643 1080 et
672 1024 984 1080 ecclesiam
1013 1025 1317 1098 processit,
1361 1030 1417 1080 et
1466 1041 1585 1079 non
1637 1027 1762 1078 tan-

57 1122 191 1171 tum
218 1115 564 1187 laycorum
603 1120 898 1188 quantum
949 1115 1336 1171 ecclesiarum
1366 1113 1762 1186 possessioni-

54 1206 178 1261 bus
207 1205 508 1277 dampna
537 1205 742 1274 gravia
772 1205 1070 1274 irrogavit.
1134 1206 1286 1259 Pace
1337 1203 1581 1258 tandem
1615 1201 1764 1256 inter

55 1297 447 1368 episcopum
481 1299 537 1350 et
561 1294 763 1366 ipsum
811 1295 1030 1350 ducem
1086 1293 1506 1358 intercedente,
1559 1293 1761 1363 eisque

57 1387 122 1441 in
155 1385 459 1442 amicicia
488 1384 739 1440 ﬁrmatis
770 1385 848 1440 ad
874 1385 1155 1451 invicem,
1207 1400 1342 1439 ecce
1393 1384 1513 1438 dux
1565 1382 1764 1436 Alber-

57 1481 158 1531 tus
194 1475 436 1541 senior,
473 1479 559 1529 set
581 1473 710 1529 aliis
737 1474 1056 1534 inmanior.
1088 1473 1328 1528 stimulo
1360 1472 1575 1528 invidie
1625 1487 1764 1526 con-

57 1569 153 1620 tra
183 1563 455 1620 fratrem
490 1579 668 1617 suum
713 1565 1066 1634 episcopum
1121 1563 1400 1632 agitatus,
1460 1561 1660 1632 ipsum
1709 1565 1764 1614 et

62 1653 397 1708 ecclesiam
427 1652 747 1706 liumiliare
780 1652 1093 1723 disposuit.
1142 1651 1307 1723 quod
1340 1667 1519 1723 opere
1575 1651 1765 1721 impo-

66 1742 218 1807 suit;
253 1741 411 1813 quia
450 1757 572 1794 non
599 1745 913 1795 contentus
945 1741 1110 1812 quod
1142 1740 1454 1794 ecclesiam
1511 1739 1766 1793 circum-
1805 1742 1846 1796 B
1876 1739 2193 1810 episcOpus
2224 1745 2280 1794 et
2306 1756 2703 1811 personarum
2742 1745 2797 1794 et
2847 1739 3090 1794 ecclesie
3142 1739 3374 1794 utilitati
3406 1755 3542 1810 pro-

64 1831 233 1886 venit
259 1831 326 1884 in
363 1829 596 1894 multis,
628 1830 780 1884 sicut
810 1830 990 1884 etiam
1044 1830 1105 1884 in
1161 1829 1274 1884 illis
1307 1829 1576 1900 quinque
1617 1827 1770 1882 villis

66 1920 145 1975 ad
191 1920 548 1975 comeciam
601 1919 802 1987 Soltga
854 1919 1102 1992 antiquo
1149 1920 1281 1989 jure
1341 1917 1768 1989 spectantibus,

70 2026 231 2079 quas
265 2007 556 2067 marcllin
617 2010 748 2063 Otto
803 2008 877 2062 de
933 2008 1352 2063 Brandeborch
1409 2007 1601 2060 eidem
1633 1994 1773 2060 duci

73 2102 290 2153 contra
315 2097 624 2168 justitiam
657 2097 1046 2167 adjudicavit,
1083 2097 1368 2168 episcopo
1403 2102 1602 2150 tamen
1635 2112 1771 2152 con-

75 2189 416 2242 tradicente
441 2192 502 2242 et
533 2187 917 2255 reclamante,
963 2187 1154 2241 eciam
1189 2187 1499 2241 suscitavit
1530 2186 1771 2240 ecclesie

81 2278 508 2343 adversarios,
540 2278 763 2349 quibus
796 2277 873 2333 ad
900 2277 1226 2333 ledendum
1279 2294 1411 2332 eam
1455 2277 1678 2348 rapinis
1718 2280 1774 2330 et

79 2367 382 2422 incendiis
414 2382 526 2439 per
553 2371 772 2422 terram
803 2361 1154 2421 ducis‘liber
1199 2366 1442 2438 patebat
1492 2366 1772 2420 transitus

83 2460 139 2510 et
161 2472 421 2510 securus
451 2455 530 2510 ad
559 2456 932 2510 municiones
966 2472 1106 2510 suas
1139 2471 1435 2509 recursus.
1486 2455 1668 2520 Igitur
1695 2453 1772 2508 ab

82 2543 378 2615 episcopo
409 2543 604 2611 gratia
631 2543 856 2598 consilii
909 2544 987 2598 ab
1027 2544 1244 2598 ducem
1296 2543 1631 2597 .lohannem
1687 2559 1774 2597 re-

85 2635 372 2698 curritur,
406 2632 514 2704 qui
549 2649 688 2686 cum
713 2632 965 2686 diversis
992 2632 1223 2704 placitis
1248 2632 1383 2686 hinc
1418 2632 1552 2686 inde
1585 2646 1775 2688 scrva'

81 2721 172 2786 tis,
212 2721 401 2776 frater
433 2721 601 2777 fratri
633 2721 795 2792 apud
829 2721 1071 2776 fratrem
1103 2721 1370 2793 cptinere
1397 2737 1518 2775 non
1549 2727 1769 2792 posset,

82 2808 372 2865 misertus
405 2809 612 2864 fratris
637 2810 896 2883 pomittit
925 2809 1235 2874 auxilium,
1266 2815 1322 2864 et
1348 2809 1772 2864 nichilominus

86 2913 154 2950 eo
183 2904 559 2968 procurante
593 2916 732 2954 cum
766 2899 1218 2970 archiepiscopo
1251 2899 1550 2953 Bremensi
1577 2904 1633 2953 et
1661 2898 1770 2953 do-

92 2987 293 3041 minus
326 2988 718 3042 inferioribus
749 3004 858 3043 nec
884 3004 1004 3042 non
1038 3004 1177 3043 cum
1209 2990 1417 3043 Ottone
1448 2993 1503 3042 et
1530 2988 1768 3043 Alberto

1875 483 2073 540 anime
2103 504 2208 542 sue
2237 490 2413 545 saluti
2437 489 2716 561 expedire
2748 488 3020 544 viderent
3051 507 3063 544 :
3095 489 3254 544 unde
3281 506 3352 544 ex
3378 489 3537 543 ordi-

1871 574 2113 630 natione
2144 578 2389 648 capituli
2419 579 2492 633 de
2523 579 2737 632 eodem
2776 577 2979 632 novali
3015 578 3077 633 in
3126 577 3538 634 anniversario

1872 661 2059 733 ipsius
2084 665 2326 721 dabitur
2356 667 2696 723 communis
2727 666 2974 736 kal-itas,
3031 666 3107 720 de
3155 666 3332 737 pullis
3382 682 3539 737 pane

1872 756 1929 806 et
1971 751 2130 818 vino,
2192 754 2472 810 fratribus
2527 759 2583 810 ct
2635 755 2868 810 vicariis
2923 755 3220 810 universis
3254 773 3266 810 :
3299 754 3542 810 cuilibet

1873 841 2121 897 fratrum
2151 844 2220 898 20
2262 844 2511 910 denarii,
2563 844 2801 899 cuilibet
2848 844 3210 900 vicariorum
3235 848 3318 914 10,
3344 843 3534 899 tribus

1871 933 2274 1004 campanariis
2309 933 2557 999 solidus,
2594 933 2780 989 tribus
2805 934 3127 989 cameraris
3159 933 3404 1001 solidus,
3431 931 3538 1003 qui

1871 1021 2324 1090 coadjuvabunt
2370 1023 2792 1095 campanarios
2838 1023 2917 1078 ad
2961 1022 3356 1094 pulsandum,
3388 1038 3537 1094 pau-

1872 1109 2112 1180 pel'ibus
2144 1112 2476 1166 scolaribus
2514 1117 2574 1166 1'2
2604 1111 2794 1166 solidi.
2821 1111 3146 1184 Episcopus
3177 1112 3366 1167 eciam
3387 1127 3533 1183 qua-

1872 1198 2045 1254 sdam
2105 1201 2497 1272 proprietates
2542 1202 2844 1257 bonorum
2872 1203 3187 1274 proprium
3216 1200 3539 1256 scolarium

1871 1290 2136 1359 contulit,
2169 1308 2276 1363 pro
2306 1293 2528 1363 quibus
2562 1293 2620 1346 in
2652 1297 2825 1347 nocte
2855 1291 3249 1348 anniversarii
3303 1293 3432 1361 ejus
3463 1292 3536 1346 de

1870 1379 1982 1433 illis
2014 1381 2074 1434 1'2
2104 1381 2308 1436 solidis
2337 1382 2857 1453 procurabuntur;
2900 1381 3023 1436 duo
3055 1381 3208 1436 cerei
3246 1381 3320 1435 de
3349 1381 3538 1435 tribus

1870 1468 2036 1523 libris
2061 1486 2189 1524 cere
2222 1476 2542 1542 ponentur,
2576 1487 2729 1526 unus
2759 1471 2833 1525 de
2865 1470 3047 1526 altare
3078 1471 3249 1526 beate
3279 1469 3540 1538 Virginis

1871 1558 1930 1614 in
1962 1559 2164 1624 choro,
2190 1561 2335 1615 alter
2365 1561 2443 1616 ad
2472 1560 2856 1632 sepulchrum
2887 1560 3172 1632 episcopi,
3221 1560 3326 1632 qui
3373 1559 3541 1614 arde-

1872 1647 2023 1702 hunt
2051 1649 2124 1703 de
2156 1666 2279 1705 una
2307 1666 2559 1722 vespera
2601 1650 2678 1705 ad
2728 1649 2930 1706 aliam.
2966 1653 3319 1705 Memoratus
3347 1650 3539 1704 eciam

1881 1828 2155 1899 spiciens,
2210 1829 2341 1900 ipsa
2397 1830 2545 1884 hora
2596 1831 2662 1863 ¹¹¹
2721 1846 2843 1901 qua
2885 1833 3307 1884 testamentum
3363 1845 3542 1883 suum

1879 1917 2146 1972 condidit
2170 1918 2246 1972 ad
2277 1919 2559 1974 devotam
2598 1917 3098 1990 supplicationem
3141 1917 3406 1990 capituli,
3439 1933 3544 1973 an-

1880 2023 2028 2062 num
2059 2009 2253 2075 gracie
2283 2008 2355 2062 de
2386 2008 2691 2062 beneficiis
2715 2024 2834 2079 que
2859 2008 2932 2062 de
2957 2023 3144 2062 manu
3170 2007 3436 2079 episcopi
3463 2011 3545 2061 tc-

1880 2102 2116 2163 nentur,
2147 2097 2408 2169 capitulo
2437 2097 2717 2164 indulsit;
2761 2102 2816 2152 et
2869 2098 3211 2169 prepositus
3239 2099 3543 2152 Johannes

1881 2187 1955 2241 de
1988 2187 2111 2240 suis
2138 2187 2464 2256 beneficiis,
2506 2191 2562 2241 et
2590 2187 2920 2258 capitulum
2969 2187 3043 2241 de
3092 2187 3445 2241 obedientiis
3476 2185 3548 2239 si-

1882 2276 2094 2330 militer
2121 2275 2500 2330 indulserunt
2525 2294 2538 2342 ;
2571 2276 2684 2330 hoc
2712 2276 2896 2330 modo
2926 2275 3201 2331 videlicet
3230 2275 3392 2347 quod
3422 2274 3550 2346 qui-

1882 2381 2142 2437 cumque
2175 2364 2424 2420 fratrum
2451 2370 2588 2420 ante
2618 2365 2780 2420 diem
2818 2365 2977 2420 beati
3023 2365 3232 2420 Jacobi
3278 2364 3548 2434 moritur,

1882 2469 2038 2509 nova
2066 2455 2368 2525 sequentis
2400 2453 2542 2509 anni
2572 2453 2875 2526 percipiet,
2908 2457 3088 2525 prout
3118 2453 3178 2508 in
3207 2453 3397 2524 ipsius
3434 2452 3552 2523 epi-

1883 2543 2048 2614 scopi
2078 2547 2134 2597 et
2163 2542 2406 2613 capituli
2435 2542 2640 2597 litteris
2667 2541 2930 2613 plenarie
2958 2541 3294 2596 continetur
3319 2541 3551 2612 Episco-

1882 2647 1960 2702 po
1990 2631 2051 2685 in
2083 2631 2175 2685 die
2209 2631 2365 2685 beati
2396 2629 2712 2702 Olrici,qui
2729 2633 2869 2684 tunc
2896 2629 3041 2684 feria
3070 2629 3250 2684 tercia
3270 2628 3546 2698 occurrit,

1883 2726 1946 2775 ut
1973 2720 2200 2776 dictum
2227 2725 2314 2774 est
2341 2723 2689 2792 premortuo
2722 2735 2856 2773 ecce
2911 2718 3074 2774 dictu
3121 2717 3394 2773 mirabile
3444 2717 3550 2772 sed

1882 2813 2001 2865 Deo
2027 2825 2149 2864 non
2175 2808 2543 2881 impossibile
2575 2807 2964 2879 subsequitur
3005 2825 3017 2862 :
3064 2806 3220 2862 infra
3275 2812 3305 2862 6
3361 2807 3548 2862 ebdo-

1880 2899 2112 2968 mades,
2157 2898 2372 2954 eodem
2431 2897 2526 2952 die
2581 2913 2704 2969 quo
2747 2897 3067 2970 episcopus
3116 2897 3240 2951 dux
3270 2897 3547 2952 Albertus

1877 2994 2014 3062 post
2064 2988 2316 3043 moritur
2365 2989 2487 3056 (an.
2527 2987 2682 3055 1279,
2713 2987 2866 3056 Aug.
2906 2988 3013 3057 l5),
3075 2990 3390 3058 tamquam
3448 2985 3549 3040 Dei

90 3076 552 3131 marchionibus
579 3077 653 3131 de
679 3076 1099 3131 Brandeborch
1127 3077 1184 3130 in
1213 3076 1479 3131 favorem
1501 3076 1766 3149 episcopi
1805 3092 1848 3150 α
1874 3078 2101 3150 judicio
2133 3081 2434 3132 evocatus.
2465 3075 2631 3131 Rexit
2660 3078 2860 3131 autem
2892 3076 3214 3148 episcopus
3265 3077 3399 3131 Otto
3444 3089 3549 3129 no-

89 3168 293 3220 contra
324 3165 551 3220 ducem
583 3165 779 3220 valide
809 3165 1150 3237 inspiratur.
1208 3166 1321 3221 Sed
1375 3182 1509 3221 ecce
1557 3166 1766 3238 iniqua

93 3258 242 3310 sorte
273 3255 399 3310 dux
430 3257 735 3312 Iohannes
761 3255 1139 3329 praemoritur
1169 3261 1291 3321 (an.
1333 3257 1631 3323 1277,Dec.
1656 3258 1764 3327 l3),

93 3348 147 3396 et
173 3343 295 3398 dux
320 3345 602 3400 Albertus
632 3351 789 3400 tutor
820 3345 1150 3401 admittitur
1177 3363 1189 3410 ;
1222 3346 1379 3401 unde
1402 3351 1458 3400 et
1483 3364 1555 3401 ex
1577 3352 1766 3403 morte

95 3431 268 3502 hujus
299 3440 356 3490 et
386 3440 556 3490 metu
586 3435 827 3490 alterius
858 3451 1012 3506 pene
1043 3435 1293 3491 moritur
1337 3436 1627 3491 auxilium
1676 3453 1766 3491 ec-

96 3520 260 3577 clesie
311 3526 772 3596 repromissum.
823 3527 1290 3597 Verumptamen
1340 3525 1660 3597 episcopus
1712 3530 1769 3581 et

97 3610 625 3680 Magdeburgensis
656 3613 900 3668 ecclesie
932 3618 987 3668 et
1033 3613 1455 3668 marchionum
1505 3615 1768 3669 conlisus

99 3697 331 3765 auxilio,
389 3718 454 3756 se
509 3705 719 3756 contra
768 3701 1013 3756 fratrem
1073 3717 1184 3773 pro
1230 3700 1479 3756 ecclesia
1510 3701 1766 3757 invitum

94 3789 370 3855 opposuit
397 3806 593 3862 eoque
625 3791 684 3845 in
713 3790 1009 3862 principio
1031 3789 1269 3844 viriliter
1298 3794 1506 3845 contra
1526 3790 1767 3844 fratrem

93 3881 321 3946 agente,
351 3880 639 3950 predictis
673 3895 814 3934 vero
842 3879 905 3934 in
936 3879 1184 3934 ferendo
1216 3878 1439 3934 auxilio
1482 3878 1766 3950 torpenti—

93 3961 220 4028 bus,
253 3967 574 4024 Cherstede
608 3974 663 4024 et
700 3971 924 4041 Empne
947 3968 1320 4022 municiones
1359 3968 1607 4022 ecclesie
1661 3982 1769 4038 per

93 4049 240 4118 ignis
285 4055 493 4125 jacula
522 4057 864 4129 capiuntur,
923 4061 980 4111 et
1025 4057 1298 4128 pociores
1352 4057 1511 4110 mini:
1537 4055 1768 4111 teriales

95 4139 333 4198 ecclesie
362 4145 511 4200 inibi
539 4146 920 4217 captivantur
951 4145 1074 4216 (an.
1114 4150 1294 4212 1279).
1347 4148 1427 4199 Ex
1484 4146 1595 4200 hac
1643 4162 1769 4202 ma-

103 4241 218 4293 gna
243 4231 418 4294 ruina
450 4235 695 4290 ecclesie
724 4235 790 4289 fit
820 4235 1030 4304 ingens
1077 4233 1248 4289 dolor
1307 4235 1384 4290 ab
1439 4235 1723 4290 omnibus
1752 4254 1764 4302 ;

101 4317 195 4371 sed
224 4321 570 4394 episcopus,
601 4340 785 4396 quem
809 4323 947 4396 plus
975 4323 1148 4378 dolor
1178 4324 1459 4393 angebat,
1495 4325 1631 4397 plus
1663 4325 1770 4380 do-

1877 3169 2063 3220 stram
2115 3165 2452 3234 ecclesiam,
2503 3170 2771 3237 tempore
2819 3164 3240 3236 postulationis
3273 3180 3378 3218 sue
3412 3180 3548 3219 con-

1877 3259 2216 3324 numerato,
2248 3259 2310 3310 t9
2345 3257 2415 3290 ¹¹²
2449 3255 2625 3310 annis
2656 3259 2713 3310 et
2739 3255 2998 3328 perfecte
3028 3254 3339 3310 mensibus
3370 3260 3423 3310 7.

2417 3346 2734 3401 SIFRIDUS
2775 3350 2895 3400 32³³
2932 3346 3020 3400 ¹¹³.

1950 3433 2237 3488 Defuncto
2266 3433 2596 3488 venerabili
2627 3437 2794 3504 patre
2825 3433 3074 3488 domino
3101 3437 3308 3489 nostro
3339 3435 3548 3489 Ottone

1877 3521 2182 3593 episcopo,
2211 3521 2480 3576 Sitl'ridus
2506 3521 3034 3591 Magdeburgensis
3074 3521 3319 3576 ecclesie
3368 3521 3548 3578 deca-

1876 3626 2014 3674 nus,
2047 3609 2121 3664 de
2153 3609 2337 3664 domo
2366 3608 2662 3663 nobilium
2711 3609 2784 3662 de
2835 3609 3256 3673 Querenvorde
3303 3610 3545 3664 trahens

1877 3698 2191 3767 originem,
2221 3697 2312 3752 vir
2339 3713 2445 3769 per
2475 3697 2681 3752 omnia
2727 3697 3160 3766 magnanimus
3212 3697 3544 3754 litterarum

1878 3788 2140 3856 scientia,
2196 3803 2436 3842 morum
2488 3788 2828 3855 honestate,
2902 3786 3224 3859 multisque
3308 3787 3544 3859 pollens

1877 3877 2209 3943 virtutibus,
2260 3877 2321 3932 in
2350 3880 2626 3932 nostrum
2673 3877 3049 3950 episcopum,
3091 3877 3544 3933 consulentibus

1878 3972 1933 4022 et
1962 3965 2420 4021 amminiculum
2481 3965 2560 4021 ad
2608 3967 2723 4022 hoc
2773 3966 3179 4039 prestantibus
3217 3967 3545 4024 venerabili

1878 4056 2182 4113 Bernardo
2213 4060 2417 4112 sancte
2443 4057 2976 4127 Magdeburgensis
3032 4057 3278 4114 ecclesie
3336 4058 3542 4128 electo,

1878 4152 1936 4202 et
1962 4146 2172 4202 illustri
2197 4146 2435 4203 Alberto
2460 4147 2535 4202 de
2567 4148 2988 4204 Brandeborch
3019 4148 3390 4218 marchione,
3439 4148 3544 4220 qui

1878 4236 2094 4292 eodem
2120 4241 2386 4308 tempore
2417 4236 2731 4292 ecclesiam
2759 4241 3028 4292 nostram
3056 4236 3368 4292 viduatam
3407 4253 3546 4292 con-

1880 4331 1968 4382 tra
1996 4325 2306 4381 Albertum
2332 4325 2549 4379 ducem
2579 4325 2655 4380 de
2699 4325 3081 4380 Bruneswich
3124 4325 3324 4397 ipsam
3371 4324 3544 4396 inpu-

96 4401 215 4475 luit,
246 4414 303 4464 et
331 4411 393 4466 in
421 4418 654 4468 tantum
695 4413 755 4468 in
803 4429 874 4468 eo
905 4413 1077 4468 dolor
1109 4413 1374 4479 invaluit,
1409 4415 1575 4485 quod
1621 4415 1754 4482 sibi,
1801 4443 1840 4496 ι)
1878 4419 2160 4484 gnantem
2208 4412 2445 4468 viriliter
2487 4412 2895 4480 defendentes,
2957 4413 3017 4467 in
3074 4413 3304 4469 civitate
3349 4412 3544 4468 Hilde-

99 4498 155 4546 ut
180 4499 458 4565 creditur,
490 4503 739 4574 prestitit
763 4519 1011 4559 causam
1052 4503 1278 4558 mortis.
1316 4507 1444 4575 Ipse
1475 4504 1637 4560 enim
1670 4510 1757 4560 ta-

101 4585 222 4638 ctus
247 4589 580 4649 vehementi
623 4591 829 4647 dolore
858 4592 1233 4662 intrinsecus,
1289 4595 1605 4665 tamquam
1652 4610 1756 4649 sue

101 4675 301 4730 mortis
341 4681 616 4750 prescius
657 4686 822 4736 sexta
864 4681 1009 4736 feria
1063 4685 1222 4747 ante,
1279 4681 1429 4736 sicut
1482 4681 1550 4716 ‘09
1598 4699 1759 4739 anno

104 4760 328 4821 Domini
363 4773 497 4825 1279
528 4770 589 4825 in
624 4770 720 4825 die
748 4770 907 4826 beati
954 4771 1145 4838 Olrici,
1204 4771 1348 4842 quia
1402 4771 1545 4827 feria
1584 4773 1763 4830 tercia

104 4852 235 4906 tunc
263 4858 538 4928 occurrit,
569 4859 764 4914 carnis
787 4860 1072 4931 persolvit
1102 4859 1372 4915 debitum
1422 4863 1513 4926 “0,
1567 4863 1760 4918 fratri—

104 4933 212 4991 bus
239 4932 586 5019 in‘capitulo
618 4949 984 5016 convocatis,
1017 4948 1092 5004 de
1122 4948 1321 5003 novali
1351 4948 1411 5003 in
1447 4950 1759 5023 Emberke,

105 5029 260 5095 quod
314 5050 386 5089 ex
445 5038 833 5093 concessione
879 5038 1152 5093 omnium
1193 5055 1451 5110 quorum
1483 5039 1762 5096 intererat

107 5119 403 5192 exstirpari
460 5127 698 5191 fecerat,
761 5145 938 5182 suum
991 5144 1196 5182 coram
1256 5128 1536 5183 fratribus
1587 5135 1761 5186 testa-

107 5212 362 5266 mentum
395 5216 673 5286 concidit,
706 5221 761 5271 et
794 5217 937 5271 illud
961 5234 1100 5272 cum
1132 5217 1491 5289 proprietate
1524 5223 1579 5274 et
1608 5219 1762 5275 deci-

109 5306 201 5348 ma
222 5312 329 5354 nec
361 5319 488 5359 non
519 5322 658 5360 cum
684 5306 850 5361 omni
875 5307 1030 5377 jure,
1057 5306 1207 5361 sicut
1245 5308 1371 5378 ipse
1405 5309 1608 5376 tenuit,
1661 5327 1759 5365 su-

110 5393 207 5448 per
227 5386 505 5462 reliquias
534 5394 706 5450 beate
738 5395 990 5465 Virginis
1021 5395 1250 5461 obtulit,
1280 5395 1537 5452 liberum
1592 5398 1761 5454 relin-

110 5482 290 5537 (Iuens
339 5483 600 5555 capitulo
646 5485 932 5556 quatinus
982 5484 1056 5539 de
1110 5485 1335 5540 eisdem
1390 5487 1563 5542 bonis
1626 5495 1760 5560 post

1871 4505 2122 4560 neshem
2153 4519 2292 4558 cum
2319 4501 2564 4574 copioso
2618 4501 2880 4558 exercitu
2927 4518 3164 4559 moram
3197 4500 3535 4572 trahebant,

1869 4593 2154 4650 canonice
2185 4598 2275 4648 est
2305 4592 2543 4648 electus.
2598 4592 2708 4657 Qui
2767 4608 2905 4647 cum
2955 4591 3428 4648 conﬁrmationis
3481 4595 3539 4648 et

1873 4683 2336 4740 consecrationis
2367 4699 2590 4738 munus
2621 4683 2699 4738 ab
2721 4682 3174 4755 archiepiscopo
3194 4682 3537 4750 Moguntina

1871 4778 1926 4829 et
1947 4773 2238 4844 regalium
2277 4772 2688 4829 investituram
2718 4789 2756 4829 a
2806 4771 3191 4828 serenissimo
3241 4775 3538 4828 Romano-

1868 4880 2005 4919 rum
2042 4878 2182 4933 rege
2223 4862 2473 4918 Rodolfo
2521 4867 2679 4918 esset
2724 4863 2998 4936 adeptus,
3058 4861 3374 4918 ecclesiam
3421 4877 3532 4917 no-

1872 4957 2080 5015 stram,
2115 4968 2303 5024 quam
2333 4969 2406 5007 ex
2435 4968 2506 5007 eo
2535 4952 2703 5024 quod
2733 4951 3092 5007 munitiones
3136 4950 3437 5006 Tzerstede
3476 4955 3534 5007 et

1870 5045 2103 5114 quna
2161 5058 2267 5113 per
2323 5041 2542 5097 ducem
2590 5041 2925 5113 predictum
2969 5040 3206 5112 penitus
3236 5040 3532 5096 destructe

1869 5135 1926 5185 et
1952 5146 2075 5185 non
2105 5129 2283 5202 pauci
2305 5130 2528 5185 ibidem
2551 5129 3027 5185 ministerialium
3048 5134 3105 5184 et
3129 5129 3531 5185 vassallorum

1870 5219 2114 5276 ecclesie
2142 5223 2310 5275 erant
2341 5218 2519 5290 capti,
2554 5219 2810 5289 graviter
2847 5218 3262 5290 perturbatam
3282 5218 3528 5291 invenit,

1867 5325 1978 5383 pro
2003 5308 2230 5364 viribus
2262 5308 2384 5363 suis
2419 5307 2643 5363 studuit
2671 5308 3016 5364 reformare.
3080 5309 3216 5380 Ipso
3263 5325 3531 5382 namque

1868 5398 2020 5453 duce
2051 5401 2187 5469 post
2215 5412 2442 5469 paucos
2472 5396 2599 5452 dies
2621 5395 2922 5464 defuncto,
2946 5397 3215 5470 captivos
3241 5398 3384 5455 data
3407 5415 3532 5456 non

1871 5487 2109 5542 modica
2146 5487 2402 5559 pecunia
2434 5485 2724 5557 liberavit,
2771 5491 2828 5543 et
2873 5487 3233 5559 procedente
3264 5494 3532 5562 tempore

1472 5595 1704 5649 VARI/E
1746 5595 2039 5652 LECTION
2049 5594 2150 5649 ES.

178 5666 354 5750 fta
385 5691 464 5748 0.;
495 5681 621 5750 lege
645 5695 852 5750 quam.

117 5730 166 5786 X
175 5735 252 5792 VI
251 5742 314 5796 II
333 5730 576 5807 1αῆξήφῖ
593 5730 1102 5809 ἓεᾶἶεῖςῖὐιίἰθιιιῖνν.

934 5679 1006 5752 ξ¹⁰
1037 5680 1306 5752 sepultus
1335 5686 1470 5737 ante
1499 5681 1682 5738 altare
1714 5688 1918 5741 sancte
1948 5682 2148 5741 Crucis
2175 5687 2227 5738 2.

1184 5753 1256 5787 ¹¹⁸
1283 5753 1594 5824 inscriptio
1617 5755 1796 5814 deest.

2310 5685 2377 5719 1“
2412 5684 2498 5741 ita
2531 5685 2772 5743 correxi
2788 5698 2810 5757 ;
2837 5685 3004 5744 bona
3033 5703 3083 5744 c.
3166 5689 3236 5722 ¹¹²
3267 5689 3353 5744 ita
3382 5702 3432 5741 ε.
3464 5691 3529 5741 at
