3888 6438
383 283 513 336 i287

1520 271 1864 336 APPENDIX
1904 270 1998 332 AD
2037 275 2093 330 S.
2136 268 2632 335 GODEHARDUH.

3728 77 3856 327 ml

380 404 739 461 munitiones
784 402 1110 457 destructas
1170 406 1462 474 Empnam
1524 402 1593 439 Hi
1639 401 1903 457 videlicet
1966 404 2021 455 et
2059 396 2107 452 Α
2136 398 2316 454 berch
2347 405 2587 471 captum
2619 400 2742 454 fuit.
2775 402 2879 453 Per
2907 397 3079 470 cujus
3105 392 3479 471 captionem
3540 396 3695 468 ipse
3744 399 3835 466 cpi

380 492 685 550 Tzerstede
705 492 1073 547 restauravit.
1106 494 1398 563 Empnam
1430 497 1628 548 tanien
1682 493 1741 546 in
1784 492 1915 546 loco
1942 494 2027 545 tu;

385 583 512 639 tiori
540 582 816 649 locatam,
850 583 1074 634 mutato
1108 581 1348 635 nomine
1377 584 1663 637 Gronowe
1685 579 2021 653 appellavit.

386 674 481 728 Set
508 686 641 725 ecce
672 668 906 722 Alberto
934 667 1105 736 duce,
1139 664 1201 722 ut
1247 669 1621 740 premittitur,
1682 669 1915 725 sublato
1952 668 2025 723 de

383 757 601 826 medio,
657 754 759 810 ﬁlii
807 756 934 826 ejus
984 756 1265 812 Henricus
1312 758 1451 829 (188)
1493 754 1766 815 Albertus
1797 759 1940 829 (189)
1971 761 2027 813 et

389 844 736 900 Wilhelmus
766 844 913 913 (190)
940 844 1142 914 duces,
1178 846 1439 916 paternis
1470 848 1728 915 vestigiis
1756 846 2027 901 inheren-

383 940 485 1000 tes,
521 936 728 989 contra
756 932 1106 1004 episcopum
1150 938 1205 989 et
1247 934 1557 991 ecclesiam
1598 935 1863 991 ferociter
1915 935 2025 990 eri—

383 1026 620 1093 guntur.
657 1022 882 1087 Quibus
910 1036 1047 1076 cum
1072 1023 1385 1095 episcopus
1409 1024 1631 1079 fortiter
1647 1028 2024 1096 repugnaret,

384 1114 607 1167 factum
638 1114 724 1166 est
753 1110 985 1166 sinistro
1016 1114 1247 1178 eventu,
1294 1115 1357 1167 ut
1407 1112 1480 1167 de
1522 1113 1819 1185 precipuis
1857 1113 2027 1167 mini-

387 1199 721 1256 sterialilms
773 1202 828 1253 et
884 1198 1119 1254 vasallis
1173 1199 1414 1255 ecclesie
1466 1201 1526 1255 in
1577 1206 1768 1256 castro
1809 1203 2027 1272 Campe

386 1290 551 1360 (191),
585 1288 662 1344 ad
689 1287 851 1359 quod
879 1288 1066 1356 gratia
1094 1288 1335 1359 presidii
1378 1305 1439 1344 se
1489 1297 1853 1361 receperant,
1898 1290 2028 1361 ipso

385 1380 575 1433 castro
606 1392 712 1449 per
731 1375 914 1431 duces
945 1374 1317 1448 aliquamdiu
1350 1383 1475 1434 arta
1513 1377 1821 1433 obsidione
1853 1379 2031 1434 valla-

386 1472 441 1521 to
472 1480 541 1521 ac
566 1463 813 1520 demum
859 1470 1222 1536 expugnato,
1275 1467 1649 1538 septuaginta
1686 1467 1779 1522 vel
1808 1468 2034 1523 circiter

384 1556 750 1625 caperentur.
781 1552 861 1606 Ex
885 1567 1007 1624 quo
1048 1556 1277 1608 tantum
1329 1553 1657 1626 periclitata
1700 1559 1757 1610 et
1805 1555 2035 1625 dejecta

384 1642 491 1698 fuit
509 1640 776 1708 ecclesia,
809 1640 973 1712 quod
1001 1640 1099 1696 vix
1128 1643 1521 1715 recuperandi
1562 1648 1663 1700 aut
1688 1631 2039 1713 resurgendi

2134 502 2350 559 scopus
2374 488 2667 558 judicium
2697 488 2773 543 ad
2806 488 2979 544 Bocla
3011 489 3181 559 (194),
3214 487 3393 559 quod
3454 485 3607 540 dux
3652 486 3855 540 Ather-

2132 580 2226 631 tus
2254 580 2310 631 et
2338 570 2493 631 ﬁlius
2524 578 2651 647 ejus
2683 576 2961 631 Henricus
2991 576 3231 631 dudum
3263 578 3502 631 contra
3530 574 3843 644 justitiam

2132 664 2525 733 detinuerant,
2556 668 2918 736 occupatum
2946 662 3326 736 recuperavit
3358 664 3505 735 (an.
3554 664 3760 727 1291),
3806 672 3845 717 et

2130 752 2334 824 ipsum
2364 757 2623 808 castrum
2655 762 2860 808 coram
2892 768 2953 807 se
2993 755 3286 825 tanquam
3345 748 3485 807 loci
3542 750 3727 806 illius
3768 753 3847 821 ju-

2133 841 2262 896 dice
2291 841 2540 895 seculari
2571 840 2858 914 proscribi
2886 844 2942 896 et
2967 838 3109 897 data
3142 841 3462 897 sententia
3521 840 3679 895 fecit
3728 840 3855 894 ἠως

2133 927 2290 984 ditus
2345 929 2636 985 demoliri.
2690 932 2757 984 Et
2812 929 3172 1001 procedente
3216 933 3524 1001 tempore
3586 929 3655 984 in
3728 930 3851 984 loco

2133 1016 2277 1072 haut
2304 1017 2479 1087 longe
2505 1016 2703 1089 posito
2734 1023 2997 1073 castrum
3053 1018 3466 1074 Levenboreh
3501 1019 3680 1088 (195)
3729 1033 3853 1073 ma-

2135 1107 2265 1175 gnis
2307 1106 2644 1178 sumptibus
2687 1106 3035 1173 construxit,
3087 1122 3196 1179 per
3237 1108 3421 1179 quod
3459 1107 3666 1180 plura
3694 1106 3847 1162 bona

2135 1210 2205 1251 ac
2221 1196 2358 1265 jura
2383 1194 2626 1250 ecclesie
2657 1195 2955 1251 abstracta
2980 1200 3038 1251 et
3066 1195 3364 1252 distracta
3389 1196 3485 1252 ad
3523 1196 3848 1252 ecclesiam

2136 1284 2451 1339 revocavit.
2489 1284 2768 1339 Henricus
2794 1300 2932 1340 vero
2962 1289 3019 1340 et
3047 1284 3331 1341 Albertus
3363 1285 3590 1342 duces
3627 1291 3763 1342 tam
3789 1286 3849 1339 de

2138 1372 2315 1427 castri
2344 1372 2800 1441 constructione,
2828 1388 3016 1444 quam
3047 1373 3232 1429 etiam
3251 1373 3514 1444 jurium
3556 1389 3639 1430 ac
3670 1373 3852 1428 bona

2140 1476 2273 1516 rum
2299 1460 2540 1516 ecclesie
2566 1461 2941 1517 revocatione
2968 1461 3262 1533 dolentes,
3296 1463 3537 1535 ipsum
3586 1469 3851 1518 castrum

2142 1550 2543 1619 Levenborch,
2576 1564 2713 1605 cum
2740 1550 2940 1605 adhuc
2988 1556 3142 1606 esset
3192 1552 3454 1607 novella
3522 1551 3849 1624 plantatie.

2145 1639 2356 1709 grandi
2407 1639 2662 1695 exercitu
2714 1640 3122 1703 obsederunt;
3180 1648 3269 1695 set
3317 1656 3477 1696 cum
3514 1641 3850 1712 episcopus

385 1747 517 1803 spes
548 1729 747 1801 aliqua
774 1728 1127 1784 habebatur.
1184 1730 1511 1804 Episcopus
1561 1736 1762 1788 tamen
1822 1732 1880 1787 in
1932 1736 2041 1790 D‘o'
2074 1732 2116 1799 ﬁ
2144 1728 2220 1784 ad
2250 1727 2657 1799 repellendum
2683 1744 2784 1783 eos
2816 1743 2878 1783 se
2902 1729 3127 1784 fortiter
3154 1735 3562 1801 prepararet,
3594 1743 3845 1797 magna-

384 1822 546 1873 mino
570 1816 896 1883 conﬁdens,
926 1821 981 1872 et
1019 1832 1257 1873 murum
1286 1819 1649 1875 defensionis
1697 1834 1806 1893 pro
1849 1822 2030 1878 eccle-

385 1909 470 1963 sia
500 1924 559 1961 se
593 1918 926 1978 opponens,
958 1906 1203 1962 minime
1225 1907 1577 1981 desperavit.
1613 1912 1745 1966 Orta
1768 1926 2029 1983 namque

382 1996 530 2050 inter
560 1994 765 2050 fratres
793 2010 898 2048 seu
926 1994 1110 2049 duces
1140 1995 1301 2066 ipsos
1346 1995 1665 2063 discordia,
1713 1998 1837 2069 ipse
1879 1999 2027 2055 duo-

383 2085 495 2140 bus
517 2096 725 2138 eorum
757 2082 1061 2138 Wilhelmo
1093 2083 1363 2140 videlicet
1398 2090 1455 2140 et
1481 2085 1718 2141 Alberto
1762 2087 2034 2144 confede-

384 2178 567 2238 rutur,
595 2187 631 2227 a
658 2171 878 2242 quibus
908 2176 964 2226 et
992 2176 1254 2226 castrum
1313 2174 1827 2244 Stouphemborch
1884 2176 2030 2247 (192)

386 2261 498 2316 sibi
526 2260 780 2331 cptinuit
808 2264 917 2331 pro
944 2264 1102 2314 certa
1139 2261 1389 2331 pecunie
1445 2262 1772 2334 quantitate
1816 2266 2032 2337 stipen-

386 2350 621 2405 diorum
652 2348 892 2403 nomine
921 2347 1190 2416 obligari,
1233 2354 1438 2406 contra
1482 2352 1715 2407 tertium
1766 2370 1828 2409 se
1859 2359 1913 2409 et
1942 2371 2031 2409 ec-

386 2437 627 2493 clesiam
656 2437 1030 2492 defensurus.
1064 2437 1249 2492 Factis
1278 2438 1479 2510 itaque
1517 2440 1764 2496 diversis
1811 2443 2033 2498 insulti-

384 2527 497 2581 bus
522 2530 579 2580 et
607 2525 979 2580 conﬂictibus
1008 2525 1145 2580 hinc
1175 2529 1231 2580 et
1259 2526 1395 2581 inde
1421 2528 1739 2601 episcopus
1778 2531 2032 2585 nonnul-

386 2613 474 2668 los
502 2612 575 2667 de
606 2615 773 2684 parte
790 2611 1045 2667 adversa
1073 2611 1288 2667 milites
1312 2629 1380 2668 ac
1412 2613 1666 2670 famulos
1697 2617 2030 2688 captivavit,

332 2772 335 2775 _
386 2712 489 2774 per
518 2716 670 2773 quos
694 2699 893 2773 plures
944 2708 1194 2755 suorum
1232 2716 1269 2757 a
1313 2702 1647 2773 captivitate
1678 2704 1951 2775 absolvit,
1979 2711 2033 2762 et

385 2800 592 2845 rursus
621 2789 699 2845 ad
727 2788 1136 2844 defensionem
1184 2789 1429 2844 ecclesie
1479 2806 1543 2845 se
1592 2791 1861 2848 munivit.
1912 2794 2033 2849 Hiis

386 2879 465 2935 ita
495 2879 675 2950 gestis
704 2877 975 2933 Albertus
1033 2882 1090 2934 et
1135 2877 1488 2935 Wilhelmu's
1545 2880 1727 2937 duces
1784 2881 2031 2955 opidum

386 2967 578 3022 fratris
626 2982 835 3021 eorum
882 2965 1050 3021 ducis
1097 2965 1329 3021 Henrici
1382 2967 1744 3025 Helmenstat
1769 2971 2032 3037 nomine,

2136 1815 2467 1871 niinitatem
2495 1817 2623 1887 ejus
2654 1815 2919 1871 videntes
2963 1822 3021 1871 et
3059 1817 3489 1873 constantiam
3542 1818 3614 1872 in
3649 1823 3846 1872 sancte

2142 1908 2212 1939 ¹¹⁶
2243 1906 2569 1977 proposito,
2597 1910 2990 1975 recesserunt,
3024 1906 3329 1961 machinis
3376 1907 3447 1961 in
3519 1921 3765 1978 campo
3804 1916 3847 1959 et

2139 1994 2267 2049 aliis
2292 1994 2697 2049 instrumentis
2744 1994 2993 2063 bellicis,
3046 1998 3183 2067 Quae
3211 1994 3293 2051 ad
3327 1996 3847 2068 expugnandum

2140 2089 2400 2139 castrum
2428 2088 2906 2155 apportaverant,
2947 2084 3265 2139 derelictis.
3334 2083 3595 2140 Eodem
3652 2090 3846 2141 tanien

2139 2178 2297 2228 anno
2350 2172 2573 2227 hiidem
2626 2173 2810 2226 duces
2853 2188 3080 2241 magno
3121 2178 3522 2244 congregato
3560 2178 3848 2233 exercita.

2141 2276 2319 2332 super
2358 2264 2692 2315 Fusennam
2725 2260 2977 2315 ﬂuvium
3030 2264 3176 2331 (196)
3236 2276 3442 2333 prope
3506 2262 3842 2319 Olesborch

2140 2351 2401 2403 castrum
2450 2348 2706 2403 multum
2746 2348 3135 2420 prejudiciale
3178 2349 3444 2405 ecclesie
3489 2359 3839 2409 erexerunt

2140 2440 2197 2492 et
2223 2440 2445 2492 nomen
2466 2436 2841 2508 imponentes
2870 2438 3192 2493 Lowendal
3219 2444 3668 2510 occuparunt.
3730 2442 3844 2510 Epi-

2142 2541 2360 2597 scopus
2393 2541 2533 2581 vero
2557 2542 2632 2580 ne
2663 2526 2812 2580 liber
2849 2534 2918 2581 "ac
2953 2525 3234 2598 frequens
3290 2528 3454 2599 ipsis
3510 2528 3603 2584 de
3662 2535 3842 2583 castra

2142 2614 2422 2685 prredicto
2449 2613 2526 2668 ad
2555 2613 2968 2668 invadendum
2997 2614 3320 2669 ecclesiam
3364 2616 3635 2687 pateret
3664 2617 3846 2671 intr-oi

2142 2708 2256 2768 tus,
2290 2702 2451 2757 aliud
2482 2707 2762 2772 castrum,
2796 2702 2892 2757 cui
2920 2717 3145 2757 nomen
3176 2703 3569 2775 impositum
3619 2712 3719 2760 est
3762 2708 3844 2759 Pe-

2142 2790 2469 2863 penborch,
2500 2791 2722 2846 inloco
2753 2806 2876 2845 non
2934 2789 3124 2846 multo
3175 2791 3317 2863 plus
3372 2806 3599 2864 quam
3654 2795 3733 2849 ad
3779 2795 3846 2863 ἀι

2143 2884 2305 2934 ctum
2335 2879 2543 2947 sagitta
2569 2890 2797 2934 remoto
2829 2879 3034 2947 erexit,
3068 2884 3126 2934 et
3172 2879 3386 2935 multis
3443 2883 3737 2937 munivit
3772 2897 3841 2936 ar-

2144 2968 2317 3023 matis
2347 2985 2359 3022 :
2394 2983 2499 3039 per
2522 2968 2681 3039 quod
2702 2974 2969 3023 castrum
3003 2967 3329 3023 Lowendal
3358 2976 3837 3026 manutenentes

388 3059 743 3126 cooperante
787 3054 1068 3127 episcopo
1122 3054 1519 3121 obsederunt;
1574 3056 1849 3130 civesque
1883 3058 2037 3114 obsi-
2074 3074 2114 3140 θ
2145 3057 2382 3113 fuerunt
2412 3057 2579 3112 artati
2611 3072 2681 3112 ac
2712 3056 2942 3122 religati
2970 3056 3032 3111 in
3058 3060 3298 3112 tantum
3348 3063 3442 3121 ut,
3512 3061 3636 3131 qui
3689 3065 3839 3115 antea

389 3142 566 3197 dione
596 3141 789 3211 artati,
833 3140 987 3197 datis
1032 3142 1248 3211 treugis
1293 3142 1433 3197 hinc
1477 3147 1531 3199 et
1581 3145 1741 3215 inde,
1780 3147 2038 3218 potiores

390 3230 605 3286 milites
641 3240 765 3285 non
795 3244 1021 3301 paucos
1050 3234 1171 3285 tam
1219 3230 1293 3285 de
1341 3236 1508 3303 parte
1564 3232 1823 3306 episcopi
1854 3250 2039 3306 quam

392 3319 617 3375 ducum
648 3317 725 3373 ad
757 3334 819 3372 se
842 3317 904 3373 in
932 3317 1181 3390 cpidum
1204 3318 1351 3375 mitti
1375 3321 1685 3391 petierunt,
1727 3327 2039 3396 tamquam

393 3409 467 3465 de
493 3423 641 3480 pace
670 3412 725 3463 et
745 3406 1068 3463 concordia
1093 3409 1415 3464 tractaturi.
1451 3410 1679 3474 Quibus
1722 3412 2037 3484 introgres—

395 3497 473 3552 sis
500 3499 555 3551 et
579 3497 657 3552 ad
683 3496 940 3568 hospitia
963 3498 1090 3567 jam
1122 3497 1371 3569 receptis
1409 3498 1709 3572 nichilque
1752 3502 1890 3557 mali
1944 3519 2042 3558 su-

395 3586 782 3658 spicantibus,
813 3585 1081 3641 intideles
1111 3586 1268 3641 cives
1296 3586 1476 3642 verba
1524 3589 1688 3659 pacis
1722 3590 1783 3652 in
1815 3606 1915 3646 ore
1945 3606 2041 3662 ge-

395 3679 589 3731 rentes
620 3674 762 3730 etin
808 3678 1044 3747 pectore
1099 3690 1222 3730 non
1260 3675 1570 3745 habentes,
1629 3683 1839 3749 portas
1878 3680 2042 3752 opidi

394 3764 906 3830 concluserunt,et
929 3780 1032 3818 eos
1060 3763 1215 3819 intra
1243 3764 1555 3820 crudeliter
1583 3767 1929 3824 occiderunt
1948 3771 2038 3825 ηδ.

395 3853 568 3919 Quod
595 3853 820 3910 factum
848 3852 1100 3923 lugubre
1131 3853 1233 3909 toti
1277 3854 1465 3926 patrie
1515 3869 1759 3912 causam
1797 3859 2047 3930 prestitit

397 3941 783 3999 lammtandi.
859 3942 1079 3996 Deinde
1155 3958 1226 3996 ex
1292 3943 1577 3999 mandato
1636 3945 2043 4003 Romanorum

399 4030 557 4099 regis
587 4029 849 4100 praedicti
878 4044 1024 4100 pace
1044 4029 1249 4099 jurata
1277 4030 1426 4085 inter
1451 4031 1749 4104 principes
1778 4039 1835 4089 et
1880 4035 2047 4091 nobi-

400 4121 487 4177 les
519 4118 789 4189 Saxonie,
809 4119 931 4174 dux
958 4119 1236 4175 Henricus
1261 4119 1335 4175 de
1362 4126 1556 4176 castro
1586 4123 2048 4193 Harlingeberch

402 4207 851 4279 (193)0mnibus
881 4206 1315 4263 circumvicinis
1371 4207 1640 4280 dampna
1694 4211 1861 4267 varia
1908 4213 2048 4268 irro-

405 4298 603 4367 gavit;
662 4296 822 4352 unde
872 4296 1013 4351 dicti
1063 4296 1380 4369 principes,
1439 4298 1501 4353 in
1558 4302 1816 4371 'quorum
1868 4301 2047 4357 etiam

402 4398 655 4442 numero
685 4386 1003 4457 episcopus
1033 4385 1341 4454 existebat,
1395 4401 1465 4442 ac
1508 4386 1739 4443 nobiles
1798 4391 2049 4446 Saxonie

406 4480 611 4531 contra
652 4475 852 4547 ipsum
899 4474 1136 4540 ducem,
1188 4481 1497 4548 tamquam
1549 4477 1839 4546 generalis
1884 4480 2049 4551 pacis

406 4564 768 4631 violatorem,
800 4563 1056 4619 dictante
1097 4562 1283 4636 ipsius
1338 4565 1493 4635 regis
1537 4567 1825 4622 sententia
1855 4567 2052 4623 insur-

405 4658 680 4710 rexerunt
736 4657 794 4709 et
846 4657 1112 4710 castrum
1166 4654 1591 4725 Harlingeberh
1668 4656 2051 4714 obsederunt.-

408 4748 674 4815 Cumque
716 4743 876 4798 idem
927 4742 1052 4798 dux
1092 4742 1172 4798 ad
1215 4743 1625 4801 liberationem
1663 4746 1852 4817 ipsius
1880 4734 2056 4801 castri

407 4834 724 4893 festinaret.
751 4832 894 4888 inito
924 4832 1188 4888 ωειιὶωο
1219 4846 1356 4890 cum
1384 4833 1756 4906 principibus
1798 4839 1854 4889 et
1881 4834 2054 4890 nobis

407 4923 562 4980 libus
592 4922 888 4979 conﬂictu
927 4922 1266 4990 subcubuit,
1318 4928 1702 4993 castrumque
1749 4923 2056 4993 Harlinge-

2149 3145 2524 3212 obsederant,
2552 3143 2986 3213 obsiderentur,
3002 3144 3264 3217 factique
3295 3160 3375 3201 ex
3407 3147 3844 3204 obseSaoribus

2150 3236 2263 3290 sint
2291 3234 2542 3290 obsessi.
2564 3234 2812 3289 Demum
2845 3248 2986 3289 vero
3014 3234 3161 3305 ipsis
3186 3235 3248 3289 in
3277 3240 3500 3291 castro
3530 3237 3840 3293 [intendat

2148 3323 2581 3389 deficientibus,
2614 3323 2753 3378 etin
2778 3328 2972 3378 castro
3027 3323 3439 3396 Papenboroh
3495 3327 3842 3398 proﬂuenti-

2150 3409 2284 3479 bus,
2316 3412 2579 3465 castrum
2606 3411 2925 3466 bowendal
2956 3411 3210 3483 capitur,
3245 3414 3304 3466 et
3336 3416 3481 3468 tam
3519 3413 3653 3469 hoe
3678 3428 3842 3486 quam

2149 3498 2295 3553 illud
2321 3499 2555 3570 penitus
2574 3500 2912 3555 demolitur.
2947 3499 3098 3565 Quid
3131 3500 3312 3571 plura
3335 3501 3366 3555 ‘2
3400 3501 3685 3559 illustris
3711 3506 3841 3559 Otto.

2151 3587 2275 3642 dux
2318 3588 2686 3655 Luneborch,
2747 3594 3009 3644 castram
3055 3588 3447 3645 Gaieuberch
3483 3594 3659 3657 (197)
3692 3604 3843 3663 super

2154 3680 2416 3748 Laynam
2446 3676 2697 3733 fluvium
2724 3678 3092 3745 construxit;
3125 3678 3296 3750 quod
3336 3680 3509 3751 quia
3574 3682 3841 3751 vergebat

2151 3764 2212 3819 in
2234 3765 2566 3821 maximum
2598 3766 2840 3821 ecclesie
2885 3765 3345 3835 detrimentum,
3380 3769 3745 3843 episcopus
3775 3785 3839 3823 se

2155 3854 2369 3910 stinere
2400 3866 2520 3909 non
2548 3855 2753 3910 valens
2782 3871 2891 3910 nec
2922 3855 3154 3923 valens,
3202 3859 3429 3910 contra
3507 3858 3728 3931 ipsum
3767 3860 3839 3912 de

2154 3958 2283 3999 cem
2312 3944 2648 4010 insurrexit,
2681 3950 2733 3999 et
2762 3945 2959 4000 modis
2989 3944 3214 4015 quibus
3266 3946 3487 4017 potuit
3538 3947 3840 4021 impugna-

2154 4034 2256 4089 vit;
2286 4037 2416 4104 Ipse
2454 4048 2594 4088 vero
2643 4036 2772 4090 Otto
2824 4034 2949 4087 diu:
3000 4048 3139 4088 cum
3187 4034 3464 4089 Henrico
3518 4043 3587 4092 et
3636 4038 3840 4093 Albertc

2156 4122 2411 4177 ducibus
2443 4121 2517 4177 de
2548 4120 2889 4177 Brunsxvicb
2916 4121 3370 4194 conspiratione
3425 4124 3615 4182 facta
3668 4134 3840 4181 contra

2159 4210 2489 4273 ecclesiam,
2542 4210 2956 4265 assistentibus
2998 4210 3083 4264 eis
3133 4212 3351 4265 Ottone
3385 4218 3454 4267 et
3510 4214 3839 4269 Her-manus

2157 4298 2231 4354 de
2282 4298 2698 4354 Brandebbrch
2756 4298 3210 4363 marcbionibus
3267 4305 3329 4354 et
3376 4302 3709 4358 nonnulis
3746 4304 3839 4357 aliis

2087 4422 2128 4480 Β
2160 4388 2528 4480 principibus
2584 4386 3029 4480 ac_nobilibus,
3082 4390 3661 4480 magnorollecto
3720 4408 3839 4447 exa-

2162 4478 2279 4534 citu
2333 4482 2516 4532 terras
2572 4477 2815 4532 ecclesie
2880 4476 3246 4537 invaserunt.
3309 4477 3633 4552 duasque
3690 4488 3840 4537 turns

2158 4566 2427 4639 lapideas
2475 4566 2832 4638 Stederdorp
2890 4566 3161 4622 videlicet
3222 4566 3280 4621 et
3343 4566 3654 4640 Oberge,
3736 4584 3844 4642 quc

2160 4655 2441 4709 rumdam
2465 4654 2718 4708 militum
2749 4653 3017 4709 ﬁdelium
3056 4653 3307 4709 ecclesie
3348 4658 3750 4714 mansiones
3789 4672 3842 4711 ce

2161 4749 2394 4818 perunt,
2427 4756 2647 4814 easque
2680 4741 3118 4797 incastellantes
3162 4742 3428 4798 firmiter
3488 4749 3841 4803 munierunt

2162 4832 2235 4888 de
2267 4832 2377 4887 illis
2407 4834 2462 4886 et
2488 4830 2615 4886 aliis
2647 4829 2768 4884 suis
2797 4830 3242 4885 munitionibus
3296 4836 3555 4888 terram
3610 4842 3675 4892 et
3704 4836 3844 4892 ecclt

2165 4921 2318 4977 siam
2374 4918 2724 4989 gravissime
2780 4918 3226 4990 impugnantes.
3308 4920 3690 4995 Episcopus
3742 4936 3841 4979 ver:

1767 5050 2003 5111 VARI/E
2042 5046 2447 5111 LECTIONES.

483 5150 548 5188 ¹¹⁸
578 5170 822 5210 emnam
851 5170 901 5210 c.
982 5154 1052 5189 “5
1083 5152 1186 5209 ubi
1217 5159 1331 5211 tres
1360 5151 1590 5210 nobiles
1615 5151 1828 5207 milites
1858 5152 2110 5209 diocesis
2137 5155 2337 5207 nostre
2366 5146 2637 5203 videlicet
2668 5130 2990 5204 Stenberch
3043 5151 3101 5202 et
3161 5126 3385 5203 Saidar
3448 5154 3519 5206 et
3575 5142 3698 5211 cet.
3743 5152 3839 5209 dels

412 5225 692 5287 interfecti
719 5224 953 5281 fuerant
978 5227 1156 5294 reﬂert
1184 5228 1240 5280 2.
1321 5224 1391 5260 ¹¹⁶
1424 5222 1517 5279 t‘co
1547 5239 1597 5279 ε.

1993 5308 2222 5367 ΝΟΤίΕ.

483 5428 627 5499 (188)
670 5430 797 5483 Dux
822 5428 882 5499 in
903 5429 1357 5498 Grubenbagen.

484 5494 628 5565 (189)
672 5500 793 5571 Dux
826 5494 886 5571 in
917 5501 1209 5571 Qottinga.

486 5572 634 5642 (190)
674 5570 805 5642 ρυλε
821 5569 1313 5642 )Velferbytanus.

485 5640 637 5705 (191)
674 5637 842 5709 Haud
868 5637 1130 5709 procula
1157 5641 1526 5698 Brunswich.

486 5709 637 5776 (192)
677 5706 1073 5779 Staufenburg
1096 5726 1283 5783 prope
1311 5710 1615 5770 Osterode.

2230 5428 2378 5491 (193)
2418 5421 2833 5491 Herlingsberg
2858 5436 3044 5493 prope
3073 5420 3435 5481 Goslariam
3473 5428 3673 5487 stetit.

2239 5499 2388 5562 (191)
2428 5493 2788 5562 Buchloden.

2236 5559 2385 5631 (195)
2426 5559 2817 5630 Liebenburg.

2235 5640 2383 5705 (196)
2425 5638 2591 5691 Fuse.

2233 5704 2384 5776 (197)
2422 5704 2768 5774 Calenberg.
