3980 6408
278 400 379 453 227

1586 396 1642 450 S.
1693 396 1977 452 HENRICI
2017 395 2487 450 IMPERATORIS

3687 399 3793 451 228

276 523 366 578 bis
408 527 578 577 terra
645 519 1101 576 conservandum
1173 519 1490 590 perveniat,
1565 519 1743 574 totius
1811 519 1984 590 hujus
2014 522 2059 573 Α
2092 519 2188 590 jus
2217 519 2386 574 liberi
2414 519 2634 573 titulari
2665 518 3157 591 prasumpserint,
3190 517 3554 574 anathemate
3582 518 3802 574 ferien-

281 627 508 665 summa
562 608 858 663 sententia
905 608 1012 662 hac
1068 609 1246 662 nostri
1289 608 1474 662 forma
1529 607 1761 674 decreti,
1793 607 1984 662 fratri-

281 701 389 754 bus
422 703 478 752 et
532 696 887 768 coepiscopis
948 695 1158 750 nostris
1211 695 1718 763 subscribentibus,
1773 696 1983 750 conﬁr-

283 787 555 843 mahitur.

358 880 407 930 1.
470 877 536 930 Ut
573 875 758 928 nullus
805 875 864 927 in
927 874 1064 928 clero
1115 871 1395 928 mulierem
1454 873 1709 938 attingat.
1785 872 1985 926 Nullus

275 963 591 1035 presbyter,
633 962 824 1015 nullus
877 959 1171 1029 diaconus,
1215 960 1405 1013 nullus
1434 959 1838 1029 subdiaconus,
1862 960 1986 1014 nul-

277 1051 367 1106 lus
397 1051 460 1104 in
484 1049 656 1116 clero,
689 1064 928 1102 uxorem
958 1054 1059 1103 aut
1114 1047 1495 1102 concubinam
1516 1048 1803 1116 admittat,
1853 1064 1985 1102 cum

278 1139 425 1194 nulli
455 1153 684 1209 quoque
732 1136 1008 1190 laicorum
1048 1135 1189 1189 scire
1235 1136 1404 1190 liceat
1442 1136 1742 1190 mulierem
1775 1141 1988 1206 prater

281 1242 538 1281 uxorem.
600 1224 765 1288 Quod
806 1223 854 1277 si
907 1223 1124 1289 fecerit,
1185 1223 1497 1277 secundum
1547 1224 1986 1278 ecclesiasticam

2096 613 2210 663 tur.
2265 608 2375 662 Sed
2423 604 3035 678 neque'honorabitur
3088 607 3147 660 in
3210 607 3444 677 palatio,
3500 608 3600 678 qui
3632 609 3807 662 eccle-

2094 695 2260 764 siam,
2289 696 2482 766 palatii
2503 700 2770 762 matrem,
2800 712 2915 749 non
2947 695 3178 750 erubuit
3223 695 3584 765 impugnare.

2168 786 2282 840 Hoc
2311 789 2502 838 autem
2532 784 2786 837 ecclesia
2826 783 2928 837 Dei
2983 786 3415 851 testamentum,
3449 789 3650 837 contra
3684 800 3808 836 ma-

2095 875 2400 944 lignantes,
2463 874 2577 927 Deo
2637 877 3373 939 autore,autoramentum,
3452 871 3809 927 dilectissimi

2093 963 2199 1017 ﬁlii
2230 961 2410 1016 nostri
2441 962 2504 1016 H.
2558 961 2788 1030 augusti
2845 960 3018 1014 edicti
3063 962 3189 1031 lege
3247 961 3489 1024 ﬁrmari,
3530 960 3807 1014 corrobo-

2093 1051 2233 1120 rari,
2260 1056 2318 1105 et
2345 1050 2614 1105 humanis
2652 1049 2828 1103 inseri
2875 1055 2931 1103 et
2958 1049 3192 1104 inscribi
3236 1049 3460 1119 legibus
3501 1050 3768 1102 volumus
3795 1068 3810 1115 ;

2095 1144 2152 1194 et
2184 1156 2287 1210 per
2317 1154 2548 1200 omnem
2581 1137 2812 1208 imperii
2851 1137 2940 1192 sui
2988 1137 3376 1205 latitudinem,
3405 1142 3472 1191 ut
3525 1137 3810 1206 suscipia-

2094 1235 2210 1294 tur,
2245 1232 2528 1292 teneatur,
2589 1231 2644 1280 et
2692 1226 2922 1297 publica
2972 1227 3280 1280 autoritate
3329 1224 3490 1279 omni
3543 1229 3810 1295 tempore

281 1315 539 1386 regulam
595 1313 934 1383 deponatur.
970 1312 1078 1368 Sed
1134 1328 1324 1383 neque
1353 1311 1671 1366 secundum
1705 1314 1987 1366 humanas
2089 1317 2403 1389 judicetur,
2433 1332 2634 1369 omnes
2693 1317 2754 1368 in
2812 1331 3116 1369 commune
3169 1331 3400 1369 oramus
3432 1320 3488 1368 et
3535 1314 3808 1368 obsecra-

279 1405 434 1474 leges
477 1418 545 1456 ex
600 1403 772 1471 longo
821 1400 996 1454 factas
1053 1404 1110 1454 et
1130 1404 1404 1471 receptas,
1458 1400 1609 1454 ullus
1658 1400 1988 1455 admiratio-

281 1490 370 1545 nis
398 1488 449 1524 ⁵ο
472 1490 663 1544 locum
683 1489 740 1542 in
772 1489 935 1558 plebe
957 1489 1181 1542 habeat.

351 1581 404 1632 2.
441 1580 508 1632 Ut
551 1580 834 1647 episcopus
860 1577 1066 1630 nullam
1095 1579 1358 1643 feminam
1400 1576 1615 1645 habeat,
1662 1592 1831 1645 neque
1868 1592 1986 1630 cum

279 1667 470 1734 aliqua
535 1665 757 1719 habitet.
820 1663 1128 1735 Episcopus
1181 1665 1325 1718 sicut
1375 1665 1592 1718 nullam
1626 1664 1878 1731 habebit,
1909 1665 1989 1719 ita

280 1770 411 1808 cum
434 1753 592 1807 nulla
619 1751 853 1822 penitus
904 1751 1208 1806 habitabit.
1263 1751 1424 1815 Quod
1463 1751 1509 1804 si
1539 1751 1755 1818 fecerit,
1790 1756 1846 1805 et
1877 1768 1983 1805 no-

281 1841 414 1896 stris
455 1840 670 1912 regulis
724 1845 781 1893 et
831 1839 1142 1893 mundanis
1207 1839 1431 1908 legibus
1483 1838 1986 1902 concordantibus,

281 1930 523 1996 honore,
554 1944 666 1998 quo
697 1944 757 1981 se
787 1927 910 1996 ipse
941 1927 1074 1981 fecit
1100 1926 1428 1997 indignum,
1455 1926 1773 1996 abjicietur.

352 2021 406 2072 3.
472 2018 538 2070 Ut
575 2017 680 2084 ﬁlii
726 2017 1058 2078 clericorum,
1104 2029 1384 2068 servorum
1422 2015 1669 2082 ecclesiae,
1712 2016 1856 2068 servi
1882 2017 1992 2068 sint

279 2107 509 2160 ecclesia
553 2119 673 2157 cum
728 2104 974 2157 omnibus
1031 2102 1350 2172 adquisitis.
1407 2101 1532 2156 Filii
1592 2107 1650 2155 et
1698 2102 1830 2156 ﬁlia
1861 2119 1987 2156 om-

281 2194 446 2248 nium
499 2191 837 2246 clericorum
879 2191 1256 2262 omniumque
1309 2191 1594 2260 graduum
1653 2191 1724 2245 de
1774 2191 1994 2245 familia

281 2280 552 2344 ecclesia,
595 2295 658 2332 ex
704 2294 1063 2349 quacumque
1106 2278 1286 2332 libera
1327 2278 1590 2345 muliere,
1625 2294 1992 2349 quocumque

282 2369 455 2422 modo
500 2367 609 2420 sibi
659 2367 965 2435 conjuncto
1025 2366 1218 2433 fuerit,
1282 2366 1484 2436 geniti,
1549 2382 1682 2420 cum
1722 2367 1993 2421 omnibus

281 2456 448 2510 bonis
477 2471 580 2527 per
625 2456 1036 2525 cujuscumque
1069 2470 1272 2508 manus
1310 2453 1634 2524 adquisitis,
1681 2455 1829 2508 servi
1858 2471 1991 2525 pro-

280 2544 392 2615 prii
431 2560 550 2598 sua
588 2548 760 2597 erunt
807 2543 1078 2610 ecclesia,
1143 2558 1247 2596 nec
1305 2558 1559 2612 unquam
1615 2543 1684 2596 ab
1739 2543 1992 2597 ecclesia

279 2632 552 2687 servitute
582 2631 837 2686 exibunt.

350 2721 405 2774 4.
471 2721 538 2774 Ut
592 2719 728 2789 ﬁliis
784 2719 1119 2784 clericorum;
1178 2733 1455 2772 servorum
1512 2720 1763 2786 ecclesia,
1809 2719 1992 2773 nullus

272 2809 449 2878 judea:
475 2809 776 2862 libertatem
825 2809 1140 2876 promittat,
1173 2806 1531 2877 Quicumque
1574 2807 1724 2861 ﬁlios
1752 2807 1991 2861 clerico-

278 2913 426 2962 rum,
469 2912 761 2950 servorum
792 2895 1065 2963 ecclesiae,
1109 2895 1180 2949 de
1226 2911 1590 2966 quacumque
1648 2895 1827 2950 libera
1855 2911 1990 2966 pro-

278 2991 516 3051 creatos,
579 2984 792 3039 liberos
838 3000 961 3038 esse
1003 2983 1374 3053 judicaverit,
1416 2984 1723 3038 anathema
1793 2985 1886 3049 sit,
1936 2990 1990 3038 et

2097 1423 2250 1462 mus.
2289 1405 2411 1460 Erit
2427 1403 2602 1477 [enim
2651 1405 2765 1458 Deo
2795 1405 3021 1458 volente
3050 1403 3111 1457 in
3142 1409 3422 1457 aternum
3468 1403 3805 1469 valiturum,

2097 1495 2164 1561 si,
2234 1494 2386 1566 quod
2433 1493 2809 1548 ecclesiastica
2887 1492 3134 1562 gravitas
3207 1492 3496 1562 prohibet,
3577 1491 3809 1562 publico

2097 1583 2269 1637 fuerit
2295 1583 2488 1652 vigure
2545 1582 3012 1636 exterminatum.
3065 1582 3174 1634 Nec
3211 1580 3436 1635 factiosi
3481 1579 3652 1650 hujus
3701 1579 3810 1633 de-

2097 1672 2235 1726 creti
2278 1670 2575 1724 scientiam
2623 1670 3091 1736 dissimulabunt,
3157 1686 3286 1740 qua
3337 1670 3598 1722 omnium
3646 1667 3813 1720 libris

2099 1759 2396 1829 inscripta,
2438 1774 2541 1828 per
2589 1774 2692 1812 ora
2747 1758 3008 1812 omnium
3067 1758 3354 1824 evolsbit;
3413 1772 3518 1810 nec
3573 1756 3814 1825 impune

2099 1846 2386 1918 putabunt
2418 1845 2772 1910 audendum,
2826 1845 2979 1916 quod
3033 1845 3262 1915 publica
3292 1845 3628 1898 damnatum
3663 1859 3818 1896 seve-

2097 1937 2266 1991 ritate
2299 1934 2694 2005 cognoverint.

2174 2025 2290 2094 Ego
2350 2025 2409 2078 Β.
2472 2023 2583 2092 (88)
2632 2040 2782 2094 papa
2831 2029 3063 2077 aterna
3123 2023 3287 2077 Urbis
3320 2023 3454 2077 huic
3501 2021 3816 2076 constituto

2099 2111 2359 2182 synodali
2389 2111 2720 2181 subscripsi.

2174 2201 2290 2270 Ego
2336 2205 2402 2254 A.
2451 2202 2558 2268 (89)
2607 2204 2815 2253 sancta
2866 2198 3300 2282 Liediolanensis
3347 2198 3598 2252 ecclesia
3627 2197 3817 2251 archi-

2099 2288 2402 2358 episcopus
2432 2287 2759 2358 subscripsi.

2171 2377 2288 2445 Ego
2341 2375 2406 2430 Β.
2468 2379 2578 2443 (90)
2633 2374 2950 2430 Ticinensis
3011 2374 3264 2429 ecclesia
3320 2373 3625 2445 episcopus
3684 2374 3821 2427 sub-

2101 2465 2322 2534 scripsi.

2173 2554 2286 2623 Ego
2306 2557 2372 2608 Α.
2400 2552 2504 2620 (9|)
2537 2553 2825 2606 Cumanus
2851 2551 3149 2622 episcopus
3188 2551 3523 2622 subscripsi.

2175 2643 2289 2711 Ego
2346 2642 2402 2694 L.
2458 2642 2570 2711 (92)
2625 2640 2994 2694 Taurinensis
3038 2638 3290 2693 ecclesia
3319 2639 3620 2710 episcopus
3674 2638 3816 2692 sub-

2058 2741 2061 2744 ·
2101 2729 2320 2800 scripsi.

2175 2819 2292 2888 Ego
2324 2819 2383 2872 P.
2418 2820 2527 2886 (93)
2584 2817 2965 2872 Terdonensis
3018 2815 3269 2871 ecclesia
3321 2815 3626 2886 episcopus
3673 2814 3818 2868 sub-

2191 2923 2318 2961 lDSl.

2129 2923 2205 2960 οτι
2255 2923 2318 2961 ει.

2099 2923 2125 2961 8
2174 2924 2289 3064 Ego
2325 2996 2430 3048 Leo
2477 2994 2809 3048 Eusebiana
2875 2993 2987 3064 (93)
3037 2991 3290 3048 ecclesia
3345 2992 3658 3047 catholicus
3689 2991 3816 3062 epi-

279 3073 488 3127 habeat
512 3072 571 3126 in
589 3072 808 3143 judicio
836 3072 990 3143 quod
1023 3071 1178 3138 fecit,
1211 3072 1348 3142 quia
1407 3072 1658 3126 ecclesia
1683 3072 1815 3126 tulit
1840 3073 1991 3144 quod
2027 3077 2068 3132 C
2105 3099 2312 3154 scopus
2333 3083 2660 3153 subscripsi.

279 3177 395 3215 non
425 3160 599 3215 dedit.

351 3251 401 3302 5.
439 3250 506 3303 Ut
549 3249 692 3302 servi
745 3248 1091 3301 ecclesiarum
1135 3263 1237 3316 per
1267 3262 1460 3300 manus
1503 3248 1662 3300 liberi
1706 3248 1851 3301 nihil
1887 3248 1994 3302 ad-

281 3335 712 3406 quirant.Nulli
761 3351 1057 3389 servorum
1114 3334 1390 3400 ecclesia,
1424 3335 1540 3388 sive
1599 3336 1658 3388 in
1720 3336 1993 3390 cleriCatu

279 3423 398 3476 sive
426 3423 486 3476 in
519 3423 748 3488 laicatu,
791 3423 862 3476 de
923 3423 1134 3494 quibus
1191 3428 1454 3476 nostrum
1511 3427 1597 3476 est
1651 3429 1708 3476 et
1747 3424 1991 3478 fratrum

281 3516 612 3565 nostrorum
636 3511 917 3581 judicare,
952 3511 1119 3565 liceat
1153 3527 1489 3581 comparare
1519 3518 1619 3566 aut
1664 3512 1783 3566 ullo
1817 3512 1990 3567 modo

277 3599 584 3670 adquirere
613 3616 718 3670 per
763 3616 970 3653 manus
1007 3604 1109 3654 aut
1160 3616 1370 3654 nomen
1402 3600 1642 3670 alicujus
1673 3600 1839 3654 liberi
1888 3601 1989 3654 lio-

278 3687 466 3766 minis.
521 3688 685 3752 Quod
764 3688 865 3758 qui
920 3687 1118 3742 fecerit
1193 3686 1292 3761 [in]
1370 3688 1717 3742 evasibiliter
1789 3705 1987 3756 casus,

277 3776 496 3830 tamdiu
563 3783 888 3830 carceratus
949 3776 1277 3845 habebitur,
1360 3778 1639 3848 quamdiu
1698 3794 1899 3833 omnes
1945 3781 1988 3815 ³ι

279 3865 517 3919 ecclesia
539 3865 780 3934 recipiat
810 3864 1166 3934 scriptiones.

377 3956 428 4006 6.
494 3954 560 4006 Ut
611 3954 705 4006 ille
750 3955 849 4021 qui
903 3953 1152 4006 chartam
1210 3969 1309 4022 per
1371 3969 1500 4008 suas
1551 3969 1745 4009 manus
1789 3957 1991 4024 accipit

278 4044 438 4110 ﬁnem
489 4041 720 4094 ecclesia
757 4043 953 4106 faciat.
1035 4041 1134 4094 Ille
1211 4048 1402 4095 autem
1462 4043 1611 4096 male
1661 4043 1824 4110 liber,
1889 4042 1990 4114 qui

277 4130 460 4183 factus
487 4132 571 4182 est
600 4127 816 4182 diaboli
859 4143 1070 4190 servus,
1129 4145 1235 4199 per
1285 4131 1446 4200 cujus
1494 4145 1702 4185 manus
1759 4131 1987 4185 latroci-

277 4222 480 4271 nantes
501 4231 698 4270 servus
730 4215 1004 4282 ecclesia,
1055 4217 1329 4288 quicquid
1376 4217 1517 4273 illud
1574 4218 1765 4285 fuerit,
1793 4219 1990 4290 adqui-

278 4305 426 4370 sivit,
460 4310 560 4358 aut
625 4303 878 4357 ecclesia
950 4308 1129 4358 totam
1203 4304 1374 4358 faciat
1447 4307 1832 4372 securitatem,
1890 4311 1988 4360 aut

278 4392 616 4447 maledictus
671 4392 820 4446 inter
868 4391 1031 4462 fures
1096 4392 1346 4448 ecclesia
1400 4398 1458 4447 et
1515 4393 1822 4465 sacrilegos
1878 4395 1984 4449 ha—

275 4480 497 4535 beatur.

347 4572 400 4622 7.
467 4571 534 4624 Ut
587 4570 774 4624 nullus
817 4568 995 4638 judea:
1031 4575 1130 4624 aut
1178 4569 1392 4622 tabellio
1445 4569 1665 4623 chartas
1719 4569 1986 4635 scribant,

280 4671 419 4726 quas
447 4659 591 4710 servi
617 4658 846 4711 ecclesia
897 4673 999 4726 per
1053 4671 1246 4711 manus
1292 4657 1450 4711 liberi
1498 4657 1821 4726 adquirunt.
1884 4658 1988 4710 Ju-

279 4745 388 4798 dex
444 4761 576 4798 vero
651 4749 750 4798 aut
804 4743 1060 4812 tabellio,
1110 4745 1210 4816 qui
1275 4751 1392 4799 tam
1458 4744 1708 4799 inlicitas
1763 4746 1989 4798 chartas

279 4831 635 4902 scripserint,
669 4837 728 4885 et
755 4847 846 4885 res
879 4833 1062 4902 pretio
1107 4849 1402 4886 servorum
1459 4833 1712 4887 ecclesia
1758 4848 1988 4902 compa-

280 4927 455 4987 ratas,
487 4924 586 4974 aut
616 4918 812 4990 aliqua
839 4919 1180 4975 liberalitate
1219 4921 1492 4987 conlatas,
1549 4920 1774 4974 nomini
1814 4921 1992 4974 alicu-

2172 3177 2378 3228 Actum
2419 3173 2629 3242 Papia,
2665 3172 2790 3226 Kal.
2830 3171 3092 3241 Augusti,
3125 3170 3448 3240 imperante
3505 3171 3716 3225 domno
3744 3173 3815 3226 Η.

2101 3261 2520 3333 gloriosissimo
2560 3266 2824 3331 augusto,
2858 3277 2960 3331 per
2996 3275 3201 3313 manus
3258 3259 3446 3314 fratris
3501 3259 3820 3314 Vercellen-

2101 3351 2177 3405 sis
2209 3349 2482 3421 episcopi.

2494 3471 2882 3527 RESPONSIO
2916 3471 3413 3531 IMPERATORIS.

2172 3596 2323 3651 Nihil
2376 3596 2501 3663 tibi,
2561 3595 2919 3650 sanctissime
2970 3611 3120 3666 papa
3179 3597 3262 3660 B.,
3315 3611 3544 3666 possum
3577 3611 3814 3666 negare,

2099 3685 2191 3739 cui
2217 3702 2322 3756 per
2381 3687 2564 3739 Deum
2619 3684 2816 3739 omnia
2867 3684 3072 3750 debeo,
3129 3685 3452 3754 prasertim
3493 3700 3623 3738 cum
3658 3684 3822 3754 justa

2102 3781 2281 3844 petas,
2313 3774 2551 3828 honesta
2580 3789 2710 3826 cum
2763 3773 2934 3842 justis
2988 3771 3262 3826 fratribus
3303 3787 3599 3843 suggeras,
3628 3775 3684 3825 et
3724 3788 3820 3826 me

2099 3864 2159 3916 in
2217 3861 2572 3916 consortium
2621 3866 2828 3915 sancta
2885 3860 3266 3915 solicitudinis
3303 3860 3432 3914 ideo
3465 3861 3725 3929 advoces,
3751 3867 3823 3915 ut

2099 3950 2246 4003 sicut
2274 3949 2510 4018 laboris,
2567 3949 2648 4003 ita
2679 3949 2989 4018 participes
3033 3948 3213 4002 simus
3243 3952 3299 4002 et
3337 3949 3551 4019 gaudii.
3595 3950 3820 4004 Gratias

2097 4037 2290 4108 itaque
2317 4043 2510 4091 sancto
2539 4036 2897 4107 episcopatui
2937 4043 3038 4090 tuo
3063 4035 3197 4106 jure
3221 4035 3418 4089 habeo
3451 4037 3674 4100 uberes,
3712 4037 3818 4108 qui

2097 4131 2154 4178 et
2202 4124 2506 4179 salubriter
2550 4124 2847 4194 componit
2910 4123 3240 4189 Ecclesiam,
3300 4129 3356 4177 et
3387 4141 3418 4176 a
3472 4123 3818 4178 clericorum

2099 4213 2535 4279 incontinentis,
2568 4213 2721 4267 unde
2751 4229 2922 4266 omne
2967 4213 3182 4266 malum
3215 4213 3372 4266 velut
3415 4213 3488 4266 ab
3543 4213 3818 4282 aquilone

2100 4319 2273 4373 super
2315 4308 2527 4356 terram
2602 4300 2852 4367 emersit,
2909 4301 3278 4355 correctionis
3332 4300 3639 4370 vigilanter
3679 4301 3819 4356 fecit

2100 4391 2470 4462 principium.
2515 4389 2720 4444 Omnia
2747 4389 3004 4459 quidem,
3038 4405 3164 4459 qua
3188 4404 3292 4459 pro
3321 4389 3583 4442 Ecclesia
3612 4404 3816 4443 neces-

2097 4479 2246 4535 saria
2295 4477 2661 4549 reparatione
2718 4476 3067 4548 synodaliter
3117 4476 3365 4530 instituit
3393 4481 3451 4530 et
3479 4476 3818 4532 reformavit

2097 4567 2414 4639 paternitas
2443 4570 2562 4631 tua,
2579 4571 2645 4620 ut
2673 4564 2827 4619 ﬁlius
2857 4564 3048 4631 laudo,
3072 4564 3371 4632 conﬁrmo,
3419 4571 3477 4618 et
3506 4564 3765 4634 approbo
3796 4581 3811 4631 ;

2097 4660 2156 4711 et
2179 4660 2244 4710 ut
2301 4670 2504 4708 omnes
2562 4653 2679 4706 sint
2718 4653 3055 4723 paratiores,
3112 4667 3238 4706 eam
3287 4665 3378 4704 me
3408 4650 3817 4704 inviolabiliter

2097 4748 2460 4797 servaturum
2493 4741 2798 4812 adjuvante
2831 4742 2945 4795 Deo
2975 4740 3268 4811 promitto.
3323 4742 3387 4794 Et
3428 4739 3488 4793 in
3527 4744 3816 4793 aternum

2101 4848 2392 4896 mansura,
2442 4836 2498 4884 et
2546 4831 2698 4884 inter
2737 4829 2969 4900 publica
3020 4828 3153 4899 jura
3194 4844 3422 4899 semper
3458 4827 3813 4898 recipienda,

2101 4925 2157 4974 et
2185 4919 2456 4974 humanis
2485 4917 2710 4990 legibus
2732 4917 3045 4973 solenniter
3063 4917 3448 4984 inscribenda,
3480 4918 3586 4972 hac
3615 4922 3819 4972 nostra

1709 5043 1947 5098 VARle
1985 5041 2386 5098 LECTIONES.

357 5137 403 5175 ⁸ο
442 5138 618 5194 ullius
641 5137 1156 5194 administrationis
1181 5139 1209 5192 ‘i
1239 5139 1506 5196 COSSARD.
1599 5143 1641 5177 “
1673 5140 1863 5195 omnis
1883 5139 1967 5194 ed.

1958 5243 1999 5296 Ν
2009 5243 2180 5298 ΟΤᾸΞ.

353 5330 464 5399 (88)
489 5329 826 5385 Benedictus
854 5332 997 5386 Vill.

352 5402 458 5469 (89)
491 5402 810 5456 Aribertus.

351 5473 464 5543 (90)
498 5471 846 5543 Raynaldus,

349 5543 461 5604 (9t)
495 5543 810 5598 Albericus.

351 5612 440 5682 92)
470 5611 804 5668 Landulfus.

2170 5331 2282 5400 (93)
2317 5333 2536 5386 Petrus.

2171 5401 2300 5474 (94)
2333 5402 2426 5474 Id_
2459 5407 2546 5456 est
2569 5400 2949 5474 _Ve_rcellensis
2998 5401 3177 5456 sancti
3229 5403 3457 5474 Eusebii
3513 5404 3764 5460 ecclesia
3798 5425 3813 5474 ;

2097 5472 2250 5526 idem
2282 5471 2390 5543 Leo
2412 5471 2474 5526 in
2524 5471 2748 5543 placito,
2793 5472 3052 5543 ejusdem
3107 5473 3242 5527 anni
3285 5479 3343 5528 et
3388 5474 3525 5528 alias
3562 5471 3811 5531 subseri;

2097 5541 2410 5667 ésLeo
2466 5557 2653 5598 servus
2708 5541 2950 5609 Eusebii,
3011 5543 3164 5615 apud
3211 5543 3483 5602 Murator.
3513 5545 3607 5602 SS.
3661 5546 3706 5602 Ι.
3745 5543 3809 5602 ΙΙ.

2107 5631 2162 5683 p.
2193 5631 2316 5667 we.
