3944 6410
78 287 242 340 1289

1283 280 1680 342 CHRONICON
1725 278 2022 340 HIEDESH
2035 285 2351 341 EIMENSE.

3397 272 3534 323 1270

74 407 528 476 magnanimus
579 408 638 464 in
693 409 955 465 adversis
1007 408 1323 480 desperare
1374 411 1477 462 aut
1507 404 1758 475 deprimi
1800 409 1842 456 Α
1873 407 2142 462 sterhove
2177 413 2322 478 (203)
2350 407 2596 462 ecclesie
2631 408 2828 460 nostre
2856 397 3104 474 perutile
3137 411 3273 450 cum
3307 409 3414 446 suo
3443 407 3532 445 co-

75 513 217 552 non
250 503 600 566 consuetus,
659 504 747 553 set
801 499 858 553 in
908 498 1156 553 domino
1193 502 1306 551 Deo
1339 513 1446 550 suo
1478 495 1760 560 conlisus,

71 586 410 643 conductis
440 587 748 656 armigeris
779 592 834 642 et
865 585 1264 659 stipendiariis
1288 582 1615 639 innumeris
1645 582 1762 636 vim

71 675 138 729 vi
188 680 323 732 tum
357 692 495 731 cum
528 675 940 730 moderamine
998 680 1121 731 tum
1175 674 1297 728 sine
1355 671 1763 727 moderamine

68 765 440 836 repellebat.
475 769 622 822 Nam
653 765 866 822 eadem
896 765 1148 820 durante
1181 779 1414 832 guerra,
1463 760 1762 832 quasdam

71 854 462 909 munitiones
507 854 754 922 ducum,
805 853 1075 909 videlicet
1126 853 1339 916 L‘slere,
1405 849 1761 916 Everl‘iorch,

71 943 542 998 Geveldehusen
576 948 631 999 et
662 944 836 998 Echte
866 945 1013 1010 (198)
1044 944 1197 1015 cepit
1227 948 1281 997 et
1325 939 1631 1003 destruxit,
1693 955 1762 992 ac

70 1032 138 1085 in
177 1031 459 1104 pluribus
491 1031 892 1098 conflictibus,
926 1032 1289 1087 concedente
1329 1029 1577 1084 domino
1620 1031 1758 1093 lleo,

67 1137 109 1175 a
143 1137 280 1192 quo
311 1126 398 1176 est
428 1121 625 1176 omnis
648 1122 909 1189 victoria,
954 1121 1356 1193 triumphavit,
1414 1119 1643 1189 sibique
1700 1117 1758 1171 in

68 1210 196 1265 hac
233 1210 450 1266 eadem
482 1226 700 1280 guerra
727 1216 958 1266 tantum
982 1210 1364 1282 supercrevit,
1389 1208 1551 1282 quod
1587 1207 1758 1278 plura

65 1296 293 1353 debita
325 1298 630 1369 persolvit,
662 1299 720 1352 in
759 1299 980 1370 quibus
1033 1303 1208 1352 antea
1266 1297 1594 1352 tenebatur.
1649 1297 1755 1348 lle-

67 1403 258 1442 mum
286 1404 430 1443 vero
456 1392 607 1443 inter
637 1388 991 1460 episcopum
1042 1404 1112 1442 ex
1162 1404 1302 1452 una,
1355 1389 1625 1441 Ottoncm
1681 1384 1754 1438 de

69 1476 444 1531 Luneborch
471 1482 524 1532 et
558 1477 866 1532 Albertum
897 1477 970 1532 de
1003 1477 1350 1532 Brunswich
1379 1475 1562 1531 duces
1590 1479 1754 1546 parte

65 1581 144 1620 ex
204 1565 414 1631 altera,
482 1567 732 1622 Henrico
785 1568 936 1622 duce
996 1566 1258 1633 excluso,
1318 1566 1526 1620 castris
1575 1566 1752 1620 etiam

66 1654 318 1724 Oberge
346 1662 400 1710 et
433 1656 825 1727 Stedemdorp
853 1657 1104 1728 primitis
1131 1656 1361 1716 dirutis,
1396 1654 1752 1726 compositio

1873 496 2079 551 mitatu
2114 499 2270 554 mille
2301 505 2354 552 et
2387 496 2600 564 \‘lgn'lill
2629 491 2844 548 marcis
2880 489 3014 562 puri
3067 483 3297 552 argenti
3337 482 3449 536 sibi
3481 486 3535 536 et

1876 585 1999 638 suis
2059 587 2501 639 sum-ssm-ilms
2561 579 2950 654 comparavit.
3009 571 3408 630 Advocaciam
3476 570 3536 624 in

1876 672 2019 725 urbe
2047 690 2082 727 a
2114 673 2357 727 [aulolt‘o
2382 669 2709 726 munerario
2741 665 3014 723 absolvit.
3042 659 3443 717 Advocaciam
3475 658 3534 713 in

1875 762 2326 818 llasikenliuscn
2365 767 2503 831 (aut)
2554 778 2588 814 a
2623 757 2907 830 Lippoldo
2965 754 3039 808 de
3091 751 3293 806 Dalem
3351 747 3533 803 milite

1874 852 2204 923 acquisivit.
2241 851 2523 907 Palatium
2571 845 2907 921 episcopale
2957 843 3016 898 in
3066 839 3265 898 multis
3295 836 3533 893 edititiis

1872 941 2233 1000 emendavit.
2284 940 2739 1013 cappcllamque
2790 934 3014 990 ibidem
3073 930 3146 984 de
3185 944 3343 983 novo
3394 941 3531 981 con-

1873 1030 2104 1094 struxit,
2131 1031 2230 1085 ubi
2257 1037 2313 1086 et
2337 1036 2595 1102 quatuor
2635 1025 2958 1083 canonicos
3001 1018 3266 1083 instituit,
3307 1015 3529 1088 quibus

1870 1118 1946 1172 ad
1998 1120 2214 1175 victum
2259 1119 2661 1192 quadraginta
2713 1115 2896 1170 libras
2952 1105 3529 1167 Hildensemensium

1867 1208 2252 1266 denariorum
2277 1210 2349 1264 dc
2382 1206 2788 1263 oblationibus
2830 1207 2886 1258 et
2916 1196 3382 1256 obventionibus
3437 1211 3530 1248 ec-

1867 1297 2040 1353 clcsie
2087 1300 2272 1355 sancti
2320 1300 2550 1353 Audi-ee
2608 1313 2715 1352 nec
2769 1309 2891 1350 non
2923 1289 3226 1364 preposito
3257 1285 3526 1357 ejusdem

1865 1387 2108 1442 ecclesie
2137 1389 2256 1443 sive
2288 1388 2711 1443 archidiacono
2742 1381 2991 1440 civitatis
3051 1379 3110 1433 12
3159 1377 3342 1432 libras
3396 1375 3527 1431 dari

1865 1477 2038 1531 annis
2091 1478 2338 1545 singulis
2392 1475 2708 1532 ordinavit.
2764 1477 2901 1530 Tres
2951 1469 3132 1525 etiam
3177 1482 3424 1523 mansos
3463 1465 3524 1522 in

1864 1565 2061 1620 Reden
2112 1567 2222 1620 sibi
2269 1572 2552 1621 vacantes
2596 1563 2813 1634 adjecit
2844 1558 3149 1617 canonicis
3190 1554 3521 1612 antedictis.

1866 1654 2208 1709 Novissimis
2241 1660 2441 1710 autem
2469 1653 2681 1709 diebus
2715 1651 2838 1706 suis
2887 1665 3027 1705 cum
3062 1645 3308 1719 aliquali
3347 1660 3520 1717 pace,

64 1743 418 1800 ordinatur.
453 1748 515 1800 Et
553 1761 689 1801 cum
739 1745 862 1800 dux
908 1747 1037 1801 Otto
1067 1751 1329 1800 castrum
1366 1743 1750 1800 (lalemberch
1789 1755 1836 1810 Β
1867 1746 1928 1796 ιιι
1958 1742 2181 1798 dictum
2209 1749 2294 1798 est
2326 1743 2618 1815 superius,
2654 1742 2964 1805 frueretur,
2998 1741 3260 1794 castrum
3292 1733 3525 1789 Hunde—

66 1848 249 1888 some
285 1838 434 1899 (199)
465 1833 815 1898 includeret,
846 1839 1092 1906 pontem
1117 1839 1252 1889 ante
1280 1839 1540 1889 castrum
1571 1849 1752 1904 super

69 1924 356 1992 Laynam
385 1938 417 1977 a
451 1939 598 1980 sona
621 1923 832 1980 eadem
864 1924 1182 1996 episcopus
1212 1923 1585 1980 excludebat.
1625 1925 1746 1978 Dux

66 2015 285 2066 autem
318 2011 602 2068 Henricus
635 2012 948 2068 ecclesiam
999 2011 1195 2067 adhuc
1246 2011 1629 2083 impugnans,
1654 2028 1748 2066 ca-

67 2105 272 2155 strum
303 2101 616 2174 quoddam
645 2101 983 2158 Morsborch
1015 2107 1432 2172 nuncupatum
1458 2101 1516 2155 in
1556 2100 1749 2156 termi-

65 2189 163 2242 nis
199 2191 474 2244 cometiae
508 2190 683 2246 Bocla
712 2190 1060 2252 construxit,
1088 2190 1253 2262 quod
1295 2191 1490 2245 statim
1523 2190 1748 2263 episco-

65 2294 188 2348 pus
216 2284 277 2333 et
305 2278 425 2346 alii,
458 2279 680 2350 quibus
711 2281 1073 2335 constructio
1106 2279 1455 2348 hujusmodi
1509 2280 1746 2335 videba-

67 2375 167 2423 tur
200 2369 558 2436 incongrua,
588 2369 1049 2435 circumdantes,
1109 2369 1343 2442 penitus
1390 2375 1742 2425 everterunt.

67 2457 212 2530 Ipso
242 2457 669 2514 nichilominus
719 2457 871 2513 duce
925 2457 982 2512 in
1039 2459 1447 2528 persecutione
1501 2458 1745 2513 ecclesie

66 2545 465 2615 perdurante,
519 2563 587 2600 ac
637 2546 938 2601 nobilibus
988 2546 1126 2602 viris
1154 2546 1226 2600 de
1262 2546 1552 2611 Werdere,
1586 2552 1641 2601 et
1671 2547 1744 2602 de

69 2633 296 2688 Sladen
326 2633 646 2690 comitibus
678 2634 787 2689 sibi
819 2633 1249 2696 assistentibus,
1270 2651 1376 2706 per
1403 2635 1602 2706 ipsum
1621 2636 1743 2708 epi-

68 2737 332 2794 scopum
365 2727 628 2776 castrum
661 2722 932 2780 Wcrdere
966 2724 1114 2792 (200)
1145 2722 1450 2794 aliquanto
1481 2728 1744 2796 tempore

67 2810 403 2865 obsessum
437 2810 668 2882 capitur
689 2815 742 2865 et
787 2811 1110 2865 destruitur
1179 2815 1450 2866 Castrum
1491 2811 1744 2868 Walmo-

67 2899 191 2955 den
224 2899 305 2956 ad
333 2899 747 2970 reprimendos
778 2899 946 2956 ducis
989 2899 1213 2954 Henrici
1271 2901 1515 2972 predicti
1567 2901 1744 2956 insul-

69 2994 189 3053 tus,
222 2989 331 3060 qui
357 2989 432 3043 de
460 2995 654 3043 castro
688 2992 914 3044 Luttere
956 2988 1392 3056 irrogabantur,
1427 2992 1743 3057 nongentis

69 3082 125 3130 et
149 3076 601 3150 quinquaginta
632 3077 765 3150 puri
819 3077 1046 3143 argenti
1078 3078 1295 3132 marcis
1325 3078 1569 3133 ecclesie
1600 3095 1742 3134 con-
1783 3105 1824 3161 ρ

68 3171 341 3236 paratur.
380 3169 654 3222 Castrum
679 3182 819 3220 vero
854 3165 1089 3221 Sladem
1115 3167 1372 3234 graviter
1410 3167 1740 3225 obsidetur.

69 3256 341 3312 Tandem
368 3255 800 3328 compositione
832 3256 982 3311 inter
1019 3255 1237 3310 ducem
1291 3261 1347 3311 et
1393 3257 1746 3332 episcopum

69 3345 375 3413 ordinata,
408 3345 732 3417 episcopus
762 3360 974 3413 graves
1006 3343 1473 3417 inpugnationes
1493 3353 1550 3403 et
1576 3364 1746 3416 guer-

71 3449 169 3488 ras
201 3438 412 3504 postea
444 3448 564 3491 non
597 3433 910 3500 sustinuit;
970 3440 1056 3488 set
1104 3449 1250 3504 pace
1307 3434 1552 3506 aliquali
1609 3442 1745 3494 ante

73 3523 260 3576 tinem
301 3521 410 3576 vite
442 3537 568 3586 sue,
603 3520 842 3576 modico
870 3525 1068 3575 tamen
1099 3525 1385 3594 tempore,
1415 3523 1740 3581 fruebatur.

74 3612 226 3665 Inter
253 3608 361 3666 hec
391 3615 593 3666 autem
617 3626 734 3680 que
769 3609 1041 3682 superius
1073 3609 1229 3666 dicta
1263 3617 1421 3680 sunt,
1479 3619 1742 3674 castrum

73 3703 289 3756 Butam
323 3701 471 3768 (20t)
504 3699 562 3756 in
593 3699 726 3754 loco
767 3699 870 3754 ubi
918 3701 1120 3768 Layna
1173 3705 1228 3755 et
1281 3701 1552 3758 lndistria
1607 3720 1745 3760 con-

69 3789 268 3844 ﬂutmt
322 3794 674 3860 sumptuose
731 3788 1079 3856 construxit,
1143 3794 1388 3861 propter
1443 3792 1607 3863 quod
1665 3793 1741 3848 ab

67 3878 281 3932 Ottone
310 3877 462 3934 duce
516 3877 1010 3945 Lunenburgensi
1065 3895 1278 3944 graves
1339 3879 1741 3952 impugnatio-

65 3981 170 4020 nes
199 3971 257 4023 et
286 3983 531 4036 guerras
557 3967 740 4036 longo
766 3973 1034 4039 tempore
1073 3972 1159 4023 est
1195 3985 1534 4040 perpessus.
1594 3973 1739 4027 Pace

65 4060 270 4111 tamen
299 4056 449 4111 inter
480 4072 582 4110 eos
622 4057 768 4110 facta
800 4058 922 4122 (an.
959 4061 1112 4124 t283,
1165 4059 1300 4112 Dec.
1355 4063 1462 4128 16),
1513 4060 1741 4130 episco-

61 4161 175 4214 pus
209 4146 270 4202 in
304 4144 534 4216 placitis
561 4145 817 4200 obtinuit
843 4145 1055 4201 donari
1080 4145 1192 4201 sibi
1220 4151 1276 4201 et
1307 4147 1551 4203 ecclesie
1576 4165 1610 4204 a
1637 4149 1740 4206 du-

60 4251 122 4289 ce
157 4234 450 4308 praedicto
484 4235 908 4307 proprietatem
938 4235 1113 4292 castri
1149 4237 1511 4294 Lowenrode
1539 4243 1594 4295 et
1615 4239 1738 4313 opi-

57 4324 115 4382 di
149 4326 502 4391 Honovere;
534 4324 700 4398 quod
733 4329 934 4381 tamen
965 4325 1124 4382 idem
1154 4325 1275 4382 dux
1320 4325 1398 4381 ab
1452 4328 1735 4402 episcopo

59 4413 286 4485 recepit
315 4414 375 4470 in
408 4413 677 4484 feudum,
698 4413 852 4470 datis
869 4415 1290 4472 tantummodo
1315 4421 1554 4472 centum
1580 4435 1733 4475 mar-

57 4506 158 4559 cis.
193 4507 314 4560 Hoc
338 4507 537 4559 autem
567 4502 792 4560 factum
822 4509 910 4558 est
940 4504 1224 4576 episcopo
1273 4510 1329 4560 et
1373 4506 1617 4563 ecclesie
1669 4508 1729 4564 in

57 4608 522 4664 recompensam
553 4591 731 4648 castri
765 4593 1168 4666 Huden,quod
1195 4593 1319 4648 dux
1349 4593 1733 4654 dextruxerat

58 4681 414 4737 antedictus.
451 4681 793 4748 Quamdam
826 4682 1006 4737 etiam
1038 4687 1272 4753 partem
1301 4684 1474 4740 castri
1505 4687 1734 4758 Popen-

58 4770 245 4826 borch
281 4770 358 4826 ab
390 4770 759 4842 impetitione
793 4770 1078 4826 Gherardi
1106 4771 1339 4826 comitis
1362 4772 1434 4826 de
1465 4775 1738 4831 Scowen-

55 4859 242 4916 borch
277 4858 420 4915 data
445 4859 702 4931 pecunia
726 4859 1047 4934 expedidit.
1067 4864 1339 4917 Castrum
1359 4863 1557 4918 Herste
1584 4864 1736 4934 (202)

58 4964 247 5022 prope
271 4948 518 5018 Gotinge
546 4949 943 5032 comparavit,
976 4951 1142 5022 quod
1175 4956 1384 5023 postea
1410 4969 1516 5025 per
1556 4954 1735 5011 tradi-

57 5039 284 5096 tionem
311 5043 557 5114 captum
587 5037 931 5096 destruitur.
987 5042 1261 5097 Castrum
1309 5057 1554 5114 quoque
1605 5045 1732 5100 We-

1862 1839 2060 1899 struge
2092 1833 2415 1905 etOpidum
2449 1833 2617 1888 Dasle
2653 1832 2795 1903 (205)
2827 1845 2967 1885 cum
2998 1827 3309 1898 adjacente
3337 1823 3516 1880 comi-

1861 1926 1986 1978 tatu
2039 1922 2196 1978 mille
2255 1927 2311 1978 et
2362 1921 2678 1991 nongentis
2717 1918 2934 1976 marcis
2983 1915 3302 1991 emptionis
3351 1912 3519 1972 titulo

1860 2013 2249 2084 comparavit,
2280 2012 2622 2085 relinquens
2652 2027 2723 2066 ea
2763 2025 2874 2085 pro
2918 2006 3132 2078 majori
3172 2009 3341 2078 parte
3394 2003 3517 2062 suis

1860 2101 2304 2155 successoribus
2327 2099 2692 2155 exsolvenda
2725 2101 2846 2167 (an.
2886 2098 3060 2165 1310).
3110 2093 3265 2148 Licet
3317 2092 3518 2166 itaque

1859 2188 2054 2243 dictus
2084 2190 2406 2262 episcopus
2438 2189 2666 2243 cunctis
2694 2202 2845 2259 pene
2894 2183 3268 2256 temporibus
3297 2181 3519 2254 quibus

1859 2283 2126 2333 nostram
2162 2279 2306 2333 rexit
2346 2278 2660 2332 ecclesiam
2708 2278 3021 2348 potentum
3068 2272 3411 2344 principum
3465 2276 3522 2326 et

1857 2368 2111 2423 aliorum
2142 2367 2306 2422 duris
2339 2365 2854 2439 persecutionibus
2894 2361 3348 2428 circumclusus,
3391 2376 3521 2432 gra-

1859 2457 2139 2528 viumque
2173 2474 2524 2525 guerrarum
2553 2454 2906 2514 tumultibus
2947 2451 3122 2508 fuerit
3167 2456 3516 2524 occupatus,

1857 2550 1912 2599 et
1942 2561 1977 2599 a
2007 2544 2382 2600 tribulatione
2433 2544 2730 2598 malorum
2768 2547 2824 2598 et
2851 2540 3056 2596 dolore
3081 2544 3326 2610 vexatus
3371 2537 3520 2592 utili~

1857 2638 2036 2688 tatem
2071 2638 2268 2689 tamen
2300 2632 2542 2686 ecclesie
2588 2635 2786 2686 nostre
2845 2635 2967 2685 tam
3017 2628 3076 2684 in
3109 2625 3519 2700 spiritualibus

1853 2737 2040 2793 quam
2098 2721 2157 2776 in
2212 2719 2636 2792 temporalibus
2675 2717 3016 2790 prospicere
3064 2731 3189 2774 non
3235 2714 3512 2784 neglexit,

1855 2811 2041 2864 immo
2096 2826 2230 2864 eam
2283 2809 2620 2882 utrobique,
2673 2811 2737 2862 ut
2785 2807 2864 2864 ita
2920 2805 3214 2872 dicamus,
3265 2810 3321 2860 et
3361 2804 3516 2862 inter

1855 2915 2165 2971 pressuras
2198 2898 2477 2954 cxaltavit
2508 2904 2563 2953 et
2602 2898 2751 2952 inter
2781 2894 3089 2964 angustias
3115 2894 3404 2954 dilatavit.
3453 2896 3518 2948 Et

1853 2995 1916 3046 ut
1970 2990 2044 3046 de
2092 2988 2526 3062 temporalibus
2576 2985 2850 3060 superius
2902 2985 3062 3042 dicta.
3105 2984 3422 3053 sufﬁciant,
3455 2984 3516 3038 in

1854 3079 2263 3151 spiritualibus
2322 3078 2474 3132 sicut
2545 3078 2700 3133 infra
2769 3075 3043 3132 scribitur
3103 3091 3164 3130 se
3230 3073 3514 3130 habebat.

1857 3171 2144 3234 Quamvis
2176 3169 2336 3224 enim
2369 3165 2798 3239 temporalibus
2829 3165 3111 3234 intentus,
3152 3162 3522 3220 adversario-

1856 3275 1991 3314 rum
2021 3274 2090 3312 ac
2122 3258 2464 3331 principum
2487 3273 2608 3312 non
2636 3255 2896 3312 timuerit
2920 3254 3324 3328 principatum
3349 3271 3362 3322 ;
3386 3253 3521 3310 totis

1858 3351 2058 3404 tamen
2087 3347 2416 3402 visceribus
2455 3345 2742 3415 diligebat
2773 3345 3068 3402 Christum
3099 3360 3322 3414 regem.
3371 3346 3522 3402 Nam

1854 3436 2128 3494 divinum
2161 3436 2416 3492 otlitium
2447 3435 2700 3492 libenter
2727 3433 3030 3503 audiebat,
3083 3433 3295 3489 fatiens
3352 3431 3520 3488 omni

1853 3525 1948 3580 die
1978 3525 2230 3580 missam
2257 3541 2461 3580 coram
2505 3540 2564 3578 se
2608 3539 2715 3594 per
2761 3527 2968 3578 notam
3022 3522 3350 3590 decantari,
3406 3521 3519 3582 nisi

1854 3630 2079 3683 magna
2110 3630 2248 3669 eum
2281 3613 2339 3667 in
2370 3612 2484 3666 hoc
2516 3611 2836 3666 necessitas
2868 3610 3199 3682 impediret.
3236 3613 3301 3668 Et
3329 3625 3521 3682 quan-

1852 3702 2176 3772 docunque
2210 3717 2430 3756 novem
2464 3699 2777 3758 lectionem
2827 3698 3043 3754 festum
3091 3697 3338 3769 aliquod
3383 3713 3520 3767 age.

1851 3791 2046 3860 batur,
2082 3807 2204 3846 non
2236 3790 2430 3846 solum
2463 3790 2712 3846 missam
2745 3793 2832 3845 set
2855 3793 2912 3844 et
2940 3787 3304 3845 matutinum
3330 3803 3400 3844 ac
3423 3804 3516 3844 ve-

1852 3882 2180 3954 spertinum
2215 3880 2480 3935 ofﬁcium
2535 3879 2785 3936 tonatim
2833 3895 2971 3936 cum
3019 3894 3214 3951 pausa
3241 3883 3298 3940 et
3326 3878 3515 3940 inten-

1851 3972 2009 4026 tione
2041 3971 2230 4026 multa
2257 3987 2394 4026 cum
2427 3970 2548 4025 suis
2574 3969 2800 4028 clericis
2830 3968 3189 4028 decantaw't.
3235 3972 3298 4024 In
3328 3969 3516 4040 majo-

1850 4061 2014 4115 ribus
2043 4060 2221 4116 etiam
2271 4059 2687 4120 festivitatibus
2731 4062 2788 4114 et
2834 4057 3316 4116 ordinationibus
3355 4058 3518 4114 cleri-

1850 4167 2060 4206 corum
2112 4166 2180 4204 ac
2238 4149 2534 4205 velatione
2579 4164 2889 4206 sacrarum
2929 4147 3233 4218 virginum
3264 4147 3514 4220 aliisque

1847 4239 2292 4311 pontiﬁcalibus
2323 4238 2533 4296 oﬂieiis
2563 4254 2704 4300 cum
2729 4253 2836 4309 per
2878 4252 2939 4292 se
2971 4253 3142 4294 sacra
3186 4237 3513 4296 missarum

1847 4327 2183 4401 solempnia
2211 4326 2552 4394 celebraret,
2582 4330 2746 4382 tanta
2777 4325 2889 4380 sibi
2917 4325 3104 4384 virtus
3134 4329 3191 4389 et
3214 4325 3453 4384 devotio
3475 4341 3513 4381 ι

1850 4418 2100 4474 Domino
2132 4421 2224 4472 est
2247 4431 2556 4484 concessa,
2587 4420 2648 4472 ut
2676 4415 2737 4471 in
2765 4415 3046 4471 lacrimas
3069 4419 3505 4487 prorumperet,

1785 4503 1814 4526 "
1841 4512 1896 4562 et
1926 4506 2114 4562 imbre
2147 4505 2534 4561 lacrimarum
2563 4520 2736 4562 suam
2767 4503 2982 4566 faciem
3011 4503 3302 4575 irrigaret,
3326 4503 3506 4560 devo-

1846 4597 2109 4669 tionique
2138 4595 2290 4653 adeo
2329 4595 2564 4651 deditus
2597 4594 2890 4661 existeret,
2924 4597 2988 4650 ut
3015 4609 3087 4654 ea
3115 4609 3234 4666 que
3267 4599 3507 4656 cantan-

1845 4686 1924 4741 da
1950 4688 2052 4741 aut
2075 4683 2332 4740 dicenda
2359 4688 2548 4754 erant,
2601 4683 2700 4742 vix
2747 4686 2952 4757 posset
3001 4683 3196 4739 dicere
3235 4688 3340 4740 aut
3366 4700 3502 4756 pro-

1845 4776 2016 4845 ferre,
2050 4779 2136 4830 set
2163 4773 2344 4832 verba
2373 4773 2734 4843 singultibus
2760 4773 3194 4846 interrumpere
3223 4774 3294 4809 ¹¹⁷
3320 4789 3501 4846 opor-

1846 4864 2022 4921 tebat.
2059 4866 2239 4921 Sacra
2267 4864 2447 4922 etiam
2479 4863 2830 4922 visitationis
2860 4862 3126 4920 ofﬁcium
3163 4862 3364 4922 multis
3390 4879 3500 4922 an.

1845 4954 1937 5019 nis
1968 4954 2147 5010 asuis
2177 4953 2701 5027 predecessoribus
2743 4952 3149 5014 intermissum
3193 4968 3332 5010 cum
3374 4969 3502 5018 mg.-

1843 5061 1964 5116 gna
2012 5044 2322 5101 sedulitate
2369 5043 2652 5115 exercuit,
2690 5043 3000 5106 evellendo
3047 5047 3106 5106 et
3146 5042 3498 5116 dissipando

1435 5169 1664 5226 VARIE
1703 5171 2113 5228 LECTIONES.

125 5275 197 5308 ιίτ
231 5287 626 5344 prorumpere
657 5287 815 5327 corr.
847 5273 1283 5346 interrumpere
1315 5290 1366 5331 c.

1665 5379 1886 5447 ΝΟΤιΕς

57 5550 65 5560 ι
120 5481 284 5560 (198)-
316 5477 504 5548 Uslar,
553 5478 1092 5542 Gieboldehausen,
1141 5482 1358 5550 Echte;
1415 5484 1721 5555 Everburg

55 5556 444 5762 Ιεῖὣΐῶῐῗβ.
485 5622 974 5679 reconciliationi.

143 5697 276 5760 200)
318 5697 384 5748 1n
419 5707 581 5762 pago
608 5695 974 5762 Ambergau.

143 5697 276 5760 200)
318 5697 384 5748 1n
403 5707 581 5822 ἐδέεο
608 5695 974 5766 Ambergau.

143 5766 272 5822 201)
311 5766 402 5822 Ru
469 5779 522 5822 θ.

117 5765 272 5839 (201)
311 5765 522 5825 Ruthe.

1902 5485 2048 5554 (202)
2087 5487 2311 5541 Harste.

1899 5555 2046 5695 (203)
2085 5555 2443 5612 Westerhof.

1899 5629 2023 5695 (204
2087 5627 2168 5684 Cf.
2204 5627 2442 5683 Lﬁntzel

1920 5627 2046 5695 204)
2087 5627 2168 5684 Cf.
2204 5627 2446 5700 Luntzel
2465 5627 2503 5684 l.
2534 5643 2584 5684 c.
2613 5643 2672 5700 p.
2700 5631 2825 5700 240.

1920 5700 2042 5771 205)
2083 5699 2474 5757 Hunnesrﬁck
2503 5704 2561 5758 et
2584 5699 2790 5758 Dassel
2815 5701 2879 5758 in
2913 5701 3174 5774 Sollinga
3205 5703 3373 5760 silva.
