  <div class='ocr_page' id='page_1' title='image "/cluster/home/n/w/nwhite01/storage/ocr_20150623/140-141/uc1.31175018559917/1211.png"; bbox 0 0 3944 6420; ppageno 0'>
   <div class='ocr_carea' id='block_1_1' title="bbox 388 280 515 333">
    <p class='ocr_par' dir='ltr' id='par_1_1' title="bbox 388 280 515 333">
     <span class='ocr_line' id='line_1_1' title="bbox 388 280 515 333; baseline -0.008 0"><span class='ocrx_word' id='word_1_1' title='bbox 388 280 515 333; x_wconf 75' lang='grc'>1271</span> 
     </span>
    </p>
   </div>
   <div class='ocr_carea' id='block_1_2' title="bbox 1541 276 2676 338">
    <p class='ocr_par' dir='ltr' id='par_1_2' title="bbox 1541 276 2676 338">
     <span class='ocr_line' id='line_1_2' title="bbox 1541 276 2676 338; baseline 0.005 -6"><span class='ocrx_word' id='word_1_2' title='bbox 1541 278 1887 334; x_wconf 77' lang='grc' dir='ltr'><strong>ΑΡΡΕΝΒΙΧ</strong></span> <span class='ocrx_word' id='word_1_3' title='bbox 1927 277 2024 330; x_wconf 87' lang='grc' dir='ltr'><strong>ΑΙ)</strong></span> <span class='ocrx_word' id='word_1_4' title='bbox 2067 276 2123 332; x_wconf 90' lang='lat' dir='ltr'><strong>S.</strong></span> <span class='ocrx_word' id='word_1_5' title='bbox 2165 276 2676 338; x_wconf 78' lang='lat' dir='ltr'><strong>GODEHARDUM.</strong></span> 
     </span>
    </p>
   </div>
   <div class='ocr_carea' id='block_1_3' title="bbox 3695 277 3833 329">
    <p class='ocr_par' dir='ltr' id='par_1_3' title="bbox 3695 277 3833 329">
     <span class='ocr_line' id='line_1_3' title="bbox 3695 277 3833 329; baseline -0.007 0"><span class='ocrx_word' id='word_1_6' title='bbox 3695 277 3833 329; x_wconf 70' lang='grc'>1272</span> 
     </span>
    </p>
   </div>
   <div class='ocr_carea' id='block_1_4' title="bbox 379 398 3833 478">
    <p class='ocr_par' dir='ltr' id='par_1_4' title="bbox 379 398 3833 478">
     <span class='ocr_line' id='line_1_4' title="bbox 379 398 3833 478; baseline -0.001 -20"><span class='ocrx_word' id='word_1_7' title='bbox 379 400 582 470; x_wconf 81' lang='lat' dir='ltr'><strong>noxia,</strong></span> <span class='ocrx_word' id='word_1_8' title='bbox 609 400 949 458; x_wconf 86' lang='lat' dir='ltr'><strong>ediﬁcando</strong></span> <span class='ocrx_word' id='word_1_9' title='bbox 977 405 1034 457; x_wconf 91' lang='lat' dir='ltr'><strong>et</strong></span> <span class='ocrx_word' id='word_1_10' title='bbox 1061 402 1393 474; x_wconf 84' lang='lat' dir='ltr'><strong>plantando</strong></span> <span class='ocrx_word' id='word_1_11' title='bbox 1417 401 1707 475; x_wconf 83' lang='lat' dir='ltr'><strong>proficua,</strong></span> <span class='ocrx_word' id='word_1_12' title='bbox 1739 401 2036 469; x_wconf 84' lang='lat' dir='ltr'><strong>corrigen-</strong></span> <span class='ocrx_word' id='word_1_13' title='bbox 2073 401 2122 454; x_wconf 81' lang='grc' dir='ltr'><strong>Α</strong></span> <span class='ocrx_word' id='word_1_14' title='bbox 2154 400 2336 458; x_wconf 91' lang='lat' dir='ltr'><strong>sionis</strong></span> <span class='ocrx_word' id='word_1_15' title='bbox 2366 409 2713 478; x_wconf 78' lang='lat' dir='ltr'><strong>amputetur</strong></span> <span class='ocrx_word' id='word_1_16' title='bbox 2742 403 2993 460; x_wconf 78' lang='lat' dir='ltr'><strong>materia</strong></span> <span class='ocrx_word' id='word_1_17' title='bbox 3022 401 3083 459; x_wconf 93' lang='lat' dir='ltr'><strong>in</strong></span> <span class='ocrx_word' id='word_1_18' title='bbox 3113 398 3468 469; x_wconf 86' lang='lat' dir='ltr'><strong>futurum,et</strong></span> <span class='ocrx_word' id='word_1_19' title='bbox 3497 399 3833 470; x_wconf 87' lang='lat' dir='ltr'><strong>litigiorum</strong></span> 
     </span>
    </p>
   </div>
   <div class='ocr_carea' id='block_1_5' title="bbox 381 489 2046 563">
    <p class='ocr_par' dir='ltr' id='par_1_5' title="bbox 381 489 2046 563">
     <span class='ocr_line' id='line_1_5' title="bbox 381 489 2046 563; baseline -0.001 -17"><span class='ocrx_word' id='word_1_20' title='bbox 381 491 461 546; x_wconf 92' lang='lat' dir='ltr'><strong>do</strong></span> <span class='ocrx_word' id='word_1_21' title='bbox 493 507 561 547; x_wconf 90' lang='lat' dir='ltr'><strong>ac</strong></span> <span class='ocrx_word' id='word_1_22' title='bbox 586 490 973 547; x_wconf 85' lang='lat' dir='ltr'><strong>reformando</strong></span> <span class='ocrx_word' id='word_1_23' title='bbox 1003 494 1126 545; x_wconf 89' lang='lat' dir='ltr'><strong>tam</strong></span> <span class='ocrx_word' id='word_1_24' title='bbox 1149 490 1210 546; x_wconf 90' lang='lat' dir='ltr'><strong>in</strong></span> <span class='ocrx_word' id='word_1_25' title='bbox 1242 491 1434 563; x_wconf 89' lang='lat' dir='ltr'><strong>capite</strong></span> <span class='ocrx_word' id='word_1_26' title='bbox 1457 507 1639 563; x_wconf 86' lang='lat' dir='ltr'><strong>quam</strong></span> <span class='ocrx_word' id='word_1_27' title='bbox 1660 490 1718 546; x_wconf 87' lang='lat' dir='ltr'><strong>in</strong></span> <span class='ocrx_word' id='word_1_28' title='bbox 1737 489 2046 556; x_wconf 84' lang='lat' dir='ltr'><strong>membris,</strong></span> 
     </span>
    </p>
   </div>
   <div class='ocr_carea' id='block_1_6' title="bbox 380 578 2049 653">
    <p class='ocr_par' dir='ltr' id='par_1_6' title="bbox 380 578 2049 653">
     <span class='ocr_line' id='line_1_6' title="bbox 380 578 2049 653; baseline -0.001 -17"><span class='ocrx_word' id='word_1_29' title='bbox 380 597 500 653; x_wconf 92' lang='lat' dir='ltr'><strong>que</strong></span> <span class='ocrx_word' id='word_1_30' title='bbox 527 578 912 635; x_wconf 91' lang='lat' dir='ltr'><strong>correctionis</strong></span> <span class='ocrx_word' id='word_1_31' title='bbox 945 593 1014 632; x_wconf 93' lang='lat' dir='ltr'><strong>ac</strong></span> <span class='ocrx_word' id='word_1_32' title='bbox 1042 578 1486 635; x_wconf 78' lang='lat' dir='ltr'><strong>reformationis</strong></span> <span class='ocrx_word' id='word_1_33' title='bbox 1514 579 1678 636; x_wconf 88' lang='lat' dir='ltr'><strong>novit</strong></span> <span class='ocrx_word' id='word_1_34' title='bbox 1716 579 1915 635; x_wconf 89' lang='lat' dir='ltr'><strong>studio</strong></span> <span class='ocrx_word' id='word_1_35' title='bbox 1959 579 2049 635; x_wconf 93' lang='lat' dir='ltr'><strong>in-</strong></span> 
     </span>
    </p>
   </div>
   <div class='ocr_carea' id='block_1_7' title="bbox 381 666 2049 743">
    <p class='ocr_par' dir='ltr' id='par_1_7' title="bbox 381 666 2049 743">
     <span class='ocr_line' id='line_1_7' title="bbox 381 666 2049 743; baseline 0.001 -19"><span class='ocrx_word' id='word_1_36' title='bbox 381 670 604 736; x_wconf 77' lang='lat' dir='ltr'><strong>digere,</strong></span> <span class='ocrx_word' id='word_1_37' title='bbox 633 683 754 722; x_wconf 90' lang='lat' dir='ltr'><strong>non</strong></span> <span class='ocrx_word' id='word_1_38' title='bbox 777 666 1088 738; x_wconf 87' lang='lat' dir='ltr'><strong>querendo</strong></span> <span class='ocrx_word' id='word_1_39' title='bbox 1117 684 1236 740; x_wconf 91' lang='lat' dir='ltr'><strong>que</strong></span> <span class='ocrx_word' id='word_1_40' title='bbox 1267 685 1376 724; x_wconf 90' lang='lat' dir='ltr'><strong>sua</strong></span> <span class='ocrx_word' id='word_1_41' title='bbox 1408 674 1624 732; x_wconf 87' lang='lat' dir='ltr'><strong>essent.</strong></span> <span class='ocrx_word' id='word_1_42' title='bbox 1668 675 1752 726; x_wconf 91' lang='lat' dir='ltr'><strong>set</strong></span> <span class='ocrx_word' id='word_1_43' title='bbox 1777 685 1896 743; x_wconf 89' lang='lat' dir='ltr'><strong>que</strong></span> <span class='ocrx_word' id='word_1_44' title='bbox 1939 669 2049 726; x_wconf 92' lang='lat' dir='ltr'><strong>do-</strong></span> 
     </span>
    </p>
   </div>
   <div class='ocr_carea' id='block_1_8' title="bbox 381 753 2052 829">
    <p class='ocr_par' dir='ltr' id='par_1_8' title="bbox 381 753 2052 829">
     <span class='ocr_line' id='line_1_8' title="bbox 381 753 2052 829; baseline 0.002 -19"><span class='ocrx_word' id='word_1_45' title='bbox 381 755 530 814; x_wconf 88' lang='lat' dir='ltr'><strong>mini</strong></span> <span class='ocrx_word' id='word_1_46' title='bbox 574 758 710 810; x_wconf 85' lang='lat' dir='ltr'><strong>Jesu</strong></span> <span class='ocrx_word' id='word_1_47' title='bbox 762 753 993 818; x_wconf 80' lang='lat' dir='ltr'><strong>Christi,</strong></span> <span class='ocrx_word' id='word_1_48' title='bbox 1039 760 1096 810; x_wconf 92' lang='lat' dir='ltr'><strong>et</strong></span> <span class='ocrx_word' id='word_1_49' title='bbox 1144 755 1206 810; x_wconf 91' lang='lat' dir='ltr'><strong>in</strong></span> <span class='ocrx_word' id='word_1_50' title='bbox 1238 772 1500 829; x_wconf 86' lang='lat' dir='ltr'><strong>persona</strong></span> <span class='ocrx_word' id='word_1_51' title='bbox 1554 757 1644 822; x_wconf 84' lang='lat' dir='ltr'><strong>sui</strong></span> <span class='ocrx_word' id='word_1_52' title='bbox 1683 762 1820 815; x_wconf 84' lang='lat' dir='ltr'><strong>ante</strong></span> <span class='ocrx_word' id='word_1_53' title='bbox 1845 757 2052 813; x_wconf 88' lang='lat' dir='ltr'><strong>omnia</strong></span> 
     </span>
    </p>
   </div>
   <div class='ocr_carea' id='block_1_9' title="bbox 381 843 2051 920">
    <p class='ocr_par' dir='ltr' id='par_1_9' title="bbox 381 843 2051 920">
     <span class='ocr_line' id='line_1_9' title="bbox 381 843 2051 920; baseline 0.001 -19"><span class='ocrx_word' id='word_1_54' title='bbox 381 843 755 902; x_wconf 88' lang='lat' dir='ltr'><strong>ostendendo</strong></span> <span class='ocrx_word' id='word_1_55' title='bbox 786 844 908 901; x_wconf 82' lang='lat' dir='ltr'><strong>vita</strong></span> <span class='ocrx_word' id='word_1_56' title='bbox 929 848 985 899; x_wconf 91' lang='lat' dir='ltr'><strong>et</strong></span> <span class='ocrx_word' id='word_1_57' title='bbox 1011 847 1486 914; x_wconf 75' lang='lat' dir='ltr'><strong>conversatione,</strong></span> <span class='ocrx_word' id='word_1_58' title='bbox 1516 847 1697 902; x_wconf 90' lang='lat' dir='ltr'><strong>verbo</strong></span> <span class='ocrx_word' id='word_1_59' title='bbox 1726 847 1948 920; x_wconf 91' lang='lat' dir='ltr'><strong>pariter</strong></span> <span class='ocrx_word' id='word_1_60' title='bbox 1979 848 2051 882; x_wconf 75' lang='grc'><strong>¹¹⁸</strong></span> 
     </span>
    </p>
   </div>
   <div class='ocr_carea' id='block_1_10' title="bbox 383 934 2054 1008">
    <p class='ocr_par' dir='ltr' id='par_1_10' title="bbox 383 934 2054 1008">
     <span class='ocr_line' id='line_1_10' title="bbox 383 934 2054 1008; baseline 0 -16"><span class='ocrx_word' id='word_1_61' title='bbox 383 940 438 992; x_wconf 91' lang='lat' dir='ltr'><strong>et</strong></span> <span class='ocrx_word' id='word_1_62' title='bbox 486 934 786 1008; x_wconf 78' lang='lat' dir='ltr'><strong>exemplo,</strong></span> <span class='ocrx_word' id='word_1_63' title='bbox 837 934 1094 1007; x_wconf 86' lang='lat' dir='ltr'><strong>qualiter</strong></span> <span class='ocrx_word' id='word_1_64' title='bbox 1149 935 1422 992; x_wconf 89' lang='lat' dir='ltr'><strong>subditos</strong></span> <span class='ocrx_word' id='word_1_65' title='bbox 1475 937 1536 993; x_wconf 91' lang='lat' dir='ltr'><strong>in</strong></span> <span class='ocrx_word' id='word_1_66' title='bbox 1585 937 1770 994; x_wconf 92' lang='lat' dir='ltr'><strong>domo</strong></span> <span class='ocrx_word' id='word_1_67' title='bbox 1818 937 2054 994; x_wconf 90' lang='lat' dir='ltr'><strong>Domini</strong></span> 
     </span>
    </p>
   </div>
   <div class='ocr_carea' id='block_1_11' title="bbox 384 1022 2057 1099">
    <p class='ocr_par' dir='ltr' id='par_1_11' title="bbox 384 1022 2057 1099">
     <span class='ocr_line' id='line_1_11' title="bbox 384 1022 2057 1099; baseline 0.001 -18"><span class='ocrx_word' id='word_1_68' title='bbox 384 1028 685 1097; x_wconf 88' lang='lat' dir='ltr'><strong>oporteret</strong></span> <span class='ocrx_word' id='word_1_69' title='bbox 711 1022 1094 1080; x_wconf 85' lang='lat' dir='ltr'><strong>laudabiliter</strong></span> <span class='ocrx_word' id='word_1_70' title='bbox 1123 1025 1488 1082; x_wconf 85' lang='lat' dir='ltr'><strong>conversari.</strong></span> <span class='ocrx_word' id='word_1_71' title='bbox 1518 1026 1694 1082; x_wconf 83' lang='lat' dir='ltr'><strong>Multa</strong></span> <span class='ocrx_word' id='word_1_72' title='bbox 1723 1026 1971 1099; x_wconf 85' lang='lat' dir='ltr'><strong>quidem</strong></span> <span class='ocrx_word' id='word_1_73' title='bbox 2000 1030 2057 1082; x_wconf 91' lang='lat' dir='ltr'><strong>et</strong></span> 
     </span>
    </p>
   </div>
   <div class='ocr_carea' id='block_1_12' title="bbox 386 1112 2054 1186">
    <p class='ocr_par' dir='ltr' id='par_1_12' title="bbox 386 1112 2054 1186">
     <span class='ocr_line' id='line_1_12' title="bbox 386 1112 2054 1186; baseline -0.001 -15"><span class='ocrx_word' id='word_1_74' title='bbox 386 1114 505 1171; x_wconf 88' lang='lat' dir='ltr'><strong>alia</strong></span> <span class='ocrx_word' id='word_1_75' title='bbox 541 1129 660 1186; x_wconf 91' lang='lat' dir='ltr'><strong>que</strong></span> <span class='ocrx_word' id='word_1_76' title='bbox 705 1112 1226 1186; x_wconf 85' lang='lat' dir='ltr'><strong>contemplationis</strong></span> <span class='ocrx_word' id='word_1_77' title='bbox 1273 1119 1330 1170; x_wconf 93' lang='lat' dir='ltr'><strong>et</strong></span> <span class='ocrx_word' id='word_1_78' title='bbox 1373 1115 1730 1172; x_wconf 87' lang='lat' dir='ltr'><strong>actualitatis</strong></span> <span class='ocrx_word' id='word_1_79' title='bbox 1775 1116 2054 1180; x_wconf 78' lang='lat' dir='ltr'><strong>existunt.</strong></span> 
     </span>
    </p>
   </div>
   <div class='ocr_carea' id='block_1_13' title="bbox 390 1201 2059 1279">
    <p class='ocr_par' dir='ltr' id='par_1_13' title="bbox 390 1201 2059 1279">
     <span class='ocr_line' id='line_1_13' title="bbox 390 1201 2059 1279; baseline 0.003 -22"><span class='ocrx_word' id='word_1_80' title='bbox 390 1202 574 1272; x_wconf 80' lang='lat' dir='ltr'><strong>gessit</strong></span> <span class='ocrx_word' id='word_1_81' title='bbox 601 1201 695 1256; x_wconf 91' lang='lat' dir='ltr'><strong>hic</strong></span> <span class='ocrx_word' id='word_1_82' title='bbox 726 1201 993 1273; x_wconf 80' lang='lat' dir='ltr'><strong>pontifex</strong></span> <span class='ocrx_word' id='word_1_83' title='bbox 1022 1202 1343 1274; x_wconf 87' lang='lat' dir='ltr'><strong>gloriosus,</strong></span> <span class='ocrx_word' id='word_1_84' title='bbox 1370 1221 1488 1278; x_wconf 91' lang='lat' dir='ltr'><strong>que</strong></span> <span class='ocrx_word' id='word_1_85' title='bbox 1520 1221 1642 1260; x_wconf 91' lang='lat' dir='ltr'><strong>non</strong></span> <span class='ocrx_word' id='word_1_86' title='bbox 1673 1210 1811 1261; x_wconf 90' lang='lat' dir='ltr'><strong>sunt</strong></span> <span class='ocrx_word' id='word_1_87' title='bbox 1836 1205 2059 1279; x_wconf 88' lang='lat' dir='ltr'><strong>scripta</strong></span> 
     </span>
    </p>
   </div>
   <div class='ocr_carea' id='block_1_14' title="bbox 389 1290 2058 1360">
    <p class='ocr_par' dir='ltr' id='par_1_14' title="bbox 389 1290 2058 1360">
     <span class='ocr_line' id='line_1_14' title="bbox 389 1290 2058 1360; baseline 0.002 -13"><span class='ocrx_word' id='word_1_88' title='bbox 389 1293 450 1347; x_wconf 91' lang='lat' dir='ltr'><strong>in</strong></span> <span class='ocrx_word' id='word_1_89' title='bbox 476 1291 628 1346; x_wconf 87' lang='lat' dir='ltr'><strong>libro</strong></span> <span class='ocrx_word' id='word_1_90' title='bbox 658 1291 793 1359; x_wconf 89' lang='lat' dir='ltr'><strong>hoc,</strong></span> <span class='ocrx_word' id='word_1_91' title='bbox 825 1306 899 1345; x_wconf 89' lang='lat' dir='ltr'><strong>ne</strong></span> <span class='ocrx_word' id='word_1_92' title='bbox 929 1290 1270 1360; x_wconf 84' lang='lat' dir='ltr'><strong>legentibus</strong></span> <span class='ocrx_word' id='word_1_93' title='bbox 1296 1292 1388 1348; x_wconf 86' lang='lat' dir='ltr'><strong>vel</strong></span> <span class='ocrx_word' id='word_1_94' title='bbox 1417 1293 1802 1349; x_wconf 84' lang='lat' dir='ltr'><strong>audientibus</strong></span> <span class='ocrx_word' id='word_1_95' title='bbox 1831 1294 2058 1350; x_wconf 92' lang='lat' dir='ltr'><strong>tedium</strong></span> 
     </span>
    </p>
   </div>
   <div class='ocr_carea' id='block_1_15' title="bbox 391 1379 2062 1456">
    <p class='ocr_par' dir='ltr' id='par_1_15' title="bbox 391 1379 2062 1456">
     <span class='ocr_line' id='line_1_15' title="bbox 391 1379 2062 1456; baseline 0.002 -22"><span class='ocrx_word' id='word_1_96' title='bbox 391 1385 775 1450; x_wconf 79' lang='lat' dir='ltr'><strong>generarent;</strong></span> <span class='ocrx_word' id='word_1_97' title='bbox 804 1379 915 1434; x_wconf 90' lang='lat' dir='ltr'><strong>hec</strong></span> <span class='ocrx_word' id='word_1_98' title='bbox 944 1385 1146 1436; x_wconf 91' lang='lat' dir='ltr'><strong>autem</strong></span> <span class='ocrx_word' id='word_1_99' title='bbox 1177 1381 1400 1455; x_wconf 91' lang='lat' dir='ltr'><strong>scripta</strong></span> <span class='ocrx_word' id='word_1_100' title='bbox 1426 1387 1585 1452; x_wconf 89' lang='lat' dir='ltr'><strong>sunt,</strong></span> <span class='ocrx_word' id='word_1_101' title='bbox 1610 1387 1674 1438; x_wconf 90' lang='lat' dir='ltr'><strong>ut</strong></span> <span class='ocrx_word' id='word_1_102' title='bbox 1707 1383 1926 1439; x_wconf 90' lang='lat' dir='ltr'><strong>sciatur</strong></span> <span class='ocrx_word' id='word_1_103' title='bbox 1955 1400 2062 1456; x_wconf 90' lang='lat' dir='ltr'><strong>per</strong></span> 
     </span>
    </p>
   </div>
   <div class='ocr_carea' id='block_1_16' title="bbox 393 1468 2064 1527">
    <p class='ocr_par' dir='ltr' id='par_1_16' title="bbox 393 1468 2064 1527">
     <span class='ocr_line' id='line_1_16' title="bbox 393 1468 2064 1527; baseline 0 -1"><span class='ocrx_word' id='word_1_104' title='bbox 393 1469 598 1526; x_wconf 87' lang='lat' dir='ltr'><strong>omnia</strong></span> <span class='ocrx_word' id='word_1_105' title='bbox 622 1468 884 1524; x_wconf 88' lang='lat' dir='ltr'><strong>valuisse</strong></span> <span class='ocrx_word' id='word_1_106' title='bbox 914 1475 969 1526; x_wconf 92' lang='lat' dir='ltr'><strong>et</strong></span> <span class='ocrx_word' id='word_1_107' title='bbox 1000 1469 1202 1525; x_wconf 89' lang='lat' dir='ltr'><strong>multis</strong></span> <span class='ocrx_word' id='word_1_108' title='bbox 1231 1471 1551 1526; x_wconf 83' lang='lat' dir='ltr'><strong>virtutibus</strong></span> <span class='ocrx_word' id='word_1_109' title='bbox 1569 1471 1872 1527; x_wconf 85' lang='lat' dir='ltr'><strong>claruisse.</strong></span> <span class='ocrx_word' id='word_1_110' title='bbox 1899 1469 2064 1527; x_wconf 79' lang='lat' dir='ltr'><strong>Rexit</strong></span> 
     </span>
    </p>
   </div>
   <div class='ocr_carea' id='block_1_17' title="bbox 395 1557 2062 1616">
    <p class='ocr_par' dir='ltr' id='par_1_17' title="bbox 395 1557 2062 1616">
     <span class='ocr_line' id='line_1_17' title="bbox 395 1557 2062 1616; baseline -0.001 -1"><span class='ocrx_word' id='word_1_111' title='bbox 395 1565 598 1615; x_wconf 91' lang='lat' dir='ltr'><strong>autem</strong></span> <span class='ocrx_word' id='word_1_112' title='bbox 629 1557 942 1614; x_wconf 88' lang='lat' dir='ltr'><strong>ecclesiam</strong></span> <span class='ocrx_word' id='word_1_113' title='bbox 973 1565 1244 1616; x_wconf 89' lang='lat' dir='ltr'><strong>nostram</strong></span> <span class='ocrx_word' id='word_1_114' title='bbox 1270 1559 1445 1615; x_wconf 89' lang='lat' dir='ltr'><strong>annis</strong></span> <span class='ocrx_word' id='word_1_115' title='bbox 1473 1564 1540 1616; x_wconf 91' lang='lat'><strong>30</strong></span> <span class='ocrx_word' id='word_1_116' title='bbox 1562 1565 1619 1616; x_wconf 91' lang='lat' dir='ltr'><strong>et</strong></span> <span class='ocrx_word' id='word_1_117' title='bbox 1647 1563 1717 1597; x_wconf 74' lang='lat'><strong>“9</strong></span> <span class='ocrx_word' id='word_1_118' title='bbox 1750 1559 2062 1616; x_wconf 86' lang='lat' dir='ltr'><strong>mensibus</strong></span> 
     </span>
    </p>
   </div>
   <div class='ocr_carea' id='block_1_18' title="bbox 399 1647 2064 1721">
    <p class='ocr_par' dir='ltr' id='par_1_18' title="bbox 399 1647 2064 1721">
     <span class='ocr_line' id='line_1_18' title="bbox 399 1647 2064 1721; baseline 0 -17"><span class='ocrx_word' id='word_1_119' title='bbox 399 1655 484 1704; x_wconf 94' lang='grc'>10.</span> <span class='ocrx_word' id='word_1_120' title='bbox 515 1653 688 1704; x_wconf 77' lang='grc' dir='ltr'><strong>Λιιηο</strong></span> <span class='ocrx_word' id='word_1_121' title='bbox 713 1647 875 1703; x_wconf 89' lang='lat' dir='ltr'><strong>enim</strong></span> <span class='ocrx_word' id='word_1_122' title='bbox 907 1647 1207 1704; x_wconf 89' lang='lat' dir='ltr'><strong>dominice</strong></span> <span class='ocrx_word' id='word_1_123' title='bbox 1239 1649 1666 1705; x_wconf 84' lang='lat' dir='ltr'><strong>incarnationis</strong></span> <span class='ocrx_word' id='word_1_124' title='bbox 1715 1654 1868 1715; x_wconf 88' lang='grc'>1310,</span> <span class='ocrx_word' id='word_1_125' title='bbox 1915 1664 2064 1721; x_wconf 91' lang='lat' dir='ltr'><strong>pon-</strong></span> 
     </span>
    </p>
   </div>
   <div class='ocr_carea' id='block_1_19' title="bbox 2156 489 3834 569">
    <p class='ocr_par' dir='ltr' id='par_1_19' title="bbox 2156 489 3834 569">
     <span class='ocr_line' id='line_1_19' title="bbox 2156 489 3834 569; baseline 0.001 -24"><span class='ocrx_word' id='word_1_126' title='bbox 2156 490 2486 564; x_wconf 89' lang='lat' dir='ltr'><strong>dispendiis</strong></span> <span class='ocrx_word' id='word_1_127' title='bbox 2512 495 2942 569; x_wconf 87' lang='lat' dir='ltr'><strong>via,quantum</strong></span> <span class='ocrx_word' id='word_1_128' title='bbox 2967 497 3055 549; x_wconf 93' lang='lat' dir='ltr'><strong>est</strong></span> <span class='ocrx_word' id='word_1_129' title='bbox 3083 491 3390 567; x_wconf 78' lang='lat' dir='ltr'><strong>possibile,</strong></span> <span class='ocrx_word' id='word_1_130' title='bbox 3417 489 3834 563; x_wconf 89' lang='lat' dir='ltr'><strong>precludatur.</strong></span> 
     </span>
    </p>
   </div>
   <div class='ocr_carea' id='block_1_20' title="bbox 2159 577 3834 658">
    <p class='ocr_par' dir='ltr' id='par_1_20' title="bbox 2159 577 3834 658">
     <span class='ocr_line' id='line_1_20' title="bbox 2159 577 3834 658; baseline 0.002 -24"><span class='ocrx_word' id='word_1_131' title='bbox 2159 585 2376 639; x_wconf 90' lang='lat' dir='ltr'><strong>statuto</strong></span> <span class='ocrx_word' id='word_1_132' title='bbox 2407 588 2464 640; x_wconf 93' lang='lat' dir='ltr'><strong>et</strong></span> <span class='ocrx_word' id='word_1_133' title='bbox 2492 584 2804 658; x_wconf 81' lang='lat' dir='ltr'><strong>privilegio</strong></span> <span class='ocrx_word' id='word_1_134' title='bbox 2853 587 3144 656; x_wconf 82' lang='lat' dir='ltr'><strong>perpetuo</strong></span> <span class='ocrx_word' id='word_1_135' title='bbox 3184 587 3273 636; x_wconf 89' lang='lat' dir='ltr'><strong>est</strong></span> <span class='ocrx_word' id='word_1_136' title='bbox 3305 581 3613 636; x_wconf 84' lang='lat' dir='ltr'><strong>firmatum</strong></span> <span class='ocrx_word' id='word_1_137' title='bbox 3641 577 3834 651; x_wconf 86' lang='lat' dir='ltr'><strong>quod.</strong></span> 
     </span>
    </p>
   </div>
   <div class='ocr_carea' id='block_1_21' title="bbox 2159 668 3841 744">
    <p class='ocr_par' dir='ltr' id='par_1_21' title="bbox 2159 668 3841 744">
     <span class='ocr_line' id='line_1_21' title="bbox 2159 668 3841 744; baseline -0.002 -19"><span class='ocrx_word' id='word_1_138' title='bbox 2159 669 2211 725; x_wconf 90' lang='lat' dir='ltr'><strong>si</strong></span> <span class='ocrx_word' id='word_1_139' title='bbox 2234 669 2387 728; x_wconf 86' lang='lat' dir='ltr'><strong>inter</strong></span> <span class='ocrx_word' id='word_1_140' title='bbox 2413 673 2639 729; x_wconf 91' lang='lat' dir='ltr'><strong>clerum</strong></span> <span class='ocrx_word' id='word_1_141' title='bbox 2672 679 2728 730; x_wconf 90' lang='lat' dir='ltr'><strong>et</strong></span> <span class='ocrx_word' id='word_1_142' title='bbox 2757 673 3089 740; x_wconf 79' lang='lat' dir='ltr'><strong>burgenscs</strong></span> <span class='ocrx_word' id='word_1_143' title='bbox 3117 687 3298 744; x_wconf 89' lang='lat' dir='ltr'><strong>super</strong></span> <span class='ocrx_word' id='word_1_144' title='bbox 3323 668 3706 725; x_wconf 89' lang='lat' dir='ltr'><strong>libertatibus</strong></span> <span class='ocrx_word' id='word_1_145' title='bbox 3740 674 3841 722; x_wconf 88' lang='lat' dir='ltr'><strong>aut</strong></span> 
     </span>
    </p>
   </div>
   <div class='ocr_carea' id='block_1_22' title="bbox 2159 757 3842 833">
    <p class='ocr_par' dir='ltr' id='par_1_22' title="bbox 2159 757 3842 833">
     <span class='ocr_line' id='line_1_22' title="bbox 2159 757 3842 833; baseline -0.003 -17"><span class='ocrx_word' id='word_1_146' title='bbox 2159 762 2588 819; x_wconf 90' lang='lat' dir='ltr'><strong>emunitatibus</strong></span> <span class='ocrx_word' id='word_1_147' title='bbox 2611 763 2855 820; x_wconf 84' lang='lat' dir='ltr'><strong>ecclesie</strong></span> <span class='ocrx_word' id='word_1_148' title='bbox 2884 767 2986 818; x_wconf 91' lang='lat' dir='ltr'><strong>aut</strong></span> <span class='ocrx_word' id='word_1_149' title='bbox 3006 777 3069 818; x_wconf 91' lang='lat' dir='ltr'><strong>re</strong></span> <span class='ocrx_word' id='word_1_150' title='bbox 3091 759 3318 833; x_wconf 89' lang='lat' dir='ltr'><strong>aliquia</strong></span> <span class='ocrx_word' id='word_1_151' title='bbox 3336 759 3574 832; x_wconf 91' lang='lat' dir='ltr'><strong>questio</strong></span> <span class='ocrx_word' id='word_1_152' title='bbox 3589 757 3842 822; x_wconf 90' lang='lat' dir='ltr'><strong>orietur,</strong></span> 
     </span>
    </p>
   </div>
   <div class='ocr_carea' id='block_1_23' title="bbox 2159 843 3848 924">
    <p class='ocr_par' dir='ltr' id='par_1_23' title="bbox 2159 843 3848 924">
     <span class='ocr_line' id='line_1_23' title="bbox 2159 843 3848 924; baseline -0.004 -18"><span class='ocrx_word' id='word_1_153' title='bbox 2159 850 2458 924; x_wconf 82' lang='lat' dir='ltr'><strong>quidquid</strong></span> <span class='ocrx_word' id='word_1_154' title='bbox 2487 851 2760 908; x_wconf 85' lang='lat' dir='ltr'><strong>canonici</strong></span> <span class='ocrx_word' id='word_1_155' title='bbox 2794 857 2991 908; x_wconf 88' lang='lat' dir='ltr'><strong>nostre</strong></span> <span class='ocrx_word' id='word_1_156' title='bbox 3024 849 3270 907; x_wconf 87' lang='lat' dir='ltr'><strong>ecclesie</strong></span> <span class='ocrx_word' id='word_1_157' title='bbox 3287 847 3523 920; x_wconf 89' lang='lat' dir='ltr'><strong>justum</strong></span> <span class='ocrx_word' id='word_1_158' title='bbox 3564 863 3699 902; x_wconf 89' lang='lat' dir='ltr'><strong>esse</strong></span> <span class='ocrx_word' id='word_1_159' title='bbox 3720 843 3848 902; x_wconf 86' lang='lat' dir='ltr'><strong>suis</strong></span> 
     </span>
    </p>
   </div>
   <div class='ocr_carea' id='block_1_24' title="bbox 2161 920 3848 1012">
    <p class='ocr_par' dir='ltr' id='par_1_24' title="bbox 2161 920 3848 1012">
     <span class='ocr_line' id='line_1_24' title="bbox 2161 920 3848 1012; baseline -0.003 -17"><span class='ocrx_word' id='word_1_160' title='bbox 2161 920 2464 998; x_wconf 70' lang='lat' dir='ltr'><strong>affirmare</strong></span> <span class='ocrx_word' id='word_1_161' title='bbox 2493 941 2792 997; x_wconf 87' lang='lat' dir='ltr'><strong>voluerint</strong></span> <span class='ocrx_word' id='word_1_162' title='bbox 2815 939 3199 1012; x_wconf 82' lang='lat' dir='ltr'><strong>juramentis,</strong></span> <span class='ocrx_word' id='word_1_163' title='bbox 3233 938 3463 1010; x_wconf 87' lang='lat' dir='ltr'><strong>absque</strong></span> <span class='ocrx_word' id='word_1_164' title='bbox 3487 935 3670 992; x_wconf 92' lang='lat' dir='ltr'><strong>ullius</strong></span> <span class='ocrx_word' id='word_1_165' title='bbox 3695 951 3848 991; x_wconf 86' lang='lat' dir='ltr'><strong>con-</strong></span> 
     </span>
    </p>
   </div>
   <div class='ocr_carea' id='block_1_25' title="bbox 2161 1024 3844 1104">
    <p class='ocr_par' dir='ltr' id='par_1_25' title="bbox 2161 1024 3844 1104">
     <span class='ocr_line' id='line_1_25' title="bbox 2161 1024 3844 1104; baseline -0.002 -20"><span class='ocrx_word' id='word_1_166' title='bbox 2161 1029 2515 1086; x_wconf 89' lang='lat' dir='ltr'><strong>tradictione</strong></span> <span class='ocrx_word' id='word_1_167' title='bbox 2548 1031 2786 1086; x_wconf 85' lang='lat' dir='ltr'><strong>salvum</strong></span> <span class='ocrx_word' id='word_1_168' title='bbox 2836 1030 2920 1086; x_wconf 79' lang='lat' dir='ltr'><strong>eis</strong></span> <span class='ocrx_word' id='word_1_169' title='bbox 2951 1030 3011 1085; x_wconf 93' lang='lat' dir='ltr'><strong>in</strong></span> <span class='ocrx_word' id='word_1_170' title='bbox 3041 1033 3402 1104; x_wconf 89' lang='lat' dir='ltr'><strong>perpetuum</strong></span> <span class='ocrx_word' id='word_1_171' title='bbox 3433 1024 3844 1100; x_wconf 86' lang='lat' dir='ltr'><strong>permanebit.</strong></span> 
     </span>
    </p>
   </div>
   <div class='ocr_carea' id='block_1_26' title="bbox 2166 1117 3848 1194">
    <p class='ocr_par' dir='ltr' id='par_1_26' title="bbox 2166 1117 3848 1194">
     <span class='ocr_line' id='line_1_26' title="bbox 2166 1117 3848 1194; baseline -0.004 -19"><span class='ocrx_word' id='word_1_172' title='bbox 2166 1119 2340 1175; x_wconf 91' lang='lat' dir='ltr'><strong>Omni</strong></span> <span class='ocrx_word' id='word_1_173' title='bbox 2366 1119 2546 1176; x_wconf 88' lang='lat' dir='ltr'><strong>etiam</strong></span> <span class='ocrx_word' id='word_1_174' title='bbox 2577 1137 2762 1192; x_wconf 88' lang='lat' dir='ltr'><strong>anno,</strong></span> <span class='ocrx_word' id='word_1_175' title='bbox 2789 1119 3039 1194; x_wconf 86' lang='lat' dir='ltr'><strong>quando</strong></span> <span class='ocrx_word' id='word_1_176' title='bbox 3068 1118 3209 1174; x_wconf 90' lang='lat' dir='ltr'><strong>novi</strong></span> <span class='ocrx_word' id='word_1_177' title='bbox 3241 1117 3519 1173; x_wconf 86' lang='lat' dir='ltr'><strong>consules</strong></span> <span class='ocrx_word' id='word_1_178' title='bbox 3551 1121 3697 1170; x_wconf 90' lang='lat' dir='ltr'><strong>sunt</strong></span> <span class='ocrx_word' id='word_1_179' title='bbox 3728 1120 3848 1168; x_wconf 83' lang='lat' dir='ltr'><strong>sta-</strong></span> 
     </span>
    </p>
   </div>
   <div class='ocr_carea' id='block_1_27' title="bbox 2165 1203 3850 1280">
    <p class='ocr_par' dir='ltr' id='par_1_27' title="bbox 2165 1203 3850 1280">
     <span class='ocr_line' id='line_1_27' title="bbox 2165 1203 3850 1280; baseline -0.004 -18"><span class='ocrx_word' id='word_1_180' title='bbox 2165 1206 2293 1276; x_wconf 86' lang='lat' dir='ltr'><strong>tuti,</strong></span> <span class='ocrx_word' id='word_1_181' title='bbox 2325 1207 2551 1264; x_wconf 92' lang='lat' dir='ltr'><strong>hiidem</strong></span> <span class='ocrx_word' id='word_1_182' title='bbox 2582 1208 2858 1264; x_wconf 87' lang='lat' dir='ltr'><strong>consules</strong></span> <span class='ocrx_word' id='word_1_183' title='bbox 2891 1208 2970 1263; x_wconf 92' lang='lat' dir='ltr'><strong>ab</strong></span> <span class='ocrx_word' id='word_1_184' title='bbox 3005 1209 3290 1280; x_wconf 88' lang='lat' dir='ltr'><strong>episcopo</strong></span> <span class='ocrx_word' id='word_1_185' title='bbox 3315 1209 3419 1262; x_wconf 89' lang='lat' dir='ltr'><strong>aut</strong></span> <span class='ocrx_word' id='word_1_186' title='bbox 3448 1203 3720 1277; x_wconf 91' lang='lat' dir='ltr'><strong>capitulo</strong></span> <span class='ocrx_word' id='word_1_187' title='bbox 3767 1219 3850 1257; x_wconf 76' lang='lat' dir='ltr'><strong>re-</strong></span> 
     </span>
    </p>
   </div>
   <div class='ocr_carea' id='block_1_28' title="bbox 2167 1290 3852 1370">
    <p class='ocr_par' dir='ltr' id='par_1_28' title="bbox 2167 1290 3852 1370">
     <span class='ocr_line' id='line_1_28' title="bbox 2167 1290 3852 1370; baseline -0.004 -19"><span class='ocrx_word' id='word_1_188' title='bbox 2167 1297 2388 1368; x_wconf 91' lang='lat' dir='ltr'><strong>quisiti,</strong></span> <span class='ocrx_word' id='word_1_189' title='bbox 2420 1298 2660 1354; x_wconf 84' lang='lat' dir='ltr'><strong>venient</strong></span> <span class='ocrx_word' id='word_1_190' title='bbox 2689 1298 2765 1354; x_wconf 87' lang='lat' dir='ltr'><strong>ad</strong></span> <span class='ocrx_word' id='word_1_191' title='bbox 2798 1295 3160 1370; x_wconf 84' lang='lat' dir='ltr'><strong>prcsentiam</strong></span> <span class='ocrx_word' id='word_1_192' title='bbox 3191 1293 3545 1360; x_wconf 89' lang='lat' dir='ltr'><strong>eorundem,</strong></span> <span class='ocrx_word' id='word_1_193' title='bbox 3579 1297 3636 1348; x_wconf 92' lang='lat' dir='ltr'><strong>et</strong></span> <span class='ocrx_word' id='word_1_194' title='bbox 3673 1290 3852 1347; x_wconf 85' lang='lat' dir='ltr'><strong>tactis</strong></span> 
     </span>
    </p>
   </div>
   <div class='ocr_carea' id='block_1_29' title="bbox 2171 1385 3855 1460">
    <p class='ocr_par' dir='ltr' id='par_1_29' title="bbox 2171 1385 3855 1460">
     <span class='ocr_line' id='line_1_29' title="bbox 2171 1385 3855 1460; baseline -0.007 -19"><span class='ocrx_word' id='word_1_195' title='bbox 2171 1391 2519 1443; x_wconf 89' lang='lat' dir='ltr'><strong>sanctorum</strong></span> <span class='ocrx_word' id='word_1_196' title='bbox 2551 1387 2818 1460; x_wconf 86' lang='lat' dir='ltr'><strong>reliquiis</strong></span> <span class='ocrx_word' id='word_1_197' title='bbox 2842 1386 3136 1456; x_wconf 90' lang='lat' dir='ltr'><strong>jurabunt</strong></span> <span class='ocrx_word' id='word_1_198' title='bbox 3164 1385 3331 1458; x_wconf 90' lang='lat' dir='ltr'><strong>quod</strong></span> <span class='ocrx_word' id='word_1_199' title='bbox 3382 1399 3595 1440; x_wconf 90' lang='lat' dir='ltr'><strong>omnes</strong></span> <span class='ocrx_word' id='word_1_200' title='bbox 3638 1387 3855 1455; x_wconf 56' lang='lat' dir='ltr'><strong>porta:</strong></span> 
     </span>
    </p>
   </div>
   <div class='ocr_carea' id='block_1_30' title="bbox 2171 1471 3854 1544">
    <p class='ocr_par' dir='ltr' id='par_1_30' title="bbox 2171 1471 3854 1544">
     <span class='ocr_line' id='line_1_30' title="bbox 2171 1471 3854 1544; baseline -0.004 -13"><span class='ocrx_word' id='word_1_201' title='bbox 2171 1476 2420 1532; x_wconf 88' lang='lat' dir='ltr'><strong>civitatis</strong></span> <span class='ocrx_word' id='word_1_202' title='bbox 2451 1477 2700 1533; x_wconf 85' lang='lat' dir='ltr'><strong>fideliter</strong></span> <span class='ocrx_word' id='word_1_203' title='bbox 2728 1477 3018 1533; x_wconf 89' lang='lat' dir='ltr'><strong>tenebunt</strong></span> <span class='ocrx_word' id='word_1_204' title='bbox 3064 1479 3120 1531; x_wconf 93' lang='lat' dir='ltr'><strong>et</strong></span> <span class='ocrx_word' id='word_1_205' title='bbox 3151 1474 3508 1540; x_wconf 88' lang='lat' dir='ltr'><strong>custodient,</strong></span> <span class='ocrx_word' id='word_1_206' title='bbox 3571 1477 3628 1527; x_wconf 87' lang='lat' dir='ltr'><strong>et</strong></span> <span class='ocrx_word' id='word_1_207' title='bbox 3683 1471 3854 1544; x_wconf 85' lang='lat' dir='ltr'><strong>quod</strong></span> 
     </span>
    </p>
   </div>
   <div class='ocr_carea' id='block_1_31' title="bbox 2171 1563 3858 1640">
    <p class='ocr_par' dir='ltr' id='par_1_31' title="bbox 2171 1563 3858 1640">
     <span class='ocr_line' id='line_1_31' title="bbox 2171 1563 3858 1640; baseline -0.005 -18"><span class='ocrx_word' id='word_1_208' title='bbox 2171 1567 2504 1640; x_wconf 87' lang='lat' dir='ltr'><strong>specialiter</strong></span> <span class='ocrx_word' id='word_1_209' title='bbox 2537 1567 2733 1623; x_wconf 89' lang='lat' dir='ltr'><strong>Sancti</strong></span> <span class='ocrx_word' id='word_1_210' title='bbox 2762 1565 3135 1622; x_wconf 85' lang='lat' dir='ltr'><strong>Pantaleonis</strong></span> <span class='ocrx_word' id='word_1_211' title='bbox 3167 1571 3222 1621; x_wconf 94' lang='lat' dir='ltr'><strong>et</strong></span> <span class='ocrx_word' id='word_1_212' title='bbox 3253 1570 3407 1620; x_wconf 90' lang='lat' dir='ltr'><strong>retro</strong></span> <span class='ocrx_word' id='word_1_213' title='bbox 3452 1563 3666 1618; x_wconf 90' lang='lat' dir='ltr'><strong>urbem</strong></span> <span class='ocrx_word' id='word_1_214' title='bbox 3717 1577 3858 1633; x_wconf 90' lang='lat' dir='ltr'><strong>por-</strong></span> 
     </span>
    </p>
   </div>
   <div class='ocr_carea' id='block_1_32' title="bbox 2171 1649 3856 1728">
    <p class='ocr_par' dir='ltr' id='par_1_32' title="bbox 2171 1649 3856 1728">
     <span class='ocr_line' id='line_1_32' title="bbox 2171 1649 3856 1728; baseline -0.005 -17"><span class='ocrx_word' id='word_1_215' title='bbox 2171 1660 2262 1712; x_wconf 91' lang='lat' dir='ltr'><strong>tas</strong></span> <span class='ocrx_word' id='word_1_216' title='bbox 2313 1655 2599 1728; x_wconf 87' lang='lat' dir='ltr'><strong>episcopo</strong></span> <span class='ocrx_word' id='word_1_217' title='bbox 2649 1660 2752 1711; x_wconf 89' lang='lat' dir='ltr'><strong>aut</strong></span> <span class='ocrx_word' id='word_1_218' title='bbox 2803 1654 3066 1727; x_wconf 75' lang='lat' dir='ltr'><strong>capitulo</strong></span> <span class='ocrx_word' id='word_1_219' title='bbox 3112 1654 3234 1708; x_wconf 90' lang='lat' dir='ltr'><strong>sive</strong></span> <span class='ocrx_word' id='word_1_220' title='bbox 3275 1652 3368 1707; x_wconf 90' lang='lat' dir='ltr'><strong>die</strong></span> <span class='ocrx_word' id='word_1_221' title='bbox 3415 1651 3534 1706; x_wconf 89' lang='lat' dir='ltr'><strong>sive</strong></span> <span class='ocrx_word' id='word_1_222' title='bbox 3577 1653 3761 1705; x_wconf 88' lang='lat' dir='ltr'><strong>nocte</strong></span> <span class='ocrx_word' id='word_1_223' title='bbox 3799 1649 3856 1702; x_wconf 90' lang='lat' dir='ltr'><strong>in</strong></span> 
     </span>
    </p>
   </div>
   <div class='ocr_carea' id='block_1_33' title="bbox 395 1736 3853 1812">
    <p class='ocr_par' dir='ltr' id='par_1_33' title="bbox 395 1736 3853 1812">
     <span class='ocr_line' id='line_1_33' title="bbox 395 1736 3853 1812; baseline -0.001 -19"><span class='ocrx_word' id='word_1_224' title='bbox 395 1736 654 1794; x_wconf 85' lang='lat' dir='ltr'><strong>titicatus</strong></span> <span class='ocrx_word' id='word_1_225' title='bbox 706 1737 798 1792; x_wconf 91' lang='lat' dir='ltr'><strong>sui</strong></span> <span class='ocrx_word' id='word_1_226' title='bbox 845 1737 934 1805; x_wconf 86' lang='lat'><strong>31,</strong></span> <span class='ocrx_word' id='word_1_227' title='bbox 989 1737 1200 1810; x_wconf 88' lang='lat' dir='ltr'><strong>quinto</strong></span> <span class='ocrx_word' id='word_1_228' title='bbox 1247 1738 1370 1794; x_wconf 85' lang='lat' dir='ltr'><strong>Kal.</strong></span> <span class='ocrx_word' id='word_1_229' title='bbox 1405 1739 1532 1795; x_wconf 86' lang='lat' dir='ltr'><strong>Maii</strong></span> <span class='ocrx_word' id='word_1_230' title='bbox 1563 1738 1833 1795; x_wconf 89' lang='lat' dir='ltr'><strong>debitum</strong></span> <span class='ocrx_word' id='word_1_231' title='bbox 1864 1737 2060 1794; x_wconf 90' lang='lat' dir='ltr'><strong>carnis</strong></span> <span class='ocrx_word' id='word_1_232' title='bbox 2097 1744 2452 1812; x_wconf 74' lang='lat' dir='ltr'><strong>Bomnibus</strong></span> <span class='ocrx_word' id='word_1_233' title='bbox 2501 1760 2712 1800; x_wconf 76' lang='lat' dir='ltr'><strong>eorum</strong></span> <span class='ocrx_word' id='word_1_234' title='bbox 2761 1743 3215 1800; x_wconf 75' lang='lat' dir='ltr'><strong>necessitatibus</strong></span> <span class='ocrx_word' id='word_1_235' title='bbox 3265 1741 3636 1797; x_wconf 90' lang='lat' dir='ltr'><strong>reserabunt.</strong></span> <span class='ocrx_word' id='word_1_236' title='bbox 3699 1742 3853 1793; x_wconf 80' lang='lat' dir='ltr'><strong>ltmn</strong></span> 
     </span>
    </p>
   </div>
   <div class='ocr_carea' id='block_1_34' title="bbox 399 1825 2068 1901">
    <p class='ocr_par' dir='ltr' id='par_1_34' title="bbox 399 1825 2068 1901">
     <span class='ocr_line' id='line_1_34' title="bbox 399 1825 2068 1901; baseline 0.001 -20"><span class='ocrx_word' id='word_1_237' title='bbox 399 1826 736 1890; x_wconf 83' lang='lat' dir='ltr'><strong>exsolvens,</strong></span> <span class='ocrx_word' id='word_1_238' title='bbox 793 1825 1072 1894; x_wconf 77' lang='lat' dir='ltr'><strong>migravit</strong></span> <span class='ocrx_word' id='word_1_239' title='bbox 1115 1827 1194 1882; x_wconf 84' lang='lat' dir='ltr'><strong>ad</strong></span> <span class='ocrx_word' id='word_1_240' title='bbox 1245 1828 1566 1884; x_wconf 89' lang='lat' dir='ltr'><strong>Dominum</strong></span> <span class='ocrx_word' id='word_1_241' title='bbox 1599 1830 1691 1895; x_wconf 71' lang='lat'><strong>&quot;0,</strong></span> <span class='ocrx_word' id='word_1_242' title='bbox 1724 1828 2068 1901; x_wconf 88' lang='lat' dir='ltr'><strong>relinquens</strong></span> 
     </span>
    </p>
   </div>
   <div class='ocr_carea' id='block_1_35' title="bbox 401 1915 2073 1990">
    <p class='ocr_par' dir='ltr' id='par_1_35' title="bbox 401 1915 2073 1990">
     <span class='ocr_line' id='line_1_35' title="bbox 401 1915 2073 1990; baseline 0.001 -20"><span class='ocrx_word' id='word_1_243' title='bbox 401 1915 719 1970; x_wconf 90' lang='lat' dir='ltr'><strong>ecclesiam</strong></span> <span class='ocrx_word' id='word_1_244' title='bbox 777 1915 1006 1970; x_wconf 89' lang='lat' dir='ltr'><strong>honore</strong></span> <span class='ocrx_word' id='word_1_245' title='bbox 1060 1921 1116 1972; x_wconf 92' lang='lat' dir='ltr'><strong>et</strong></span> <span class='ocrx_word' id='word_1_246' title='bbox 1168 1916 1434 1990; x_wconf 91' lang='lat' dir='ltr'><strong>potentia</strong></span> <span class='ocrx_word' id='word_1_247' title='bbox 1511 1917 1916 1985; x_wconf 88' lang='lat' dir='ltr'><strong>emendatam,</strong></span> <span class='ocrx_word' id='word_1_248' title='bbox 1985 1919 2073 1972; x_wconf 90' lang='lat' dir='ltr'><strong>set</strong></span> 
     </span>
    </p>
   </div>
   <div class='ocr_carea' id='block_1_36' title="bbox 403 2004 2072 2074">
    <p class='ocr_par' dir='ltr' id='par_1_36' title="bbox 403 2004 2072 2074">
     <span class='ocr_line' id='line_1_36' title="bbox 403 2004 2072 2074; baseline -0.001 -13"><span class='ocrx_word' id='word_1_249' title='bbox 403 2004 627 2071; x_wconf 88' lang='lat' dir='ltr'><strong>multis,</strong></span> <span class='ocrx_word' id='word_1_250' title='bbox 655 2008 722 2060; x_wconf 90' lang='lat' dir='ltr'><strong>ut</strong></span> <span class='ocrx_word' id='word_1_251' title='bbox 763 2020 974 2061; x_wconf 89' lang='lat' dir='ltr'><strong>verum</strong></span> <span class='ocrx_word' id='word_1_252' title='bbox 1018 2005 1336 2074; x_wconf 82' lang='lat' dir='ltr'><strong>fateamur,</strong></span> <span class='ocrx_word' id='word_1_253' title='bbox 1368 2005 1712 2062; x_wconf 89' lang='lat' dir='ltr'><strong>debitorum</strong></span> <span class='ocrx_word' id='word_1_254' title='bbox 1742 2005 2072 2062; x_wconf 88' lang='lat' dir='ltr'><strong>honeribus</strong></span> 
     </span>
    </p>
   </div>
   <div class='ocr_carea' id='block_1_37' title="bbox 407 2098 780 2164">
    <p class='ocr_par' dir='ltr' id='par_1_37' title="bbox 407 2098 780 2164">
     <span class='ocr_line' id='line_1_37' title="bbox 407 2098 780 2164; baseline -0.008 -12"><span class='ocrx_word' id='word_1_255' title='bbox 407 2098 780 2164; x_wconf 87' lang='lat' dir='ltr'><strong>agravatam.</strong></span> 
     </span>
    </p>
   </div>
   <div class='ocr_carea' id='block_1_38' title="bbox 924 2240 1567 2296">
    <p class='ocr_par' dir='ltr' id='par_1_38' title="bbox 924 2240 1567 2296">
     <span class='ocr_line' id='line_1_38' title="bbox 924 2240 1567 2296; baseline 0.006 -4"><span class='ocrx_word' id='word_1_256' title='bbox 924 2240 1277 2296; x_wconf 75' lang='lat' dir='ltr'><strong>HENRICUS</strong></span> <span class='ocrx_word' id='word_1_257' title='bbox 1316 2245 1436 2296; x_wconf 66' lang='lat' dir='ltr'><strong>33“ﬁ</strong></span> <span class='ocrx_word' id='word_1_258' title='bbox 1475 2241 1567 2296; x_wconf 64' lang='lat'><strong>‘3‘.</strong></span> 
     </span>
    </p>
   </div>
   <div class='ocr_carea' id='block_1_39' title="bbox 487 2363 2080 2438">
    <p class='ocr_par' dir='ltr' id='par_1_39' title="bbox 487 2363 2080 2438">
     <span class='ocr_line' id='line_1_39' title="bbox 487 2363 2080 2438; baseline 0 -19"><span class='ocrx_word' id='word_1_259' title='bbox 487 2363 635 2419; x_wconf 84' lang='lat' dir='ltr'><strong>Huic</strong></span> <span class='ocrx_word' id='word_1_260' title='bbox 665 2363 950 2420; x_wconf 87' lang='lat' dir='ltr'><strong>successit</strong></span> <span class='ocrx_word' id='word_1_261' title='bbox 978 2363 1070 2419; x_wconf 90' lang='lat' dir='ltr'><strong>vir</strong></span> <span class='ocrx_word' id='word_1_262' title='bbox 1121 2364 1326 2438; x_wconf 91' lang='lat' dir='ltr'><strong>utique</strong></span> <span class='ocrx_word' id='word_1_263' title='bbox 1375 2365 1730 2421; x_wconf 89' lang='lat' dir='ltr'><strong>venerabilis</strong></span> <span class='ocrx_word' id='word_1_264' title='bbox 1775 2365 2080 2432; x_wconf 89' lang='lat' dir='ltr'><strong>Henricus,</strong></span> 
     </span>
    </p>
   </div>
   <div class='ocr_carea' id='block_1_40' title="bbox 413 2453 2083 2522">
    <p class='ocr_par' dir='ltr' id='par_1_40' title="bbox 413 2453 2083 2522">
     <span class='ocr_line' id='line_1_40' title="bbox 413 2453 2083 2522; baseline 0 -12"><span class='ocrx_word' id='word_1_265' title='bbox 413 2453 659 2510; x_wconf 89' lang='lat' dir='ltr'><strong>ecclesie</strong></span> <span class='ocrx_word' id='word_1_266' title='bbox 713 2457 914 2509; x_wconf 90' lang='lat' dir='ltr'><strong>nostre</strong></span> <span class='ocrx_word' id='word_1_267' title='bbox 963 2453 1251 2522; x_wconf 86' lang='lat' dir='ltr'><strong>decanus,</strong></span> <span class='ocrx_word' id='word_1_268' title='bbox 1311 2454 1386 2510; x_wconf 91' lang='lat' dir='ltr'><strong>de</strong></span> <span class='ocrx_word' id='word_1_269' title='bbox 1436 2455 1647 2511; x_wconf 88' lang='lat' dir='ltr'><strong>illustri</strong></span> <span class='ocrx_word' id='word_1_270' title='bbox 1693 2455 1980 2511; x_wconf 90' lang='lat' dir='ltr'><strong>comitum</strong></span> <span class='ocrx_word' id='word_1_271' title='bbox 2009 2455 2083 2510; x_wconf 92' lang='lat' dir='ltr'><strong>de</strong></span> 
     </span>
    </p>
   </div>
   <div class='ocr_carea' id='block_1_41' title="bbox 417 2542 2084 2616">
    <p class='ocr_par' dir='ltr' id='par_1_41' title="bbox 417 2542 2084 2616">
     <span class='ocr_line' id='line_1_41' title="bbox 417 2542 2084 2616; baseline 0.001 -18"><span class='ocrx_word' id='word_1_272' title='bbox 417 2542 848 2612; x_wconf 88' lang='lat' dir='ltr'><strong>Woldenberge</strong></span> <span class='ocrx_word' id='word_1_273' title='bbox 876 2543 1164 2616; x_wconf 87' lang='lat' dir='ltr'><strong>prosapia</strong></span> <span class='ocrx_word' id='word_1_274' title='bbox 1192 2543 1486 2600; x_wconf 85' lang='lat' dir='ltr'><strong>oriundus</strong></span> <span class='ocrx_word' id='word_1_275' title='bbox 1520 2545 1611 2600; x_wconf 64' lang='lat'><strong>1&quot;.</strong></span> <span class='ocrx_word' id='word_1_276' title='bbox 1671 2544 1781 2610; x_wconf 87' lang='lat' dir='ltr'><strong>Qui</strong></span> <span class='ocrx_word' id='word_1_277' title='bbox 1821 2549 2084 2600; x_wconf 91' lang='lat' dir='ltr'><strong>castrum</strong></span> 
     </span>
    </p>
   </div>
   <div class='ocr_carea' id='block_1_42' title="bbox 415 2633 2086 2706">
    <p class='ocr_par' dir='ltr' id='par_1_42' title="bbox 415 2633 2086 2706">
     <span class='ocr_line' id='line_1_42' title="bbox 415 2633 2086 2706; baseline 0.001 -17"><span class='ocrx_word' id='word_1_278' title='bbox 415 2633 810 2704; x_wconf 83' lang='lat' dir='ltr'><strong>Hundesruge</strong></span> <span class='ocrx_word' id='word_1_279' title='bbox 835 2649 906 2690; x_wconf 89' lang='lat' dir='ltr'><strong>ac</strong></span> <span class='ocrx_word' id='word_1_280' title='bbox 933 2633 1186 2706; x_wconf 86' lang='lat' dir='ltr'><strong>cpidum</strong></span> <span class='ocrx_word' id='word_1_281' title='bbox 1217 2633 1388 2690; x_wconf 89' lang='lat' dir='ltr'><strong>Dasle</strong></span> <span class='ocrx_word' id='word_1_282' title='bbox 1415 2650 1555 2690; x_wconf 91' lang='lat' dir='ltr'><strong>cum</strong></span> <span class='ocrx_word' id='word_1_283' title='bbox 1587 2633 1875 2690; x_wconf 89' lang='lat' dir='ltr'><strong>comitatu</strong></span> <span class='ocrx_word' id='word_1_284' title='bbox 1916 2635 2086 2706; x_wconf 87' lang='lat' dir='ltr'><strong>adja-</strong></span> 
     </span>
    </p>
   </div>
   <div class='ocr_carea' id='block_1_43' title="bbox 416 2721 2088 2780">
    <p class='ocr_par' dir='ltr' id='par_1_43' title="bbox 416 2721 2088 2780">
     <span class='ocr_line' id='line_1_43' title="bbox 416 2721 2088 2780; baseline 0 -1"><span class='ocrx_word' id='word_1_285' title='bbox 416 2727 585 2780; x_wconf 88' lang='lat' dir='ltr'><strong>cente</strong></span> <span class='ocrx_word' id='word_1_286' title='bbox 616 2739 654 2778; x_wconf 90' lang='lat' dir='ltr'><strong>a</strong></span> <span class='ocrx_word' id='word_1_287' title='bbox 682 2721 1065 2779; x_wconf 78' lang='lat' dir='ltr'><strong>serenissima</strong></span> <span class='ocrx_word' id='word_1_288' title='bbox 1088 2723 1337 2780; x_wconf 87' lang='lat' dir='ltr'><strong>Henrico</strong></span> <span class='ocrx_word' id='word_1_289' title='bbox 1355 2724 1429 2779; x_wconf 91' lang='lat' dir='ltr'><strong>de</strong></span> <span class='ocrx_word' id='word_1_290' title='bbox 1451 2723 1917 2780; x_wconf 86' lang='lat' dir='ltr'><strong>Lutcelenborch</strong></span> <span class='ocrx_word' id='word_1_291' title='bbox 1947 2728 2088 2780; x_wconf 91' lang='lat' dir='ltr'><strong>tunc</strong></span> 
     </span>
    </p>
   </div>
   <div class='ocr_carea' id='block_1_44' title="bbox 418 2811 2091 2885">
    <p class='ocr_par' dir='ltr' id='par_1_44' title="bbox 418 2811 2091 2885">
     <span class='ocr_line' id='line_1_44' title="bbox 418 2811 2091 2885; baseline 0.001 -18"><span class='ocrx_word' id='word_1_292' title='bbox 418 2815 831 2868; x_wconf 81' lang='lat' dir='ltr'><strong>Romanorum</strong></span> <span class='ocrx_word' id='word_1_293' title='bbox 857 2827 1018 2882; x_wconf 87' lang='lat' dir='ltr'><strong>rege,</strong></span> <span class='ocrx_word' id='word_1_294' title='bbox 1043 2816 1254 2884; x_wconf 89' lang='lat' dir='ltr'><strong>postea</strong></span> <span class='ocrx_word' id='word_1_295' title='bbox 1279 2816 1481 2868; x_wconf 90' lang='lat' dir='ltr'><strong>autem</strong></span> <span class='ocrx_word' id='word_1_296' title='bbox 1511 2811 1893 2885; x_wconf 89' lang='lat' dir='ltr'><strong>imperatore,</strong></span> <span class='ocrx_word' id='word_1_297' title='bbox 1912 2812 2091 2868; x_wconf 89' lang='lat' dir='ltr'><strong>eccle-</strong></span> 
     </span>
    </p>
   </div>
   <div class='ocr_carea' id='block_1_45' title="bbox 419 2901 2090 2974">
    <p class='ocr_par' dir='ltr' id='par_1_45' title="bbox 419 2901 2090 2974">
     <span class='ocr_line' id='line_1_45' title="bbox 419 2901 2090 2974; baseline 0.001 -18"><span class='ocrx_word' id='word_1_298' title='bbox 419 2902 501 2957; x_wconf 89' lang='lat' dir='ltr'><strong>sie</strong></span> <span class='ocrx_word' id='word_1_299' title='bbox 531 2906 733 2957; x_wconf 90' lang='lat' dir='ltr'><strong>nostre</strong></span> <span class='ocrx_word' id='word_1_300' title='bbox 781 2905 1072 2974; x_wconf 89' lang='lat' dir='ltr'><strong>perpetuo</strong></span> <span class='ocrx_word' id='word_1_301' title='bbox 1124 2901 1300 2970; x_wconf 89' lang='lat' dir='ltr'><strong>uniri,</strong></span> <span class='ocrx_word' id='word_1_302' title='bbox 1362 2918 1546 2974; x_wconf 89' lang='lat' dir='ltr'><strong>seque</strong></span> <span class='ocrx_word' id='word_1_303' title='bbox 1599 2906 1657 2958; x_wconf 91' lang='lat' dir='ltr'><strong>et</strong></span> <span class='ocrx_word' id='word_1_304' title='bbox 1712 2919 2090 2958; x_wconf 89' lang='lat' dir='ltr'><strong>successores</strong></span> 
     </span>
    </p>
   </div>
   <div class='ocr_carea' id='block_1_46' title="bbox 423 2988 2092 3063">
    <p class='ocr_par' dir='ltr' id='par_1_46' title="bbox 423 2988 2092 3063">
     <span class='ocr_line' id='line_1_46' title="bbox 423 2988 2092 3063; baseline 0.002 -20"><span class='ocrx_word' id='word_1_305' title='bbox 423 3006 570 3044; x_wconf 86' lang='lat' dir='ltr'><strong>suos</strong></span> <span class='ocrx_word' id='word_1_306' title='bbox 599 2989 674 3044; x_wconf 94' lang='lat' dir='ltr'><strong>de</strong></span> <span class='ocrx_word' id='word_1_307' title='bbox 705 2988 937 3046; x_wconf 91' lang='lat' dir='ltr'><strong>eisdem</strong></span> <span class='ocrx_word' id='word_1_308' title='bbox 957 2990 1110 3046; x_wconf 90' lang='lat' dir='ltr'><strong>inter</strong></span> <span class='ocrx_word' id='word_1_309' title='bbox 1139 2995 1334 3046; x_wconf 88' lang='lat' dir='ltr'><strong>cetera</strong></span> <span class='ocrx_word' id='word_1_310' title='bbox 1359 2990 1604 3060; x_wconf 78' lang='lat' dir='ltr'><strong>regalia,</strong></span> <span class='ocrx_word' id='word_1_311' title='bbox 1627 3007 1747 3063; x_wconf 90' lang='lat' dir='ltr'><strong>que</strong></span> <span class='ocrx_word' id='word_1_312' title='bbox 1776 2996 1982 3047; x_wconf 92' lang='lat' dir='ltr'><strong>nostra</strong></span> <span class='ocrx_word' id='word_1_313' title='bbox 2012 2991 2092 3047; x_wconf 89' lang='lat' dir='ltr'><strong>ab</strong></span> 
     </span>
    </p>
   </div>
   <div class='ocr_carea' id='block_1_47' title="bbox 2179 1826 3859 1905">
    <p class='ocr_par' dir='ltr' id='par_1_47' title="bbox 2179 1826 3859 1905">
     <span class='ocr_line' id='line_1_47' title="bbox 2179 1826 3859 1905; baseline -0.005 -15"><span class='ocrx_word' id='word_1_314' title='bbox 2179 1834 2346 1890; x_wconf 90' lang='lat' dir='ltr'><strong>omni</strong></span> <span class='ocrx_word' id='word_1_315' title='bbox 2371 1849 2532 1890; x_wconf 89' lang='lat' dir='ltr'><strong>anno</strong></span> <span class='ocrx_word' id='word_1_316' title='bbox 2564 1833 2709 1890; x_wconf 89' lang='lat' dir='ltr'><strong>feria</strong></span> <span class='ocrx_word' id='word_1_317' title='bbox 2735 1832 3002 1890; x_wconf 88' lang='lat' dir='ltr'><strong>secunda</strong></span> <span class='ocrx_word' id='word_1_318' title='bbox 3033 1831 3092 1889; x_wconf 92' lang='lat' dir='ltr'><strong>in</strong></span> <span class='ocrx_word' id='word_1_319' title='bbox 3120 1832 3313 1905; x_wconf 89' lang='lat' dir='ltr'><strong>capite</strong></span> <span class='ocrx_word' id='word_1_320' title='bbox 3345 1826 3640 1886; x_wconf 82' lang='lat' dir='ltr'><strong>adventus</strong></span> <span class='ocrx_word' id='word_1_321' title='bbox 3679 1831 3748 1862; x_wconf 76' lang='grc'>¹²⁴</span> <span class='ocrx_word' id='word_1_322' title='bbox 3803 1828 3859 1881; x_wconf 89' lang='lat' dir='ltr'><strong>in</strong></span> 
     </span>
    </p>
   </div>
   <div class='ocr_carea' id='block_1_48' title="bbox 2181 1920 3866 1998">
    <p class='ocr_par' dir='ltr' id='par_1_48' title="bbox 2181 1920 3866 1998">
     <span class='ocr_line' id='line_1_48' title="bbox 2181 1920 3866 1998; baseline -0.008 -17"><span class='ocrx_word' id='word_1_323' title='bbox 2181 1921 2445 1995; x_wconf 82' lang='lat' dir='ltr'><strong>generali</strong></span> <span class='ocrx_word' id='word_1_324' title='bbox 2464 1923 2725 1998; x_wconf 89' lang='lat' dir='ltr'><strong>capitulo</strong></span> <span class='ocrx_word' id='word_1_325' title='bbox 2747 1923 3039 1996; x_wconf 88' lang='lat' dir='ltr'><strong>jurabunt</strong></span> <span class='ocrx_word' id='word_1_326' title='bbox 3063 1922 3203 1978; x_wconf 89' lang='lat' dir='ltr'><strong>dicti</strong></span> <span class='ocrx_word' id='word_1_327' title='bbox 3231 1920 3533 1980; x_wconf 89' lang='lat' dir='ltr'><strong>consules.</strong></span> <span class='ocrx_word' id='word_1_328' title='bbox 3557 1935 3619 1974; x_wconf 92' lang='lat' dir='ltr'><strong>se</strong></span> <span class='ocrx_word' id='word_1_329' title='bbox 3641 1933 3866 1974; x_wconf 78' lang='lat' dir='ltr'><strong>omnes</strong></span> 
     </span>
    </p>
   </div>
   <div class='ocr_carea' id='block_1_49' title="bbox 2180 2009 3866 2082">
    <p class='ocr_par' dir='ltr' id='par_1_49' title="bbox 2180 2009 3866 2082">
     <span class='ocr_line' id='line_1_49' title="bbox 2180 2009 3866 2082; baseline -0.007 -14"><span class='ocrx_word' id='word_1_330' title='bbox 2180 2011 2481 2069; x_wconf 85' lang='lat' dir='ltr'><strong>libertates</strong></span> <span class='ocrx_word' id='word_1_331' title='bbox 2509 2018 2566 2068; x_wconf 94' lang='lat' dir='ltr'><strong>et</strong></span> <span class='ocrx_word' id='word_1_332' title='bbox 2590 2012 2947 2069; x_wconf 88' lang='lat' dir='ltr'><strong>emunitates</strong></span> <span class='ocrx_word' id='word_1_333' title='bbox 2975 2011 3240 2080; x_wconf 90' lang='lat' dir='ltr'><strong>ecclesie,</strong></span> <span class='ocrx_word' id='word_1_334' title='bbox 3285 2009 3347 2065; x_wconf 92' lang='lat' dir='ltr'><strong>in</strong></span> <span class='ocrx_word' id='word_1_335' title='bbox 3376 2011 3679 2082; x_wconf 90' lang='lat' dir='ltr'><strong>quantum</strong></span> <span class='ocrx_word' id='word_1_336' title='bbox 3715 2022 3866 2076; x_wconf 83' lang='lat' dir='ltr'><strong>pos-</strong></span> 
     </span>
    </p>
   </div>
   <div class='ocr_carea' id='block_1_50' title="bbox 2185 2095 3867 2170">
    <p class='ocr_par' dir='ltr' id='par_1_50' title="bbox 2185 2095 3867 2170">
     <span class='ocr_line' id='line_1_50' title="bbox 2185 2095 3867 2170; baseline -0.006 -13"><span class='ocrx_word' id='word_1_337' title='bbox 2185 2106 2344 2167; x_wconf 91' lang='lat' dir='ltr'><strong>sunt,</strong></span> <span class='ocrx_word' id='word_1_338' title='bbox 2375 2100 2626 2157; x_wconf 79' lang='lat' dir='ltr'><strong>fideliter</strong></span> <span class='ocrx_word' id='word_1_339' title='bbox 2653 2101 3024 2156; x_wconf 84' lang='lat' dir='ltr'><strong>defensuros.</strong></span> <span class='ocrx_word' id='word_1_340' title='bbox 3047 2099 3162 2155; x_wconf 83' lang='lat' dir='ltr'><strong>Hiis</strong></span> <span class='ocrx_word' id='word_1_341' title='bbox 3189 2115 3329 2154; x_wconf 89' lang='lat' dir='ltr'><strong>vero</strong></span> <span class='ocrx_word' id='word_1_342' title='bbox 3360 2098 3436 2152; x_wconf 77' lang='lat' dir='ltr'><strong>ita</strong></span> <span class='ocrx_word' id='word_1_343' title='bbox 3462 2095 3867 2170; x_wconf 81' lang='lat' dir='ltr'><strong>compositiis,</strong></span> 
     </span>
    </p>
   </div>
   <div class='ocr_carea' id='block_1_51' title="bbox 2187 2185 3870 2256">
    <p class='ocr_par' dir='ltr' id='par_1_51' title="bbox 2187 2185 3870 2256">
     <span class='ocr_line' id='line_1_51' title="bbox 2187 2185 3870 2256; baseline -0.005 -10"><span class='ocrx_word' id='word_1_344' title='bbox 2187 2195 2450 2246; x_wconf 89' lang='lat' dir='ltr'><strong>castrum</strong></span> <span class='ocrx_word' id='word_1_345' title='bbox 2481 2190 2789 2246; x_wconf 87' lang='lat' dir='ltr'><strong>Hoinboke</strong></span> <span class='ocrx_word' id='word_1_346' title='bbox 2817 2191 2965 2256; x_wconf 79' lang='lat'><strong>(207)</strong></span> <span class='ocrx_word' id='word_1_347' title='bbox 2995 2205 3114 2245; x_wconf 92' lang='lat' dir='ltr'><strong>una</strong></span> <span class='ocrx_word' id='word_1_348' title='bbox 3142 2205 3280 2243; x_wconf 90' lang='lat' dir='ltr'><strong>cum</strong></span> <span class='ocrx_word' id='word_1_349' title='bbox 3301 2185 3552 2242; x_wconf 89' lang='lat' dir='ltr'><strong>domino</strong></span> <span class='ocrx_word' id='word_1_350' title='bbox 3583 2185 3658 2240; x_wconf 92' lang='lat' dir='ltr'><strong>de</strong></span> <span class='ocrx_word' id='word_1_351' title='bbox 3686 2187 3870 2240; x_wconf 87' lang='lat' dir='ltr'><strong>Hom-</strong></span> 
     </span>
    </p>
   </div>
   <div class='ocr_carea' id='block_1_52' title="bbox 2190 2269 3868 2349">
    <p class='ocr_par' dir='ltr' id='par_1_52' title="bbox 2190 2269 3868 2349">
     <span class='ocr_line' id='line_1_52' title="bbox 2190 2269 3868 2349; baseline -0.005 -14"><span class='ocrx_word' id='word_1_352' title='bbox 2190 2278 2397 2346; x_wconf 87' lang='lat' dir='ltr'><strong>borch,</strong></span> <span class='ocrx_word' id='word_1_353' title='bbox 2432 2279 2863 2336; x_wconf 82' lang='lat' dir='ltr'><strong>auxiliantibus</strong></span> <span class='ocrx_word' id='word_1_354' title='bbox 2881 2279 2959 2334; x_wconf 87' lang='lat' dir='ltr'><strong>ad</strong></span> <span class='ocrx_word' id='word_1_355' title='bbox 2988 2278 3102 2335; x_wconf 89' lang='lat' dir='ltr'><strong>hoc</strong></span> <span class='ocrx_word' id='word_1_356' title='bbox 3135 2281 3461 2349; x_wconf 90' lang='lat' dir='ltr'><strong>utcumque</strong></span> <span class='ocrx_word' id='word_1_357' title='bbox 3487 2269 3868 2348; x_wconf 85' lang='lat' dir='ltr'><strong>quibusdam</strong></span> 
     </span>
    </p>
   </div>
   <div class='ocr_carea' id='block_1_53' title="bbox 2193 2363 3872 2442">
    <p class='ocr_par' dir='ltr' id='par_1_53' title="bbox 2193 2363 3872 2442">
     <span class='ocr_line' id='line_1_53' title="bbox 2193 2363 3872 2442; baseline -0.008 -18"><span class='ocrx_word' id='word_1_358' title='bbox 2193 2367 2322 2424; x_wconf 89' lang='lat' dir='ltr'><strong>aliis</strong></span> <span class='ocrx_word' id='word_1_359' title='bbox 2353 2367 2745 2441; x_wconf 91' lang='lat' dir='ltr'><strong>principibus,</strong></span> <span class='ocrx_word' id='word_1_360' title='bbox 2775 2372 3048 2442; x_wconf 52' lang='lat' dir='ltr'><strong>potenter</strong></span> <span class='ocrx_word' id='word_1_361' title='bbox 3086 2365 3342 2434; x_wconf 86' lang='lat' dir='ltr'><strong>obsedit,</strong></span> <span class='ocrx_word' id='word_1_362' title='bbox 3393 2363 3714 2419; x_wconf 87' lang='lat' dir='ltr'><strong>obsessum</strong></span> <span class='ocrx_word' id='word_1_363' title='bbox 3780 2377 3872 2413; x_wconf 68' lang='lat' dir='ltr'><strong>ce-</strong></span> 
     </span>
    </p>
   </div>
   <div class='ocr_carea' id='block_1_54' title="bbox 2193 2449 3868 2530">
    <p class='ocr_par' dir='ltr' id='par_1_54' title="bbox 2193 2449 3868 2530">
     <span class='ocr_line' id='line_1_54' title="bbox 2193 2449 3868 2530; baseline -0.006 -18"><span class='ocrx_word' id='word_1_364' title='bbox 2193 2456 2298 2530; x_wconf 89' lang='lat' dir='ltr'><strong>pit,</strong></span> <span class='ocrx_word' id='word_1_365' title='bbox 2347 2461 2714 2529; x_wconf 90' lang='lat' dir='ltr'><strong>captumque</strong></span> <span class='ocrx_word' id='word_1_366' title='bbox 2758 2455 2892 2511; x_wconf 90' lang='lat' dir='ltr'><strong>fecit</strong></span> <span class='ocrx_word' id='word_1_367' title='bbox 2939 2455 3206 2510; x_wconf 86' lang='lat' dir='ltr'><strong>funditus</strong></span> <span class='ocrx_word' id='word_1_368' title='bbox 3253 2451 3550 2508; x_wconf 86' lang='lat' dir='ltr'><strong>demolir&#39;.</strong></span> <span class='ocrx_word' id='word_1_369' title='bbox 3601 2449 3868 2524; x_wconf 86' lang='lat' dir='ltr'><strong>Opidum</strong></span> 
     </span>
    </p>
   </div>
   <div class='ocr_carea' id='block_1_55' title="bbox 2199 2539 3874 2611">
    <p class='ocr_par' dir='ltr' id='par_1_55' title="bbox 2199 2539 3874 2611">
     <span class='ocr_line' id='line_1_55' title="bbox 2199 2539 3874 2611; baseline -0.006 -9"><span class='ocrx_word' id='word_1_370' title='bbox 2199 2545 2496 2602; x_wconf 88' lang='lat' dir='ltr'><strong>Bokenem</strong></span> <span class='ocrx_word' id='word_1_371' title='bbox 2523 2544 2682 2600; x_wconf 91' lang='lat' dir='ltr'><strong>mille</strong></span> <span class='ocrx_word' id='word_1_372' title='bbox 2711 2551 2770 2601; x_wconf 92' lang='lat' dir='ltr'><strong>et</strong></span> <span class='ocrx_word' id='word_1_373' title='bbox 2794 2549 3036 2600; x_wconf 90' lang='lat' dir='ltr'><strong>centum</strong></span> <span class='ocrx_word' id='word_1_374' title='bbox 3077 2541 3298 2599; x_wconf 88' lang='lat' dir='ltr'><strong>marcis</strong></span> <span class='ocrx_word' id='word_1_375' title='bbox 3351 2539 3597 2596; x_wconf 81' lang='lat' dir='ltr'><strong>ecclesie</strong></span> <span class='ocrx_word' id='word_1_376' title='bbox 3641 2554 3874 2611; x_wconf 82' lang='lat' dir='ltr'><strong>conpa-</strong></span> 
     </span>
    </p>
   </div>
   <div class='ocr_carea' id='block_1_56' title="bbox 2196 2626 3874 2704">
    <p class='ocr_par' dir='ltr' id='par_1_56' title="bbox 2196 2626 3874 2704">
     <span class='ocr_line' id='line_1_56' title="bbox 2196 2626 3874 2704; baseline -0.007 -14"><span class='ocrx_word' id='word_1_377' title='bbox 2196 2633 2362 2690; x_wconf 91' lang='lat' dir='ltr'><strong>ravit.</strong></span> <span class='ocrx_word' id='word_1_378' title='bbox 2391 2633 2532 2703; x_wconf 85' lang='lat' dir='ltr'><strong>(An.</strong></span> <span class='ocrx_word' id='word_1_379' title='bbox 2553 2636 2708 2701; x_wconf 78' lang='grc'>1314,</span> <span class='ocrx_word' id='word_1_380' title='bbox 2737 2635 2920 2690; x_wconf 85' lang='lat' dir='ltr'><strong>Mart.</strong></span> <span class='ocrx_word' id='word_1_381' title='bbox 2954 2635 3029 2704; x_wconf 92' lang='lat'><strong>8).</strong></span> <span class='ocrx_word' id='word_1_382' title='bbox 3061 2633 3208 2688; x_wconf 88' lang='lat' dir='ltr'><strong>Cum</strong></span> <span class='ocrx_word' id='word_1_383' title='bbox 3241 2629 3447 2686; x_wconf 88' lang='lat' dir='ltr'><strong>illustri</strong></span> <span class='ocrx_word' id='word_1_384' title='bbox 3477 2631 3689 2685; x_wconf 90' lang='lat' dir='ltr'><strong>Ottone</strong></span> <span class='ocrx_word' id='word_1_385' title='bbox 3712 2626 3874 2682; x_wconf 83' lang='lat' dir='ltr'><strong>duce</strong></span> 
     </span>
    </p>
   </div>
   <div class='ocr_carea' id='block_1_57' title="bbox 2197 2719 3876 2796">
    <p class='ocr_par' dir='ltr' id='par_1_57' title="bbox 2197 2719 3876 2796">
     <span class='ocr_line' id='line_1_57' title="bbox 2197 2719 3876 2796; baseline -0.005 -17"><span class='ocrx_word' id='word_1_386' title='bbox 2197 2723 2271 2779; x_wconf 92' lang='lat' dir='ltr'><strong>de</strong></span> <span class='ocrx_word' id='word_1_387' title='bbox 2302 2723 2674 2790; x_wconf 89' lang='lat' dir='ltr'><strong>Luneborch,</strong></span> <span class='ocrx_word' id='word_1_388' title='bbox 2706 2722 2811 2796; x_wconf 88' lang='lat' dir='ltr'><strong>qui</strong></span> <span class='ocrx_word' id='word_1_389' title='bbox 2841 2722 3092 2795; x_wconf 87' lang='lat' dir='ltr'><strong>opidum</strong></span> <span class='ocrx_word' id='word_1_390' title='bbox 3144 2719 3454 2775; x_wconf 87' lang='lat' dir='ltr'><strong>Honovere</strong></span> <span class='ocrx_word' id='word_1_391' title='bbox 3505 2723 3562 2774; x_wconf 89' lang='lat' dir='ltr'><strong>et</strong></span> <span class='ocrx_word' id='word_1_392' title='bbox 3600 2721 3876 2772; x_wconf 87' lang='lat' dir='ltr'><strong>castrum</strong></span> 
     </span>
    </p>
   </div>
   <div class='ocr_carea' id='block_1_58' title="bbox 2199 2805 3878 2885">
    <p class='ocr_par' dir='ltr' id='par_1_58' title="bbox 2199 2805 3878 2885">
     <span class='ocr_line' id='line_1_58' title="bbox 2199 2805 3878 2885; baseline -0.006 -17"><span class='ocrx_word' id='word_1_393' title='bbox 2199 2811 2564 2868; x_wconf 85' lang='lat' dir='ltr'><strong>Lowenrode</strong></span> <span class='ocrx_word' id='word_1_394' title='bbox 2605 2829 2745 2868; x_wconf 90' lang='lat' dir='ltr'><strong>cum</strong></span> <span class='ocrx_word' id='word_1_395' title='bbox 2769 2810 3138 2885; x_wconf 89' lang='lat' dir='ltr'><strong>quibusdam</strong></span> <span class='ocrx_word' id='word_1_396' title='bbox 3182 2808 3568 2865; x_wconf 86' lang='lat' dir='ltr'><strong>comitatibus</strong></span> <span class='ocrx_word' id='word_1_397' title='bbox 3607 2812 3663 2862; x_wconf 90' lang='lat' dir='ltr'><strong>et</strong></span> <span class='ocrx_word' id='word_1_398' title='bbox 3691 2805 3878 2860; x_wconf 88' lang='lat' dir='ltr'><strong>bonis</strong></span> 
     </span>
    </p>
   </div>
   <div class='ocr_carea' id='block_1_59' title="bbox 2199 2895 3875 2967">
    <p class='ocr_par' dir='ltr' id='par_1_59' title="bbox 2199 2895 3875 2967">
     <span class='ocr_line' id='line_1_59' title="bbox 2199 2895 3875 2967; baseline -0.006 -10"><span class='ocrx_word' id='word_1_399' title='bbox 2199 2901 2330 2957; x_wconf 90' lang='lat' dir='ltr'><strong>aliis</strong></span> <span class='ocrx_word' id='word_1_400' title='bbox 2362 2901 2442 2956; x_wconf 92' lang='lat' dir='ltr'><strong>ab</strong></span> <span class='ocrx_word' id='word_1_401' title='bbox 2464 2900 2715 2957; x_wconf 90' lang='lat' dir='ltr'><strong>ecclesia</strong></span> <span class='ocrx_word' id='word_1_402' title='bbox 2744 2900 2803 2956; x_wconf 90' lang='lat' dir='ltr'><strong>in</strong></span> <span class='ocrx_word' id='word_1_403' title='bbox 2835 2900 3084 2956; x_wconf 88' lang='lat' dir='ltr'><strong>feudum</strong></span> <span class='ocrx_word' id='word_1_404' title='bbox 3117 2902 3386 2953; x_wconf 87' lang='lat' dir='ltr'><strong>tenuerat</strong></span> <span class='ocrx_word' id='word_1_405' title='bbox 3415 2902 3472 2952; x_wconf 93' lang='lat' dir='ltr'><strong>et</strong></span> <span class='ocrx_word' id='word_1_406' title='bbox 3500 2895 3578 2950; x_wconf 91' lang='lat' dir='ltr'><strong>ab</strong></span> <span class='ocrx_word' id='word_1_407' title='bbox 3609 2895 3742 2967; x_wconf 86' lang='lat' dir='ltr'><strong>ipso</strong></span> <span class='ocrx_word' id='word_1_408' title='bbox 3789 2910 3875 2947; x_wconf 80' lang='lat' dir='ltr'><strong>re-</strong></span> 
     </span>
    </p>
   </div>
   <div class='ocr_carea' id='block_1_60' title="bbox 2200 2983 3872 3064">
    <p class='ocr_par' dir='ltr' id='par_1_60' title="bbox 2200 2983 3872 3064">
     <span class='ocr_line' id='line_1_60' title="bbox 2200 2983 3872 3064; baseline -0.007 -17"><span class='ocrx_word' id='word_1_409' title='bbox 2200 2993 2396 3064; x_wconf 88' lang='lat' dir='ltr'><strong>cipere</strong></span> <span class='ocrx_word' id='word_1_410' title='bbox 2428 2989 2676 3059; x_wconf 89' lang='lat' dir='ltr'><strong>curavit,</strong></span> <span class='ocrx_word' id='word_1_411' title='bbox 2709 3004 2923 3059; x_wconf 85' lang='lat' dir='ltr'><strong>graves</strong></span> <span class='ocrx_word' id='word_1_412' title='bbox 2952 3003 3200 3058; x_wconf 90' lang='lat' dir='ltr'><strong>guerras</strong></span> <span class='ocrx_word' id='word_1_413' title='bbox 3232 2984 3460 3049; x_wconf 85' lang='lat' dir='ltr'><strong>habuit,</strong></span> <span class='ocrx_word' id='word_1_414' title='bbox 3493 2983 3696 3058; x_wconf 88' lang='lat' dir='ltr'><strong>plures</strong></span> <span class='ocrx_word' id='word_1_415' title='bbox 3723 2996 3872 3035; x_wconf 90' lang='lat' dir='ltr'><strong>con-</strong></span> 
     </span>
    </p>
   </div>
   <div class='ocr_carea' id='block_1_61' title="bbox 421 3072 3873 3170">
    <p class='ocr_par' dir='ltr' id='par_1_61' title="bbox 421 3072 3873 3170">
     <span class='ocr_line' id='line_1_61' title="bbox 421 3072 3873 3170; baseline -0.003 -36"><span class='ocrx_word' id='word_1_416' title='bbox 421 3077 676 3150; x_wconf 90' lang='lat' dir='ltr'><strong>imperio</strong></span> <span class='ocrx_word' id='word_1_417' title='bbox 727 3082 890 3135; x_wconf 88' lang='lat' dir='ltr'><strong>tenet</strong></span> <span class='ocrx_word' id='word_1_418' title='bbox 946 3079 1220 3146; x_wconf 90' lang='lat' dir='ltr'><strong>ecclesia,</strong></span> <span class='ocrx_word' id='word_1_419' title='bbox 1284 3079 1542 3135; x_wconf 90' lang='lat' dir='ltr'><strong>obtinuit</strong></span> <span class='ocrx_word' id='word_1_420' title='bbox 1604 3079 1901 3135; x_wconf 86' lang='lat' dir='ltr'><strong>infeudari</strong></span> <span class='ocrx_word' id='word_1_421' title='bbox 1968 3081 2088 3152; x_wconf 84' lang='lat' dir='ltr'><strong>(an.</strong></span> <span class='ocrx_word' id='word_1_422' title='bbox 2130 3113 2172 3170; x_wconf 65' lang='grc' dir='ltr'>ο</span> <span class='ocrx_word' id='word_1_423' title='bbox 2203 3081 2396 3137; x_wconf 86' lang='lat' dir='ltr'><strong>ﬂictus</strong></span> <span class='ocrx_word' id='word_1_424' title='bbox 2422 3080 2568 3144; x_wconf 86' lang='lat' dir='ltr'><strong>iniit,</strong></span> <span class='ocrx_word' id='word_1_425' title='bbox 2602 3081 2661 3134; x_wconf 93' lang='lat' dir='ltr'><strong>in</strong></span> <span class='ocrx_word' id='word_1_426' title='bbox 2703 3078 3006 3152; x_wconf 88' lang='lat' dir='ltr'><strong>aliquibus</strong></span> <span class='ocrx_word' id='word_1_427' title='bbox 3039 3075 3442 3131; x_wconf 88' lang='lat' dir='ltr'><strong>succumbens</strong></span> <span class='ocrx_word' id='word_1_428' title='bbox 3474 3079 3530 3130; x_wconf 93' lang='lat' dir='ltr'><strong>et</strong></span> <span class='ocrx_word' id='word_1_429' title='bbox 3573 3074 3634 3129; x_wconf 93' lang='lat' dir='ltr'><strong>in</strong></span> <span class='ocrx_word' id='word_1_430' title='bbox 3681 3072 3873 3146; x_wconf 86' lang='lat' dir='ltr'><strong>pluri-</strong></span> 
     </span>
    </p>
   </div>
   <div class='ocr_carea' id='block_1_62' title="bbox 427 3167 2092 3242">
    <p class='ocr_par' dir='ltr' id='par_1_62' title="bbox 427 3167 2092 3242">
     <span class='ocr_line' id='line_1_62' title="bbox 427 3167 2092 3242; baseline 0.002 -20"><span class='ocrx_word' id='word_1_431' title='bbox 427 3171 584 3236; x_wconf 84' lang='grc'>1310,</span> <span class='ocrx_word' id='word_1_432' title='bbox 616 3168 779 3236; x_wconf 84' lang='lat' dir='ltr'><strong>Sept.</strong></span> <span class='ocrx_word' id='word_1_433' title='bbox 823 3169 897 3237; x_wconf 84' lang='lat'><strong>6).</strong></span> <span class='ocrx_word' id='word_1_434' title='bbox 950 3170 1017 3224; x_wconf 88' lang='lat' dir='ltr'><strong>Et</strong></span> <span class='ocrx_word' id='word_1_435' title='bbox 1070 3167 1431 3240; x_wconf 91' lang='lat' dir='ltr'><strong>procedente</strong></span> <span class='ocrx_word' id='word_1_436' title='bbox 1483 3173 1771 3242; x_wconf 91' lang='lat' dir='ltr'><strong>tempore,</strong></span> <span class='ocrx_word' id='word_1_437' title='bbox 1823 3175 2092 3225; x_wconf 90' lang='lat' dir='ltr'><strong>castrum</strong></span> 
     </span>
    </p>
   </div>
   <div class='ocr_carea' id='block_1_63' title="bbox 422 3255 2094 3332">
    <p class='ocr_par' dir='ltr' id='par_1_63' title="bbox 422 3255 2094 3332">
     <span class='ocr_line' id='line_1_63' title="bbox 422 3255 2094 3332; baseline 0.002 -20"><span class='ocrx_word' id='word_1_438' title='bbox 422 3255 678 3330; x_wconf 82' lang='lat' dir='ltr'><strong>cpidum</strong></span> <span class='ocrx_word' id='word_1_439' title='bbox 709 3272 778 3312; x_wconf 89' lang='lat' dir='ltr'><strong>ac</strong></span> <span class='ocrx_word' id='word_1_440' title='bbox 811 3257 1164 3313; x_wconf 90' lang='lat' dir='ltr'><strong>comitatum</strong></span> <span class='ocrx_word' id='word_1_441' title='bbox 1191 3257 1540 3328; x_wconf 85' lang='lat' dir='ltr'><strong>hujusmodi</strong></span> <span class='ocrx_word' id='word_1_442' title='bbox 1593 3257 1898 3330; x_wconf 90' lang='lat' dir='ltr'><strong>persolvit,</strong></span> <span class='ocrx_word' id='word_1_443' title='bbox 1950 3259 2094 3332; x_wconf 89' lang='lat' dir='ltr'><strong>quia</strong></span> 
     </span>
    </p>
   </div>
   <div class='ocr_carea' id='block_1_64' title="bbox 423 3345 2096 3422">
    <p class='ocr_par' dir='ltr' id='par_1_64' title="bbox 423 3345 2096 3422">
     <span class='ocr_line' id='line_1_64' title="bbox 423 3345 2096 3422; baseline 0.002 -20"><span class='ocrx_word' id='word_1_444' title='bbox 423 3363 461 3402; x_wconf 92' lang='lat' dir='ltr'><strong>a</strong></span> <span class='ocrx_word' id='word_1_445' title='bbox 481 3345 908 3419; x_wconf 88' lang='lat' dir='ltr'><strong>predecessore</strong></span> <span class='ocrx_word' id='word_1_446' title='bbox 941 3363 1071 3417; x_wconf 90' lang='lat' dir='ltr'><strong>suo,</strong></span> <span class='ocrx_word' id='word_1_447' title='bbox 1095 3347 1200 3420; x_wconf 89' lang='lat' dir='ltr'><strong>qui</strong></span> <span class='ocrx_word' id='word_1_448' title='bbox 1232 3363 1304 3403; x_wconf 88' lang='lat' dir='ltr'><strong>ea</strong></span> <span class='ocrx_word' id='word_1_449' title='bbox 1335 3353 1785 3422; x_wconf 89' lang='lat' dir='ltr'><strong>conparaverat,</strong></span> <span class='ocrx_word' id='word_1_450' title='bbox 1818 3349 2096 3405; x_wconf 90' lang='lat' dir='ltr'><strong>nondum</strong></span> 
     </span>
    </p>
   </div>
   <div class='ocr_carea' id='block_1_65' title="bbox 423 3435 2097 3511">
    <p class='ocr_par' dir='ltr' id='par_1_65' title="bbox 423 3435 2097 3511">
     <span class='ocr_line' id='line_1_65' title="bbox 423 3435 2097 3511; baseline 0.001 -19"><span class='ocrx_word' id='word_1_451' title='bbox 423 3435 664 3492; x_wconf 88' lang='lat' dir='ltr'><strong>fuerant</strong></span> <span class='ocrx_word' id='word_1_452' title='bbox 718 3435 1043 3508; x_wconf 90' lang='lat' dir='ltr'><strong>persoluta.</strong></span> <span class='ocrx_word' id='word_1_453' title='bbox 1108 3440 1170 3492; x_wconf 91' lang='lat' dir='ltr'><strong>In</strong></span> <span class='ocrx_word' id='word_1_454' title='bbox 1220 3437 1516 3510; x_wconf 91' lang='lat' dir='ltr'><strong>principio</strong></span> <span class='ocrx_word' id='word_1_455' title='bbox 1546 3437 1942 3511; x_wconf 90' lang='lat' dir='ltr'><strong>promotionis</strong></span> <span class='ocrx_word' id='word_1_456' title='bbox 1989 3455 2097 3494; x_wconf 89' lang='lat' dir='ltr'><strong>sue</strong></span> 
     </span>
    </p>
   </div>
   <div class='ocr_carea' id='block_1_66' title="bbox 424 3525 2098 3598">
    <p class='ocr_par' dir='ltr' id='par_1_66' title="bbox 424 3525 2098 3598">
     <span class='ocr_line' id='line_1_66' title="bbox 424 3525 2098 3598; baseline 0.001 -17"><span class='ocrx_word' id='word_1_457' title='bbox 424 3525 756 3595; x_wconf 88' lang='lat' dir='ltr'><strong>burgenses</strong></span> <span class='ocrx_word' id='word_1_458' title='bbox 790 3541 860 3581; x_wconf 89' lang='lat' dir='ltr'><strong>ac</strong></span> <span class='ocrx_word' id='word_1_459' title='bbox 891 3525 1047 3581; x_wconf 88' lang='lat' dir='ltr'><strong>cives</strong></span> <span class='ocrx_word' id='word_1_460' title='bbox 1089 3525 1341 3582; x_wconf 89' lang='lat' dir='ltr'><strong>civitatis</strong></span> <span class='ocrx_word' id='word_1_461' title='bbox 1391 3530 1590 3582; x_wconf 88' lang='lat' dir='ltr'><strong>nostre</strong></span> <span class='ocrx_word' id='word_1_462' title='bbox 1639 3528 1698 3582; x_wconf 90' lang='lat' dir='ltr'><strong>in</strong></span> <span class='ocrx_word' id='word_1_463' title='bbox 1747 3543 1972 3598; x_wconf 85' lang='lat' dir='ltr'><strong>magna</strong></span> <span class='ocrx_word' id='word_1_464' title='bbox 2027 3544 2098 3584; x_wconf 90' lang='lat' dir='ltr'><strong>ac</strong></span> 
     </span>
    </p>
   </div>
   <div class='ocr_carea' id='block_1_67' title="bbox 425 3613 2102 3688">
    <p class='ocr_par' dir='ltr' id='par_1_67' title="bbox 425 3613 2102 3688">
     <span class='ocr_line' id='line_1_67' title="bbox 425 3613 2102 3688; baseline 0 -18"><span class='ocrx_word' id='word_1_465' title='bbox 425 3617 592 3670; x_wconf 85' lang='lat' dir='ltr'><strong>tanta</strong></span> <span class='ocrx_word' id='word_1_466' title='bbox 621 3613 942 3669; x_wconf 90' lang='lat' dir='ltr'><strong>rebellione</strong></span> <span class='ocrx_word' id='word_1_467' title='bbox 989 3618 1046 3670; x_wconf 91' lang='lat' dir='ltr'><strong>et</strong></span> <span class='ocrx_word' id='word_1_468' title='bbox 1089 3614 1403 3687; x_wconf 85' lang='lat' dir='ltr'><strong>pertinatia</strong></span> <span class='ocrx_word' id='word_1_469' title='bbox 1429 3615 1676 3687; x_wconf 90' lang='lat' dir='ltr'><strong>positos,</strong></span> <span class='ocrx_word' id='word_1_470' title='bbox 1719 3615 1887 3688; x_wconf 88' lang='lat' dir='ltr'><strong>quod</strong></span> <span class='ocrx_word' id='word_1_471' title='bbox 1917 3614 2102 3672; x_wconf 87' lang='lat' dir='ltr'><strong>ﬁdeli-</strong></span> 
     </span>
    </p>
   </div>
   <div class='ocr_carea' id='block_1_68' title="bbox 427 3701 2103 3774">
    <p class='ocr_par' dir='ltr' id='par_1_68' title="bbox 427 3701 2103 3774">
     <span class='ocr_line' id='line_1_68' title="bbox 427 3701 2103 3774; baseline 0.001 -16"><span class='ocrx_word' id='word_1_472' title='bbox 427 3701 563 3758; x_wconf 89' lang='lat' dir='ltr'><strong>tatis</strong></span> <span class='ocrx_word' id='word_1_473' title='bbox 624 3701 737 3758; x_wconf 90' lang='lat' dir='ltr'><strong>sibi</strong></span> <span class='ocrx_word' id='word_1_474' title='bbox 794 3706 1061 3774; x_wconf 76' lang='lat' dir='ltr'><strong>prostare</strong></span> <span class='ocrx_word' id='word_1_475' title='bbox 1119 3703 1476 3774; x_wconf 90' lang='lat' dir='ltr'><strong>homagium</strong></span> <span class='ocrx_word' id='word_1_476' title='bbox 1535 3703 1875 3773; x_wconf 89' lang='lat' dir='ltr'><strong>noluerunt,</strong></span> <span class='ocrx_word' id='word_1_477' title='bbox 1939 3702 2103 3760; x_wconf 89' lang='lat' dir='ltr'><strong>bona</strong></span> 
     </span>
    </p>
   </div>
   <div class='ocr_carea' id='block_1_69' title="bbox 427 3789 2102 3864">
    <p class='ocr_par' dir='ltr' id='par_1_69' title="bbox 427 3789 2102 3864">
     <span class='ocr_line' id='line_1_69' title="bbox 427 3789 2102 3864; baseline -0.001 -19"><span class='ocrx_word' id='word_1_478' title='bbox 427 3789 541 3845; x_wconf 92' lang='lat' dir='ltr'><strong>sibi</strong></span> <span class='ocrx_word' id='word_1_479' title='bbox 593 3790 656 3845; x_wconf 94' lang='lat' dir='ltr'><strong>in</strong></span> <span class='ocrx_word' id='word_1_480' title='bbox 705 3789 938 3845; x_wconf 88' lang='lat' dir='ltr'><strong>civitate</strong></span> <span class='ocrx_word' id='word_1_481' title='bbox 997 3789 1470 3846; x_wconf 84' lang='lat' dir='ltr'><strong>Hildensemensi</strong></span> <span class='ocrx_word' id='word_1_482' title='bbox 1501 3807 1609 3864; x_wconf 90' lang='lat' dir='ltr'><strong>per</strong></span> <span class='ocrx_word' id='word_1_483' title='bbox 1637 3790 2102 3860; x_wconf 88' lang='lat' dir='ltr'><strong>resignationem</strong></span> 
     </span>
    </p>
   </div>
   <div class='ocr_carea' id='block_1_70' title="bbox 427 3878 2104 3952">
    <p class='ocr_par' dir='ltr' id='par_1_70' title="bbox 427 3878 2104 3952">
     <span class='ocr_line' id='line_1_70' title="bbox 427 3878 2104 3952; baseline 0 -18"><span class='ocrx_word' id='word_1_484' title='bbox 427 3878 802 3935; x_wconf 90' lang='lat' dir='ltr'><strong>vasallorum</strong></span> <span class='ocrx_word' id='word_1_485' title='bbox 835 3895 1085 3935; x_wconf 90' lang='lat' dir='ltr'><strong>suorum</strong></span> <span class='ocrx_word' id='word_1_486' title='bbox 1114 3879 1394 3935; x_wconf 87' lang='lat' dir='ltr'><strong>vacantia</strong></span> <span class='ocrx_word' id='word_1_487' title='bbox 1428 3884 1897 3952; x_wconf 69' lang='lat' dir='ltr'><strong>occupaverunt,</strong></span> <span class='ocrx_word' id='word_1_488' title='bbox 1954 3885 2010 3935; x_wconf 91' lang='lat' dir='ltr'><strong>et</strong></span> <span class='ocrx_word' id='word_1_489' title='bbox 2043 3879 2104 3934; x_wconf 91' lang='lat' dir='ltr'><strong>in</strong></span> 
     </span>
    </p>
   </div>
   <div class='ocr_carea' id='block_1_71' title="bbox 431 3966 2109 4042">
    <p class='ocr_par' dir='ltr' id='par_1_71' title="bbox 431 3966 2109 4042">
     <span class='ocr_line' id='line_1_71' title="bbox 431 3966 2109 4042; baseline 0.001 -20"><span class='ocrx_word' id='word_1_490' title='bbox 431 3967 636 4022; x_wconf 89' lang='lat' dir='ltr'><strong>multis</strong></span> <span class='ocrx_word' id='word_1_491' title='bbox 659 3966 790 4022; x_wconf 91' lang='lat' dir='ltr'><strong>aliis</strong></span> <span class='ocrx_word' id='word_1_492' title='bbox 819 3983 880 4021; x_wconf 89' lang='lat' dir='ltr'><strong>se</strong></span> <span class='ocrx_word' id='word_1_493' title='bbox 912 3973 1329 4040; x_wconf 91' lang='lat' dir='ltr'><strong>opposuerunt</strong></span> <span class='ocrx_word' id='word_1_494' title='bbox 1342 3984 1460 4041; x_wconf 92' lang='lat' dir='ltr'><strong>que</strong></span> <span class='ocrx_word' id='word_1_495' title='bbox 1478 3973 1678 4024; x_wconf 87' lang='lat' dir='ltr'><strong>nostre</strong></span> <span class='ocrx_word' id='word_1_496' title='bbox 1706 3969 2109 4042; x_wconf 87' lang='lat' dir='ltr'><strong>respiciebant</strong></span> 
     </span>
    </p>
   </div>
   <div class='ocr_carea' id='block_1_72' title="bbox 433 4053 2106 4128">
    <p class='ocr_par' dir='ltr' id='par_1_72' title="bbox 433 4053 2106 4128">
     <span class='ocr_line' id='line_1_72' title="bbox 433 4053 2106 4128; baseline 0.002 -17"><span class='ocrx_word' id='word_1_497' title='bbox 433 4053 681 4111; x_wconf 92' lang='lat' dir='ltr'><strong>ecclesie</strong></span> <span class='ocrx_word' id='word_1_498' title='bbox 709 4053 1067 4123; x_wconf 88' lang='lat' dir='ltr'><strong>libertatem,</strong></span> <span class='ocrx_word' id='word_1_499' title='bbox 1100 4056 1461 4128; x_wconf 88' lang='lat' dir='ltr'><strong>competenti</strong></span> <span class='ocrx_word' id='word_1_500' title='bbox 1493 4057 1908 4114; x_wconf 85' lang='lat' dir='ltr'><strong>moderatione</strong></span> <span class='ocrx_word' id='word_1_501' title='bbox 1940 4075 2106 4114; x_wconf 91' lang='lat' dir='ltr'><strong>com-</strong></span> 
     </span>
    </p>
   </div>
   <div class='ocr_carea' id='block_1_73' title="bbox 434 4142 2107 4218">
    <p class='ocr_par' dir='ltr' id='par_1_73' title="bbox 434 4142 2107 4218">
     <span class='ocr_line' id='line_1_73' title="bbox 434 4142 2107 4218; baseline 0.002 -19"><span class='ocrx_word' id='word_1_502' title='bbox 434 4142 685 4218; x_wconf 89' lang='lat' dir='ltr'><strong>pescuit.</strong></span> <span class='ocrx_word' id='word_1_503' title='bbox 717 4143 973 4200; x_wconf 88' lang='lat' dir='ltr'><strong>Collecto</strong></span> <span class='ocrx_word' id='word_1_504' title='bbox 1003 4161 1270 4218; x_wconf 89' lang='lat' dir='ltr'><strong>namque</strong></span> <span class='ocrx_word' id='word_1_505' title='bbox 1302 4160 1526 4214; x_wconf 90' lang='lat' dir='ltr'><strong>magno</strong></span> <span class='ocrx_word' id='word_1_506' title='bbox 1575 4146 1857 4213; x_wconf 80' lang='lat' dir='ltr'><strong>exercitu,</strong></span> <span class='ocrx_word' id='word_1_507' title='bbox 1904 4148 2107 4205; x_wconf 79' lang='lat' dir='ltr'><strong>civita-</strong></span> 
     </span>
    </p>
   </div>
   <div class='ocr_carea' id='block_1_74' title="bbox 436 4233 2113 4304">
    <p class='ocr_par' dir='ltr' id='par_1_74' title="bbox 436 4233 2113 4304">
     <span class='ocr_line' id='line_1_74' title="bbox 436 4233 2113 4304; baseline 0.002 -12"><span class='ocrx_word' id='word_1_508' title='bbox 436 4240 559 4292; x_wconf 88' lang='lat' dir='ltr'><strong>tem</strong></span> <span class='ocrx_word' id='word_1_509' title='bbox 589 4233 900 4301; x_wconf 90' lang='lat' dir='ltr'><strong>obsidens,</strong></span> <span class='ocrx_word' id='word_1_510' title='bbox 933 4240 1202 4291; x_wconf 92' lang='lat' dir='ltr'><strong>castrum</strong></span> <span class='ocrx_word' id='word_1_511' title='bbox 1236 4235 1571 4293; x_wconf 85' lang='lat' dir='ltr'><strong>Sturewold</strong></span> <span class='ocrx_word' id='word_1_512' title='bbox 1612 4240 1757 4304; x_wconf 80' lang='lat'><strong>(206)</strong></span> <span class='ocrx_word' id='word_1_513' title='bbox 1785 4238 2113 4296; x_wconf 82' lang='lat' dir='ltr'><strong>construxit</strong></span> 
     </span>
    </p>
   </div>
   <div class='ocr_carea' id='block_1_75' title="bbox 440 4324 2111 4402">
    <p class='ocr_par' dir='ltr' id='par_1_75' title="bbox 440 4324 2111 4402">
     <span class='ocr_line' id='line_1_75' title="bbox 440 4324 2111 4402; baseline 0.004 -24"><span class='ocrx_word' id='word_1_514' title='bbox 440 4326 534 4393; x_wconf 62' lang='grc' dir='ltr'><strong>ηδ,</strong></span> <span class='ocrx_word' id='word_1_515' title='bbox 594 4339 820 4396; x_wconf 89' lang='lat' dir='ltr'><strong>eosque</strong></span> <span class='ocrx_word' id='word_1_516' title='bbox 869 4324 1190 4382; x_wconf 85' lang='lat' dir='ltr'><strong>subtractis</strong></span> <span class='ocrx_word' id='word_1_517' title='bbox 1236 4325 1727 4383; x_wconf 89' lang='lat' dir='ltr'><strong>molendinorum</strong></span> <span class='ocrx_word' id='word_1_518' title='bbox 1768 4334 1824 4384; x_wconf 93' lang='lat' dir='ltr'><strong>et</strong></span> <span class='ocrx_word' id='word_1_519' title='bbox 1855 4345 2111 4402; x_wconf 86' lang='lat' dir='ltr'><strong>pascuo-</strong></span> 
     </span>
    </p>
   </div>
   <div class='ocr_carea' id='block_1_76' title="bbox 437 4413 2110 4492">
    <p class='ocr_par' dir='ltr' id='par_1_76' title="bbox 437 4413 2110 4492">
     <span class='ocr_line' id='line_1_76' title="bbox 437 4413 2110 4492; baseline 0.002 -21"><span class='ocrx_word' id='word_1_520' title='bbox 437 4431 576 4471; x_wconf 89' lang='lat' dir='ltr'><strong>rum</strong></span> <span class='ocrx_word' id='word_1_521' title='bbox 606 4413 830 4470; x_wconf 88' lang='lat' dir='ltr'><strong>solatiis</strong></span> <span class='ocrx_word' id='word_1_522' title='bbox 853 4413 916 4470; x_wconf 94' lang='lat' dir='ltr'><strong>in</strong></span> <span class='ocrx_word' id='word_1_523' title='bbox 947 4419 1181 4472; x_wconf 87' lang='lat' dir='ltr'><strong>tantum</strong></span> <span class='ocrx_word' id='word_1_524' title='bbox 1208 4415 1424 4473; x_wconf 86' lang='lat' dir='ltr'><strong>artavit</strong></span> <span class='ocrx_word' id='word_1_525' title='bbox 1468 4416 1636 4489; x_wconf 82' lang='lat' dir='ltr'><strong>quod</strong></span> <span class='ocrx_word' id='word_1_526' title='bbox 1676 4416 1833 4474; x_wconf 86' lang='lat' dir='ltr'><strong>infra</strong></span> <span class='ocrx_word' id='word_1_527' title='bbox 1879 4435 2110 4492; x_wconf 89' lang='lat' dir='ltr'><strong>paucos</strong></span> 
     </span>
    </p>
   </div>
   <div class='ocr_carea' id='block_1_77' title="bbox 439 4503 2114 4579">
    <p class='ocr_par' dir='ltr' id='par_1_77' title="bbox 439 4503 2114 4579">
     <span class='ocr_line' id='line_1_77' title="bbox 439 4503 2114 4579; baseline 0.003 -19"><span class='ocrx_word' id='word_1_528' title='bbox 439 4505 569 4560; x_wconf 90' lang='lat' dir='ltr'><strong>dies</strong></span> <span class='ocrx_word' id='word_1_529' title='bbox 602 4520 743 4560; x_wconf 91' lang='lat' dir='ltr'><strong>cum</strong></span> <span class='ocrx_word' id='word_1_530' title='bbox 793 4503 926 4577; x_wconf 89' lang='lat' dir='ltr'><strong>ipso</strong></span> <span class='ocrx_word' id='word_1_531' title='bbox 979 4510 1472 4579; x_wconf 90' lang='lat' dir='ltr'><strong>composuerunt,</strong></span> <span class='ocrx_word' id='word_1_532' title='bbox 1515 4506 1883 4564; x_wconf 91' lang='lat' dir='ltr'><strong>deditionem</strong></span> <span class='ocrx_word' id='word_1_533' title='bbox 1912 4509 2026 4565; x_wconf 91' lang='lat' dir='ltr'><strong>sibi</strong></span> <span class='ocrx_word' id='word_1_534' title='bbox 2055 4514 2114 4566; x_wconf 90' lang='lat' dir='ltr'><strong>et</strong></span> 
     </span>
    </p>
   </div>
   <div class='ocr_carea' id='block_1_78' title="bbox 441 4594 2116 4672">
    <p class='ocr_par' dir='ltr' id='par_1_78' title="bbox 441 4594 2116 4672">
     <span class='ocr_line' id='line_1_78' title="bbox 441 4594 2116 4672; baseline 0.004 -23"><span class='ocrx_word' id='word_1_535' title='bbox 441 4594 741 4650; x_wconf 84' lang='lat' dir='ltr'><strong>ﬁdelitatis</strong></span> <span class='ocrx_word' id='word_1_536' title='bbox 763 4595 1118 4665; x_wconf 87' lang='lat' dir='ltr'><strong>homagium</strong></span> <span class='ocrx_word' id='word_1_537' title='bbox 1136 4596 1440 4667; x_wconf 89' lang='lat' dir='ltr'><strong>facientes,</strong></span> <span class='ocrx_word' id='word_1_538' title='bbox 1465 4612 1536 4654; x_wconf 88' lang='lat' dir='ltr'><strong>ac</strong></span> <span class='ocrx_word' id='word_1_539' title='bbox 1554 4597 1754 4655; x_wconf 88' lang='lat' dir='ltr'><strong>salvas</strong></span> <span class='ocrx_word' id='word_1_540' title='bbox 1776 4599 2116 4672; x_wconf 90' lang='lat' dir='ltr'><strong>relinquen-</strong></span> 
     </span>
    </p>
   </div>
   <div class='ocr_carea' id='block_1_79' title="bbox 442 4683 2116 4756">
    <p class='ocr_par' dir='ltr' id='par_1_79' title="bbox 442 4683 2116 4756">
     <span class='ocr_line' id='line_1_79' title="bbox 442 4683 2116 4756; baseline 0.002 -16"><span class='ocrx_word' id='word_1_541' title='bbox 442 4689 530 4740; x_wconf 89' lang='lat' dir='ltr'><strong>tes</strong></span> <span class='ocrx_word' id='word_1_542' title='bbox 560 4683 639 4740; x_wconf 87' lang='lat' dir='ltr'><strong>ab</strong></span> <span class='ocrx_word' id='word_1_543' title='bbox 669 4683 819 4756; x_wconf 89' lang='lat' dir='ltr'><strong>ipsis</strong></span> <span class='ocrx_word' id='word_1_544' title='bbox 852 4684 1094 4741; x_wconf 89' lang='lat' dir='ltr'><strong>invasas</strong></span> <span class='ocrx_word' id='word_1_545' title='bbox 1122 4685 1368 4742; x_wconf 90' lang='lat' dir='ltr'><strong>ecclesie</strong></span> <span class='ocrx_word' id='word_1_546' title='bbox 1415 4685 1738 4744; x_wconf 91' lang='lat' dir='ltr'><strong>libertates.</strong></span> <span class='ocrx_word' id='word_1_547' title='bbox 1790 4692 1945 4744; x_wconf 86' lang='lat' dir='ltr'><strong>Inter</strong></span> <span class='ocrx_word' id='word_1_548' title='bbox 1974 4690 2116 4745; x_wconf 92' lang='lat' dir='ltr'><strong>arti-</strong></span> 
     </span>
    </p>
   </div>
   <div class='ocr_carea' id='block_1_80' title="bbox 444 4771 2117 4848">
    <p class='ocr_par' dir='ltr' id='par_1_80' title="bbox 444 4771 2117 4848">
     <span class='ocr_line' id='line_1_80' title="bbox 444 4771 2117 4848; baseline 0.004 -20"><span class='ocrx_word' id='word_1_549' title='bbox 444 4771 613 4828; x_wconf 90' lang='lat' dir='ltr'><strong>culos</strong></span> <span class='ocrx_word' id='word_1_550' title='bbox 642 4773 1074 4845; x_wconf 88' lang='lat' dir='ltr'><strong>conpositionis</strong></span> <span class='ocrx_word' id='word_1_551' title='bbox 1105 4774 1458 4845; x_wconf 88' lang='lat' dir='ltr'><strong>hujusmodi</strong></span> <span class='ocrx_word' id='word_1_552' title='bbox 1492 4774 1830 4848; x_wconf 88' lang='lat' dir='ltr'><strong>specialiter</strong></span> <span class='ocrx_word' id='word_1_553' title='bbox 1881 4782 1968 4834; x_wconf 87' lang='lat' dir='ltr'><strong>est</strong></span> <span class='ocrx_word' id='word_1_554' title='bbox 2015 4795 2117 4834; x_wconf 81' lang='lat' dir='ltr'><strong>ex-</strong></span> 
     </span>
    </p>
   </div>
   <div class='ocr_carea' id='block_1_81' title="bbox 444 4863 2122 4940">
    <p class='ocr_par' dir='ltr' id='par_1_81' title="bbox 444 4863 2122 4940">
     <span class='ocr_line' id='line_1_81' title="bbox 444 4863 2122 4940; baseline 0.004 -22"><span class='ocrx_word' id='word_1_555' title='bbox 444 4879 725 4936; x_wconf 89' lang='lat' dir='ltr'><strong>pressum</strong></span> <span class='ocrx_word' id='word_1_556' title='bbox 753 4863 920 4936; x_wconf 86' lang='lat' dir='ltr'><strong>quod</strong></span> <span class='ocrx_word' id='word_1_557' title='bbox 949 4868 1124 4936; x_wconf 89' lang='lat' dir='ltr'><strong>porta</strong></span> <span class='ocrx_word' id='word_1_558' title='bbox 1152 4869 1309 4920; x_wconf 87' lang='lat' dir='ltr'><strong>retro</strong></span> <span class='ocrx_word' id='word_1_559' title='bbox 1339 4865 1574 4932; x_wconf 88' lang='lat' dir='ltr'><strong>urbem,</strong></span> <span class='ocrx_word' id='word_1_560' title='bbox 1631 4882 1740 4938; x_wconf 91' lang='lat' dir='ltr'><strong>per</strong></span> <span class='ocrx_word' id='word_1_561' title='bbox 1787 4883 1976 4940; x_wconf 89' lang='lat' dir='ltr'><strong>quam</strong></span> <span class='ocrx_word' id='word_1_562' title='bbox 2003 4869 2122 4925; x_wconf 89' lang='lat' dir='ltr'><strong>itur</strong></span> 
     </span>
    </p>
   </div>
   <div class='ocr_carea' id='block_1_82' title="bbox 449 4951 2118 5025">
    <p class='ocr_par' dir='ltr' id='par_1_82' title="bbox 449 4951 2118 5025">
     <span class='ocr_line' id='line_1_82' title="bbox 449 4951 2118 5025; baseline 0.004 -16"><span class='ocrx_word' id='word_1_563' title='bbox 449 4951 528 5009; x_wconf 90' lang='lat' dir='ltr'><strong>ad</strong></span> <span class='ocrx_word' id='word_1_564' title='bbox 557 4955 842 5008; x_wconf 91' lang='lat' dir='ltr'><strong>Sanctum</strong></span> <span class='ocrx_word' id='word_1_565' title='bbox 863 4953 1134 5021; x_wconf 90' lang='lat' dir='ltr'><strong>Paulum,</strong></span> <span class='ocrx_word' id='word_1_566' title='bbox 1155 4954 1358 5010; x_wconf 88' lang='lat' dir='ltr'><strong>multis</strong></span> <span class='ocrx_word' id='word_1_567' title='bbox 1374 4955 1548 5011; x_wconf 91' lang='lat' dir='ltr'><strong>annis</strong></span> <span class='ocrx_word' id='word_1_568' title='bbox 1579 4956 1860 5013; x_wconf 90' lang='lat' dir='ltr'><strong>continue</strong></span> <span class='ocrx_word' id='word_1_569' title='bbox 1892 4958 2118 5025; x_wconf 88' lang='lat' dir='ltr'><strong>clausa,</strong></span> 
     </span>
    </p>
   </div>
   <div class='ocr_carea' id='block_1_83' title="bbox 449 5042 2120 5104">
    <p class='ocr_par' dir='ltr' id='par_1_83' title="bbox 449 5042 2120 5104">
     <span class='ocr_line' id='line_1_83' title="bbox 449 5042 2120 5104; baseline 0.004 -7"><span class='ocrx_word' id='word_1_570' title='bbox 449 5042 720 5098; x_wconf 85' lang='lat' dir='ltr'><strong>manebit</strong></span> <span class='ocrx_word' id='word_1_571' title='bbox 747 5043 1038 5099; x_wconf 91' lang='lat' dir='ltr'><strong>ammodo</strong></span> <span class='ocrx_word' id='word_1_572' title='bbox 1067 5048 1353 5101; x_wconf 90' lang='lat' dir='ltr'><strong>reserata.</strong></span> <span class='ocrx_word' id='word_1_573' title='bbox 1403 5047 1470 5100; x_wconf 87' lang='lat' dir='ltr'><strong>Et</strong></span> <span class='ocrx_word' id='word_1_574' title='bbox 1509 5050 1573 5102; x_wconf 91' lang='lat' dir='ltr'><strong>ut</strong></span> <span class='ocrx_word' id='word_1_575' title='bbox 1597 5046 1796 5102; x_wconf 89' lang='lat' dir='ltr'><strong>omnis</strong></span> <span class='ocrx_word' id='word_1_576' title='bbox 1826 5046 1979 5104; x_wconf 91' lang='lat' dir='ltr'><strong>inter</strong></span> <span class='ocrx_word' id='word_1_577' title='bbox 2007 5049 2120 5104; x_wconf 91' lang='lat' dir='ltr'><strong>cle-</strong></span> 
     </span>
    </p>
   </div>
   <div class='ocr_carea' id='block_1_84' title="bbox 451 5132 2120 5206">
    <p class='ocr_par' dir='ltr' id='par_1_84' title="bbox 451 5132 2120 5206">
     <span class='ocr_line' id='line_1_84' title="bbox 451 5132 2120 5206; baseline 0.005 -20"><span class='ocrx_word' id='word_1_578' title='bbox 451 5147 590 5187; x_wconf 85' lang='lat' dir='ltr'><strong>rum</strong></span> <span class='ocrx_word' id='word_1_579' title='bbox 621 5147 694 5187; x_wconf 80' lang='lat' dir='ltr'><strong>ex</strong></span> <span class='ocrx_word' id='word_1_580' title='bbox 724 5148 868 5204; x_wconf 88' lang='lat' dir='ltr'><strong>una,</strong></span> <span class='ocrx_word' id='word_1_581' title='bbox 896 5135 955 5188; x_wconf 90' lang='lat' dir='ltr'><strong>et</strong></span> <span class='ocrx_word' id='word_1_582' title='bbox 981 5132 1315 5202; x_wconf 88' lang='lat' dir='ltr'><strong>burgenses</strong></span> <span class='ocrx_word' id='word_1_583' title='bbox 1347 5138 1515 5206; x_wconf 88' lang='lat' dir='ltr'><strong>parte</strong></span> <span class='ocrx_word' id='word_1_584' title='bbox 1545 5151 1618 5190; x_wconf 82' lang='lat' dir='ltr'><strong>ex</strong></span> <span class='ocrx_word' id='word_1_585' title='bbox 1648 5135 1854 5204; x_wconf 87' lang='lat' dir='ltr'><strong>altera,</strong></span> <span class='ocrx_word' id='word_1_586' title='bbox 1886 5137 2120 5194; x_wconf 87' lang='lat' dir='ltr'><strong>dissen-</strong></span> 
     </span>
    </p>
   </div>
   <div class='ocr_carea' id='block_1_85' title="bbox 2200 3160 3880 3242">
    <p class='ocr_par' dir='ltr' id='par_1_85' title="bbox 2200 3160 3880 3242">
     <span class='ocr_line' id='line_1_85' title="bbox 2200 3160 3880 3242; baseline -0.008 -14"><span class='ocrx_word' id='word_1_587' title='bbox 2200 3172 2316 3228; x_wconf 89' lang='lat' dir='ltr'><strong>bus</strong></span> <span class='ocrx_word' id='word_1_588' title='bbox 2339 3169 2739 3242; x_wconf 89' lang='lat' dir='ltr'><strong>triumphans.</strong></span> <span class='ocrx_word' id='word_1_589' title='bbox 2768 3166 3034 3224; x_wconf 87' lang='lat' dir='ltr'><strong>Tandem</strong></span> <span class='ocrx_word' id='word_1_590' title='bbox 3065 3164 3480 3238; x_wconf 88' lang='lat' dir='ltr'><strong>conpositione</strong></span> <span class='ocrx_word' id='word_1_591' title='bbox 3507 3162 3685 3232; x_wconf 89' lang='lat' dir='ltr'><strong>facta,</strong></span> <span class='ocrx_word' id='word_1_592' title='bbox 3709 3160 3880 3217; x_wconf 92' lang='lat' dir='ltr'><strong>idem</strong></span> 
     </span>
    </p>
   </div>
   <div class='ocr_carea' id='block_1_86' title="bbox 2201 3251 3884 3330">
    <p class='ocr_par' dir='ltr' id='par_1_86' title="bbox 2201 3251 3884 3330">
     <span class='ocr_line' id='line_1_86' title="bbox 2201 3251 3884 3330; baseline -0.007 -14"><span class='ocrx_word' id='word_1_593' title='bbox 2201 3261 2326 3316; x_wconf 76' lang='lat' dir='ltr'><strong>dux</strong></span> <span class='ocrx_word' id='word_1_594' title='bbox 2349 3260 2479 3330; x_wconf 88' lang='lat' dir='ltr'><strong>jam</strong></span> <span class='ocrx_word' id='word_1_595' title='bbox 2509 3257 2668 3314; x_wconf 91' lang='lat' dir='ltr'><strong>dicta</strong></span> <span class='ocrx_word' id='word_1_596' title='bbox 2697 3257 2860 3312; x_wconf 91' lang='lat' dir='ltr'><strong>bona</strong></span> <span class='ocrx_word' id='word_1_597' title='bbox 2890 3256 2968 3310; x_wconf 90' lang='lat' dir='ltr'><strong>ab</strong></span> <span class='ocrx_word' id='word_1_598' title='bbox 3013 3255 3302 3326; x_wconf 89' lang='lat' dir='ltr'><strong>episcopo</strong></span> <span class='ocrx_word' id='word_1_599' title='bbox 3354 3252 3577 3326; x_wconf 87' lang='lat' dir='ltr'><strong>recepit</strong></span> <span class='ocrx_word' id='word_1_600' title='bbox 3625 3251 3684 3307; x_wconf 89' lang='lat' dir='ltr'><strong>in</strong></span> <span class='ocrx_word' id='word_1_601' title='bbox 3747 3252 3884 3306; x_wconf 86' lang='lat' dir='ltr'><strong>feu-</strong></span> 
     </span>
    </p>
   </div>
   <div class='ocr_carea' id='block_1_87' title="bbox 2202 3341 3884 3416">
    <p class='ocr_par' dir='ltr' id='par_1_87' title="bbox 2202 3341 3884 3416">
     <span class='ocr_line' id='line_1_87' title="bbox 2202 3341 3884 3416; baseline -0.006 -11"><span class='ocrx_word' id='word_1_602' title='bbox 2202 3349 2372 3416; x_wconf 92' lang='lat' dir='ltr'><strong>dum,</strong></span> <span class='ocrx_word' id='word_1_603' title='bbox 2427 3352 2485 3404; x_wconf 91' lang='lat' dir='ltr'><strong>et</strong></span> <span class='ocrx_word' id='word_1_604' title='bbox 2541 3364 2605 3404; x_wconf 90' lang='lat' dir='ltr'><strong>se</strong></span> <span class='ocrx_word' id='word_1_605' title='bbox 2658 3345 2962 3402; x_wconf 90' lang='lat' dir='ltr'><strong>vasallum</strong></span> <span class='ocrx_word' id='word_1_606' title='bbox 3009 3344 3256 3400; x_wconf 90' lang='lat' dir='ltr'><strong>ecclesie</strong></span> <span class='ocrx_word' id='word_1_607' title='bbox 3293 3343 3664 3414; x_wconf 83' lang='lat' dir='ltr'><strong>recognovit.</strong></span> <span class='ocrx_word' id='word_1_608' title='bbox 3711 3341 3884 3397; x_wconf 90' lang='lat' dir='ltr'><strong>Idem</strong></span> 
     </span>
    </p>
   </div>
   <div class='ocr_carea' id='block_1_88' title="bbox 2204 3431 3887 3512">
    <p class='ocr_par' dir='ltr' id='par_1_88' title="bbox 2204 3431 3887 3512">
     <span class='ocr_line' id='line_1_88' title="bbox 2204 3431 3887 3512; baseline -0.006 -16"><span class='ocrx_word' id='word_1_609' title='bbox 2204 3439 2528 3512; x_wconf 89' lang='lat' dir='ltr'><strong>episcopus</strong></span> <span class='ocrx_word' id='word_1_610' title='bbox 2557 3451 2877 3493; x_wconf 87' lang='lat' dir='ltr'><strong>usurarum</strong></span> <span class='ocrx_word' id='word_1_611' title='bbox 2909 3434 3278 3505; x_wconf 83' lang='lat' dir='ltr'><strong>voraginem,</strong></span> <span class='ocrx_word' id='word_1_612' title='bbox 3329 3448 3447 3506; x_wconf 92' lang='lat' dir='ltr'><strong>que</strong></span> <span class='ocrx_word' id='word_1_613' title='bbox 3497 3432 3739 3488; x_wconf 89' lang='lat' dir='ltr'><strong>animas</strong></span> <span class='ocrx_word' id='word_1_614' title='bbox 3777 3431 3887 3487; x_wconf 89' lang='lat' dir='ltr'><strong>de-</strong></span> 
     </span>
    </p>
   </div>
   <div class='ocr_carea' id='block_1_89' title="bbox 2204 3519 3884 3594">
    <p class='ocr_par' dir='ltr' id='par_1_89' title="bbox 2204 3519 3884 3594">
     <span class='ocr_line' id='line_1_89' title="bbox 2204 3519 3884 3594; baseline -0.006 -10"><span class='ocrx_word' id='word_1_615' title='bbox 2204 3532 2378 3584; x_wconf 89' lang='lat' dir='ltr'><strong>vorat</strong></span> <span class='ocrx_word' id='word_1_616' title='bbox 2401 3531 2459 3582; x_wconf 89' lang='lat' dir='ltr'><strong>et</strong></span> <span class='ocrx_word' id='word_1_617' title='bbox 2485 3524 2795 3582; x_wconf 83' lang='lat' dir='ltr'><strong>facultates</strong></span> <span class='ocrx_word' id='word_1_618' title='bbox 2822 3521 3114 3592; x_wconf 88' lang='lat' dir='ltr'><strong>exhaurit,</strong></span> <span class='ocrx_word' id='word_1_619' title='bbox 3169 3537 3287 3594; x_wconf 90' lang='lat' dir='ltr'><strong>que</strong></span> <span class='ocrx_word' id='word_1_620' title='bbox 3342 3520 3505 3594; x_wconf 88' lang='lat' dir='ltr'><strong>apud</strong></span> <span class='ocrx_word' id='word_1_621' title='bbox 3559 3520 3722 3576; x_wconf 80' lang='lat' dir='ltr'><strong>cives</strong></span> <span class='ocrx_word' id='word_1_622' title='bbox 3767 3519 3884 3576; x_wconf 85' lang='lat' dir='ltr'><strong>Hil-</strong></span> 
     </span>
    </p>
   </div>
   <div class='ocr_carea' id='block_1_90' title="bbox 2206 3609 3882 3674">
    <p class='ocr_par' dir='ltr' id='par_1_90' title="bbox 2206 3609 3882 3674">
     <span class='ocr_line' id='line_1_90' title="bbox 2206 3609 3882 3674; baseline -0.007 -1"><span class='ocrx_word' id='word_1_623' title='bbox 2206 3616 2637 3674; x_wconf 89' lang='lat' dir='ltr'><strong>densemenses</strong></span> <span class='ocrx_word' id='word_1_624' title='bbox 2659 3613 2917 3670; x_wconf 89' lang='lat' dir='ltr'><strong>multum</strong></span> <span class='ocrx_word' id='word_1_625' title='bbox 2949 3611 3296 3668; x_wconf 88' lang='lat' dir='ltr'><strong>inoleverat.</strong></span> <span class='ocrx_word' id='word_1_626' title='bbox 3345 3609 3524 3666; x_wconf 86' lang='lat' dir='ltr'><strong>Valde</strong></span> <span class='ocrx_word' id='word_1_627' title='bbox 3555 3609 3882 3664; x_wconf 79' lang='lat' dir='ltr'><strong>restrinxit.</strong></span> 
     </span>
    </p>
   </div>
   <div class='ocr_carea' id='block_1_91' title="bbox 2209 3697 3885 3774">
    <p class='ocr_par' dir='ltr' id='par_1_91' title="bbox 2209 3697 3885 3774">
     <span class='ocr_line' id='line_1_91' title="bbox 2209 3697 3885 3774; baseline -0.005 -14"><span class='ocrx_word' id='word_1_628' title='bbox 2209 3708 2449 3762; x_wconf 90' lang='lat' dir='ltr'><strong>Castam</strong></span> <span class='ocrx_word' id='word_1_629' title='bbox 2481 3704 2666 3761; x_wconf 90' lang='lat' dir='ltr'><strong>vitam</strong></span> <span class='ocrx_word' id='word_1_630' title='bbox 2697 3702 2884 3769; x_wconf 79' lang='lat' dir='ltr'><strong>duxit,</strong></span> <span class='ocrx_word' id='word_1_631' title='bbox 2911 3706 2967 3757; x_wconf 92' lang='lat' dir='ltr'><strong>et</strong></span> <span class='ocrx_word' id='word_1_632' title='bbox 2996 3699 3337 3774; x_wconf 86' lang='lat' dir='ltr'><strong>pontiﬁcale</strong></span> <span class='ocrx_word' id='word_1_633' title='bbox 3367 3698 3629 3754; x_wconf 78' lang='lat' dir='ltr'><strong>ofﬁcium</strong></span> <span class='ocrx_word' id='word_1_634' title='bbox 3664 3697 3885 3752; x_wconf 82' lang='lat' dir='ltr'><strong>devote</strong></span> 
     </span>
    </p>
   </div>
   <div class='ocr_carea' id='block_1_92' title="bbox 2210 3787 3885 3864">
    <p class='ocr_par' dir='ltr' id='par_1_92' title="bbox 2210 3787 3885 3864">
     <span class='ocr_line' id='line_1_92' title="bbox 2210 3787 3885 3864; baseline -0.008 -11"><span class='ocrx_word' id='word_1_635' title='bbox 2210 3803 2267 3854; x_wconf 91' lang='lat' dir='ltr'><strong>et</strong></span> <span class='ocrx_word' id='word_1_636' title='bbox 2296 3813 2436 3852; x_wconf 89' lang='lat' dir='ltr'><strong>cum</strong></span> <span class='ocrx_word' id='word_1_637' title='bbox 2467 3809 2691 3864; x_wconf 88' lang='lat' dir='ltr'><strong>magna</strong></span> <span class='ocrx_word' id='word_1_638' title='bbox 2719 3792 3030 3848; x_wconf 84' lang='lat' dir='ltr'><strong>sedulitate</strong></span> <span class='ocrx_word' id='word_1_639' title='bbox 3063 3791 3342 3852; x_wconf 78' lang='lat' dir='ltr'><strong>exercuit.</strong></span> <span class='ocrx_word' id='word_1_640' title='bbox 3365 3791 3517 3844; x_wconf 89' lang='lat' dir='ltr'><strong>sicut</strong></span> <span class='ocrx_word' id='word_1_641' title='bbox 3540 3788 3628 3842; x_wconf 86' lang='lat' dir='ltr'><strong>vir</strong></span> <span class='ocrx_word' id='word_1_642' title='bbox 3658 3787 3885 3847; x_wconf 83' lang='lat' dir='ltr'><strong>bonus.</strong></span> 
     </span>
    </p>
   </div>
   <div class='ocr_carea' id='block_1_93' title="bbox 2212 3877 3889 3959">
    <p class='ocr_par' dir='ltr' id='par_1_93' title="bbox 2212 3877 3889 3959">
     <span class='ocr_line' id='line_1_93' title="bbox 2212 3877 3889 3959; baseline -0.007 -17"><span class='ocrx_word' id='word_1_643' title='bbox 2212 3886 2466 3959; x_wconf 81' lang='lat' dir='ltr'><strong>simplex</strong></span> <span class='ocrx_word' id='word_1_644' title='bbox 2493 3889 2550 3940; x_wconf 91' lang='lat' dir='ltr'><strong>et</strong></span> <span class='ocrx_word' id='word_1_645' title='bbox 2577 3887 2793 3948; x_wconf 82' lang='lat' dir='ltr'><strong>rectas,</strong></span> <span class='ocrx_word' id='word_1_646' title='bbox 2827 3889 2881 3938; x_wconf 91' lang='lat' dir='ltr'><strong>et</strong></span> <span class='ocrx_word' id='word_1_647' title='bbox 2910 3879 3195 3936; x_wconf 88' lang='lat' dir='ltr'><strong>recedens</strong></span> <span class='ocrx_word' id='word_1_648' title='bbox 3228 3895 3264 3935; x_wconf 92' lang='lat' dir='ltr'><strong>a</strong></span> <span class='ocrx_word' id='word_1_649' title='bbox 3296 3878 3476 3939; x_wconf 83' lang='lat' dir='ltr'><strong>malo.</strong></span> <span class='ocrx_word' id='word_1_650' title='bbox 3532 3877 3632 3932; x_wconf 89' lang='lat' dir='ltr'><strong>Dei</strong></span> <span class='ocrx_word' id='word_1_651' title='bbox 3659 3881 3716 3932; x_wconf 94' lang='lat' dir='ltr'><strong>et</strong></span> <span class='ocrx_word' id='word_1_652' title='bbox 3746 3893 3889 3949; x_wconf 86' lang='lat' dir='ltr'><strong>pro-</strong></span> 
     </span>
    </p>
   </div>
   <div class='ocr_carea' id='block_1_94' title="bbox 2213 3965 3893 4031">
    <p class='ocr_par' dir='ltr' id='par_1_94' title="bbox 2213 3965 3893 4031">
     <span class='ocr_line' id='line_1_94' title="bbox 2213 3965 3893 4031; baseline -0.007 0"><span class='ocrx_word' id='word_1_653' title='bbox 2213 3974 2359 4031; x_wconf 82' lang='lat' dir='ltr'><strong>ximi</strong></span> <span class='ocrx_word' id='word_1_654' title='bbox 2419 3973 2652 4029; x_wconf 87' lang='lat' dir='ltr'><strong>habens</strong></span> <span class='ocrx_word' id='word_1_655' title='bbox 2709 3971 2898 4026; x_wconf 88' lang='lat' dir='ltr'><strong>zelum</strong></span> <span class='ocrx_word' id='word_1_656' title='bbox 2957 3971 3049 4024; x_wconf 62' lang='grc' dir='ltr'><strong>ηδ.</strong></span> <span class='ocrx_word' id='word_1_657' title='bbox 3111 3967 3438 4024; x_wconf 82' lang='lat' dir='ltr'><strong>Novissime</strong></span> <span class='ocrx_word' id='word_1_658' title='bbox 3491 3982 3627 4020; x_wconf 82' lang='lat' dir='ltr'><strong>vero</strong></span> <span class='ocrx_word' id='word_1_659' title='bbox 3671 3965 3893 4020; x_wconf 85' lang='lat' dir='ltr'><strong>diebus</strong></span> 
     </span>
    </p>
   </div>
   <div class='ocr_carea' id='block_1_95' title="bbox 2216 4053 3895 4132">
    <p class='ocr_par' dir='ltr' id='par_1_95' title="bbox 2216 4053 3895 4132">
     <span class='ocr_line' id='line_1_95' title="bbox 2216 4053 3895 4132; baseline -0.007 -12"><span class='ocrx_word' id='word_1_660' title='bbox 2216 4065 2338 4120; x_wconf 90' lang='lat' dir='ltr'><strong>suis</strong></span> <span class='ocrx_word' id='word_1_661' title='bbox 2370 4061 2726 4119; x_wconf 90' lang='lat' dir='ltr'><strong>mandatum</strong></span> <span class='ocrx_word' id='word_1_662' title='bbox 2753 4058 3172 4132; x_wconf 82' lang='lat' dir='ltr'><strong>apostolicum,</strong></span> <span class='ocrx_word' id='word_1_663' title='bbox 3215 4056 3327 4112; x_wconf 91' lang='lat' dir='ltr'><strong>sibi</strong></span> <span class='ocrx_word' id='word_1_664' title='bbox 3376 4071 3577 4126; x_wconf 86' lang='lat' dir='ltr'><strong>grave,</strong></span> <span class='ocrx_word' id='word_1_665' title='bbox 3630 4053 3895 4110; x_wconf 90' lang='lat' dir='ltr'><strong>subditis</strong></span> 
     </span>
    </p>
   </div>
   <div class='ocr_carea' id='block_1_96' title="bbox 2217 4144 3893 4220">
    <p class='ocr_par' dir='ltr' id='par_1_96' title="bbox 2217 4144 3893 4220">
     <span class='ocr_line' id='line_1_96' title="bbox 2217 4144 3893 4220; baseline -0.007 -10"><span class='ocrx_word' id='word_1_666' title='bbox 2217 4150 2629 4220; x_wconf 88' lang='lat' dir='ltr'><strong>intollerabile,</strong></span> <span class='ocrx_word' id='word_1_667' title='bbox 2661 4165 2785 4206; x_wconf 91' lang='lat' dir='ltr'><strong>non</strong></span> <span class='ocrx_word' id='word_1_668' title='bbox 2815 4166 2888 4204; x_wconf 83' lang='lat' dir='ltr'><strong>ex</strong></span> <span class='ocrx_word' id='word_1_669' title='bbox 2915 4163 3121 4203; x_wconf 87' lang='lat' dir='ltr'><strong>amore</strong></span> <span class='ocrx_word' id='word_1_670' title='bbox 3147 4146 3394 4217; x_wconf 88' lang='lat' dir='ltr'><strong>justitie,</strong></span> <span class='ocrx_word' id='word_1_671' title='bbox 3415 4150 3504 4200; x_wconf 92' lang='lat' dir='ltr'><strong>set</strong></span> <span class='ocrx_word' id='word_1_672' title='bbox 3535 4144 3655 4199; x_wconf 86' lang='lat' dir='ltr'><strong>odii</strong></span> <span class='ocrx_word' id='word_1_673' title='bbox 3687 4144 3893 4199; x_wconf 85' lang='lat' dir='ltr'><strong>fomite</strong></span> 
     </span>
    </p>
   </div>
   <div class='ocr_carea' id='block_1_97' title="bbox 2218 4234 3891 4308">
    <p class='ocr_par' dir='ltr' id='par_1_97' title="bbox 2218 4234 3891 4308">
     <span class='ocr_line' id='line_1_97' title="bbox 2218 4234 3891 4308; baseline -0.007 -9"><span class='ocrx_word' id='word_1_674' title='bbox 2218 4249 2276 4301; x_wconf 93' lang='lat' dir='ltr'><strong>et</strong></span> <span class='ocrx_word' id='word_1_675' title='bbox 2302 4243 2484 4298; x_wconf 89' lang='lat' dir='ltr'><strong>livore</strong></span> <span class='ocrx_word' id='word_1_676' title='bbox 2512 4237 2888 4301; x_wconf 87' lang='lat' dir='ltr'><strong>vindicte.ab</strong></span> <span class='ocrx_word' id='word_1_677' title='bbox 2921 4237 3135 4292; x_wconf 91' lang='lat' dir='ltr'><strong>emulis</strong></span> <span class='ocrx_word' id='word_1_678' title='bbox 3167 4235 3278 4290; x_wconf 91' lang='lat' dir='ltr'><strong>sibi</strong></span> <span class='ocrx_word' id='word_1_679' title='bbox 3307 4234 3478 4302; x_wconf 83' lang='lat' dir='ltr'><strong>dirigi</strong></span> <span class='ocrx_word' id='word_1_680' title='bbox 3509 4239 3891 4308; x_wconf 89' lang='lat' dir='ltr'><strong>procuratur,</strong></span> 
     </span>
    </p>
   </div>
   <div class='ocr_carea' id='block_1_98' title="bbox 2222 4325 3894 4404">
    <p class='ocr_par' dir='ltr' id='par_1_98' title="bbox 2222 4325 3894 4404">
     <span class='ocr_line' id='line_1_98' title="bbox 2222 4325 3894 4404; baseline -0.008 -14"><span class='ocrx_word' id='word_1_681' title='bbox 2222 4333 2386 4391; x_wconf 90' lang='lat' dir='ltr'><strong>Unde</strong></span> <span class='ocrx_word' id='word_1_682' title='bbox 2445 4331 2594 4403; x_wconf 91' lang='lat' dir='ltr'><strong>ipse,</strong></span> <span class='ocrx_word' id='word_1_683' title='bbox 2649 4329 3022 4404; x_wconf 79' lang='lat' dir='ltr'><strong>presentiens</strong></span> <span class='ocrx_word' id='word_1_684' title='bbox 3059 4331 3292 4382; x_wconf 88' lang='lat' dir='ltr'><strong>tantum</strong></span> <span class='ocrx_word' id='word_1_685' title='bbox 3337 4325 3586 4391; x_wconf 89' lang='lat' dir='ltr'><strong>malum,</strong></span> <span class='ocrx_word' id='word_1_686' title='bbox 3639 4325 3894 4378; x_wconf 75' lang='lat' dir='ltr'><strong>surrexit</strong></span> 
     </span>
    </p>
   </div>
   <div class='ocr_carea' id='block_1_99' title="bbox 2223 4416 3896 4494">
    <p class='ocr_par' dir='ltr' id='par_1_99' title="bbox 2223 4416 3896 4494">
     <span class='ocr_line' id='line_1_99' title="bbox 2223 4416 3896 4494; baseline -0.006 -17"><span class='ocrx_word' id='word_1_687' title='bbox 2223 4424 2376 4479; x_wconf 91' lang='lat' dir='ltr'><strong>sicut</strong></span> <span class='ocrx_word' id='word_1_688' title='bbox 2405 4426 2612 4494; x_wconf 91' lang='lat' dir='ltr'><strong>pastor</strong></span> <span class='ocrx_word' id='word_1_689' title='bbox 2639 4419 2859 4489; x_wconf 90' lang='lat' dir='ltr'><strong>bonus,</strong></span> <span class='ocrx_word' id='word_1_690' title='bbox 2891 4418 2991 4490; x_wconf 91' lang='lat' dir='ltr'><strong>qui</strong></span> <span class='ocrx_word' id='word_1_691' title='bbox 3022 4416 3222 4490; x_wconf 90' lang='lat' dir='ltr'><strong>posuit</strong></span> <span class='ocrx_word' id='word_1_692' title='bbox 3255 4416 3524 4471; x_wconf 89' lang='lat' dir='ltr'><strong>animam</strong></span> <span class='ocrx_word' id='word_1_693' title='bbox 3557 4429 3732 4468; x_wconf 89' lang='lat' dir='ltr'><strong>suam</strong></span> <span class='ocrx_word' id='word_1_694' title='bbox 3787 4430 3896 4486; x_wconf 86' lang='lat' dir='ltr'><strong>pro</strong></span> 
     </span>
    </p>
   </div>
   <div class='ocr_carea' id='block_1_100' title="bbox 2223 4501 3898 4578">
    <p class='ocr_par' dir='ltr' id='par_1_100' title="bbox 2223 4501 3898 4578">
     <span class='ocr_line' id='line_1_100' title="bbox 2223 4501 3898 4578; baseline -0.011 -11"><span class='ocrx_word' id='word_1_695' title='bbox 2223 4511 2436 4568; x_wconf 89' lang='lat' dir='ltr'><strong>ovibus</strong></span> <span class='ocrx_word' id='word_1_696' title='bbox 2494 4509 2657 4573; x_wconf 89' lang='lat' dir='ltr'><strong>suis,</strong></span> <span class='ocrx_word' id='word_1_697' title='bbox 2715 4507 3040 4578; x_wconf 81' lang='lat' dir='ltr'><strong>sedemque</strong></span> <span class='ocrx_word' id='word_1_698' title='bbox 3095 4503 3490 4578; x_wconf 89' lang='lat' dir='ltr'><strong>apostolicam</strong></span> <span class='ocrx_word' id='word_1_699' title='bbox 3551 4501 3715 4566; x_wconf 89' lang='lat' dir='ltr'><strong>adiit,</strong></span> <span class='ocrx_word' id='word_1_700' title='bbox 3787 4519 3898 4574; x_wconf 83' lang='lat' dir='ltr'><strong>prn</strong></span> 
     </span>
    </p>
   </div>
   <div class='ocr_carea' id='block_1_101' title="bbox 2225 4589 3897 4668">
    <p class='ocr_par' dir='ltr' id='par_1_101' title="bbox 2225 4589 3897 4668">
     <span class='ocr_line' id='line_1_101' title="bbox 2225 4589 3897 4668; baseline -0.009 -10"><span class='ocrx_word' id='word_1_701' title='bbox 2225 4600 2435 4658; x_wconf 86' lang='lat' dir='ltr'><strong>fraude</strong></span> <span class='ocrx_word' id='word_1_702' title='bbox 2465 4604 2523 4656; x_wconf 92' lang='lat' dir='ltr'><strong>et</strong></span> <span class='ocrx_word' id='word_1_703' title='bbox 2548 4597 2691 4654; x_wconf 89' lang='lat' dir='ltr'><strong>dolo</strong></span> <span class='ocrx_word' id='word_1_704' title='bbox 2721 4595 3072 4668; x_wconf 88' lang='lat' dir='ltr'><strong>hujusmodi</strong></span> <span class='ocrx_word' id='word_1_705' title='bbox 3105 4609 3345 4650; x_wconf 89' lang='lat' dir='ltr'><strong>summo</strong></span> <span class='ocrx_word' id='word_1_706' title='bbox 3395 4589 3664 4666; x_wconf 79' lang='lat' dir='ltr'><strong>pontifici</strong></span> <span class='ocrx_word' id='word_1_707' title='bbox 3707 4605 3897 4661; x_wconf 82' lang='lat' dir='ltr'><strong>expo-</strong></span> 
     </span>
    </p>
   </div>
   <div class='ocr_carea' id='block_1_102' title="bbox 2226 4680 3900 4759">
    <p class='ocr_par' dir='ltr' id='par_1_102' title="bbox 2226 4680 3900 4759">
     <span class='ocr_line' id='line_1_102' title="bbox 2226 4680 3900 4759; baseline -0.01 -12"><span class='ocrx_word' id='word_1_708' title='bbox 2226 4689 2460 4747; x_wconf 90' lang='lat' dir='ltr'><strong>nendis.</strong></span> <span class='ocrx_word' id='word_1_709' title='bbox 2497 4687 2604 4744; x_wconf 92' lang='lat' dir='ltr'><strong>Ubi</strong></span> <span class='ocrx_word' id='word_1_710' title='bbox 2627 4686 2687 4742; x_wconf 93' lang='lat' dir='ltr'><strong>in</strong></span> <span class='ocrx_word' id='word_1_711' title='bbox 2725 4684 3144 4759; x_wconf 89' lang='lat' dir='ltr'><strong>prosecutione</strong></span> <span class='ocrx_word' id='word_1_712' title='bbox 3171 4682 3323 4754; x_wconf 88' lang='lat' dir='ltr'><strong>juris</strong></span> <span class='ocrx_word' id='word_1_713' title='bbox 3355 4682 3446 4736; x_wconf 89' lang='lat' dir='ltr'><strong>sui</strong></span> <span class='ocrx_word' id='word_1_714' title='bbox 3492 4680 3652 4736; x_wconf 84' lang='lat' dir='ltr'><strong>febre</strong></span> <span class='ocrx_word' id='word_1_715' title='bbox 3683 4684 3900 4746; x_wconf 84' lang='lat' dir='ltr'><strong>tactus,</strong></span> 
     </span>
    </p>
   </div>
   <div class='ocr_carea' id='block_1_103' title="bbox 2225 4769 3902 4854">
    <p class='ocr_par' dir='ltr' id='par_1_103' title="bbox 2225 4769 3902 4854">
     <span class='ocr_line' id='line_1_103' title="bbox 2225 4769 3902 4854; baseline -0.01 -17"><span class='ocrx_word' id='word_1_716' title='bbox 2225 4795 2337 4854; x_wconf 89' lang='lat' dir='ltr'><strong>pro</strong></span> <span class='ocrx_word' id='word_1_717' title='bbox 2367 4793 2546 4849; x_wconf 80' lang='lat' dir='ltr'><strong>grege</strong></span> <span class='ocrx_word' id='word_1_718' title='bbox 2576 4791 2686 4832; x_wconf 91' lang='lat' dir='ltr'><strong>suo</strong></span> <span class='ocrx_word' id='word_1_719' title='bbox 2717 4778 2990 4831; x_wconf 91' lang='lat' dir='ltr'><strong>mortuus</strong></span> <span class='ocrx_word' id='word_1_720' title='bbox 3012 4778 3118 4838; x_wconf 89' lang='lat' dir='ltr'><strong>est,</strong></span> <span class='ocrx_word' id='word_1_721' title='bbox 3179 4777 3236 4827; x_wconf 89' lang='lat' dir='ltr'><strong>et</strong></span> <span class='ocrx_word' id='word_1_722' title='bbox 3278 4771 3338 4827; x_wconf 90' lang='lat' dir='ltr'><strong>in</strong></span> <span class='ocrx_word' id='word_1_723' title='bbox 3369 4769 3736 4826; x_wconf 88' lang='lat' dir='ltr'><strong>monasterio</strong></span> <span class='ocrx_word' id='word_1_724' title='bbox 3770 4784 3902 4822; x_wconf 86' lang='lat' dir='ltr'><strong>san-</strong></span> 
     </span>
    </p>
   </div>
   <div class='ocr_carea' id='block_1_104' title="bbox 2228 4859 3898 4926">
    <p class='ocr_par' dir='ltr' id='par_1_104' title="bbox 2228 4859 3898 4926">
     <span class='ocr_line' id='line_1_104' title="bbox 2228 4859 3898 4926; baseline -0.011 1"><span class='ocrx_word' id='word_1_725' title='bbox 2228 4874 2336 4926; x_wconf 70' lang='lat' dir='ltr'><strong>ctae</strong></span> <span class='ocrx_word' id='word_1_726' title='bbox 2369 4867 2534 4925; x_wconf 89' lang='lat' dir='ltr'><strong>Clare</strong></span> <span class='ocrx_word' id='word_1_727' title='bbox 2568 4864 2858 4920; x_wconf 87' lang='lat' dir='ltr'><strong>Avinione</strong></span> <span class='ocrx_word' id='word_1_728' title='bbox 2900 4861 3226 4919; x_wconf 84' lang='lat' dir='ltr'><strong>honoriﬁce</strong></span> <span class='ocrx_word' id='word_1_729' title='bbox 3261 4860 3331 4897; x_wconf 83' lang='grc'><strong>¹²⁶</strong></span> <span class='ocrx_word' id='word_1_730' title='bbox 3361 4859 3691 4916; x_wconf 89' lang='lat' dir='ltr'><strong>tumulatus</strong></span> <span class='ocrx_word' id='word_1_731' title='bbox 3737 4873 3898 4914; x_wconf 79' lang='lat' dir='ltr'><strong>anno</strong></span> 
     </span>
    </p>
   </div>
   <div class='ocr_carea' id='block_1_105' title="bbox 2233 4946 3895 5025">
    <p class='ocr_par' dir='ltr' id='par_1_105' title="bbox 2233 4946 3895 5025">
     <span class='ocr_line' id='line_1_105' title="bbox 2233 4946 3895 5025; baseline -0.009 -9"><span class='ocrx_word' id='word_1_732' title='bbox 2233 4957 2466 5016; x_wconf 90' lang='lat' dir='ltr'><strong>Domini</strong></span> <span class='ocrx_word' id='word_1_733' title='bbox 2499 4957 2655 5022; x_wconf 88' lang='grc'>1318,</span> <span class='ocrx_word' id='word_1_734' title='bbox 2681 4960 2732 5010; x_wconf 90' lang='grc'>3.</span> <span class='ocrx_word' id='word_1_735' title='bbox 2763 4953 2902 5010; x_wconf 92' lang='lat' dir='ltr'><strong>ldus</strong></span> <span class='ocrx_word' id='word_1_736' title='bbox 2932 4953 3090 5016; x_wconf 87' lang='lat' dir='ltr'><strong>Julii,</strong></span> <span class='ocrx_word' id='word_1_737' title='bbox 3123 4949 3510 5025; x_wconf 82' lang='lat' dir='ltr'><strong>pontificatus</strong></span> <span class='ocrx_word' id='word_1_738' title='bbox 3541 4948 3635 5002; x_wconf 90' lang='lat' dir='ltr'><strong>sui</strong></span> <span class='ocrx_word' id='word_1_739' title='bbox 3660 4946 3826 5004; x_wconf 81' lang='lat' dir='ltr'><strong>anno</strong></span> <span class='ocrx_word' id='word_1_740' title='bbox 3848 4954 3895 5001; x_wconf 86' lang='lat'><strong>9.</strong></span> 
     </span>
    </p>
   </div>
   <div class='ocr_carea' id='block_1_106' title="bbox 2233 5036 3899 5119">
    <p class='ocr_par' dir='ltr' id='par_1_106' title="bbox 2233 5036 3899 5119">
     <span class='ocr_line' id='line_1_106' title="bbox 2233 5036 3899 5119; baseline -0.008 -14"><span class='ocrx_word' id='word_1_741' title='bbox 2233 5055 2295 5105; x_wconf 91' lang='lat' dir='ltr'><strong>In</strong></span> <span class='ocrx_word' id='word_1_742' title='bbox 2322 5049 2452 5119; x_wconf 88' lang='lat' dir='ltr'><strong>ejus</strong></span> <span class='ocrx_word' id='word_1_743' title='bbox 2481 5043 2892 5103; x_wconf 87' lang='lat' dir='ltr'><strong>anniversario</strong></span> <span class='ocrx_word' id='word_1_744' title='bbox 2924 5042 3231 5098; x_wconf 86' lang='lat' dir='ltr'><strong>dabuntur</strong></span> <span class='ocrx_word' id='word_1_745' title='bbox 3279 5039 3353 5095; x_wconf 91' lang='lat' dir='ltr'><strong>de</strong></span> <span class='ocrx_word' id='word_1_746' title='bbox 3401 5038 3649 5094; x_wconf 85' lang='lat' dir='ltr'><strong>decima-</strong></span> <span class='ocrx_word' id='word_1_747' title='bbox 3689 5036 3754 5092; x_wconf 92' lang='lat' dir='ltr'><strong>in</strong></span> <span class='ocrx_word' id='word_1_748' title='bbox 3805 5039 3899 5093; x_wconf 90' lang='lat' dir='ltr'><strong>So-</strong></span> 
     </span>
    </p>
   </div>
   <div class='ocr_carea' id='block_1_107' title="bbox 2229 5125 3902 5204">
    <p class='ocr_par' dir='ltr' id='par_1_107' title="bbox 2229 5125 3902 5204">
     <span class='ocr_line' id='line_1_107' title="bbox 2229 5125 3902 5204; baseline -0.009 -9"><span class='ocrx_word' id='word_1_749' title='bbox 2229 5138 2361 5195; x_wconf 92' lang='lat' dir='ltr'><strong>lede</strong></span> <span class='ocrx_word' id='word_1_750' title='bbox 2395 5135 2637 5193; x_wconf 89' lang='lat' dir='ltr'><strong>cuilibet</strong></span> <span class='ocrx_word' id='word_1_751' title='bbox 2659 5133 3049 5191; x_wconf 89' lang='lat' dir='ltr'><strong>dominorum</strong></span> <span class='ocrx_word' id='word_1_752' title='bbox 3078 5129 3338 5204; x_wconf 88' lang='lat' dir='ltr'><strong>presenti</strong></span> <span class='ocrx_word' id='word_1_753' title='bbox 3365 5133 3393 5182; x_wconf 76' lang='grc'>7</span> <span class='ocrx_word' id='word_1_754' title='bbox 3441 5125 3672 5183; x_wconf 88' lang='lat' dir='ltr'><strong>denarii</strong></span> <span class='ocrx_word' id='word_1_755' title='bbox 3723 5131 3783 5182; x_wconf 92' lang='lat' dir='ltr'><strong>et</strong></span> <span class='ocrx_word' id='word_1_756' title='bbox 3822 5125 3902 5181; x_wconf 89' lang='lat' dir='ltr'><strong>di-</strong></span> 
     </span>
    </p>
   </div>
   <div class='ocr_carea' id='block_1_108' title="bbox 1834 5263 2520 5322">
    <p class='ocr_par' dir='ltr' id='par_1_108' title="bbox 1834 5263 2520 5322">
     <span class='ocr_line' id='line_1_108' title="bbox 1834 5263 2520 5322; baseline 0.003 -6"><span class='ocrx_word' id='word_1_757' title='bbox 1834 5263 2074 5317; x_wconf 79' lang='lat' dir='ltr'><strong>VARUE</strong></span> <span class='ocrx_word' id='word_1_758' title='bbox 2113 5263 2520 5322; x_wconf 85' lang='lat' dir='ltr'><strong>LECTIONES.</strong></span> 
     </span>
    </p>
   </div>
   <div class='ocr_carea' id='block_1_109' title="bbox 533 5359 1379 5420">
    <p class='ocr_par' dir='ltr' id='par_1_109' title="bbox 533 5359 1379 5420">
     <span class='ocr_line' id='line_1_109' title="bbox 533 5359 1379 5420; baseline 0.006 -5"><span class='ocrx_word' id='word_1_759' title='bbox 533 5359 604 5393; x_wconf 79' lang='grc'>¹¹⁸</span> <span class='ocrx_word' id='word_1_760' title='bbox 635 5361 929 5417; x_wconf 83' lang='lat' dir='ltr'><strong>additum.</strong></span> <span class='ocrx_word' id='word_1_761' title='bbox 1006 5361 1379 5420; x_wconf 57' lang='lat' dir='ltr'><strong>“additum.</strong></span> 
     </span>
    </p>
   </div>
   <div class='ocr_carea' id='block_1_110' title="bbox 1459 5365 2918 5438">
    <p class='ocr_par' dir='ltr' id='par_1_110' title="bbox 1459 5365 2918 5438">
     <span class='ocr_line' id='line_1_110' title="bbox 1459 5365 2918 5438; baseline -0.001 -17"><span class='ocrx_word' id='word_1_762' title='bbox 1459 5367 1528 5400; x_wconf 84' lang='grc'><strong>¹²⁰</strong></span> <span class='ocrx_word' id='word_1_763' title='bbox 1561 5365 1832 5438; x_wconf 91' lang='lat' dir='ltr'><strong>sepultus</strong></span> <span class='ocrx_word' id='word_1_764' title='bbox 1862 5368 1924 5424; x_wconf 90' lang='lat' dir='ltr'><strong>in</strong></span> <span class='ocrx_word' id='word_1_765' title='bbox 1946 5369 2150 5426; x_wconf 89' lang='lat' dir='ltr'><strong>media</strong></span> <span class='ocrx_word' id='word_1_766' title='bbox 2180 5367 2436 5426; x_wconf 88' lang='lat' dir='ltr'><strong>ecclesie</strong></span> <span class='ocrx_word' id='word_1_767' title='bbox 2458 5367 2576 5422; x_wconf 90' lang='lat' dir='ltr'><strong>sub</strong></span> <span class='ocrx_word' id='word_1_768' title='bbox 2616 5381 2840 5438; x_wconf 85' lang='lat' dir='ltr'><strong>corona</strong></span> <span class='ocrx_word' id='word_1_769' title='bbox 2865 5370 2918 5420; x_wconf 80' lang='lat'><strong>2.</strong></span> 
     </span>
    </p>
   </div>
   <div class='ocr_carea' id='block_1_111' title="bbox 3003 5358 3898 5430">
    <p class='ocr_par' dir='ltr' id='par_1_111' title="bbox 3003 5358 3898 5430">
     <span class='ocr_line' id='line_1_111' title="bbox 3003 5358 3898 5430; baseline 0.021 -33"><span class='ocrx_word' id='word_1_770' title='bbox 3003 5364 3070 5399; x_wconf 75' lang='lat' dir='ltr'><strong>ut</strong></span> <span class='ocrx_word' id='word_1_771' title='bbox 3105 5361 3420 5430; x_wconf 69' lang='lat' dir='ltr'><strong>inscriptio</strong></span> <span class='ocrx_word' id='word_1_772' title='bbox 3445 5358 3626 5426; x_wconf 84' lang='lat' dir='ltr'><strong>deest,</strong></span> <span class='ocrx_word' id='word_1_773' title='bbox 3669 5364 3732 5430; x_wconf 68' lang='lat' dir='ltr'><strong>ul</strong></span> <span class='ocrx_word' id='word_1_774' title='bbox 3763 5365 3814 5412; x_wconf 85' lang='lat' dir='ltr'><strong>et</strong></span> <span class='ocrx_word' id='word_1_775' title='bbox 3847 5359 3898 5430; x_wconf 73' lang='grc' dir='ltr'><strong>ἱη</strong></span> 
     </span>
    </p>
   </div>
   <div class='ocr_carea' id='block_1_112' title="bbox 460 5429 3898 5518">
    <p class='ocr_par' dir='ltr' id='par_1_112' title="bbox 460 5429 3898 5518">
     <span class='ocr_line' id='line_1_112' title="bbox 460 5429 3898 5518; baseline 0.006 -36"><span class='ocrx_word' id='word_1_776' title='bbox 460 5431 1244 5518; x_wconf 35' lang='lat' dir='ltr'><strong>omp‘i-b‘asqoisequunt’ur.</strong></span> <span class='ocrx_word' id='word_1_777' title='bbox 1325 5437 1406 5518; x_wconf 41' lang='lat'><strong>‘1’.</strong></span> <span class='ocrx_word' id='word_1_778' title='bbox 1431 5436 1546 5518; x_wconf 74' lang='lat' dir='ltr'><strong>Iste</strong></span> <span class='ocrx_word' id='word_1_779' title='bbox 1572 5429 1718 5518; x_wconf 57' lang='lat' dir='ltr'><strong>quia</strong></span> <span class='ocrx_word' id='word_1_780' title='bbox 1743 5438 1832 5493; x_wconf 90' lang='lat' dir='ltr'><strong>vir</strong></span> <span class='ocrx_word' id='word_1_781' title='bbox 1862 5445 2216 5518; x_wconf 73' lang='lat' dir='ltr'><strong>mansuetus</strong></span> <span class='ocrx_word' id='word_1_782' title='bbox 2247 5439 2381 5518; x_wconf 70' lang='lat' dir='ltr'><strong>fuit,</strong></span> <span class='ocrx_word' id='word_1_783' title='bbox 2411 5454 2450 5494; x_wconf 82' lang='lat' dir='ltr'><strong>a</strong></span> <span class='ocrx_word' id='word_1_784' title='bbox 2484 5437 2860 5518; x_wconf 73' lang='lat' dir='ltr'><strong>quibusdam</strong></span> <span class='ocrx_word' id='word_1_785' title='bbox 2911 5433 3244 5518; x_wconf 73' lang='lat' dir='ltr'><strong>vocabatur</strong></span> <span class='ocrx_word' id='word_1_786' title='bbox 3284 5429 3898 5518; x_wconf 9' lang='lat' dir='ltr'><strong>Alekﬁ&#39;Z-&quot;rft‘rqwd</strong></span> 
     </span>
    </p>
   </div>
   <div class='ocr_carea' id='block_1_113' title="bbox 462 5497 1258 5561">
    <p class='ocr_par' dir='ltr' id='par_1_113' title="bbox 462 5497 1258 5561">
     <span class='ocr_line' id='line_1_113' title="bbox 462 5497 1258 5561; baseline 0.015 -12"><span class='ocrx_word' id='word_1_787' title='bbox 462 5502 518 5551; x_wconf 89' lang='lat' dir='ltr'><strong>et</strong></span> <span class='ocrx_word' id='word_1_788' title='bbox 542 5497 916 5555; x_wconf 77' lang='lat' dir='ltr'><strong>Alekenburc</strong></span> <span class='ocrx_word' id='word_1_789' title='bbox 945 5497 1178 5560; x_wconf 75' lang='lat' dir='ltr'><strong>vocavit</strong></span> <span class='ocrx_word' id='word_1_790' title='bbox 1206 5513 1258 5561; x_wconf 70' lang='lat'><strong>‘2.</strong></span> 
     </span>
    </p>
   </div>
   <div class='ocr_carea' id='block_1_114' title="bbox 464 5568 1250 5644">
    <p class='ocr_par' dir='ltr' id='par_1_114' title="bbox 464 5568 1250 5644">
     <span class='ocr_line' id='line_1_114' title="bbox 464 5568 1250 5644; baseline 0.013 -22"><span class='ocrx_word' id='word_1_791' title='bbox 464 5568 588 5622; x_wconf 78' lang='lat' dir='ltr'><strong>alia</strong></span> <span class='ocrx_word' id='word_1_792' title='bbox 618 5571 826 5624; x_wconf 71' lang='lat' dir='ltr'><strong>saeculi</strong></span> <span class='ocrx_word' id='word_1_793' title='bbox 854 5571 999 5624; x_wconf 87' lang='lat' dir='ltr'><strong>XIV</strong></span> <span class='ocrx_word' id='word_1_794' title='bbox 1018 5575 1250 5644; x_wconf 76' lang='lat' dir='ltr'><strong>incipit.</strong></span> 
     </span>
    </p>
   </div>
   <div class='ocr_carea' id='block_1_115' title="bbox 1340 5507 2234 5581">
    <p class='ocr_par' dir='ltr' id='par_1_115' title="bbox 1340 5507 2234 5581">
     <span class='ocr_line' id='line_1_115' title="bbox 1340 5507 2234 5581; baseline 0.006 -18"><span class='ocrx_word' id='word_1_795' title='bbox 1340 5507 1412 5543; x_wconf 80' lang='grc'>¹²⁴</span> <span class='ocrx_word' id='word_1_796' title='bbox 1439 5507 1652 5580; x_wconf 83' lang='lat' dir='ltr'><strong>jejmiii</strong></span> <span class='ocrx_word' id='word_1_797' title='bbox 1683 5525 1868 5566; x_wconf 82' lang='lat' dir='ltr'><strong>manu</strong></span> <span class='ocrx_word' id='word_1_798' title='bbox 1893 5513 2234 5581; x_wconf 75' lang='lat' dir='ltr'><strong>posteriori.</strong></span> 
     </span>
    </p>
   </div>
   <div class='ocr_carea' id='block_1_116' title="bbox 2313 5501 3899 5565">
    <p class='ocr_par' dir='ltr' id='par_1_116' title="bbox 2313 5501 3899 5565">
     <span class='ocr_line' id='line_1_116' title="bbox 2313 5501 3899 5565; baseline -0.006 1"><span class='ocrx_word' id='word_1_799' title='bbox 2313 5501 2384 5546; x_wconf 62' lang='grc' dir='ltr'>ηδ</span> <span class='ocrx_word' id='word_1_800' title='bbox 2415 5501 2627 5565; x_wconf 66' lang='lat' dir='ltr'><strong>addita</strong></span> <span class='ocrx_word' id='word_1_801' title='bbox 2654 5524 2772 5564; x_wconf 70' lang='lat' dir='ltr'><strong>v0.2:</strong></span> <span class='ocrx_word' id='word_1_802' title='bbox 2797 5523 2982 5565; x_wconf 82' lang='lat' dir='ltr'><strong>manu</strong></span> <span class='ocrx_word' id='word_1_803' title='bbox 3016 5505 3354 5564; x_wconf 76' lang='lat' dir='ltr'><strong>recentiori.</strong></span> <span class='ocrx_word' id='word_1_804' title='bbox 3437 5501 3510 5536; x_wconf 80' lang='grc'>¹²⁶</span> <span class='ocrx_word' id='word_1_805' title='bbox 3547 5501 3666 5556; x_wconf 79' lang='lat' dir='ltr'><strong>Hic</strong></span> <span class='ocrx_word' id='word_1_806' title='bbox 3697 5516 3899 5558; x_wconf 68' lang='lat' dir='ltr'><strong>manu:</strong></span> 
     </span>
    </p>
   </div>
   <div class='ocr_carea' id='block_1_117' title="bbox 2066 5654 2297 5710">
    <p class='ocr_par' dir='ltr' id='par_1_117' title="bbox 2066 5654 2297 5710">
     <span class='ocr_line' id='line_1_117' title="bbox 2066 5654 2297 5710; baseline 0.004 -1"><span class='ocrx_word' id='word_1_807' title='bbox 2066 5654 2297 5710; x_wconf 72' lang='lat' dir='ltr'><strong>NOTE.</strong></span> 
     </span>
    </p>
   </div>
   <div class='ocr_carea' id='block_1_118' title="bbox 534 5753 1131 5826">
    <p class='ocr_par' dir='ltr' id='par_1_118' title="bbox 534 5753 1131 5826">
     <span class='ocr_line' id='line_1_118' title="bbox 534 5753 1131 5826; baseline 0.008 -20"><span class='ocrx_word' id='word_1_808' title='bbox 534 5753 678 5824; x_wconf 83' lang='lat'><strong>(206)</strong></span> <span class='ocrx_word' id='word_1_809' title='bbox 719 5754 1131 5826; x_wconf 46' lang='lat' dir='ltr'><strong>Steverwald,</strong></span> 
     </span>
    </p>
   </div>
   <div class='ocr_carea' id='block_1_119' title="bbox 2308 5765 2976 5838">
    <p class='ocr_par' dir='ltr' id='par_1_119' title="bbox 2308 5765 2976 5838">
     <span class='ocr_line' id='line_1_119' title="bbox 2308 5765 2976 5838; baseline 0.007 -17"><span class='ocrx_word' id='word_1_810' title='bbox 2308 5765 2459 5838; x_wconf 81' lang='lat'><strong>(207)</strong></span> <span class='ocrx_word' id='word_1_811' title='bbox 2501 5765 2976 5828; x_wconf 80' lang='lat' dir='ltr'><strong>Hohenbuchen.</strong></span> 
     </span>
    </p>
   </div>
  </div>
