3888 6400
70 329 195 381 1273

1228 316 1632 374 CHBONICON
1674 315 2296 374 HILDESHEIMENSE.

3341 299 3475 354 1274

30 445 240 505 ⁵-ιηὶι11ἂ
272 451 442 518 stOpa
474 443 617 510 vini,
651 442 873 500 vicario
900 446 932 498 4
956 441 1186 499 denarii
1214 447 1271 497 et
1307 446 1522 514 quarta
1569 439 1711 505 vini,
1753 445 1798 495 A
1828 439 1980 496 duas
2013 442 2236 498 faculas
2267 441 2440 497 annis
2469 436 2719 507 singulis
2744 450 2852 507 per
2899 435 3090 487 totum
3149 424 3476 482 adventum

35 549 39 552 '
67 536 346 604 magistro
368 533 604 603 majori,
641 532 998 588 subcustodi
1028 537 1084 587 et
1114 530 1448 586 succentori
1506 528 1713 583 simili-

45 633 162 692 —tcr,
192 623 444 679 candela
469 622 543 677 de
577 621 728 676 libra
761 638 914 691 cere,
948 621 1279 677 scolaribus
1381 617 1573 684 solidi,
1623 633 1715 673 ca-

30 712 326 769 -"merariis
358 717 414 767 et
444 710 850 784 campanariis
881 715 910 766 3
944 709 1116 765 solidi
1146 710 1234 764 αῖ.

35 808 58 844 ⁵·
709 803 796 856 OT
799 803 838 856 Τ
843 802 886 857 Ο
919 804 1065 855 34³³.

30 902 60 936 =1
129 890 463 947 Venerabili
494 894 661 963 patre
691 889 918 946 domno
950 889 1199 945 Henrico
1226 889 1299 944 de
1335 885 1716 942 Woldenber-

61 993 174 1053 g'ie
204 982 489 1056 episcopo
519 985 724 1036 nostro
781 980 1069 1036 Avinione
1118 979 1359 1034 feliciter
1415 976 1715 1042 defuncto,

33 1074 132 1127 ide
181 1088 303 1144 quo
360 1069 664 1124 sufﬁciens
727 1071 1018 1142 scriptura
1080 1068 1352 1141 superius
1408 1065 1716 1139 reperitur,

33 1186 36 1190 ·
63 1161 346 1217 successit
375 1161 427 1215 ei
460 1165 712 1232 patruus
739 1161 789 1230 ej
803 1178 870 1214 us
902 1160 1165 1215 domnus
1193 1162 1322 1214 Otto
1345 1159 1417 1212 de
1436 1155 1720 1210 Wolden-

65 1251 304 1319 berghe,
337 1249 680 1322 prepositus
710 1251 917 1305 Montis
945 1249 1135 1304 sancti
1170 1247 1439 1317 Mauritii,
1473 1245 1532 1300 in
1564 1244 1719 1317 epis-

45 1357 281 1414 «opum
309 1345 584 1395 nostrum
610 1338 983 1394 concorditer
1007 1338 1246 1394 electus.
1285 1337 1381 1392 Hic
1411 1336 1468 1390 in
1501 1333 1721 1406 princi-

39 1432 158 1502 .pio
193 1431 506 1500 ingressus
537 1430 628 1484 sui
657 1428 870 1484 habuit
889 1428 1230 1483 conflictum
1293 1443 1428 1481 cum
1474 1423 1719 1496 quibus-

33 1547 36 1552 ·
63 1521 202 1575 dam
233 1518 700 1591 oppressoribus
731 1523 902 1588 terre,
931 1523 1154 1586 nostre,
1186 1515 1458 1571 videlicet
1487 1515 1561 1568 de
1609 1516 1719 1567 En-

64 1606 529 1677 gelinghborstel
559 1610 614 1661 et
642 1605 715 1660 de
747 1605 1137 1662 Monikhusen
1181 1605 1323 1675 (208)
1373 1618 1560 1676 prope
1619 1600 1720 1656 vil-

35 1699 181 1753 lam
233 1696 599 1752 Osleveshen
640 1697 810 1765 (209),
871 1700 927 1750 et
985 1697 1098 1750 Deo
1144 1693 1455 1749 Victoriam
1507 1690 1723 1747 nostris

1820 529 1898 583 ob
1922 532 2315 586 reverentiam
2341 529 2549 603 ympni
2595 527 2739 598 (213)
2807 523 2951 578 Veni
3006 518 3363 584 Redemptor
3397 513 3478 603 in

1820 619 2002 674 choro
2032 625 2236 675 nostro
2267 601 2401 675 ante
2434 601 2730 692 pulpitum
2759 613 2837 668 ad
2881 604 3342 680 completorium
3391 601 3478 655 in—

1821 709 2164 764 cendendas
2194 714 2250 764 et
2270 691 2651 776 ardendas,et
2668 702 2905 758 cuilibet
2937 695 3152 753 scolari
3172 695 3234 750 in
3264 691 3480 748 eodem

1822 796 2206 869 completerio
2247 795 2504 870 presenti
2542 795 2721 850 etiam
2747 791 3169 858 undecumque
3220 777 3480 837 venienti

1825 901 2009 963 unam
2042 885 2299 941 similam
2325 902 2431 958 per
2469 882 2837 957 prepositum
2883 881 3156 933 nostrum
3213 870 3479 925 tribuen-

1823 959 2000 1030 dam.
2017 979 2261 1047 Insuper
2287 976 2502 1030 festum
2540 974 2712 1028 beate
2736 965 3034 1024 Elizabeth
3055 977 3195 1018 cum
3218 962 3398 1015 cantu
3424 958 3482 1010 et

1824 1064 2239 1120 consolacione
2268 1063 2680 1136 solempnibus
2710 1061 2769 1115 in
2808 1054 3058 1112 ecclesia
3114 1053 3317 1106 nostra
3366 1061 3480 1136 pro

1824 1155 2046 1226 duplici
2072 1154 2218 1210 festo
2244 1133 2656 1228 peragendum
2717 1145 2969 1204 instituit
3017 1147 3196 1212 atque
3237 1133 3480 1228 redditi-

1825 1245 1938 1298 bus
1960 1243 2204 1299 dotavit.
2235 1225 2693 1298 nnniversarios
2719 1239 3086 1292 domnorum
3142 1225 3376 1298 Siﬂ'rydi
3427 1228 3484 1277 et

1829 1333 2053 1389 Henrici
2084 1334 2505 1406 episcoporum
2563 1335 2923 1391 nostrorum,
2982 1320 3482 1395 predecessorum

1827 1441 2094 1488 suorum,
2126 1428 2181 1478 ct
2213 1440 2387 1478 suum
2417 1421 2726 1494 proprium
2759 1418 2817 1472 in
2870 1411 3119 1468 ecclesia
3155 1411 3358 1462 nostra
3390 1417 3482 1456 so-

1827 1513 2140 1585 lempniter
2162 1491 2609 1581 singulis—annis
2641 1503 3017 1581 peragendos
3040 1514 3179 1555 cum
3200 1491 3482 1585 bona‘ad-

1829 1602 2259 1658 ministratione
2312 1599 2630 1656 ordinavit.
2686 1595 2848 1652 Rexit
2900 1597 3099 1648 autem
3171 1582 3483 1640 ecclesiam

1829 1697 2098 1747 nostram
2120 1692 2180 1746 in
2214 1708 2454 1746 summa
2483 1693 2538 1744 et
2561 1685 2878 1759 tranquilla
2904 1696 3050 1755 pace
3073 1677 3118 1732 si
3149 1673 3314 1748 quod
3345 1686 3485 1726 cum

30 1809 40 1838 2
63 1786 451 1872 concedente,
483 1785 684 1840 hostes
714 1764 818 1840 aut
847 1784 1004 1856 capti
1029 1788 1132 1839 aut
1175 1783 1460 1838 interfecti
1507 1786 1608 1836 aut
1639 1780 1726 1834 fu-
1765 1802 1802 1854 Β
1833 1782 1952 1836 suis
1977 1781 2260 1836 omnibus
2291 1780 2542 1835 subditis
2569 1777 2825 1833 multum
2858 1774 3049 1827 fuerat
3068 1764 3486 1872 locupletatus,

65 1877 180 1946 gati
213 1869 704 1940 succubuerunt;
738 1873 812 1928 de
851 1889 1112 1945 quorum
1138 1872 1476 1943 captivitate
1527 1869 1722 1925 domi-

31 1999 38 2021 _-
63 1982 172 2020 nus
230 1968 437 2018 noster
495 1963 814 2036 episcopus
869 1978 1119 2032 mgnam
1168 1961 1412 2016 extorsit
1474 1958 1722 2032 pecunie

31 2054 482 2126 ..quantitatem,
514 2051 672 2106 unde
699 2052 827 2123 ipse
857 2056 912 2106 et
961 2051 1051 2106 sui
1100 2049 1441 2122 locupletati
1463 2049 1721 2104 fuerunt.

65 2147 191 2214 ipse
225 2157 366 2197 vero
392 2146 685 2213 tanquam
709 2140 899 2195 fidelis
926 2145 983 2195 et
1012 2139 1209 2195 bonus
1222 2139 1598 2212 dispensator
1629 2153 1726 2208 pe-

64 2231 268 2288 cunias
300 2230 417 2286 sibi
446 2231 636 2286 taliter
664 2230 1078 2302 provenientes
1111 2229 1172 2284 in
1196 2229 1507 2284 utilitatem
1543 2226 1726 2282 eccle-

64 2320 143 2377 sie
166 2327 369 2376 nostre
391 2326 770 2390 convertens,
796 2325 988 2374 castra
1031 2324 1088 2374 et
1135 2319 1298 2374 bona
1363 2315 1726 2390 episcopalia

68 2427 171 2482 per
193 2411 654 2482 predecessores
688 2425 830 2464 suos
886 2408 1288 2480 impignorata
1337 2423 1440 2461 seu
1471 2406 1728 2461 alienata

70 2500 532 2571 recuparavitet
565 2497 832 2552 redemit.
894 2500 1166 2553 Castrum
1217 2512 1356 2551 vero
1391 2498 1615 2550 Luttere
1674 2498 1729 2548 et

65 2588 330 2642 officium
357 2590 421 2642 in
455 2586 640 2641 Barke
673 2591 728 2640 et
754 2584 1141 2641 advocaciam
1168 2585 1227 2639 in
1248 2583 1555 2640 Calevelde
1579 2581 1726 2650 (210)

66 2695 99 2732 a
124 2677 387 2732 ducibus
423 2675 973 2731 Brunswicensibus
1006 2690 1115 2748 pro
1143 2674 1330 2728 tribus
1381 2671 1644 2727 millibus
1675 2675 1731 2725 et

65 2772 130 2821 60
161 2766 385 2822 marcis
419 2767 582 2832 emit,
616 2770 670 2820 et
699 2764 987 2837 pecunias
1019 2780 1128 2836 pro
1159 2763 1378 2836 quibus
1423 2762 1730 2832 predeces-

68 2872 162 2909 sor
211 2872 359 2910 suus
415 2856 679 2909 domnus
735 2853 1048 2925 Sytfrydus
1093 2852 1411 2924 episcopus
1469 2855 1729 2905 castrum

71 2943 348 2998 Lindowe
380 2948 461 3013 (21
484 2943 526 3013 1)
552 2958 586 2997 a
624 2940 929 2996 nobilibus
960 2940 1035 2995 de
1089 2939 1280 2994 Plesse
1336 2937 1730 3010 comparavit,

71 3033 345 3086 nondum
379 3030 608 3086 solutas
635 3028 934 3102 persolvit,
968 3034 1023 3084 et
1053 3027 1112 3082 in
1135 3028 1348 3082 eodem
1375 3032 1571 3082 castro
1625 3041 1732 3098 pa-

69 3119 289 3175 lacium
345 3117 816 3192 inexpugnabile
862 3133 1003 3172 cum
1034 3116 1151 3172 alto
1183 3132 1356 3171 muro
1383 3114 1729 3170 construxit.
1775 3151 1815 3205 ρ

72 3212 344 3263 Castrum
377 3207 710 3263 Sturwolde
741 3205 916 3279 quasi
942 3222 1015 3260 ex
1044 3209 1168 3260 toto
1218 3203 1631 3276 solempnibus
1680 3207 1736 3257 et

68 3297 649 3370 inexpugnabilibus
706 3295 972 3366 edificiis,
1029 3299 1207 3367 prout
1263 3294 1466 3366 liquet,
1525 3299 1738 3366 praeter

70 3387 377 3457 palacium
412 3386 752 3457 antiquum,
776 3383 944 3456 quod
968 3389 1221 3457 patruus
1254 3400 1398 3437 suus
1431 3382 1741 3437 immedia-

72 3482 161 3530 tus
183 3476 587 3548 predecessor
615 3474 878 3530 domnus
917 3473 1188 3528 Hinricus
1245 3473 1566 3555 episcopus
1615 3470 1738 3525 edi-

68 3564 289 3632 ﬁcavit,
341 3564 585 3634 magnis
626 3562 965 3635 sumptibus
1019 3561 1365 3618 construxit.
1421 3563 1485 3615 Et
1531 3576 1741 3632 quam-

68 3654 242 3726 plura
277 3653 520 3710 ediiicia
545 3653 606 3708 in
636 3653 766 3708 aliis
799 3660 1000 3708 nostre
1033 3651 1274 3707 ecclesie
1294 3651 1502 3706 castris
1523 3651 1740 3715 diruta,

67 3760 184 3814 que
217 3744 434 3799 omnia
466 3742 803 3797 describere
833 3741 1072 3796 difficile
1113 3744 1288 3809 esset,
1345 3740 1472 3812 ipse
1515 3739 1742 3794 reediti-

67 3834 189 3888 cari
220 3834 597 3906 procuravit.
630 3833 758 3905 Ipse
785 3832 962 3887 etiam
986 3831 1184 3887 adhuc
1219 3830 1557 3902 prepositus
1584 3832 1742 3884 Mon-

71 3924 140 3978 tis
168 3923 468 3988 existens,
493 3923 569 3977 ad
602 3922 844 3978 laudem
875 3926 931 3977 et
976 3921 1270 3976 honorem
1320 3919 1746 3991 omnipotentis

67 4013 169 4068 Dei
225 4019 286 4068 et
329 4013 592 4082 gloriose
651 4012 856 4068 matris
917 4011 1194 4082 ejusdem
1271 4011 1517 4079 virginis
1573 4009 1746 4064 Marie

64 4104 393 4174 quandam
429 4103 704 4173 missam,
738 4101 1058 4171 vulgariter
1089 4117 1334 4156 auream
1358 4100 1600 4168 dictam,
1635 4100 1750 4153 sin-

67 4193 224 4258 gulis
276 4193 465 4247 annis
519 4192 816 4247 sabbatho
874 4190 1153 4264 proximo
1207 4195 1343 4262 post
1397 4207 1750 4244 communes

65 4284 216 4354 ε212)
246 4284 330 4338 ab
367 4283 540 4338 omni
571 4281 728 4336 clero
787 4285 911 4337 tam
943 4280 1219 4350 religioso
1251 4297 1438 4352 quam
1499 4279 1750 4334 seculari

65 4371 474 4444 solempniter
512 4371 572 4426 in
599 4370 850 4426 ecclesia
902 4375 1112 4426 nostra
1167 4370 1417 4424 instituit
1447 4369 1753 4425 decantari

1832 1874 1888 1925 et
1913 1869 2102 1925 taliter
2132 1869 2296 1941 quod
2321 1868 2535 1923 villane
2566 1867 2625 1921 in
2653 1863 2928 1937 pluribus
2977 1857 3128 1914 villis
3184 1868 3298 1941 sue
3335 1855 3487 1941 terre

1833 1975 1969 2012 cum
2001 1957 2177 2011 bonis
2210 1957 2475 2012 vestibus
2506 1959 2562 2010 et
2583 1936 2876 2009 mantellis
2905 1948 2981 2003 de
3014 1944 3174 2000 vario
3207 1936 3487 1996 foderatis

1832 2047 2105 2102 incedere
2136 2047 2512 2110 videbantur,
2546 2043 2901 2115 disponente
2950 2033 3204 2090 Domino
3248 2033 3304 2084 et
3346 2040 3487 2081 coo-

1835 2136 2186 2208 perantibus
2209 2135 2319 2189 sibi
2353 2135 2552 2189 favore
2581 2138 2634 2187 et
2670 2127 2941 2186 amicicia
2987 2121 3282 2179 nobilium
3333 2115 3492 2187 prin-

1835 2225 2036 2297 cipum
2071 2225 2295 2280 Ottonis
2317 2224 2390 2277 de
2426 2220 2772 2277 Luneborch
2804 2222 2860 2272 et
2890 2212 3116 2270 Ottonis
3148 2209 3221 2263 de
3273 2209 3492 2297 Bruns—

1838 2313 2257 2377 wichducum,
2290 2311 2454 2382 pacis
2481 2315 2537 2364 et
2573 2307 2806 2379 justicie
2864 2303 3147 2357 ﬁliorum.
3203 2291 3494 2350 Omnibus

1837 2404 2038 2474 itaque
2070 2418 2176 2474 per
2205 2401 2428 2455 dictum
2464 2399 2759 2454 domnum
2815 2397 3089 2450 Ottonem
3142 2385 3495 2458 episcopum

1839 2509 1947 2563 pro
1974 2491 2212 2546 utilitate
2240 2496 2296 2544 et
2324 2487 2647 2544 commodo
2677 2483 2919 2540 ecclesie
2949 2484 3149 2534 nestre
3183 2482 3495 2563 tamquam

1840 2558 1945 2654 per
1967 2581 2198 2636 bonum
2227 2585 2282 2634 et
2311 2577 2551 2633 ﬁdelem
2577 2580 2884 2648 pastorem
2912 2564 3290 2654 laudabiliter
3317 2565 3373 2614 et
3411 2558 3495 2654 fe-

1837 2671 2022 2724 liciter
2052 2667 2440 2735 consumatis,
2473 2647 2633 2720 anno
2660 2656 3050 2718 ordinationis
3082 2670 3185 2709 sue
3250 2651 3337 2704 16°
3395 2647 3498 2701 de-

1839 2760 2030 2814 bitum
2062 2759 2324 2813 humane
2356 2752 2726 2811 condicionis
2759 2747 3008 2806 exsolvit
3034 2745 3179 2815 (2M)
3203 2739 3492 2811 [an.133t,

1840 2853 1996 2918 Aug.
2029 2849 2140 2917 22],
2190 2853 2246 2901 et
2276 2847 2334 2901 in
2383 2844 2638 2900 ecclesia
2685 2845 2888 2896 nostra
2938 2841 3073 2892 ante
3129 2832 3313 2887 altare
3362 2842 3494 2881 om-

1842 2939 2009 2994 nium
2041 2940 2386 2991 sanctorum
2417 2933 2733 3006 requiescit
2762 2931 2853 2982 1’3.
2889 2927 3072 2997 Cujus
3119 2918 3411 2977 memoria
3442 2921 3499 2970 et

1846 3031 1912 3062 ¹²⁹
1945 3025 2356 3082 benedictione
2387 3023 2459 3079 sit
2487 3029 2707 3078 eterna.
2742 3027 2949 3074 Amen.

2416 3111 2760 3167 HENRICUS
2791 3109 2935 3162 35‘“.

1920 3207 2060 3262 Huic
2087 3205 2368 3260 successit
2398 3204 2546 3275 (215)
2575 3203 2753 3272 [Aug.
2788 3199 2876 3268 '28]
2928 3191 3287 3251 venerabilis
3337 3193 3506 3261 pater

1847 3297 2113 3352 domnus
2167 3295 2474 3360 Henricus,
2541 3289 2780 3346 illustris
2842 3289 2914 3322 ¹³⁰
2970 3283 3142 3340 ducis
3230 3280 3377 3351 (216)
3430 3278 3504 3332 de

1852 3385 2195 3442 Brunswich
2245 3386 2423 3446 filius,
2484 3383 2546 3437 in
2598 3381 2770 3450 cujus
2814 3375 3099 3433 electione
3156 3367 3505 3427 detestabile

1851 3478 2071 3532 scisma
2101 3474 2371 3530 surrexit.
2407 3477 2555 3528 Nam
2585 3469 2834 3542 quidam
2875 3467 2948 3519 de
2974 3462 3236 3518 dominis
3284 3457 3505 3513 nostris

1851 3566 2222 3621 adherebant
2251 3559 2668 3623 electionisue,
2711 3554 2808 3610 alii
2866 3567 3002 3607 vero
3057 3550 3283 3604 domno
3340 3545 3507 3599 Erico

1850 3656 1924 3710 de
1958 3650 2423 3710 Schowinborch
2455 3664 2560 3720 per
2587 3643 2977 3718 apostolicam
3011 3638 3214 3693 sedem
3239 3633 3506 3707 proviso,

1853 3744 1946 3799 cui
1976 3743 2163 3798 eciam
2194 3742 2352 3796 cives
2387 3736 2903 3792 Hildensemenses
2937 3728 3323 3791 adheserunt,
3379 3726 3510 3775 tum

1855 3838 2094 3906 propter
2165 3829 2354 3901 ipsius
2422 3823 2630 3880 domni
2690 3819 2917 3876 Henrici
2966 3813 3325 3890 potenciam,
3383 3815 3510 3865 tum

1856 3927 2097 3995 propter
2151 3916 2655 3990 (lepravacionem
2703 3915 2939 3966 monete
2990 3910 3188 3961 nostre
3228 3898 3510 3995 pel-"illos

1858 3988 2002 4066 forte
2031 3988 2249 4063 factam
2277 4025 2289 4071 ;
2323 4005 2574 4077 quidam
2598 4016 2739 4057 vero
2766 3999 2841 4053 de
2885 3993 3230 4052 consulibus
3284 3988 3517 4043 Hilden-

1858 4098 2236 4155 semensibus
2264 4095 2422 4150 dicto
2451 4093 2678 4148 domno
2708 4087 2957 4145 Henrico
2988 4087 3252 4139 faventes
3282 4080 3518 4134 fuerant

1859 4192 1933 4245 de
1965 4188 2196 4244 civitate
2251 4183 2503 4256 expulsi.
2560 4181 2956 4236 Remanentcs
3016 4178 3217 4228 autem
3260 4176 3318 4223 et
3358 4168 3517 4222 dicto

1861 4279 2088 4334 domno
2123 4275 2285 4330 Erico
2308 4271 2594 4326 auxilium
2647 4271 3002 4340 prestantes,
3056 4260 3321 4314 ferociter
3378 4272 3516 4309 cum

1862 4366 2100 4435 magnis
2157 4362 2399 4434 gwerris
2463 4357 2728 4413 diocesin
2808 4357 3077 4408 nostram
3148 4349 3515 4404 invaserunt.

63 4464 186 4532 (an.
231 4463 401 4530 1315,
439 4460 614 4515 Febr.
649 4463 722 4530 ὃ),
755 4459 1052 4532 deputans
1083 4459 1159 4514 ad
1188 4459 1302 4514 hoc
1331 4458 1404 4514 de
1426 4459 1661 4513 decima
1690 4459 1751 4512 in
1789 4499 1834 4553 Β
1867 4462 2012 4512 Nam
2041 4452 2291 4525 opidum
2326 4452 2471 4504 Dam
2501 4448 2727 4501 domno
2760 4441 3008 4498 Henrico
3038 4438 3330 4494 adherens
3353 4448 3521 4505 cepe-

147 4551 156 4553 _
189 4551 201 4553 _
279 4551 293 4553 _
663 4549 674 4553 -
1104 4547 1117 4553 -
1190 4548 1200 4553 -
1449 4547 1458 4553 .
1633 4547 1645 4553 -
1990 4552 1993 4553 ,
2062 4549 2068 4553 .
2115 4543 2133 4553 ,ι
2244 4541 2294 4553 ιι.
2423 4537 2435 4553 ι
2515 4541 2554 4553 n,
2589 4536 2819 4553 ,,i_--___.1
2901 4535 2957 4553 .-ι
3008 4529 3251 4553 ιιιηκηιὶηι
3301 4535 3517 4553 ηΛΛῂο-

66 4551 245 4606 Zolde
279 4551 531 4620 largam
562 4555 618 4604 et
659 4549 889 4605 bonam
917 4547 1383 4604 consolationem
1445 4547 1506 4602 in
1537 4547 1749 4602 eadem

64 4640 259 4695 missa
298 4637 690 4716 presentibus
722 4637 1204 4694 ministrandam.
1254 4640 1396 4690 ltem
1452 4637 1748 4692 ordinavit

1865 4552 2002 4603 runt
2022 4549 2077 4599 et
2111 4541 2376 4596 fimditus
2401 4536 2842 4599 destruxerunt,
2901 4535 2961 4584 ut
3005 4529 3254 4599 apparet
3299 4535 3518 4592 coope-

1858 4633 2131 4692 rantibus
2182 4629 2266 4685 eis
2323 4627 2402 4684 ad
2453 4627 2567 4681 hoc
2610 4619 2978 4695 quibusdam
3034 4613 3276 4679 ecclesie
3319 4613 3519 4665 nostre

1470 4771 1696 4824 VARIAS
1737 4765 2148 4826 LECTIONES.

145 4883 214 4914 ¹²τ
251 4884 495 4935 Iterum
529 4881 654 4934 alia
681 4895 894 4934 manus
924 4879 1136 4935 saeculi
1157 4879 1271 4932 XV
1297 4878 1525 4945 incipit.
1631 4878 1700 4910 ¹²⁸
1734 4875 1949 4932 obiita.
1979 4877 2039 4928 Ι).
2073 4871 2430 4926 MCCCXXXI.
2464 4860 2869 4920 ordinacionis
2896 4873 2999 4912 sue
3024 4857 3127 4910 XV.
3159 4856 3212 4907 2.
3254 4849 3520 4905 numeris

70 4954 391 5007 ('01‘I'Pctis.
482 4953 550 4985 ¹²⁹
580 4953 662 5006 ita
695 4967 746 5006 ε.
855 4953 928 4984 ¹³⁰
953 4950 989 5006 i.
1024 4966 1093 5005 ac
1121 4951 1364 5018 elegans
1399 4953 1450 5003 2.

1697 5081 1918 5134 ΝΟΤΑΞ.

1872 5206 2030 5269 1797,
2064 5215 2123 5271 p.
2162 5203 2282 5265 142,
2321 5197 2438 5250 143.

1944 5275 2082 5342 (213)
2123 5271 2160 5324 i.
2195 5287 2246 5324 e.
2278 5273 2538 5342 hymnis
2691 5333 2709 5342 η
2759 5332 2798 5342 ﬁ
2844 5329 2852 5338 .

1944 5325 2083 5413 (214)
2127 5344 2206 5396 De
2236 5325 2395 5413 anno
2423 5333 2723 5413 obitus‘cf.
2759 5329 3023 5413 Beitrage
3061 5325 3527 5413 t.'l(_,np.m90-94,

1870 5419 1926 5468 et
1946 5397 2187 5468 chartas
2218 5429 2315 5483 ap.
2347 5405 2579 5483 Liintzel
2609 5399 2986 5483 dicrc,‘llild..,
3017 5414 3074 5470 p.
3114 5401 3230 5483 ’523‘,
3473 5464 3483 5483 Σ

1943 5466 2487 5555 (lilgj’blxcerptum
2512 5473 2835 5555 juramenti
2879 5466 3147 5555 episcopi
3200 5466 3418 5555 legitur
3462 5466 3530 5555 in

1873 5537 2234 5610 Dcl’luc'tione
2274 5537 2703 5622 jurisdictionis
2756 5537 3532 5622 meyer-diligitisecclesiae

1872 5627 2229 5682 cathedralis
2263 5610 2640 5678 Hildesheim.
2675 5610 2999 5688 praeposito
3021 5610 3531 5684 etcapitulocom-

1871 5697 2158 5772 petentis.
2180 5693 2440 5772 Hildesli.
2480 5695 2636 5772 Q58,
2669 5687 2769 5769 fol.
2800 5687 2939 5760 pag.

1946 5769 2092 5839 (216)
2132 5765 2352 5821 Alberti
2387 5760 2805 5831 Gottingensis.

140 5216 306 5278 (208)
353 5207 741 5278 Engelbostel
771 5211 827 5263 et
854 5207 1322 5264 Mi'inchbausen.

143 5286 298 5354 (209)
348 5280 652 5354 Oesselse,
683 5279 984 5354 districtus
1015 5279 1222 5354 Huthc.

83 5427 100 5431 μ
140 5347 304 5431 θ’)
330 5347 642 5431 ‘Berkaet
669 5349 927 5431 Calefeld
968 5350 1221 5431 princip.
1284 5347 1650 5414 ϐοιῐίιιὲθηδν
1706 5349 1762 5398 et

64 5421 484 5492 Grubenhag.
518 5423 845 5479 dioeceseos
875 5421 1252 5492 Moguntina.

139 5498 304 5567 (211)
355 5494 613 5550 Lindau.

141 5559 724 5645 (2l2j__(lommunes
748 5587 811 5645 Λα
840 5564 935 5620 die
986 5563 1234 5645 heiligem
1254 5559 1704 5645 gemeinvvoclic
1734 5581 1758 5604 η

63 5631 247 5696 erant
274 5631 421 5694 dies
457 5637 712 5692 victoriae
745 5639 1050 5692 Saxonum
1090 5631 1165 5690 de
1196 5631 1488 5702 'l‘uringis,
1522 5633 1580 5685 in
1614 5631 1758 5684 heb-

64 5711 362 5762 domada
386 5713 530 5762 post
559 5707 718 5762 diem
753 5710 808 5762 S.
837 5705 1132 5762 Michaelis
1163 5705 1440 5761 celebrati
1475 5722 1488 5762 ;
1538 5720 1590 5756 v.
1627 5701 1758 5756 Hal-

64 5711 362 5768 domada
386 5713 530 5781 post
559 5707 718 5764 diem
753 5710 808 5765 S.
837 5706 1132 5764 Michaelis
1163 5706 1440 5761 celebrati
1475 5722 1488 5768 ;
1538 5720 1590 5756 v.
1627 5706 1759 5756 llat-

63 5789 210 5841 taus
274 5778 705 5839 lahrzeitbuch
756 5779 863 5834 der
914 5777 1246 5835 Deutschen
1267 5777 1372 5834 des
1411 5771 1761 5831 Mittelalters
