3888 6418
365 324 500 378 1175

1501 318 1837 375 ΑΡΡΕΝΜ
1876 316 1972 370 ΑΒ
2011 317 2068 373 S.
2108 317 2610 375 60mm.

3680 311 3824 365 1270

364 442 604 501 vasallis
633 445 726 500 ‘3'.
761 444 971 500 Volens
1002 448 1198 499 autem
1218 443 1409 499 dictus
1428 442 1689 498 domnus
1718 440 2005 495 Henricus
2036 445 2082 497 Α
2113 444 2299 495 sti-um
2328 439 2734 498 Marianboreh
2761 439 2837 495 de
2891 453 3050 495 novo
3096 436 3468 503 construxit,
3528 433 3823 489 Wolden-

364 531 665 587 abducere
690 547 843 604 aque
868 532 1098 586 fluxum
1128 530 1391 586 indistrie
1418 546 1453 585 a
1484 529 1829 586 molendino
1849 527 2003 600 epis-

362 619 575 692 copali,
623 618 964 674 conflictum
1013 618 1224 673 habuit
1280 634 1420 673 cum
1480 616 1690 673 incolis
1754 613 2002 670 civitatis

362 723 546 780 prope
577 707 893 774 civitatem,
925 707 1029 779 qui
1068 706 1531 780 prevaluerunt;
1564 706 1815 779 quidam
1860 716 2002 756 vero

361 796 434 851 de
466 794 588 850 suis
616 795 676 850 in
698 794 905 865 fugam
934 796 1205 851 conversi
1260 796 1689 862 occubuerunt,
1743 807 2001 865 quorum

362 881 542 954 aliqui
562 882 916 956 interempti,
950 883 1221 941 nonnulli
1260 884 1538 956 captivati
1562 883 1816 937 fuerunt.
1873 879 2001 935 Dic-

360 975 455 1027 tus
482 986 623 1027 vero
652 970 913 1027 domnus
958 973 1155 1028 Ericus
1184 972 1391 1027 volens
1420 988 1557 1027 cum
1586 970 1724 1025 viris
1754 966 1999 1025 armatis

360 1058 655 1114 civitatem
684 1059 933 1128 ingredi,
957 1060 1156 1115 multis
1188 1060 1262 1116 de
1290 1060 1520 1116 civitate
1559 1058 1672 1114 sibi
1716 1055 2001 1113 obvianti-

362 1147 479 1202 bus
508 1162 695 1220 prope
721 1148 922 1204 villam
956 1150 1106 1205 Haze
1132 1150 1278 1219 (217)
1318 1153 1372 1204 et
1427 1164 1567 1204 eum
1625 1146 1999 1202 introducere

360 1235 713 1301 volentibus,
745 1237 935 1292 dictus
965 1238 1226 1294 domnus
1256 1238 1536 1293 Henricus
1563 1252 1700 1292 cum
1718 1235 1840 1290 suis
1867 1234 2001 1289 illos

361 1324 578 1379 invasit
605 1329 661 1379 et
696 1325 1013 1383 debellavit
1060 1328 1367 1400 triumpho
1415 1326 1655 1399 potitus.
1708 1326 1849 1380 Post
1889 1323 1998 1378 hec

360 1412 509 1467 facte
538 1418 675 1468 sunt
704 1417 904 1483 treuge
923 1415 1217 1471 addecem
1249 1416 1635 1484 annos(t333)
1659 1432 1671 1477 ;
1703 1411 1998 1485 quibusli-

361 1499 714 1571 nitis,major
740 1508 827 1557 est
856 1509 1061 1559 exorta
1088 1520 1301 1574 guerra
1329 1520 1515 1575 quam
1545 1502 1651 1557 fuit
1679 1504 1996 1572 antea,que

360 1589 528 1660 quasi
552 1590 630 1645 ad
654 1595 766 1645 tres
784 1607 975 1647 annos
1000 1592 1321 1657 duravit,in
1341 1591 1559 1663 quibus
1572 1591 1743 1663 plura
1753 1589 1997 1644 ecclesia

362 1682 565 1732 nostra
596 1684 789 1737 castra
819 1687 874 1735 et
893 1681 1054 1736 bona
1079 1680 1445 1753 episcopalis
1482 1696 1553 1735 ac
1589 1678 1999 1751 quorumdam

2112 533 2281 600 steyn
2309 546 2345 585 a
2373 529 2559 585 nobili
2615 528 2871 601 Siffrydo
2902 527 2979 584 de
3030 526 3406 594 Homborch,
3476 523 3758 579 Sladum
3786 539 3819 577 a

2111 617 2471 688 Meynckone
2500 617 2725 673 ibidem
2771 615 2987 672 comite
3044 617 3164 687 (an.
3223 614 3415 685 1342},
3482 611 3817 683 Wydanla

2109 706 2187 760 ab
2215 705 2327 761 illis
2361 706 2435 761 de
2466 704 2899 770 Gowischemit,
2924 709 2980 759 et
3008 704 3225 760 eadem
3255 708 3475 758 castra
3512 700 3815 756 ubicum-

2108 809 2225 866 que
2255 794 2452 851 diruta
2484 795 2717 850 fuerant
2760 792 3029 866 reparari
3078 791 3389 847 ordinavit
3446 792 3594 861 (an.
3630 792 3811 857 1341).

2110 884 2343 938 Festum
2370 883 2613 951 gloriosi
2644 882 2909 955 corporis
2934 881 3149 939 Christi
3185 881 3250 936 in
3277 879 3566 935 ecclesia
3597 884 3815 934 nostra

2107 975 2163 1026 et
2200 970 2328 1026 aliis
2381 971 2641 1026 ecclesiis
2692 970 3019 1039 collegiatis
3082 968 3497 1041 solempniter
3549 967 3817 1024 instituit

2107 1074 2246 1113 cum
2273 1058 2679 1117 anniversario
2706 1074 2815 1113 suo
2845 1056 3098 1128 singulis
3119 1057 3299 1112 annis
3326 1055 3811 1128 peragendum.

2107 1148 2356 1221 Reliquit
2376 1148 2566 1203 eciam
2615 1148 2739 1203 suis
2793 1146 3249 1203 successoribus
3305 1146 3551 1202 decem
3609 1152 3811 1201 castra

2105 1251 2229 1291 non
2272 1236 2670 1309 inpignorata.
2723 1240 2813 1291 set
2868 1236 3059 1292 libera
3113 1239 3171 1290 et
3217 1233 3452 1301 soluta,
3518 1233 3815 1290 videlicet

2109 1325 2459 1394 Sturwoldi,
2516 1323 2945 1392 Marienborch,
3016 1326 3183 1390 Buta,
3255 1322 3504 1395 Peyne,
3583 1325 3810 1381 nven-

2104 1414 2312 1482 borch,
2343 1415 2607 1480 Sladum,
2640 1412 2949 1485 Wydenla,
2983 1415 3237 1479 Luttere,
3258 1412 3729 1484 Woldensteyn
3756 1422 3813 1469 at

2106 1504 2553 1575 Wynzenborch
2574 1506 2667 1574 ‘3‘,
2701 1519 2840 1558 cum
2865 1502 3142 1574 pluribus
3164 1501 3351 1557 bonis
3382 1518 3625 1559 mense
3649 1504 3806 1575 epis-

2104 1589 2346 1662 copalis.
2382 1590 2674 1646 Destruxit
2696 1589 2888 1645 eciam
2918 1594 3117 1645 castra
3167 1588 3511 1646 Grensleve
3576 1595 3643 1647 et
3696 1590 3807 1645 Hil-

2102 1677 2528 1732 wardeshusan
2555 1680 2615 1733 in
2647 1677 2934 1733 comitatu
2960 1677 3152 1733 Dasle.
3210 1677 3391 1734 Rexit
3451 1680 3539 1713 ¹³⁶
3591 1684 3805 1735 autem

360 1767 855 1823 monasteriorum
910 1774 964 1824 et
1006 1770 1393 1838 collegiorum
1439 1768 1841 1839 impignorata
1876 1766 1996 1821 fue-
2035 1766 2411 1836 Becclesiam
2443 1771 2709 1822 nostram
2738 1770 2807 1822 32
2833 1766 3008 1822 annis
3055 1782 3198 1821 cum
3225 1766 3526 1823 dimidio.
3593 1768 3805 1840 Sepul-

358 1857 497 1907 runt
525 1859 581 1908 et
609 1869 816 1910 eorum
848 1856 1049 1928 aliqua
1079 1859 1312 1929 penitus
1333 1856 1606 1911 alienata.
1644 1859 1875 1911 Domno
1897 1870 1993 1908 va-

359 1956 427 1995 ro
451 1938 703 1998 Henrico
727 1943 787 1998 in
817 1945 1163 2014 hujusmodi
1194 1960 1420 2013 gwerra
1443 1944 1751 1999 deﬁciente
1775 1948 1832 1998 et
1848 1958 1995 2014 qua-

359 2028 407 2083 si
435 2028 809 2102 desperante,
854 2036 1006 2088 Deus
1053 2034 1431 2105 omnipotens
1468 2032 1689 2087 meritis
1744 2030 1997 2100 gloriosa

357 2116 599 2185 virginis
628 2121 799 2175 Maria
830 2138 937 2176 sua
962 2122 1187 2190 matris,
1209 2123 1269 2176 in
1292 2137 1480 2193 quam
1525 2120 1766 2192 plenam
1804 2125 1860 2174 et
1899 2118 1997 2173 fir-

358 2219 523 2260 mam
549 2206 757 2263 habuit
781 2210 1236 2279 conﬁdenciam,
1260 2210 1563 2265 victoriam
1612 2208 1721 2263 sibi
1753 2207 1998 2263 contulit

358 2290 434 2346 de
456 2292 711 2349 inimicis
738 2297 857 2351 suis
881 2297 941 2352 in
968 2303 1139 2369 prato
1166 2297 1319 2353 infra
1353 2296 1696 2353 Sturwoldis
1715 2301 1772 2351 et
1800 2295 1997 2350 civitav

360 2384 497 2447 tein,
555 2396 813 2454 quorum
866 2386 1033 2441 multi
1089 2386 1328 2441 fuerunt
1355 2385 1647 2440 submersi
1705 2390 1759 2438 et
1809 2400 1995 2455 quam

358 2467 559 2540 plures
582 2471 823 2527 abducti
853 2474 1090 2546 captivi.
1126 2477 1203 2530 De
1234 2490 1357 2547 qua
1386 2473 1626 2529 victoria
1649 2474 1711 2528 in
1763 2477 1994 2527 tantum

357 2554 463 2610 fuit
492 2555 710 2614 ditatus
756 2565 812 2615 et
861 2561 1181 2617 adversarii
1228 2562 1315 2617 sui
1370 2561 1557 2617 taliter
1614 2560 1994 2632 suppeditati,

358 2643 549 2699 eciam
586 2645 744 2703 dicto
767 2649 996 2705 domno
1023 2650 1188 2706 Erico
1246 2655 1384 2705 tunc
1434 2650 1666 2705 interim
1690 2649 1993 2717 defuncto,

354 2733 515 2802 quod
546 2750 617 2789 ex
646 2738 787 2791 tunc
815 2738 875 2793 in
898 2738 1146 2807 singulis
1162 2737 1329 2794 factis
1342 2738 1462 2792 suis
1487 2737 1956 2811 prosperabatur
1981 2755 1994 2804 ;

355 2819 723 2879 civitatenses
772 2827 960 2882 eciam
1009 2828 1278 2882 videntes
1327 2843 1389 2881 se
1457 2826 1730 2893 deﬁcere,
1811 2826 1995 2891 gratia

353 2906 492 2964 dicti
513 2912 742 2969 domini
773 2916 1001 2971 Henrici
1038 2932 1097 2970 se
1129 2916 1553 2981 submiserunt,
1606 2915 1688 2969 sic
1718 2914 1882 2986 quod
1910 2915 1995 2968 in-

352 2997 539 3053 vicem
564 3001 953 3059 amicabiliter
982 3004 1274 3076 paciﬁcati
1303 3010 1359 3058 et
1388 3004 1731 3059 concordati
1760 3003 1995 3057 fuerunt

352 3085 475 3153 (an.
504 3089 678 3158 1346).
714 3090 826 3145 Sed
848 3090 909 3145 in
939 3092 1195 3146 emenda
1221 3090 1570 3160 hujusmodi
1599 3090 1993 3145 controversia

352 3171 493 3227 dicti
545 3176 915 3233 civitatenses
971 3179 1218 3249 singulis
1280 3178 1627 3250 septimanis
1692 3194 1987 3250 apposue-

349 3264 490 3315 runt
522 3264 585 3316 12
607 3263 823 3321 talenta
853 3265 1426 3321 Bildensemensium
1476 3265 1861 3321 denariorum
1911 3265 1990 3321 ad

352 3342 840 3408 satisfaciendum
886 3354 1181 3426 lapicidis,
1212 3354 1596 3426 carpentariis
1628 3358 1685 3410 et
1733 3354 1861 3409 aliis
1902 3353 1987 3409 la-

348 3434 700 3496 borantibus
756 3442 814 3496 in
872 3443 1255 3499 ediﬁcaciona
1322 3443 1498 3499 castri
1561 3443 1986 3515 Marienborch,

348 3526 511 3597 quod
560 3528 686 3600 ipse
737 3530 998 3586 domnus
1053 3532 1333 3588 Henricus
1395 3538 1533 3587 tunc
1589 3531 1883 3588 ediﬁcavit
1933 3537 1991 3589 et

347 3618 691 3685 construxit,
723 3620 1123 3693 quoadusque
1153 3621 1378 3676 dictum
1426 3626 1691 3676 castrum
1741 3622 1986 3693 perﬁce-

346 3706 505 3758 retur
542 3701 629 3761 ¹³¹.
677 3707 898 3763 Deinde
949 3708 1197 3764 domino
1251 3712 1367 3764 Deo
1418 3713 1739 3781 prestante,
1796 3709 1988 3765 dictus

346 3790 606 3848 domnus
633 3794 917 3851 Henricus
946 3796 1023 3852 ad
1054 3812 1348 3865 gremium
1377 3797 1584 3852 matris
1623 3797 1865 3853 ecclesia
1896 3815 1986 3853 re—

346 3893 607 3948 gressus,
636 3898 672 3938 a
711 3884 1023 3940 sentenciis
1051 3885 1707 3955 excommunicationis,
1761 3887 1984 3959 quibus

346 3981 456 4037 per
482 3967 739 4025 domuos
782 3972 1143 4043 apostolicos
1186 3973 1544 4029 Clementem
1601 3979 1658 4029 et
1705 3980 1985 4031 Innocen-

347 4053 526 4121 cium,
556 4070 626 4111 eo
652 4058 816 4130 quod
835 4058 1159 4131 provisioni
1188 4061 1345 4117 dicto
1388 4061 1613 4118 domno
1661 4063 1826 4119 Erico
1882 4080 1987 4135 per

347 4142 555 4198 sedem
586 4147 979 4217 apostolicam
1007 4148 1158 4204 facte
1196 4165 1258 4206 se
1314 4152 1611 4223 Opposuit,
1661 4152 1985 4208 innodatus

345 4230 628 4299 extiterat,
658 4250 764 4307 per
793 4238 1072 4293 eumdem
1112 4238 1517 4295 Innocentium
1575 4240 1883 4296 absolutus
1913 4243 1983 4277 ¹³³

346 4319 576 4393 sibique
605 4323 680 4378 da
692 4325 1155 4382 ecclesianostra
1170 4327 1245 4382 de
1275 4343 1432 4384 novo
1451 4330 1765 4401 provisum
1794 4328 1985 4386 fuerat

343 4408 463 4476 (an.
528 4414 701 4483 1353).
758 4416 936 4482 Igitur
975 4415 1056 4470 sic
1111 4414 1520 4471 reconsiliatus
1576 4422 1632 4471 et
1678 4418 1982 4489 premissis

343 4499 585 4565 gwerris
616 4505 671 4555 at
692 4501 1181 4560 tribulacionibus
1197 4505 1566 4560 cessantibus
1583 4522 1652 4562 ac
1664 4507 1983 4579 tranquilla

339 4599 487 4658 pace
504 4589 874 4660 succedente,
892 4597 1083 4648 castra
1095 4593 1339 4650 ecclesia
1355 4594 1732 4667 inpignorata
1747 4600 1804 4650 et
1820 4595 1983 4652 bona

343 4675 633 4731 mensalia
650 4692 758 4749 pro
780 4682 900 4734 toto
913 4695 1023 4735 suo
1039 4696 1214 4752 posse
1227 4684 1825 4754 recuperavit.Castra
1839 4699 1981 4743 vero

340 4763 758 4836 Woldcnstein,
788 4767 1032 4824 Sladum
1055 4774 1111 4824 et
1138 4769 1435 4842 Wydenla
1455 4774 1604 4842 (218)
1620 4786 1731 4843 pro
1759 4788 1979 4843 magna

337 4850 585 4923 pecunia
616 4870 856 4911 summa
887 4856 1128 4913 ecclesia
1180 4862 1377 4914 nostra
1417 4858 1824 4931 comparavit;
1879 4876 1976 4915 ca-

2101 1859 2198 1909 tus
2223 1857 2311 1908 est
2339 1858 2475 1908 ante
2513 1853 2696 1910 altare
2751 1853 2927 1909 beata
2981 1853 3311 1910 Katherine
3362 1852 3650 1923 virginis
3700 1868 3800 1909 an.

2107 1946 2262 2011 1362,
2288 1942 2460 1996 Febr.
2485 1944 2559 2011 6).
2591 1942 2774 2012 Cujus
2802 1941 3008 1998 anima
3060 1941 3125 1997 in
3167 1956 3325 2014 pace
3361 1946 3694 2015 perpetua
3722 1957 3807 1998 re-

2101 2030 2386 2101 quiescat.
2414 2034 2623 2085 Amen.

2408 2120 2770 2175 JOHANNES
2810 2118 2986 2175 SCHA
2996 2120 3281 2175 DELANT
3313 2124 3470 2177 36“.

2172 2208 2310 2261 Post
2333 2205 2565 2261 obitum
2594 2206 2804 2262 domni
2842 2206 3076 2262 Henrici
3100 2206 3180 2262 de
3210 2207 3573 2264 Brunsvioh
3633 2208 3807 2265 dom-

2104 2311 2217 2349 nus
2264 2311 2425 2367 papa
2479 2295 2738 2367 providit
2788 2295 2863 2350 de
2893 2296 3247 2367 episcopatu
3289 2296 3803 2355 Hildensemensi

2103 2382 2343 2438 cuidam
2372 2382 2691 2438 venerabili
2714 2386 2770 2437 et
2794 2381 2959 2439 bono
2977 2382 3108 2438 viro
3132 2382 3212 2438 de
3239 2384 3465 2440 ordine
3518 2386 3801 2443 Prodici»

2103 2475 2318 2536 torum,
2344 2486 2526 2525 sacrae
2571 2470 2844 2542 theoloye
2894 2471 3148 2538 doctori,
3204 2488 3400 2544 quam
3450 2473 3802 2545 vulgariter

2104 2558 2402 2613 vocabant
2430 2558 2784 2630 episcopum
2819 2559 3160 2615 Iohannem
3216 2560 3642 2619 Schadelant.
3692 2565 3800 2629 Qui

2102 2646 2162 2701 in
2192 2646 2484 2717 principio
2508 2646 2782 2702 introitus
2810 2648 2903 2701 sui
2926 2646 3234 2719 requisivit
3275 2647 3359 2706 de
3415 2649 3615 2707 libris
3660 2651 3800 2707 divi-

2103 2735 2194 2788 nis
2224 2739 2281 2789 et
2303 2734 2597 2802 legalibus
2618 2734 3121 2806 predecessorum
3151 2741 3641 2797 suorum.'l‘uno
3671 2742 3795 2797 ofﬁ-

2103 2822 2237 2877 ciati
2267 2823 2425 2877 curie
2456 2822 2852 2879 ostendebant
2872 2823 2926 2879 ei
2949 2822 3190 2894 loricas,
3209 2824 3450 2896 clipeos
3472 2832 3545 2882 et
3562 2828 3793 2897 galeas,

2102 2910 2364 2966 dicentes
2392 2909 2558 2982 quod
2584 2911 2731 2966 tales
2761 2911 3012 2969 fuissent
3061 2912 3202 2969 libri
3256 2914 3794 2985 pmiceasaorum

2103 3015 2367 3055 suorum.
2389 3002 2455 3054 Et
2474 2999 2616 3071 quia
2643 3016 2842 3055 moras
2871 3001 3062 3072 patrie
3085 3016 3214 3065 non
3241 3005 3709 3072 congruebant
3735 3007 3796 3059 si-

2032 3126 2075 3182 ο
2101 3087 2421 3157 bi,idcirco
2458 3088 2662 3182 ipsum
2682 3088 3102 3182 episcopatum
3135 3090 3216 3146 ad
3271 3106 3525 3182 manus
3589 3094 3797 3150 domui

2096 3192 2292 3248 papa),
2324 3191 2361 3231 a
2388 3191 2511 3249 quo
2536 3176 2738 3247 ipsum
2764 3178 2973 3247 tenuit,
2986 3177 3316 3248 resignavit
3342 3179 3489 3249 (an.
3535 3186 3796 3253 4364).“

2096 3266 2242 3321 forte
2266 3282 2371 3338 per
2398 3266 2552 3321 duos
2584 3280 2779 3325 annos
2802 3266 2862 3324 in
2893 3266 3249 3340 episcopatu
3280 3273 3663 3340 permansit
3711 3274 3796 3327 ⁸³⁵.

2612 3350 3035 3413 (ΜΕΗΑΒΒΠΞ
3073 3359 3217 3411 37η.

2165 3443 2300 3496 Post
2320 3441 2481 3497 hunc
2508 3456 2613 3512 per
2641 3441 2938 3498 domuum
2972 3442 3286 3500 Urbanum
3316 3461 3588 3520 papam
3631 3451 3797 3522 quin-

2093 3532 2220 3583 tum
2249 3528 2328 3584 ad
2358 3528 2673 3585 ecclesiam
2702 3529 3261 3595 Hildensemensam
3318 3535 3689 3595 translatus
3715 3542 3797 3593 est

2093 3616 2447 3671 venerabilis
2482 3622 2653 3689 pater
2705 3618 2969 3673 domnus
3024 3620 3378 3677 Gherardus
3428 3623 3523 3680 de
3572 3640 3792 3694 genam

2092 3705 2393 3760 baronum
2417 3705 2490 3762 de
2520 3708 2708 3762 Monte
2746 3722 2935 3780 prope
2989 3707 3277 3776 Mindam,
3334 3715 3499 3769 tunc
3558 3715 3793 3787 episeo-

2094 3811 2209 3866 pus
2241 3795 2574 3865 Verdansis,
2635 3800 2693 3851 et
2742 3797 3057 3869 quondam
3106 3803 3324 3863 cantor
3384 3808 3452 3858 at
3516 3810 3790 3876 postmo-

2092 3884 2239 3939 dum
2259 3885 2524 3941 decanus
2554 3884 2799 3941 ecclesia
2826 3890 3027 3942 nostra
3058 3905 3072 3955 ;
3125 3888 3215 3944 vir
3241 3888 3604 3960 facundus,
3658 3911 3788 3967 pro—

2093 3973 2267 4027 vidus
2297 3979 2353 4029 et
2376 3974 2818 4043 magnanimus.
2854 3975 2954 4035 Hic
2986 3976 3184 4048 primo
3208 3993 3385 4035 anno
3419 3984 3535 4039 sui
3567 3984 3793 4054 ingres-

2092 4077 2194 4114 sus
2234 4062 2537 4132 quosdam
2582 4067 2851 4134 raptores
2896 4062 3172 4121 videlicet
3221 4070 3292 4121 60
3356 4078 3664 4129 armatos
3724 4075 3789 4129 de

2092 4150 2387 4205 Westl’alia
2409 4150 2659 4222 cpidum
2682 4150 2834 4207 Eltze
2862 4150 3220 4210 invadentes
3250 4157 3447 4229 cepit,
3476 4166 3583 4217 set
3610 4168 3792 4219 atten-

2090 4238 2239 4326 dens
2256 4238 2427 4326 quod
2454 4238 2621 4294 salvo
2646 4240 2874 4296 honora
2890 4257 2995 4297 eos
3014 4241 3165 4298 forte
3194 4246 3473 4304 retinere
3499 4266 3644 4308 non
3661 4269 3789 4326 pos-

2091 4331 2195 4392 set,
2227 4325 2447 4382 liberos
2475 4331 2533 4382 at
2556 4326 2754 4398 quitos
2775 4327 3001 4385 dimisit
3028 4331 3301 4389 eosdem.
3340 4335 3600 4395 Deinde
3633 4325 3791 4397 anno

2094 4415 2270 4470 tercio
2331 4412 2401 4450 13"
2459 4415 2618 4472 circa
2692 4416 2913 4473 festum
2995 4419 3322 4477 nativitatis
3409 4427 3619 4485 Maria
3675 4432 3787 4501 (an.

2098 4506 2253 4575 1367)
2294 4504 2715 4561 invadentibus
2770 4506 3059 4564 hostiliter
3114 4509 3571 4585 episcopatum
3664 4536 3791 4576 nos-

2092 4599 2249 4649 trum
2298 4593 2449 4649 duce
2515 4596 2727 4663 Magno
2774 4595 2849 4650 de
2906 4598 3262 4669 Brunswigk
3337 4607 3401 4657 et
3485 4607 3787 4682 episcopo

2091 4682 2572 4741 Halberstadensi
2627 4699 2765 4739 cum
2822 4684 3124 4755 adjutorio
3195 4689 3487 4765 episcopi
3546 4699 3789 4768 Magde-

2087 4770 2400 4843 burgensis
2424 4770 2679 4846 bischop
2705 4773 3020 4845 Kogelwyt
3040 4774 3183 4831 dicti
3204 4792 3317 4833 nec
3343 4794 3484 4837 non
3513 4785 3605 4842 de
3638 4792 3768 4843 Ana

2085 4857 2231 4927 halt,
2260 4859 2334 4914 de
2360 4858 2814 4918 Hademersleve
2844 4878 2982 4923 cum
3020 4863 3303 4936 pluribus
3353 4869 3506 4927 aliis
3574 4874 3789 4939 brave-

1690 4990 1919 5048 VARl/E
1959 4994 2357 5051 LECTIONES.

409 5102 668 5195 $339
686 5104 1417 5195 Ρεείιὲψεῖρβωέιτίη
1465 5106 2144 5195 εξεξίξεεὲξιβξδμιίείιὲρωξειί
2172 5113 2225 5195 2.;
2306 5110 2377 5195 "1'
2411 5111 2495 5191 Et.
2529 5110 2604 5195 ἀρ
2656 5111 2904 5195 singulis
2959 5112 3249 5195 ἀοφὶιξιιε
3289 5119 3537 5195 adhuc
3604 5127 3784 5184 hodie

334 5170 509 5253 datur
527 5175 847 5256 vronetynf
869 5176 945 5256 ad
971 5177 1130 5234 idem
1158 5185 1418 5256 castrum
1450 5180 1724 5256 spectans
1745 5175 2001 5256 demptis
2024 5179 2323 5256 aliquibus
2354 5180 2529 5256 bonis
2559 5170 2896 5239 feudalibus
2922 5170 3041 5256 que
3070 5170 3786 5256 subtemina—113111113;

335 5248 469 5329 copi
498 5248 555 5300 et
581 5248 1008 5329 monasterium
1036 5250 1223 5329 sancti
1250 5248 1544 5329 Michaelis
1573 5251 1633 5329 et
1670 5249 1845 5320 pauci
1889 5248 2143 5329 vasallif
2172 5252 2418 5307 Occasio
2468 5260 2668 5329 autem
2729 5248 3162 5329 compulsionis
3202 5257 3285 5314 ad
3334 5248 3783 5329 editi—cingula

336 5316 597 5393 castrum
627 5316 1034 5393 supradictum
1066 5318 1172 5393 fuit
1198 5320 1330 5389 ista,
1361 5320 1505 5393 quia
1540 5316 1859 5393 episcopus
1887 5320 2026 5393 vicit
2040 5336 2147 5393 eos
2174 5337 2359 5393 prope
2407 5322 2822 5380 molendinum
2852 5316 2890 5375 εἶ
2910 5325 2985 5383 de
3043 5329 3335 5387 Lamolen
3373 5316 3405 5381 ξι

336 5382 604 5449 civitatis,
637 5382 739 5439 ubi
760 5388 929 5442 multi
950 5390 1224 5449 captivati
1259 5382 1637 5447 et'sﬁbmar’si
1666 5382 1903 5446 fuerunt
1928 5392 2116 5447 addit.
2146 5382 2198 5446 2’.

3472 5336 3548 5413 in
3613 5348 3783 5413 prato

2299 5393 2436 5475 ‘f’na
2457 5396 2520 5475 [ξε
2551 5398 2705 5475 1347.
2742 5396 3016 5475 addit}:
3107 5400 3198 5475 3‘
3226 5393 3779 5475 νγικεηδοιέέῇῖξζ

340 5453 410 5485 ¹⁸⁵
441 5451 595 5510 Obiit
623 5459 820 5511 autem
850 5472 903 5515 a.
930 5461 991 5515 D.
1022 5451 1177 5517 1362.
1207 5467 1261 5519 2.
1342 5462 1413 5499 ³³⁸
1446 5458 1721 5535 Sepultus
1753 5459 1810 5516 in
1837 5461 2143 5536 Maguncia
2173 5462 2338 5535 apud
2359 5451 2775 5521 Predicatoras.
2801 5471 2853 5523 2.
2923 5451 3014 5502 "3i
3036 5451 3269 5528 scilicet
3289 5451 3778 5551 ἶζξῖδῆῖῶξῖ,

1914 5586 2135 5641 NOTAE.

408 5681 554 5752 (2m
583 5678 835 5741 Baseda.

2151 5688 2300 5768 (ηε)
2328 5690 2649 5763 Wiedalah,
