3888 6392
87 266 214 317 1277

1247 252 1647 311 CHRONICON
1696 252 2313 314 BILDESHEIMENSE.

3361 265 3503 319 1278

81 384 251 439 nibus
275 380 424 451 (219)
453 383 510 434 et
536 380 803 435 maxima
849 380 1281 449 armigerorum
1325 375 1721 433 multitudine.
1763 379 1803 429 Α
1838 390 2201 443 gwerrarum
2235 387 2289 436 et
2327 381 2606 438 laborum
2652 382 2909 439 retinuit.
2962 383 3237 442 Castrum
3269 387 3502 455 Vynen-

81 470 331 528 occurrit
352 468 436 524 eis
453 460 907 541 proptervillam
924 471 1269 524 Vormcrsen
1296 467 1443 537 (220)
1467 466 1731 519 domnus
1836 465 2023 521 borch
2082 484 2118 525 a
2169 470 2382 525 comite
2435 470 2711 526 Conrado
2759 471 2835 526 de
2877 471 3335 540 Werningerode
3387 489 3503 545 pro

78 559 411 619 Gherardus
469 557 806 629 episcopus,
865 562 921 613 et
978 558 1163 631 prelio
1208 555 1542 612 diutissimo
1579 569 1733 607 com-

76 652 283 719 misso,
334 648 658 705 auxiliante
688 649 807 704 Deo
838 653 895 704 et
942 665 1050 704 sua
1095 648 1396 719 genitrice,
1426 644 1732 700 victoriam

76 740 397 809 gloriosam
453 737 640 793 nostri
669 743 1145 810 reportaverunt,
1178 735 1496 793 interiectis
1525 749 1734 805 quam-

74 829 343 902 plurimis
379 830 448 863 ¹³⁸
480 827 987 895 adversariorum,
1010 833 1065 883 et
1090 828 1278 900 captis
1299 828 1451 881 duce
1469 823 1732 897 predicto

74 936 178 974 nec
232 934 355 973 non
409 917 693 989 episcopo
762 917 1241 973 Halberstadensi
1298 915 1533 971 Alberto
1596 928 1733 968 cum

73 1023 295 1077 magna
329 1022 574 1061 suorum
622 1005 1021 1065 multitudine.
1074 1022 1107 1060 a
1141 1005 1361 1076 quibus
1404 1002 1735 1058 maximam

72 1094 321 1168 pecunie
357 1110 662 1149 summam
693 1095 818 1166 ipse
860 1094 1143 1149 dominus
1187 1099 1385 1149 noster
1415 1094 1734 1165 episcopus

70 1190 419 1257 extorquere
470 1183 782 1256 potuisset,
834 1185 936 1239 sed
986 1184 1201 1240 veritus
1246 1183 1607 1239 tirannidem
1647 1195 1735 1236 ar-

70 1274 433 1346 chiepiscopi
460 1274 1009 1342 Magdeburgensis,
1036 1274 1139 1345 qui
1172 1277 1313 1328 tunc
1365 1272 1529 1344 apud
1558 1274 1737 1325 Κειτο-

68 1367 192 1421 lum
222 1369 508 1436 quartum
538 1364 962 1436 imperatorem
994 1380 1211 1432 magne
1243 1362 1599 1418 suctoritatis
1626 1362 1733 1415 ha-

69 1442 339 1521 bebatur,
372 1458 432 1511 et
457 1454 635 1509 etiam
664 1455 995 1525 potentiam
1046 1454 1214 1509 ducis
1245 1453 1435 1517 Magni
1455 1451 1731 1523 junioris,

68 1544 167 1615 qui
190 1548 332 1599 tunc
361 1542 441 1599 ad
485 1543 740 1599 ducatus
785 1544 1301 1599 Brunswicensem
1332 1548 1387 1597 et
1428 1541 1732 1597 Lunebur—

70 1650 315 1699 gensem
348 1633 540 1689 fuerat
565 1633 877 1698 exaltatus,
910 1649 945 1687 a
988 1633 1263 1703 predictis
1294 1632 1540 1703 captivis
1572 1647 1731 1685 sum—

1840 570 2065 623 magna
2105 574 2346 613 summa
2388 559 2639 631 pecunie
2669 560 2829 615 emit.
2874 562 3147 617 Castrum
3174 560 3500 619 Blancken-

1838 644 2028 700 borch
2059 648 2215 719 cepit
2244 648 2567 719 adiuvante
2590 649 2803 705 comite
2833 649 3118 722 Tyderico
3138 650 3213 706 de
3237 651 3501 708 Wernin-

1843 734 2080 801 gerode,
2114 736 2279 807 quod
2332 741 2529 792 tamen
2557 738 2617 793 in
2647 738 2877 810 placitis
2921 743 3160 811 recepta
3189 739 3503 812 aliquanta

1843 823 2111 894 pecuniae
2156 841 2396 881 summa
2440 825 2655 882 comite
2706 828 2777 861 “0
2824 827 3130 883 Borchado
3173 827 3248 883 de
3272 827 3500 899 Regen-

1844 915 2011 983 steyn
2048 915 2315 983 restituit,
2369 918 2643 971 Castrum
2694 916 3105 986 Setynbrugge
3157 920 3501 974 construere

1844 1000 2077 1073 incepit.
2138 1007 2200 1058 1n
2234 1003 2424 1059 salina
2478 1008 2654 1076 tiyter
2683 1005 2831 1075 (224)
2883 1004 3185 1077 quosdam
3227 1004 3497 1061 redditus

1843 1090 2032 1145 dictos
2062 1092 2444 1165 bokpennige
2490 1094 2570 1149 ab
2598 1093 2710 1149 illis
2741 1094 2815 1149 de
2864 1093 3162 1165 Knystede
3192 1094 3351 1149 emit.
3383 1093 3497 1149 Vil-

1842 1179 1964 1235 lam
1996 1181 2507 1238 Muddesdeborch
2536 1184 2681 1254 (225)
2721 1188 2777 1238 et
2807 1182 3019 1239 silvam
3046 1183 3393 1239 attinentem
3420 1182 3500 1238 ab

1844 1270 1955 1325 illis
1986 1270 2060 1326 de
2089 1273 2291 1327 Roden
2336 1289 2445 1345 pro
2470 1278 2631 1329 certa
2682 1274 2933 1345 pecunie
2959 1289 3199 1328 summa
3228 1271 3503 1328 videlicet

1840 1364 1945 1417 700
1979 1362 2045 1396 m
2080 1362 2304 1417 markis
2332 1364 2724 1435 comparavit.
2761 1366 3016 1421 Domum
3045 1362 3347 1434 lapideam
3388 1377 3498 1417 seu

1841 1451 2142 1522 palacium
2198 1452 2258 1507 in
2332 1453 2763 1524 Poppenborch
2816 1452 3080 1507 ediﬁcari
3136 1451 3496 1523 procuravit.

1842 1544 2077 1610 Organa
2116 1547 2316 1597 nostra
2348 1558 2507 1597 nova
2552 1542 2628 1597 ad
2680 1547 2959 1598 ornatum
3007 1541 3251 1598 ecclesie
3280 1546 3495 1597 nostrae

1841 1630 2180 1701 sumptibus
2216 1631 2312 1689 100
2344 1647 2687 1686 marcarum
2718 1636 2777 1687 et
2802 1632 2949 1686 ultra
2988 1630 3254 1686 donavit.
3286 1629 3496 1686 Villam

70 1739 227 1777 mam
250 1721 522 1777 tridecim
540 1722 793 1777 millium
828 1737 1169 1776 marearum
1193 1721 1418 1783 argenti
1440 1720 1499 1775 in
1522 1719 1727 1775 amici-
1768 1736 1813 1790 β
1841 1722 2030 1789 Peyne
2063 1736 2249 1791 prope
2281 1720 2620 1775 Kerkverde
2649 1737 2759 1792 pro
2808 1724 2905 1775 100
2936 1719 3152 1775 marcis
3178 1733 3495 1790 compara-

68 1812 141 1866 tia
173 1810 494 1867 dumtaxat
510 1810 731 1881 recepit
766 1812 997 1866 ‘3’.Post
1022 1810 1135 1864 hoc
1163 1814 1291 1865 orta
1322 1814 1411 1863 est
1430 1808 1732 1863 discordia

68 1900 213 1954 inter
238 1899 560 1955 dominum
590 1903 863 1956 nostrum
893 1900 1212 1970 epicopum
1241 1904 1297 1952 et
1325 1914 1394 1951 ex
1427 1898 1541 1953 alia
1564 1904 1728 1967 parte

64 1989 245 2045 duces
274 1992 553 2044 Ottonem
603 1990 747 2059 (221)
787 1994 841 2045 et
888 1989 1195 2044 Albertum
1246 1990 1388 2057 (222)
1435 1988 1506 2043 de
1541 1990 1726 2042 Brun-

64 2076 270 2143 swigk;
295 2076 550 2148 quidam
578 2076 914 2141 deﬁvasallis
938 2082 995 2133 et
1024 2075 1515 2131 ministerialibus
1545 2075 1727 2129 eccle-

64 2166 141 2219 sie
176 2165 687 2221 Hildensemensis
710 2166 995 2237 episcopo
1022 2172 1226 2220 nostro
1250 2165 1625 2227 rebellantes,
1650 2165 1725 2219 ad

62 2254 246 2315 dictos
287 2255 475 2309 duces
523 2270 584 2310 se
630 2255 1044 2321 contulerunt;
1090 2271 1244 2326 quos
1292 2256 1417 2326 ipse
1466 2255 1729 2309 domnus

62 2344 381 2416 episcopus
414 2344 475 2399 in
524 2349 721 2400 castro
770 2344 1133 2400 Walmoden
1184 2350 1453 2415 potenter
1492 2344 1727 2399 obsedit

62 2436 180 2499 (an.
234 2437 415 2499 1368),
465 2439 521 2488 et
571 2434 721 2490 miro
754 2434 937 2489 modo
985 2450 1092 2505 per
1127 2434 1485 2489 industriam
1524 2434 1726 2505 ipsum

61 2528 319 2578 castrum
348 2540 493 2578 cum
529 2538 687 2595 aque
720 2523 884 2579 ﬂuxu
933 2529 1306 2595 comportato
1338 2539 1553 2593 aggere
1585 2522 1725 2576 sub-

64 2612 248 2680 mergi
280 2612 419 2668 fecit
465 2616 521 2668 et
549 2629 619 2668 ex
673 2617 792 2669 toto
825 2612 1071 2679 destrui,
1126 2616 1303 2683 prout
1350 2612 1592 2667 intuitus
1625 2613 1726 2666 ho-

59 2699 298 2757 diernus
324 2701 692 2757 manifestat.
728 2701 972 2757 Sinistro
1006 2705 1203 2756 tamen
1238 2706 1447 2755 eventu
1503 2702 1725 2756 factum

58 2794 140 2843 est
167 2789 352 2861 quod,
374 2789 737 2846 durantibus
754 2790 1105 2860 hujusmodi
1138 2791 1580 2857 controversiis,
1596 2806 1725 2861 pre-

60 2877 193 2933 dicti
225 2878 416 2933 duces
447 2878 695 2951 opidum
728 2879 971 2934 ecclesie
1012 2884 1228 2935 nostrae
1270 2878 1509 2934 Alvelde
1551 2895 1725 2950 cepe-

60 2972 211 3033 runt,
267 2968 700 3039 spoliaverunt,
771 2972 826 3024 et
879 2972 1141 3023 castrum
1208 2984 1435 3022 novum
1499 2968 1723 3023 ibidem

62 3062 373 3113 erexerunt
404 3057 526 3127 (an.
550 3060 723 3127 1370).
750 3058 861 3115 Sed
890 3058 1175 3123 dominus
1207 3060 1358 3112 Deus
1389 3063 1443 3113 et
1470 3058 1568 3130 pia
1600 3074 1722 3113 ma-

61 3149 143 3199 ter
162 3147 210 3217 ej
224 3163 292 3200 us
320 3162 443 3202 non
475 3147 639 3202 obliti
670 3147 1070 3205 misericordia
1114 3162 1218 3201 sue
1269 3163 1376 3201 nec
1407 3148 1721 3202 ecclesiam

68 3239 333 3290 nostram
358 3236 609 3292 omnino
633 3236 1132 3309 derelinqucntes,
1154 3252 1225 3291 ex
1252 3242 1383 3307 post
1406 3237 1725 3308 aliqualem

66 3324 536 3381 consolationem
566 3325 934 3391 refuderunt,
986 3325 1365 3397 disponendo
1400 3328 1561 3397 quod
1597 3326 1725 3381 ofﬁ-

63 3410 190 3467 ciati
216 3412 454 3469 domini
500 3413 685 3471 nostri
731 3414 996 3486 episcopi
1041 3432 1228 3487 prope
1278 3420 1539 3470 castrum
1586 3415 1731 3473 Wol-

60 3500 349 3575 densteyn
378 3503 586 3561 habito
616 3504 840 3560 insultu
861 3521 1001 3560 cum
1030 3505 1411 3572 adversariis,
1436 3510 1501 3559 24
1534 3520 1727 3559 arma-

64 3595 146 3643 tos
193 3593 473 3662 pociores
514 3592 589 3649 de
638 3593 932 3650 dictorum
984 3594 1209 3649 ducum
1244 3593 1511 3650 clientela
1559 3611 1725 3666 cepe-

63 3683 213 3747 runt,
236 3680 503 3747 ipsomet
522 3682 673 3739 duce
700 3684 909 3739 Ottone
934 3697 1041 3753 per
1072 3682 1279 3751 fugam
1304 3682 1399 3737 vix
1414 3682 1722 3736 evadente.

65 3770 134 3823 Bx
174 3774 312 3826 tunc
335 3771 868 3828 intervenientibus
895 3772 1126 3843 placitis
1154 3779 1354 3835 treuge
1385 3772 1535 3826 facte
1568 3777 1725 3837 sunt,

59 3862 110 3911 et
143 3860 391 3916 tandem
424 3860 676 3933 opidum
725 3862 945 3917 Alvede
978 3878 1115 3917 cum
1145 3866 1337 3919 castro
1367 3876 1526 3916 novo
1556 3861 1727 3915 resti-

60 3951 248 4003 tutum
278 3954 370 4005 est
415 3950 609 4011 nobis,
645 3956 701 4006 et
743 3951 963 4022 captivi
1012 3951 1237 4005 ducum
1264 3955 1400 4005 sunt
1440 3950 1607 4005 liberi
1637 3950 1724 4005 di-

57 4037 245 4092 missi.
286 4040 453 4096 ldem
490 4039 774 4096 dominus
820 4044 1020 4095 noster
1070 4042 1391 4113 episcopus
1444 4044 1565 4096 toto
1615 4057 1726 4095 suo

56 4130 324 4199 tempore
358 4128 579 4184 multas
605 4135 661 4186 et
690 4131 957 4187 diversas
982 4132 1375 4187 adversitates
1408 4130 1466 4186 in
1501 4130 1724 4203 spoliis,

56 4216 350 4275 incendiis
410 4223 467 4274 et
518 4220 943 4277 rebellionibus
992 4237 1263 4288 suorum,
1316 4220 1394 4277 ab
1445 4220 1726 4275 omnibus

55 4306 628 4378 circumjecentibus
657 4310 934 4376 ducibus,
968 4310 1293 4375 nobilibus,
1323 4315 1377 4365 et
1407 4325 1725 4380 oppresso-

55 4395 219 4450 ribus
255 4397 386 4451 suis
440 4398 967 4470 impugnatoribus
1021 4399 1371 4467 gravissime
1407 4414 1725 4470 perpessus
1768 4435 1811 4485 Β

54 4489 157 4549 est,
194 4486 303 4540 sed
341 4491 546 4541 tamen
581 4487 675 4542 Dei
709 4492 765 4543 et
812 4487 1110 4555 genitricis
1139 4503 1242 4541 sue
1290 4487 1461 4543 Marie
1504 4488 1735 4556 adjuto-

52 4574 160 4641 rio,
197 4577 259 4631 in
292 4594 424 4649 qua
454 4577 628 4649 plene
651 4578 1013 4645 confidebat,
1048 4578 1107 4633 in
1136 4577 1383 4647 singulis
1414 4577 1725 4631 laudabili-

58 4670 138 4718 ter
169 4667 492 4739 prevaluit.
542 4670 814 4723 Castrum
848 4667 1211 4724 Calenberch
1246 4668 1499 4731 obsedit,
1533 4673 1587 4721 et
1616 4666 1729 4721 ﬂu-

55 4754 215 4810 vium
255 4760 527 4828 l.eynam
574 4758 841 4821 abduxit,
894 4758 1131 4827 magnis
1180 4763 1381 4812 tamen
1424 4752 1730 4811 lal‘nOribus

52 4848 105 4896 et
135 4845 450 4917 expensis,
478 4861 587 4918 pro
620 4849 682 4900 ut
703 4845 886 4917 liquet
908 4850 1202 4901 Castrum.
1229 4844 1556 4913 (loldingen
1582 4845 1732 4917 (223)

55 4933 304 4989 ecclesie
356 4938 559 4990 nostra
623 4935 956 5007 acquisivit,
1006 4951 1113 5008 per
1171 4935 1358 4990 multa
1417 4935 1734 5006 dispendia

1841 1808 1937 1862 vit.
1968 1812 2213 1879 Insuper
2240 1810 2487 1865 calicem
2517 1809 2591 1865 de
2623 1826 2775 1867 auro
2815 1826 2967 1881 puro
3000 1808 3254 1877 gemmis
3284 1806 3498 1880 pretio-

1840 1895 1920 1950 sis
1948 1895 2307 1951 adornatum
2329 1897 2571 1952 ecclesie
2594 1903 2793 1954 nostre
2814 1898 2995 1952 dedit.
3010 1896 3495 1953 Anniversarium

1841 2001 2019 2038 suum
2051 1985 2297 2041 instituit
2346 1986 2729 2058 solempniter
2767 1987 2827 2041 in
2861 1986 3112 2041 ecclesia
3160 1991 3363 2043 nostra
3390 2000 3496 2057 pe-

1836 2073 2191 2142 ragendum.
2226 2074 2440 2129 Aulam
2492 2075 2895 2146 episcopalem
2939 2075 3116 2147 quasi
3154 2074 3414 2130 dirutam
3441 2078 3498 2128 et

1835 2168 2123 2218 vetustate
2140 2169 2563 2235 consumptam
2587 2164 2917 2219 reediﬁcari
2940 2163 3302 2236 procuravit.
3330 2162 3498 2219 Clau-

1838 2257 2024 2308 strum
2048 2253 2556 2308 Cartbusiensium
2585 2253 2858 2309 fundavit
2875 2254 3174 2323 adjutorio
3197 2252 3499 2308 bonorum

1835 2341 2101 2397 virorum
2134 2347 2191 2397 et
2218 2342 2547 2399 redditibus
2578 2342 2823 2403 dotavit.
2844 2343 2975 2414 Ipse
3006 2342 3157 2397 rexit
3182 2340 3499 2397 ecclesiam

1834 2436 2105 2487 nostram
2132 2432 2307 2487 annis
2356 2432 2591 2500 triginta
2640 2431 2846 2499 tri-bus,
2870 2437 2937 2491 et
2979 2436 3103 2486 erat
3133 2430 3255 2489 suis
3292 2429 3500 2485 subdi-

1839 2520 1907 2575 tis
1939 2520 2249 2592 presertim
2283 2520 2508 2575 clericis
2534 2520 2790 2577 multum
2812 2519 3068 2575 affabilis
3092 2525 3147 2575 et
3174 2519 3499 2588 benignus;

1836 2608 1943 2663 fuit
1968 2606 2327 2664 sufﬁcienter
2354 2608 2664 2673 litteratus,
2695 2612 2752 2665 et
2776 2607 2913 2667 ideo
2937 2606 3293 2663 clericorum
3326 2605 3495 2661 fauc-

1836 2702 1944 2753 tor.
1966 2698 2153 2755 Etiam
2185 2698 2405 2753 multas
2436 2697 2736 2753 orationes
2767 2701 2823 2752 et
2851 2697 3177 2761 dictaturas
3208 2700 3331 2751 tam
3360 2710 3498 2767 pro-

1836 2803 2048 2858 saycas
2078 2802 2263 2859 quam
2314 2788 2590 2847 metricas
2617 2802 2725 2858 per
2751 2802 2811 2839 se
2853 2786 3057 2858 ipsum
3084 2784 3273 2840 edidit
3297 2788 3354 2838 et
3376 2783 3497 2839 dic-

1836 2876 1991 2932 tavit.
2049 2881 2185 2948 lpso
2240 2882 2443 2931 autem
2498 2876 2559 2929 in
2604 2880 2755 2932 etate
2795 2875 3098 2946 decrepita
3154 2872 3497 2941 constituto,

1836 2966 2055 3021 subditi
2088 2966 2177 3020 sui
2209 2970 2265 3021 et
2311 2965 2573 3021 maxime
2600 2964 2842 3021 ecclesie
2882 2963 3093 3019 vasalli
3124 2962 3415 3018 tumultus
3441 2968 3503 3018 et

1764 3083 1804 3134 Ο
1836 3072 2096 3125 gwerras
2122 3056 2275 3111 inter
2305 3072 2364 3109 se
2414 3070 2626 3123 graves
2665 3054 3137 3111 concitaverunt.
3182 3058 3245 3108 ln
3272 3052 3497 3124 quibus

1839 3145 2085 3202 ecclesia
2117 3150 2320 3201 nostra
2350 3145 2613 3200 maxime
2640 3144 2992 3216 periclitata,
3014 3158 3228 3212 graves
3258 3157 3501 3214 oppres-

1840 3235 2038 3290 siones
2070 3239 2125 3290 et
2154 3234 2403 3305 injurias
2437 3234 2787 3289 sustinebat.
2817 3233 3116 3305 Episcopo
3148 3248 3289 3287 vero
3319 3246 3502 3303 prop-

1840 3328 1925 3379 ter
1955 3325 2186 3379 senium
2209 3323 2519 3378 deticiente
2551 3326 2606 3378 et
2634 3322 3021 3379 rebellionem
3044 3320 3314 3393 ipsorum
3342 3334 3504 3374 eom-

1838 3428 2079 3483 pescere
2107 3428 2229 3467 non
2260 3412 2515 3479 valente,
2550 3410 2682 3466 talis
2728 3410 2948 3464 modus
2977 3408 3311 3476 intervenit,
3336 3406 3504 3479 quod

1838 3502 2101 3557 domnus
2155 3504 2419 3556 Joannes
2466 3500 2624 3554 ﬁlius
2681 3498 2914 3555 comitis
2969 3498 3043 3551 de
3120 3500 3305 3567 Hoya,
3361 3501 3505 3551 tunc

1838 3590 2156 3661 episcopus
2188 3605 2289 3643 seu
2323 3588 2544 3643 electus
2593 3585 3130 3651 Padeburnenseis,
3156 3585 3217 3640 in
3249 3583 3501 3652 coadju-

1835 3682 2024 3733 torem
2056 3677 2262 3731 domni
2317 3675 2585 3747 episcopi
2628 3673 3108 3731 Hidensemensis
3152 3675 3502 3744 assumptus

1836 3774 1941 3833 est,
1971 3768 2072 3838 qui
2120 3766 2467 3821 insolentias
2506 3769 2643 3820 ante
2670 3764 2906 3820 habitas
2950 3762 3283 3827 retrenavit,
3322 3765 3504 3833 prout

1838 3856 2171 3928 aliqualiter
2224 3856 2398 3922 fecit;
2449 3870 2574 3926 quo
2616 3853 2905 3911 translato
2951 3852 3028 3907 ad
3080 3851 3500 3923 episcopatum

1840 3948 2405 4009 Hildensemensem,
2490 3944 2754 4000 domnus
2838 3942 3181 3999 Gherardus
3261 3940 3501 3995 modico

1842 4044 2103 4109 tempore
2162 4034 2491 4107 supervixit
2535 4036 2631 4104 ιη,
2681 4039 2738 4090 et
2787 4033 3105 4090 defunctus
3167 4032 3286 4101 (an.
3344 4032 3500 4100 1398,

1840 4128 1991 4182 Nov.
2070 4129 2155 4189 15)
2214 4123 2379 4195 apud
2461 4122 2915 4177 Cartbusienses
2981 4120 3504 4175 Hildensemenses

1841 4215 2129 4287 sepultus,
2190 4213 2433 4269 feliciter
2490 4213 2549 4267 in
2607 4212 2835 4268 Christo
2886 4210 3242 4281 requiescat.
3290 4211 3505 4276 Amen,

1839 4311 1946 4361 etc.
2434 4358 2435 4363 η

2410 4390 2767 4447 JOHANNES
2798 4390 2936 4443 38‘“.

1916 4487 2064 4537 Ante
2095 4480 2288 4535 dictus
2321 4483 2520 4533 autem
2540 4478 2842 4534 Johannes
2858 4476 2935 4532 ad
2956 4476 3371 4547 episcopatum
3390 4471 3505 4527 Hil-

1838 4575 2290 4628 densemensem
2317 4566 2711 4639 promotus,in
2736 4581 2846 4621 suo
2872 4564 3113 4620 introitu
3139 4562 3343 4634 aliqua
3361 4559 3502 4616 satis

1841 4669 2121 4717 strennue
2155 4658 2349 4723 gessit.
2387 4662 2533 4712 Nam
2559 4656 2775 4710 ducem
2808 4653 3184 4709 Fredericum
3216 4650 3289 4706 de
3321 4653 3503 4704 Brun-

1842 4751 2031 4819 swig’g
2052 4753 2268 4803 terram
2319 4746 2867 4801 Hildensemensem
2904 4741 3345 4814 opprimentem
3374 4738 3500 4809 ipse

1844 4839 2214 4912 compescuit
2236 4844 2293 4893 et
2311 4836 2808 4909 repressit.Etiam
2830 4838 3091 4889 castrum
3108 4829 3336 4885 Vreden
3351 4828 3501 4897 (226)

1844 4930 2088 4986 ecclesie
2113 4925 2585 4982 Hildeusemensi
2612 4924 2866 4979 multum
2894 4917 3283 4996 prejudiciale
3315 4930 3501 4987 expu-

1444 5048 1675 5102 VARIAE
1716 5042 2119 5102 LECTIONES.

124 5165 493 5238 13"tetaatdit
525 5181 575 5221 ε.
634 5166 814 5238 t3‘tde
846 5182 969 5238 qua
1000 5166 1257 5238 pecunia
1291 5163 1617 5219 construxit
1644 5167 1700 5219 et
1730 5161 1957 5217 dotavit
1983 5176 2053 5214 ac
2082 5158 2353 5215 fundavit
2381 5154 2757 5212 Carthusiam
2789 5168 2975 5226 prope
3006 5148 3255 5206 Hildem.
3316 5146 3388 5182 “°
3412 5146 3500 5204 ita

49 5250 97 5289 c.
182 5224 252 5269 1“
287 5237 386 5290 VH
421 5252 471 5290 ε.
504 5239 575 5271 ¹⁴²
607 5237 755 5293 obiit
784 5224 929 5308 eréo
961 5224 1019 5292 at
1050 5234 1114 5291 D.
1150 5239 1306 5291 1398.
1340 5241 1391 5290 2.

1672 5342 1892 5399 NOTAE.

117 5452 265 5521 (219)
301 5453 345 5506 Ι.
385 5467 441 5506 e.
471 5451 824 5509 baronibus.

117 5508 267 5592 (220)
332 5526 623 5578 Farmsen
667 5525 744 5579 ab
793 5524 1016 5580 oriente
1060 5525 1355 5589 civitatis;
1404 5523 1739 5580 Chronicon

42 5594 237 5721 1s)anctti
268 5594 503 5663 IEgidii
531 5599 589 5651 et
618 5596 805 5651 Botho
827 5596 1231 5652 Gheimessem
1253 5602 1309 5652 et
1330 5596 1573 5651 Dinklar
1601 5593 1736 5649 scri-

89 5681 172 5720 un
203 5708 216 5719 .

116 5708 269 5809 (221)
294 5735 917 5795 Salzderheldensem.

1918 5450 2064 5514 (222)
2097 5447 2557 5513 Gottingensem.

1917 5512 2038 5589 (223
2046 5540 2057 5589 λ
2084 5538 2119 5575 a
2146 5522 2352 5589 Magno
2386 5514 2537 5571 duce
2568 5512 3049 5587 oppigneratum.

1915 5592 2059 5661 (2-24.)
2090 5588 2409 5661 Salzgitter.

1931 5666 2060 5733 225)
2090 5660 2351 5733 Misburg
2370 5672 2562 5733 prope
2587 5659 2928 5733 Hannover.

1931 5666 2060 5733 225)
2090 5664 2351 5739 Misburg
2370 5672 2562 5788 prop‘e
2587 5664 2928 5719 Hannover.

1908 5664 2050 5808 (226)
2084 5732 2163 5791 ad
2192 5733 2456 5803 Leinam,
2543 5726 2666 5787 aud
2707 5727 2920 5812 procul
2968 5744 3006 5786 ιι
3034 5720 3490 5787 Gandersheim.
