3888 6416
338 281 474 334 1279

339 490 424 557 tit,
453 493 511 545 et
540 488 624 543 sic
654 488 716 543 in
769 492 923 543 statu
968 487 1322 558 competenti
1352 492 1408 540 et
1448 486 1588 541 satis
1619 482 1869 555 paciﬁco
1898 498 1988 536 ec-

341 578 587 634 clesiam
646 576 1195 631 Hildensemensem
1224 574 1450 631 circiter
1474 580 1542 630 20
1582 588 1774 629 annos
1820 572 1991 642 juxta

341 666 592 723 modum
620 681 795 720 suum
820 664 1219 720 rexit.lnterea
1246 668 1443 719 tamen
1466 662 1689 719 factum
1712 664 1798 716 est
1825 657 1991 732 quod

343 751 695 810 venerabilis
724 752 986 807 domnus
1019 751 1330 821 Eghardus
1350 751 1423 806 de
1448 751 1754 806 Hanenzee
1783 762 1994 819 prepo-

346 842 490 897 situs
516 838 758 895 ecclesie
777 838 1302 905 Hildensemensis,
1325 838 1415 893 vir
1440 852 1658 907 magne
1672 836 1992 892 litterature

346 932 403 984 et
448 926 761 994 industrie,
804 927 1040 982 sinistro
1084 930 1298 982 eventu
1345 925 1423 981 ab
1466 925 1785 981 emunitate
1830 920 1992 977 urbis

345 1016 864 1085 Hildensemensis,
913 1015 1199 1072 violenter
1246 1018 1542 1071 extractus
1589 1018 1645 1069 et
1675 1013 1991 1077 abductus,

346 1105 520 1178 quasi
548 1105 753 1160 fuisset
781 1104 1032 1160 violator
1058 1104 1223 1177 pacis
1254 1108 1423 1170 terre,
1455 1118 1571 1175 que
1616 1106 1759 1157 tunc
1788 1099 1994 1167 vulga-

350 1195 485 1249 riter
511 1192 798 1249 lantfrede
822 1192 1150 1260 dicebatur,
1183 1192 1241 1247 in
1274 1192 1417 1247 turri
1446 1189 1772 1248 Sturwalde
1799 1188 1994 1243 incar-

350 1285 579 1337 ceratus
605 1285 661 1336 et
683 1296 790 1352 per
812 1280 964 1335 duos
994 1280 1113 1335 fere
1145 1295 1335 1335 annos
1360 1279 1507 1335 inibi
1533 1278 1805 1333 detentus
1835 1276 1995 1331 diem

351 1386 527 1425 suum
555 1369 778 1425 ibidem
804 1369 1014 1425 clausit
1056 1373 1389 1425 extremum
1413 1387 1426 1435 ;
1459 1367 1534 1423 de
1571 1384 1694 1439 quo
1719 1366 1867 1421 dum
1894 1380 1995 1419 ru-

350 1475 482 1515 mor
511 1458 691 1515 exiret
718 1459 892 1531 quasi
917 1458 1091 1514 fuerit
1117 1458 1178 1513 in
1199 1458 1410 1514 eadem
1431 1456 1575 1513 turri
1598 1455 1848 1522 occisus,
1866 1470 1996 1528 pre-

351 1548 505 1604 fatus
532 1547 792 1602 domnus
838 1546 1155 1619 episcopus
1204 1563 1409 1602 coram
1449 1545 1821 1601 multitudine
1853 1559 1996 1598 con-

353 1635 710 1706 gregationis
732 1635 871 1691 cleri
920 1640 976 1691 et
998 1635 1206 1708 populi
1258 1633 1754 1691 Hildensemensis
1776 1638 1831 1687 et
1861 1648 1998 1687 suo-

1538 270 1898 330 APPENDIX
1938 271 1993 327 S.
2035 271 2537 330 GODEHARDUM.

337 399 560 471 gnavit,
592 402 949 472 cooperante
975 399 1125 453 duce
1145 397 1435 466 Heinrico,
1452 402 1509 452 et
1532 395 1799 452 funditus
1823 408 1983 448 ever-
2019 398 2064 448 Α
2092 393 2471 450 hostilissime
2526 395 2971 467 pervagarunt;
3015 406 3134 464 que
3171 388 3435 463 quidem
3464 400 3723 456 gwerre
3748 400 3780 440 e

3658 264 3803 317 i280

3781 354 3803 405 ι

2097 481 2351 538 inimicie
2382 483 2527 538 citra
2555 488 2672 538 tres
2694 496 2887 537 annos
2917 477 3239 535 continuos
3264 478 3602 550 protr-acte
3637 478 3796 541 sunt;

2096 572 2155 627 in
2198 573 2417 645 quibus
2447 576 2737 629 nostrates
2780 570 2973 627 eciam
3002 570 3065 625 in
3108 567 3356 624 duobus
3386 563 3798 622 conﬂictibus

2096 661 2600 733 dampnosissime
2649 658 3116 726 succubuerunt,
3143 671 3421 729 quorum
3479 669 3666 708 unus
3700 652 3801 707 fuit

2097 766 2283 825 prope
2309 752 2613 809 Osterwilk
2643 755 2701 807 et
2723 750 2869 806 alter
2897 765 3087 822 prope
3121 750 3317 804 Grone
3352 745 3544 817 (227),
3586 744 3653 798 in
3681 758 3798 816 quo

2098 840 2358 896 domnus
2386 840 2543 896 ﬁlius
2568 838 2736 895 ducis
2769 836 3043 904 Saxonie,
3076 839 3283 892 noster
3312 830 3800 889 concanom'cus

2099 934 2155 985 et
2178 929 2419 985 ecclesie
2448 928 2652 986 Montis
2704 926 2895 982 sancti
2925 925 3175 984 Mauritii
3198 922 3601 998 prepositus,
3636 920 3796 975 heu!

2100 1018 2291 1073 fuerat
2345 1016 2685 1073 interfectus
2741 1017 2859 1087 (an.
2919 1015 3099 1085 1421).
3161 1012 3383 1079 Qualia
3448 1013 3514 1066 et
3566 1012 3803 1082 quanta

2101 1106 2367 1178 dampna
2392 1104 2642 1161 ecclesia
2670 1108 2726 1160 et
2749 1108 2871 1159 tota
2901 1107 3058 1159 terra
3082 1106 3293 1157 nostra
3325 1116 3406 1156 ex
3434 1100 3570 1155 hoc
3604 1102 3802 1170 pertu-

2101 1194 2248 1262 lerit,
2275 1210 2396 1250 non
2418 1193 2588 1250 facile
2617 1197 2708 1249 est
2755 1191 3117 1258 describere,
3163 1195 3254 1245 set
3283 1188 3621 1245 hodierna
3645 1184 3803 1240 debi-

2103 1288 2297 1338 torum
2327 1297 2511 1338 onera
2537 1285 2592 1337 et
2618 1280 2736 1337 alia
2782 1283 2945 1335 certa
2969 1277 3194 1334 indicia
3227 1275 3581 1332 manifeste
3613 1272 3804 1328 decla-

2100 1376 2270 1438 rant;
2300 1371 2460 1426 unde
2480 1370 2703 1426 factum
2728 1373 2816 1425 est
2839 1367 3007 1441 quod
3030 1366 3342 1439 predictus
3365 1364 3671 1420 domnus
3697 1362 3808 1433 epi-

2105 1477 2341 1533 scopus,
2374 1465 2495 1516 tam
2526 1458 2690 1515 senio
2716 1473 2903 1531 quam
2939 1455 3197 1529 penuria
3225 1455 3301 1489 “5
3333 1467 3728 1527 oppressus,
3754 1451 3805 1505 in

2104 1548 2511 1619 coailjutorem
2543 1563 2719 1603 suum
2742 1545 2962 1617 recepit
2980 1544 3282 1599 domnum
3304 1544 3632 1611 Magnum
3652 1538 3807 1594 illus-

2107 1638 2206 1692 tris
2233 1636 2401 1691 ducis
2429 1636 2497 1669 ¹⁴⁶
2527 1634 2779 1691 Saxonie
2802 1633 3014 1702 ﬁlium,
3043 1636 3186 1687 tunc
3213 1629 3683 1704 episcopatum
3712 1629 3808 1683 Ca-

350 1740 486 1781 rum
549 1723 892 1778 vasalorum
950 1723 1435 1795 protestationem
1504 1721 1808 1793 publicam
1866 1720 2000 1775 fecit
2038 1737 2077 1790 3
2107 1725 2460 1787 minensem,
2490 1728 2547 1779 et
2584 1723 2785 1794 ipsum
2830 1720 3155 1777 accedente
3200 1732 3538 1774 consensu
3582 1721 3649 1771 et
3678 1730 3807 1770 con-

353 1813 474 1884 (an.
510 1816 691 1881 1405),
722 1812 887 1884 quod
912 1812 987 1867 de
1018 1812 1422 1867 interfectione
1452 1827 1557 1865 seu
1589 1814 1776 1865 morte
1816 1809 2003 1881 ipsius

354 1900 873 1973 domniprepositi
901 1900 1030 1972 ipse
1076 1900 1223 1954 foret
1272 1900 1561 1955 innocens
1610 1903 1664 1952 et
1696 1898 2001 1966 immunis,

355 1994 412 2044 et
458 1988 537 2045 ad
583 1989 1043 2060 expurgandum
1094 2004 1154 2042 se
1185 1990 1263 2043 ad
1311 1989 1424 2043 hoc
1473 2003 1676 2043 coram
1725 1985 2005 2041 omnibus

355 2081 633 2149 paratum
661 2092 723 2131 se
770 2076 1094 2140 offerebat;
1139 2082 1226 2132 set
1266 2076 1469 2131 habito
1519 2074 1815 2146 colloquio
1861 2074 2008 2129 inter

356 2164 488 2219 illos
515 2164 622 2236 qui
646 2168 786 2219 tunc
818 2168 1119 2234 presentes
1150 2165 1416 2229 aderant,
1458 2164 1864 2234 juramentum
1895 2162 2004 2234 ipsi

358 2252 585 2308 domno
629 2252 909 2324 episcopo
952 2257 1077 2306 erat
1122 2253 1458 2306 remisSum.
1501 2254 1568 2307 Ut
1614 2258 1813 2306 tamen
1843 2250 2004 2305 omni

356 2356 506 2414 pace
532 2340 782 2409 dicatur,
813 2341 972 2396 idem
1003 2342 1263 2396 domnus
1295 2341 1611 2413 episcopus
1641 2341 1700 2395 in
1726 2340 2006 2413 prodiga-

357 2429 516 2485 litate
546 2434 603 2484 et
652 2428 1011 2483 feminarum
1051 2429 1439 2484 contubernio
1481 2429 1633 2484 ultra
1665 2444 2005 2483 mensuram

360 2522 416 2574 et
442 2518 577 2590 plus
604 2533 791 2590 quam
822 2518 1038 2583 decuit,
1071 2517 1312 2572 laxabat
1342 2518 1611 2572 habenas
1640 2536 1652 2583 ;
1682 2534 1804 2590 qua
1829 2534 2007 2590 prop—

360 2613 446 2663 ter
474 2606 699 2662 factum
729 2609 815 2661 est
848 2610 907 2661 ut
932 2606 1136 2661 omnia
1166 2612 1358 2661 castra
1398 2612 1453 2662 et
1481 2606 1888 2678 possessiones
1914 2624 2007 2661 ec-

361 2693 553 2763 clesie,
610 2709 720 2748 nec
767 2708 889 2748 non
939 2693 1101 2747 bona
1152 2693 1229 2748 ad
1277 2708 1554 2748 mensam
1606 2691 2008 2763 episcopalem

362 2782 709 2855 spectantia,
750 2781 845 2836 vel
892 2782 1291 2852 impignorata
1341 2781 1431 2836 vel
1475 2780 1731 2835 alienata
1775 2780 1852 2834 ab
1878 2780 2010 2851 ipso

361 2874 500 2927 sunt
524 2870 747 2937 relicta,
777 2874 833 2925 et
860 2870 1023 2941 quia,
1068 2875 1133 2925 ut
1155 2870 1453 2943 apparuit,
1484 2868 1737 2924 nimium
1766 2867 2009 2938 laycali-

360 2963 447 3014 ter
484 2974 546 3013 se
591 2956 791 3026 gessit,
850 2957 1103 3028 plurime
1143 2956 1584 3011 exhorbitancie
1633 2961 1687 3010 et
1735 2956 2009 3011 inconve-

362 3045 585 3101 nientia
633 3048 771 3099 sunt
817 3050 1038 3114 secuta,
1083 3050 1326 3117 propter
1363 3061 1480 3116 que
1520 3049 1576 3098 et
1616 3044 1792 3099 etiam
1840 3045 2012 3116 plura

365 3134 502 3202 alia,
529 3137 709 3205 prout
755 3133 1128 3188 ver-similiter
1156 3132 1576 3187 formidandus
1623 3138 1709 3187 est
1739 3135 2016 3205 omnipo-

365 3228 495 3278 tens
525 3224 700 3286 Deus,
752 3220 1180 3293 multiplicibus
1211 3220 1460 3291 ﬂagellis
1508 3222 1580 3254 “3
1613 3237 1722 3275 nos
1750 3228 1805 3276 et
1836 3228 2019 3280 totam

361 3315 583 3365 terram
607 3313 874 3364 nostram
903 3314 959 3363 et
1002 3315 1237 3377 gentem
1285 3309 1631 3377 gravissime
1680 3311 1917 3379 attrivit,
1964 3319 2020 3369 et

365 3395 680 3469 presertim
709 3413 782 3452 ex
805 3413 877 3451 eo
924 3397 1108 3469 quod,
1144 3402 1408 3452 extremo
1454 3401 1716 3469 tempore
1748 3399 1856 3453 vite
1889 3416 2018 3456 sue.

365 3484 635 3541 videlicet
672 3485 751 3541 ad
792 3485 1058 3557 quinque
1128 3500 1321 3541 annos
1379 3489 1514 3539 ante
1564 3485 1792 3540 obitum
1836 3488 2022 3559 ipsius

365 3574 572 3630 domui
619 3574 900 3646 episcopi,
950 3573 1335 3629 intolerabilis
1406 3579 1725 3646 tempestas
1771 3591 2023 3644 gwerra-

364 3679 499 3717 rum
523 3667 579 3717 et
620 3661 915 3717 bellorum
947 3666 1154 3716 contra
1185 3677 1297 3716 nos
1334 3661 1669 3716 insurrexit.
1704 3666 1849 3717 Nam
1877 3680 2020 3719 con-

366 3752 610 3808 federati
658 3753 1142 3824 archiepiscopus
1186 3751 1575 3817 Coloniensis,
1628 3753 2022 3825 archiepisco-

363 3854 478 3911 pus
525 3838 1034 3907 Magdburgensis,
1083 3840 1401 3910 episcopus
1472 3837 2020 3906 Halberstadensis,

373 3940 585 3981 omnes
616 3925 800 3979 duces
844 3926 1317 3981 Brunswicenses
1338 3931 1392 3981 et
1431 3926 1920 3994 Luneburgenses
1958 3928 2015 3980 et

374 4012 775 4069 Steswicensis
802 4014 895 4081 1“,
926 4019 983 4068 et
1011 4014 1336 4069 multarum
1362 4020 1649 4069 terrarum
1675 4030 1861 4086 quam
1891 4013 2020 4085 plu-

371 4116 465 4156 res
492 4101 736 4156 comites
768 4107 826 4156 et
874 4102 1129 4157 barones
1158 4118 1295 4156 cum
1342 4101 1625 4157 omnibus
1654 4102 1923 4173 ipsorum
1944 4100 2023 4155 ci-

370 4188 646 4244 vitatibus
675 4194 732 4245 et
760 4190 998 4245 vasallis
1021 4195 1225 4245 contra
1255 4189 1449 4245 solum
1476 4189 2026 4245 Hildensemensem

372 4276 786 4350 episcopatum
832 4279 1100 4334 ferociter
1126 4278 1301 4351 quasi
1327 4278 1588 4334 eundem
1637 4277 1891 4333 totaliter
1920 4276 2023 4332 de-

372 4366 662 4421 vastaturi
690 4372 1096 4422 convenerunt
1122 4383 1191 4422 ac
1213 4367 1411 4440 ipsum
1443 4368 1910 4438 circumquaque
1936 4382 2025 4421 ra—

374 4453 549 4525 pinis,
580 4454 890 4525 incendiis,
935 4455 1460 4523 interfectionibus,
1502 4455 2021 4528 captivationibus,

375 4542 899 4616 depactationibus
930 4551 987 4600 et
1015 4544 1399 4601 ecclesiarum
1445 4543 2024 4602 concremationibus

2115 1812 2278 1868 cordi
2325 1811 2608 1866 electione
2658 1809 2899 1882 capituli
2948 1806 3484 1863 Hildensemensis
3542 1820 3670 1860 nec
3700 1818 3808 1857 non

2113 1900 2490 1956 conniventia
2521 1899 2658 1954 cleri
2692 1902 2872 1970 atque
2897 1895 3275 1952 vasallorum
3308 1898 3371 1950 et
3412 1907 3714 1966 quorum
3738 1893 3813 1945 in-

2114 1989 2331 2057 terfuit,
2357 1988 2417 2043 in
2447 1988 2794 2060 episcopum
2811 1985 3393 2041 Hildensemensem
3427 1982 3565 2037 sibi
3598 1980 3812 2036 substi-

2118 2076 2196 2131 tui
2223 2093 2255 2130 a
2279 2076 2504 2129 domno
2531 2089 2690 2146 papa
2730 2072 2974 2130 Martino
3000 2071 3214 2144 quinto
3263 2069 3677 2142 impetravit.
3719 2070 3813 2122 Do-

2116 2179 2257 2218 muo
2302 2169 2500 2217 autem
2546 2165 2755 2231 Magno
2800 2161 2860 2215 in
2904 2159 3263 2231 episcopum
3308 2162 3633 2213 nostrum
3684 2172 3814 2228 pro-

2115 2256 2297 2317 moto,
2330 2251 2553 2305 factum
2584 2254 2670 2303 est
2694 2247 3024 2320 tripudium
3068 2246 3251 2301 totius
3280 2244 3436 2300 cleri
3474 2249 3545 2300 et
3584 2243 3816 2317 populi,

2116 2343 2329 2409 etpost
2358 2338 2523 2392 brevi
2560 2335 2870 2392 intervallo
2914 2334 3200 2408 temporis
3243 2334 3543 2390 domnus
3587 2331 3815 2405 episco-

2116 2443 2231 2499 pus
2274 2427 2572 2480 Johannes
2615 2430 2887 2480 mortuus
2934 2428 3027 2479 est
3070 2423 3133 2478 in
3159 2422 3372 2478 medio
3404 2420 3690 2478 ecclesie
3717 2437 3816 2475 no-

2118 2520 2233 2570 stre
2264 2515 2529 2586 sepultus
2562 2516 2651 2568 “7.
2701 2519 2834 2586 Ipse
2858 2513 3010 2568 rexit
3054 2511 3382 2567 ecclesiam
3429 2516 3735 2566 nostram
3757 2515 3813 2564 25

2119 2603 2292 2659 annis
2349 2603 2493 2657 citra
2558 2602 2651 2657 vel
2710 2602 2886 2670 ultra,
2954 2604 3011 2656 et
3091 2598 3387 2655 maximis
3462 2598 3817 2655 debitorum

2118 2692 2399 2748 oneribus
2458 2696 2768 2763 gravatam
2817 2696 2874 2747 et
2902 2690 3181 2746 omnium
3234 2705 3462 2745 rerum
3492 2689 3818 2760 :distraxio-

2117 2781 2296 2836 nibus
2348 2780 2585 2852 reliquit
2631 2778 2910 2852 eandem,
2963 2778 3308 2835 successori
3381 2793 3667 2850 quoque
3722 2792 3819 2832 suo

2119 2869 2349 2924 nullum
2378 2869 2614 2940 penitus
2654 2868 2855 2923 locum
2884 2868 3145 2924 liberum
3192 2866 3497 2923 nullosve
3552 2866 3819 2922 redditus

2120 2963 2223 3013 aut
2250 2957 2648 3030 paucissimos
2691 2962 2829 3028 post
2867 2972 2929 3012 se
2960 2955 3299 3028 dereliquit,
3357 2971 3569 3028 super
3601 2956 3818 3028 quibus

2051 3076 2091 3128 ο
2122 3045 2402 3100 omnibus
2427 3050 2634 3117 parcat
2663 3044 2775 3099 sibi
2803 3045 3190 3117 omnipotens
3221 3043 3410 3100 Deus.

2728 3132 3012 3188 MAGNUS
3057 3135 3178 3188 391³³
3696 3186 3705 3197 _

2201 3219 2360 3275 Idem
2387 3225 2584 3275 autem
2615 3220 2878 3275 domnus
2925 3222 3174 3289 Magnus
3214 3218 3685 3292 episcopatum
3718 3218 3823 3273 Hil-

2127 3309 2584 3363 densemeusem
2635 3313 2753 3364 tam
2781 3313 3045 3364 extreme
3093 3311 3619 3381 depauperatum
3671 3309 3826 3364 inve-

2129 3398 2320 3467 niens,
2350 3401 2643 3468 quantum
2690 3396 2763 3451 de
2792 3396 2915 3451 suis
2940 3397 3213 3469 pecuniis
3264 3399 3507 3469 potuit,
3546 3404 3828 3471 apporta-

2133 3485 2229 3553 vit,
2262 3484 2666 3540 mediantibus
2691 3483 2914 3556 quibus
2958 3486 3078 3540 huc
3119 3500 3320 3557 usque
3347 3484 3511 3541 vivit
3540 3491 3609 3542 et
3643 3502 3828 3559 perse-

2130 3578 2311 3627 verat.
2342 3572 2503 3627 ldem
2553 3571 2816 3627 domnus
2846 3574 3093 3641 Magnus
3132 3576 3411 3627 castrum
3447 3575 3665 3629 Grene
3694 3576 3826 3643 (228?

2129 3676 2265 3714 cum
2290 3661 2412 3715 suis
2433 3660 2761 3715 attinenciis
2775 3676 2810 3714 δ.
2830 3659 3058 3715 domna
3078 3659 3334 3715 ducissa
3349 3659 3435 3715 de
3458 3662 3827 3731 Brunswigh

2130 3747 2189 3802 in
2238 3748 2678 3820 possessionem
2721 3746 2960 3819 recepit.
3014 3751 3152 3820 Ipse
3201 3748 3396 3803 etiam
3451 3748 3824 3807 fortalicium

2133 3835 2539 3890 Dachtmissen
2590 3837 2734 3906 (229')
2783 3852 2820 3891 a
2865 3834 3115 3891 Ludolfo
3159 3836 3238 3892 de
3283 3838 3640 3895 Esscharte
3686 3855 3826 3895 com-

2130 3925 2376 3997 paravit,
2405 3924 2568 3996 quod
2600 3925 2797 3980 statim
2826 3940 2897 3980 ex
2942 3929 3080 3996 post
3107 3924 3251 3981 duci
3272 3927 3493 3982 Ottoni
3527 3927 3618 3985 de
3653 3931 3825 3984 Lune-

2134 4013 2325 4068 borch
2370 4013 2482 4067 sub
2512 4014 2682 4068 certis
2713 4013 2901 4084 pactis
2948 4012 3203 4070 restituit
3253 4030 3375 4087 pro
3414 4018 3827 4089 acquisitione

2132 4106 2188 4155 et
2216 4101 2526 4173 empcione
2557 4101 2821 4174 plurium
2852 4106 3193 4158 castrorum
3222 4102 3288 4158 in
3321 4103 3636 4162 dominio
3668 4109 3829 4162 Hom-

2130 4190 2436 4258 burgensi,
2499 4206 2608 4262 pro
2678 4190 2901 4262 quibus
2945 4190 3138 4249 eciam
3196 4193 3523 4261 grandem
3583 4196 3829 4267 pecunie

2133 4293 2436 4332 summam
2487 4277 2681 4333 eidem
2728 4277 2867 4333 duci
2915 4279 3114 4334 Ottoni
3161 4280 3496 4351 persolvit,
3562 4283 3829 4338 videlicet

2138 4366 2288 4421 ultra
2322 4370 2384 4420 10
2411 4365 2596 4423 millia
2624 4366 2989 4422 ﬂorenorum
3010 4368 3145 4422 auri
3170 4367 3247 4423 de
3281 4371 3459 4425 Reno
3490 4371 3568 4426 in
3600 4379 3832 4445 promta

2135 4470 2391 4526 pecunia
2402 4499 2406 4504 .

1557 4704 2099 4780 SU‘PPLEMENTUM
2138 4706 2202 4757 ΙΝ
2243 4703 2497 4758 CODICE
2535 4706 2588 4757 2.

442 4793 710 4849 Domnus
727 4795 971 4862 Magnus
989 4794 1127 4848 satis
1146 4793 1521 4849 laudabiliter
1539 4792 1685 4846 rexit
1706 4791 1767 4845 in
1788 4796 2013 4862 tempo-

376 4878 623 4951 ralibus,
648 4880 838 4937 multa
865 4888 1059 4937 castra
1101 4882 1244 4937 emit
1282 4882 1394 4938 sub
1424 4885 1733 4937 contractu
1757 4880 2027 4951 redemp-

378 4968 582 5024 cionis.
613 4969 768 5025 Obiit
796 4985 833 5025 a
860 4973 922 5024 D.
979 4970 1110 5024 1452
1140 4970 1299 5038 Sept.
1332 4972 1444 5041 2t),
1494 4967 1761 5041 sepultus
1806 4967 1869 5021 in
1899 4982 2026 5021 me-

382 5056 482 5113 dio
510 5057 772 5114 ecclesie.

455 5149 697 5204 Factum
739 5147 808 5181 ¹⁴⁸
857 5151 944 5202 est
971 5151 1238 5219 preterea
1264 5145 1430 5218 quod
1472 5144 1734 5200 domnus
1778 5145 2023 5214 Magnus

2120 4790 2284 4845 senio
2341 4796 2621 4860 gravatus
2651 4790 2711 4844 in
2741 4790 2932 4845 ﬁlium
2962 4790 3207 4860 eligeret
3252 4791 3584 4852 illustrem
3619 4801 3831 4870 princi-

2133 4893 2272 4949 pem
2298 4877 2592 4932 domnum
2635 4878 3066 4933 BERNARDUM
3103 4876 3337 4935 ducem
3367 4880 3453 4936 de
3491 4885 3835 4943 Brunswik.

2133 4963 2237 5034 qui
2267 4968 2556 5033 tanquam
2588 4961 2856 5033 provisor
2884 4961 3034 5016 rexit
3062 4961 3143 5017 ad
3170 4967 3200 5016 7
3230 4978 3475 5022 annos.

2206 5054 2288 5105 Ex
2305 5052 2373 5085 “9
2397 5055 2533 5122 post
2548 5050 2906 5104 ERNESTUS
2932 5064 3136 5104 comes
3164 5050 3243 5105 de
3264 5053 3693 5115 Scomborch
3716 5062 3824 5127 (230

2133 5139 2352 5195 electus
2380 5138 2491 5195 fuit
2517 5154 2573 5194 a.
2601 5139 2752 5207 1458,
2771 5138 2875 5210 qui
2901 5138 3303 5195 conﬁrmatus
3334 5145 3518 5202 rexit
3558 5149 3631 5205 13
3663 5166 3835 5207 εωως.

1744 5257 1977 5312 VARLE
2030 5256 2318 5312 LECTION
2326 5257 2426 5311 ES.

458 5344 918 5425 .iftflegellisc1
990 5350 1061 5425 ἷξε
1094 5347 1524 5425 sweswicenc.
1540 5422 1547 5425 Α
1612 5346 1686 5425 "f1
1700 5344 1963 5425 “penuria
1991 5344 2129 5416 plus
2158 5358 2345 5414 quam
2371 5343 2535 5398 senio
2561 5346 2615 5397 2.
2694 5344 2765 5377 “°
2796 5359 2913 5399 v0.7:
2941 5345 3161 5399 omissa
3191 5346 3260 5400 in
3290 5362 3350 5404 c.

390 5415 537 5471 mini
566 5417 700 5471 1424
720 5420 773 5471 2.
851 5418 919 5451 “3
946 5420 1071 5475 alia
1096 5434 1309 5475 manus
1336 5418 1570 5486 incipit.
1651 5416 1721 5449 “9
1752 5415 1877 5471 alia
1902 5415 2135 5471 manus.

3442 5355 3525 5394 “7
3567 5372 3746 5415 anno
3764 5359 3833 5411 Dx»

1971 5519 2205 5577 ΝΟΤᾸΞ.

465 5616 607 5757 ἱ227)
642 5615 796 5682 1421,
825 5616 1037 5678 Chron.
1073 5624 1130 5678 S.
1162 5621 1407 5692 Egidii;
1454 5621 1610 5701 1.422,
1640 5619 1847 5674 Botho.

484 5686 617 5757 228)
640 5684 814 5742 Haud
837 5691 1046 5757 proaul
1067 5706 1107 5749 θ.
1133 5692 1579 5752 Gaudersheim.

402 5716 430 5728 η
469 5684 617 5758 (228)
640 5684 814 5742 Haud
837 5691 1046 5758 prccul
1067 5706 1107 5749 ο.
1133 5684 1579 5752 (ἱαιῖἀθνεὶιθὶωι

2212 5618 2358 5760 929)
2385 5621 2571 5690 Prope
2595 5618 2902 5687 Burgdorf.

2232 5692 2336 5743 230
2382 5688 2819 5758 Schaumburg.

2232 5688 2358 5758 230)
2382 5688 2819 5758 Schaumburg.
