3888 6412
434 282 568 349 1233
666 313 673 320 -
1402 286 1806 346 nummum
1837 278 1969 343 cur

2270 280 2838 338 TEGERNSEENSIS
3699 281 3795 335 ηεξ

434 413 612 470 uisse.
646 414 811 470 Unde
841 413 891 470 si
932 410 1038 469 tibi
1066 415 1250 468 Deum
1305 410 1507 485 aliqua
1560 426 1670 485 per
1714 424 1825 467 nos
1854 405 2073 463 ﬁducia
2111 412 2155 459 Α
2183 403 2500 475 ponimus;
2534 402 2989 458 transmittimus
3018 399 3099 456 ad
3125 403 3183 456 te
3210 399 3378 455 hunc
3425 396 3665 453 fratrem
3702 415 3796 469 gra-

437 501 690 560 conﬁdis
725 502 1050 579 propitiari,
1086 501 1229 555 scito
1268 500 1432 572 quia,
1462 498 1598 554 licet
1627 514 1836 554 sumus
1864 510 2075 573 pecca-
2183 494 2265 548 tia
2294 492 2596 547 mercandi
2629 492 2836 547 vinum
2866 492 2927 545 in
2956 488 3256 546 concessis
3292 488 3401 544 Dei
3438 486 3795 544 muniﬁcentia

434 596 616 662 tores,
652 574 762 664 pro
800 574 972 645 nobis
1012 589 1156 661 ipsis
1202 603 1325 643 non
1368 584 1749 659 suﬁcientes,
1793 586 1878 643 tui
1925 600 2075 659 quo-
2185 580 2512 635 vindemiis.
2570 583 2649 634 De
2692 595 2814 653 quo
2862 594 2986 634 non
3034 576 3234 648 ignavi
3281 574 3681 664 sollicitudine
3719 578 3795 632 ior-

434 679 575 736 tidie
602 677 955 734 memoriam
979 675 1214 746 agimus
1240 675 1319 731 ad
1342 676 1821 732 DominumJam
1846 673 2078 730 dudum
2183 668 2503 735 midamus,
2537 684 2610 723 ne
2640 672 2718 723 ob
2745 665 3132 732 discordiam,
3166 680 3306 737 qua;
3338 664 3504 718 inter
3533 663 3793 719 dominum

438 768 596 825 enim
629 765 805 822 nobis
848 781 973 821 non
1003 766 1372 834 incognitum
1420 770 1526 829 est,
1570 781 1756 839 quam
1806 762 2077 818 sinceris-
2184 762 2354 813 tuum
2391 762 2447 811 et
2476 757 2803 828 principem
2852 754 3164 812 Britannia?
3198 752 3491 823 agitatur,
3535 751 3611 806 ab
3645 751 3797 825 aliquo

439 856 587 911 sime
603 857 724 910 Deo
747 853 1049 923 religionis
1074 851 1357 908 exhibeas
1395 853 1640 918 cultum,
1669 858 1726 908 et
1760 853 1862 908 Dei
1892 850 2076 906 servis
2180 846 2415 918 patiens
2456 845 2836 919 impediatur.
2869 847 2992 899 Tuo
3030 842 3235 915 itaque
3282 856 3437 897 eum
3484 839 3794 897 comittimus

435 944 829 1011 obsequium:
862 960 993 1016 quae
1020 943 1071 998 si
1098 942 1261 998 fama
1287 941 1513 997 silentio
1544 946 1780 1011 tegeret,
1810 941 2075 1017 ipsorum
2176 934 2476 991 tutamini.
2506 932 2894 1005 postulantes,
2927 937 2990 987 ut
3014 946 3124 1004 pro
3154 928 3513 996 Salvatoris,
3540 929 3629 984 cui
3656 930 3799 986 {amu-

437 1032 674 1089 claritas
700 1046 952 1104 operum
979 1044 1103 1087 non
1129 1035 1364 1086 taceret.
1396 1028 1519 1085 Hoc
1565 1046 1755 1085 unum
1786 1028 2078 1087 omnimo-
2182 1023 2397 1087 tamur,
2448 1022 2696 1088 honore,
2748 1021 2809 1077 in
2880 1035 3245 1096 quocunque
3318 1018 3572 1088 negotio
3623 1020 3798 1088 eguerit

438 1120 531 1177 dis
559 1136 898 1187 monemus,
931 1124 996 1174 ut
1021 1119 1085 1174 in
1114 1119 1275 1174 bono
1308 1118 1611 1173 ardentius
1640 1119 1927 1191 proﬁcere
1968 1123 2083 1171 stu—
2184 1110 2475 1174 subsidio,
2502 1109 2559 1165 ei
2590 1124 2710 1164 non
2736 1108 3012 1180 negligas
3038 1108 3355 1164 adsistere.
3384 1105 3506 1163 Sed
3536 1110 3594 1161 et
3617 1105 3799 1161 detelc

439 1205 607 1262 deas.
671 1207 964 1272 Quoniam
1033 1206 1210 1275 igitur
1285 1205 1713 1261 monasterium
1782 1208 2075 1270 nostrum,
2182 1200 2310 1254 neis
2334 1199 2395 1253 in
2427 1198 2590 1253 omni
2618 1198 2749 1253 loco
2779 1203 2836 1253 et
2866 1200 3063 1270 portu,
3092 1195 3198 1268 qui
3228 1199 3453 1251 vestra:
3481 1193 3679 1249 ditiOui
3702 1195 3799 1250 sub-

437 1295 601 1367 quod
646 1298 934 1350 vetustate
966 1294 1059 1349 sui
1086 1309 1237 1367 pene
1265 1293 1529 1349 vicinum
1569 1296 1657 1348 est
1700 1292 1908 1359 ruinae,
1940 1305 2078 1364 pro-
2180 1290 2355 1360 jacet,
2388 1304 2633 1343 oramus
2669 1292 2737 1343 ut
2764 1287 3021 1343 liberum
3062 1285 3227 1342 abire
3266 1285 3463 1351 sinas,
3496 1284 3647 1340 sicut
3674 1284 3728 1339 in
3764 1289 3798 1340 te

437 1383 601 1438 ximo
627 1383 826 1440 Martio
866 1389 1219 1452 restaurare,
1250 1382 1299 1438 si
1323 1382 1597 1438 annuerit
1624 1381 1927 1451 Divinitas,
1962 1380 2079 1436 dis-
2188 1376 2565 1438 conﬁdimus,
2598 1374 2756 1431 Vale.

455 1536 1990 1544 —-_———_————————

2458 1536 2669 1538 7,7,r
2772 1536 2781 1537 κ
2866 1536 3089 1538 γὶὴκγ

457 1525 3094 1559 Μ

1532 1670 2750 1792 αΑΝΑιιιοΝι

1900 1917 2378 2006 EPISTULA

1196 2092 1288 2144 AD
1321 2090 1734 2144 LETGARDEM
1762 2086 2200 2141 ABBATISSAM
2231 2085 2285 2139 S.
2321 2084 2552 2138 MARI/E
2585 2085 2671 2138 DE
2703 2082 3066 2138 CARITATE.

450 2230 716 2297 Gratias
743 2230 890 2320 agit
919 2230 997 2296 οὐ
1027 2229 1281 2297 litteras
1311 2228 1438 2297 sibi
1461 2229 1691 2297 missas
1720 2228 1804 2293 ab
1826 2225 2066 2296 eadem
2096 2224 2458 2305 abbatissa,
2496 2246 2643 2314 qua:
2664 2224 2755 2291 ab
2786 2246 2859 2289 eo
2883 2244 3169 2312 precum
3199 2220 3516 2290 subsidia
3538 2220 3796 2310 petierat.

868 2388 1145 2459 (Manna,
1174 2388 1401 2444 Annal.
1435 2386 1679 2454 Bened.,
1713 2387 1795 2451 IV,
1826 2382 2123 2455 Append.,
2152 2399 2209 2454 p.
2245 2387 2346 2437 732
2378 2397 2449 2437 ex
2479 2381 2611 2436 cod.
2647 2398 2758 2436 ms.
2791 2383 2846 2438 S.
2882 2379 3067 2451 Sergii
3092 2380 3433 2451 Andegav.)

516 2705 689 2763 Omni
709 2704 1032 2761 reverentia
1059 2703 1426 2774 dignissimae
1455 2702 1629 2758 matri
1658 2705 1784 2769 L...,
1818 2705 2084 2758 CATWAL-
2124 2704 2162 2755 Β
2192 2716 2327 2755 mur
2347 2698 2588 2755 oraculo
2609 2697 3006 2754 communiter
3020 2696 3377 2753 alterutram
3400 2695 3801 2752 fratrumsubire

449 2810 619 2850 LONUS
646 2793 939 2850 abbatum
963 2792 1341 2860 novissimus,
1359 2789 1695 2848 aeternitatis
1722 2789 2020 2848 brevium.
2202 2788 2712 2853 sarcinam,exoro
2722 2785 3099 2853 individual
3124 2785 3431 2841 Trinitatis
3452 2785 3743 2841 essentiam
3764 2788 3802 2836 ut

517 2881 852 2938 Devotionis
880 2886 995 2936 tuae
1026 2881 1244 2937 litteras
1273 2879 1487 2935 admisi
1515 2878 1928 2948 gratissime,et
1948 2877 2097 2932 mul-
2202 2878 2517 2933 criminum
2558 2875 2909 2931 tumultibus
2958 2876 3179 2931 sedatis
3212 2875 3269 2931 in
3313 2880 3372 2931 te
3413 2875 3661 2940 calitus,
3688 2873 3799 2945 quod

447 2973 540 3025 tas
566 2984 680 3038 ago
712 2968 929 3038 gratias
958 2967 1157 3023 oblato
1202 2983 1311 3039 pro
1344 2982 1608 3027 munem.
1644 2970 1715 3021 Αιῐ
1742 2966 1943 3024 mirari
1971 2981 2095 3023 non
2194 2966 2461 3039 percepit
2482 2964 2782 3037 pacipias
2806 2963 2999 3023 Maria
3028 2964 3406 3033 evangelica,
3444 2962 3612 3037 quod
3637 2962 3801 3018 audivit

448 3056 657 3113 desino
697 3060 800 3111 tuo
832 3055 1054 3111 sedisse
1086 3055 1290 3111 animo
1333 3070 1556 3127 aquam
1596 3059 1801 3126 potare
1849 3054 2092 3122 luteam,
2201 3060 2257 3110 et
2289 3055 2499 3110 audias
2535 3071 2673 3109 voce
2712 3053 2807 3108 Dei
2838 3052 3261 3108 blandissima.
3297 3056 3367 3121 Ο,
3393 3053 3609 3126 inquit,
3631 3051 3803 3108 mulier-

449 3147 610 3202 fonte
638 3144 840 3200 relicto
867 3144 1086 3213 lucido,
1116 3145 1231 3200 hoc
1260 3148 1349 3199 est
1371 3144 1651 3213 neglectis
1680 3142 1965 3208 Patribus,
2002 3158 2092 3198 me
2201 3144 2334 3199 cula
2366 3142 2675 3198 dilectione
2724 3142 2967 3211 fervida,
3012 3142 3130 3197 hoc
3179 3141 3415 3198 habeto
3464 3157 3575 3213 pro
3620 3138 3803 3212 parum)

449 3232 636 3306 duplo
650 3231 1057 3303 melioribus,a
1074 3233 1276 3289 metui
1290 3232 1596 3305 piaculum
1616 3231 1939 3303 deposcere
1955 3230 2092 3289 ﬁde-
2202 3232 2367 3306 quod
2394 3232 2453 3289 in
2477 3248 2571 3291 me
2600 3230 2735 3287 ﬁdis
2766 3230 3023 3300 medico,
3045 3229 3395 3289 facinorum
3412 3229 3675 3287 remissio
3701 3227 3806 3283 adsit

446 3322 581 3379 lius.
598 3320 768 3377 Unde
792 3336 1018 3393 pavens
1046 3320 1356 3390 augustior
1381 3320 1851 3392 angustiansque
1880 3336 2091 3391 paveo,
2203 3320 2306 3376 tibi
2339 3320 2662 3376 .continuo!
2700 3319 2869 3385 Quod
2895 3324 2961 3376 ut
2981 3323 3190 3379 nostra
3208 3319 3465 3379 facilius
3500 3318 3678 3378 oratio
3701 3316 3804 3371 obti-

446 3426 525 3468 ne
550 3409 718 3482 quod
744 3409 850 3466 tibi
864 3409 1219 3477 remedium,
1238 3409 1389 3464 mihi
1407 3408 1512 3465 ﬁat
1529 3409 1928 3478 naufragium,
1954 3425 2092 3464 cum
2198 3414 2357 3477 neat,
2384 3408 2650 3463 solemne
2680 3407 3043 3463 sacriﬁcium
3070 3412 3167 3463 ter
3194 3408 3521 3464 immolari
3556 3406 3745 3464 ﬁcium
3768 3404 3807 3457 in

447 3497 765 3554 criminum
781 3512 878 3552 me
893 3497 1145 3553 maculis
1169 3513 1407 3570 apuero
1430 3496 1892 3568 subdiderim,ut
1907 3497 2092 3553 maris
2204 3497 2466 3573 utrisque
2512 3496 2903 3553 conventibus
2945 3496 3224 3565 fratrum,
3261 3498 3381 3569 qui
3420 3496 3525 3552 vel
3567 3496 3624 3552 in
3664 3491 3807 3549 Insula

446 3586 686 3643 vincam
715 3586 974 3657 guttulas
1004 3590 1060 3642 et
1089 3586 1281 3643 sabuli
1309 3585 1617 3653 minutias,
1654 3586 1933 3659 claraque
1964 3585 2097 3642 εαξΙί
2203 3585 2445 3655 degunt,
2477 3584 2570 3640 vel
2612 3584 2675 3639 in
2719 3583 2993 3641 coenobio
3036 3587 3339 3643 Rotonum
3393 3584 3695 3642 vocabulo.
3732 3584 3806 3636 Her

440 3674 644 3733 sidera
672 3690 811 3734 mea
830 3674 1015 3733 miser
1040 3674 1327 3748 nequitia,
1344 3675 1429 3731 ob
1448 3675 1635 3748 idque
1656 3674 1797 3733 ideo
1818 3691 1942 3735 non
1973 3674 2099 3733 ido-
2202 3675 2408 3729 hortor
2436 3677 2573 3730 ante
2602 3674 2829 3738 omnia,
2872 3678 2935 3729 ut
2978 3678 3167 3733 certes
3197 3690 3333 3733 esse
3382 3674 3645 3735 formula
3682 3672 3805 3738 digne

440 3779 598 3821 nens
610 3763 901 3835 prodesse
915 3763 1033 3818 tuis
1047 3763 1346 3835 precibus.
1366 3764 1486 3820 Sed
1500 3763 1645 3836 quia
1664 3764 1725 3819 in
1744 3764 2096 3835 pulvereum
2206 3764 2483 3834 subjectis
2522 3764 2745 3820 aemula
2768 3783 2785 3831 ς
2810 3763 2984 3836 «φιοὰ
3004 3764 3066 3819 si
3101 3763 3267 3819 fuisti
3296 3766 3622 3829 hactenus,
3649 3758 3805 3819 amodo

448 3856 639 3909 Deum
670 3867 853 3924 rogas
894 3852 1355 3922 homunculum,
1377 3853 1494 3909 hoc
1517 3854 1679 3909 enim
1700 3853 1832 3925 ipsa
1851 3853 2098 3924 instigat
2204 3854 2284 3909 sis
2331 3854 2625 3920 attentius,
2652 3852 2793 3908 item
2837 3851 2972 3907 dico
3012 3852 3375 3910 ferventius.
3408 3853 3554 3910 Vale
3588 3850 3693 3908 mei
3731 3862 3804 3903 non

452 3956 589 4014 quae
612 3942 773 4002 Deus
801 3944 894 3996 est
916 3940 1251 4009 charitas,et
1279 3941 1424 4015 quia
1456 3941 1785 4018 apostolico
1814 3941 2098 3999 admone-
2194 3941 2521 4001 immemor
2542 3940 2609 3999 in
2640 3939 2753 3999 tuis
2776 3939 3145 4012 precatibus.

833 4081 1756 4088 -

1897 4212 2037 4252 ANTE
2068 4211 2251 4252 ΑΜΒΚ
2281 4212 2402 4252 IIII.

1505 4382 2811 4530 FBOUMUNDUS

1651 4641 2022 4698 C(ENOBITA
2066 4638 2658 4696 TEGERNSEENSIS.

1273 4793 3025 5003 FBOUMUNlllEPISTOLzE.

639 5089 852 5157 (Edidit
879 5093 941 5146 Β.
974 5091 1034 5145 Ρ.
1064 5088 1400 5146 Bernardus
1426 5090 1619 5144 Pezws
1653 5087 1937 5145 Thesaur.
1968 5090 2192 5146 Anecd.
2225 5105 2361 5146 nov.
2392 5091 2458 5159 V,
2490 5106 2528 5157 1,
2566 5093 2683 5156 158,
2707 5106 2780 5146 ex
2811 5089 3189 5171 autographa
3220 5090 3699 5161 Tegernseensi.)

1264 5346 1307 5400 ι,
2128 5350 2181 5401 -C
2200 5342 2389 5416 pleto,
2404 5346 2485 5414 F.,
2498 5344 2711 5402 debitae
2732 5345 3120 5416 subjectionis
3142 5345 3631 5405 devotissimum
3644 5344 3805 5419 pignus

463 5444 562 5500 Ad
596 5444 940 5502 Gozbertum
979 5449 1245 5507 abbatem
1279 5450 1755 5518 Tegemseensem
1792 5448 1995 5506 scribit

2274 5433 2645 5489 Recessionis
2688 5450 2836 5490 meae
2866 5432 2941 5488 de
2966 5435 3345 5491 monasterio
3382 5438 3445 5495 S.
3483 5433 3694 5509 Magni,
3713 5434 3808 5488 ett?

728 5523 1150 5604 51'th
1167 5521 1231 5578 S-
1481 5520 2103 5604 gemmam-acama-
2206 5521 2461 5596 pentime
2491 5523 2801 5594 disjirnetis
2829 5538 2867 5580 a
2884 5528 3096 5579 vestra
3121 5524 3528 5583 ‘ﬁ‘atemitute
3569 5541 3703 5582 mae
3718 5532 3805 5593 1m"

537 5584 1742 5655 νωὺκμοιαωηὸναοδίαάὶιννὶὺαιώηη
1762 5584 1963 5661 ρεεὶι.’

2268 5611 2463 5668 ιὶθπιίω
2670 5628 2825 5685 esse,
2856 5628 3073 5669 «coram
3103 5584 3803 5690 Deohsﬁﬁeur,giiaw
