3888 6396
97 225 236 280 4285

1639 217 2012 287 Ερῐειηοιε.

3377 249 3515 306 ηας

91 346 312 402 sciente
337 346 730 415 discederem,
773 362 815 402 a
851 363 977 419 quo
1014 351 1295 421 quamvis
1323 351 1626 409 interdum
1650 350 1752 408 ab-
1781 356 1826 406 A
1861 353 2167 425 pictilibus
2194 373 2317 416 non
2344 361 2675 432 ignoratur,
2705 371 2765 421 et
2789 367 2940 424 ratio
2965 371 3202 426 tantum
3225 369 3288 426 in
3317 371 3516 430 studio

90 450 229 490 sons
255 434 432 490 locati
467 435 679 506 spatio,
710 437 1129 510 corporalique
1151 439 1448 512 colloquio
1478 455 1752 508 segrega-

89 527 205 595 tus,
267 540 529 596 usquam
589 525 802 580 mentis
853 542 1058 582 amore
1107 528 1339 584 fueram
1390 529 1748 599 disjunctus,

85 618 418 686 postquam
454 613 718 686 primum
751 616 1168 683 coagulatione
1200 618 1500 674 charitatis
1543 618 1748 673 adhae-

83 718 216 758 rere
266 703 543 758 ardenter
581 703 966 776 incipiebam.
1021 710 1233 763 Precor
1280 708 1583 763 humiliter
1631 708 1750 780 pie-

83 796 270 848 tatem
301 799 561 848 vestram
605 798 669 848 ut
703 796 1063 852 memoriam
1113 797 1231 852 mei
1264 797 1487 853 habeat
1530 798 1591 851 in
1618 813 1752 854 ora-

83 887 246 937 tione
277 886 476 937 vestra
499 882 560 937 in
591 881 723 938 loco
750 889 958 939 sancto
984 901 1094 956 pro
1125 885 1450 942 abolitione
1475 886 1754 942 commis-

83 986 292 1026 sorum
323 987 622 1026 meorum.
673 974 930 1038 Quando
969 975 1133 1030 enim
1163 991 1276 1031 nos
1310 977 1488 1031 vestri
1537 975 1750 1031 oblivi-

77 1061 312 1114 scimur
365 1077 475 1115 nec
515 1063 703 1117 nostri
756 1063 1165 1135 recordamur,
1213 1065 1383 1137 quod
1425 1071 1749 1136 utrumque

79 1149 260 1205 absit.
290 1150 402 1206 Sed
428 1151 574 1222 quia
597 1151 887 1224 spirituali
908 1154 1315 1210 consolatione
1338 1160 1532 1211 vestra
1559 1159 1746 1226 parte,

81 1240 135 1294 si
163 1239 520 1310 dignamini,
551 1241 839 1297 nolumus
886 1243 1133 1314 privari,
1173 1245 1252 1300 ad
1286 1244 1598 1300 utilitatem
1627 1244 1748 1316 spi-

77 1330 311 1385 ritualis
343 1335 398 1385 et
443 1332 792 1402 temporalis
820 1333 1077 1388 exercitii
1099 1334 1334 1407 aliquas
1359 1335 1748 1391 membranas

71 1420 258 1474 nobis
289 1421 501 1474 donari
548 1437 885 1492 precamur.
937 1427 1104 1489 Nam,
1158 1428 1222 1478 ut
1271 1423 1452 1493 scitis,
1497 1424 1750 1479 libenter

73 1509 382 1563 interdum
414 1509 855 1581 scriptitationis
881 1511 1170 1567 immoror
1202 1513 1416 1568 studio.
1441 1515 1554 1568 Sed
1585 1529 1748 1569 nunc

74 1599 425 1654 facultatem
449 1600 750 1655 scribendi
775 1603 1157 1673 pergamenis
1185 1603 1601 1659 deﬁcientibus
1621 1619 1745 1660 non

1866 446 2086 501 versari
2139 447 2428 506 videatur.
2480 453 2789 510 Glossema
2853 457 3178 514 novissime
3231 460 3518 530 adjuncta

1860 536 2251 604 profitebatur
2279 539 2712 600 decoloratione
2743 544 2882 600 solis
2913 547 3168 615 gratiam
3199 565 3295 604 me
3330 549 3514 622 adep-

1862 625 2081 682 turum.
2108 640 2245 680 cum
2276 629 2573 685 veridicax
2602 633 3076 691 orthodoxorum
3099 639 3389 693 sententia
3419 637 3518 694 de-

1861 710 2286 799 colorationem
2315 718 2453 774 solis
2483 725 2733 778 testatur
2744 722 3033 781 fervorem
3056 725 3372 796 designare
3389 743 3519 799 per-

1863 797 2202 854 secutionis.
2216 801 2327 855 Sed
2357 803 2401 856 si
2423 809 2541 858 tam
2563 821 2851 874 magnum
2879 807 3142 864 furorem
3167 797 3511 883 provocavi,

1861 891 1926 940 ut
1969 904 2133 943 more
2182 890 2541 949 irritatorum
2586 895 2903 952 hominum
2939 898 3159 955 locutio
3197 900 3513 956 dictatiove

1861 980 2055 1032 vestra
2083 978 2326 1050 eclipsin
2377 987 2696 1054 pateretur,
2748 985 2850 1039 tali
2880 985 3093 1042 delicto
3121 988 3366 1058 indulge
3416 1006 3511 1045 ve-

1859 1063 2044 1136 niam,
2071 1067 2233 1124 abba
2259 1071 2616 1127 venerande.
2654 1073 2710 1129 Si
2739 1074 2977 1129 alterius
3007 1074 3258 1147 alicujus
3287 1083 3512 1134 vestro-

1859 1170 1992 1208 rum
2021 1157 2265 1228 puerilis
2294 1159 2531 1215 animus
2554 1163 2634 1216 sic
2665 1161 3002 1219 efferbuerit
3034 1165 3207 1236 [cod.,
3227 1164 3512 1223 eﬂ’erbue-

1858 1245 1988 1316 rat],
2029 1251 2224 1302 vestro
2255 1264 2632 1305 reservamus
2657 1251 2904 1321 judicio.

2641 1377 2726 1430 ιν.

1855 1467 2218 1534 Reginbaldi
2237 1471 2539 1540 ηιθηασήέ,
2565 1473 2724 1540 forte
2755 1480 2959 1530 sancte
3001 1476 3508 1536 Emmerammen-

1928 1540 2024 1618 sis,
2055 1543 2307 1607 epistola
2346 1543 2428 1597 ad
2463 1544 2939 1618 Eroymundum,
2968 1550 3066 1601 cui
3093 1550 3343 1604 remittit
3375 1551 3507 1605 Per-

1928 1615 2104 1675 sium,
2137 1619 2190 1668 et
2210 1629 2327 1682 pro
2358 1615 2540 1669 variis
2573 1615 2864 1683 beneﬁciis
2887 1620 3119 1688 gratias
3142 1623 3288 1689 agit.

71 1688 298 1795 ξφα
355 1688 468 1743 nisi
521 1695 730 1744 νθδίτίθ
788 1706 1010 1746 manus
1062 1692 1374 1762 largitione
1425 1693 1744 1749 tribuam“
1775 1706 1822 1760 Β
1927 1717 2168 1776 Eximius
2195 1719 2532 1778 dilectionis
2584 1739 2693 1779 suo
2720 1725 3188 1795 consanguineo,
3223 1730 3279 1782 F.
3309 1731 3509 1784 REGIN-

75 1777 297 1833 Valde.

883 1873 949 1925 ll.
1467 1927 1482 1937 ,

148 1958 249 2011 Ad.
285 1957 573 2012 eumdem.
613 1959 800 2013 Jurat
839 1974 900 2014 se
930 1960 1244 2029 quandam
1300 1961 1519 2017 librum
1549 1977 1672 2016 non

741 2048 1076 2104 abstulisse.

161 2131 387 2187 Senieri
441 2149 551 2188 suo
601 2136 668 2189 (ἰ.
711 2135 880 2190 omni
929 2136 1314 2193 veneratione
1343 2137 1656 2208 perdigno,
1679 2141 1739 2194 l“.

75 2219 208 2274 solo
240 2221 484 2276 nomine
518 2223 802 2278 Cucullio.

153 2313 348 2382 Usque
381 2312 587 2379 modo,
621 2312 702 2368 mi
731 2313 944 2379 senior,
987 2314 1241 2370 nimium
1273 2315 1356 2370 fui
1388 2315 1742 2371 cordetenus

72 2399 384 2454 animatus
414 2400 488 2455 de
517 2402 828 2457 securitate
857 2408 1066 2457 vestrae
1099 2404 1321 2472 gratiae.
1361 2405 1473 2460 Sed
1499 2409 1744 2460 econtra

71 2489 286 2544 omnia
315 2505 473 2544 nunc
507 2489 673 2546 aliter
693 2496 936 2563 propter
943 2498 1194 2564 peccata
1212 2509 1368 2549 mea.
1384 2494 1582 2548 Tristis
1605 2510 1742 2548 sum

72 2578 260 2633 nimis
290 2579 368 2633 de
400 2580 555 2634 furto
580 2579 714 2634 libri
739 2581 915 2635 vestri
941 2597 1123 2652 supra
1175 2598 1270 2636 me
1302 2582 1460 2637 dicti.
1498 2582 1612 2638 Sed
1642 2599 1741 2637 ex—

69 2683 338 2739 purgare
357 2685 450 2722 me
473 2669 650 2741 cupio
676 2670 778 2724 tali
799 2670 1582 2744 facinore,qua1itercunque
1615 2672 1742 2743 pla-

73 2764 170 2812 cet
198 2759 539 2830 paternitati
569 2761 745 2829 [iure].
769 2761 922 2826 Quid
950 2761 1168 2833 plura?
1197 2763 1436 2833 Proprio
1462 2778 1562 2816 ore
1585 2762 1742 2831 dico,

73 2861 338 2918 meaque
362 2863 548 2902 manu
572 2864 815 2903 securus
835 2849 1148 2905 subscribo
1177 2851 1258 2905 sic
1281 2851 1518 2905 dicens:
1557 2851 1610 2908 Si
1634 2867 1745 2921 ego

69 2941 135 2993 ‘F.
163 2937 337 2992 illum
360 2942 627 2992 vestrum
661 2937 881 2993 librum
906 2942 974 2995 Μ.
1008 2956 1190 3012 quem
1220 2940 1432 3008 dicitis,
1465 2941 1559 2996 vel
1591 2940 1746 2996 furto

1850 1822 2064 1864 BALDI'S
2094 1809 2155 1863 in
2189 1810 2498 1882 utriusque
2523 1812 2823 1884 perﬁdelis
2851 1813 3162 1888 obsequio.

1922 1897 2097 1962 Quod
2124 1903 2386 1955 vestrum
2415 1901 2586 1956 vobis
2628 1903 2970 1974 nuperrime
3001 1919 3122 1961 non
3163 1905 3507 1963 remisimus

1846 1982 2142 2053 libellum,
2182 2003 2258 2043 ne
2308 1987 2572 2046 alienum
2603 1989 2682 2046 ob
2733 1990 2848 2047 hoc
2897 1991 3167 2048 habeatis
3212 1994 3506 2062 animum,

1849 2089 2222 2146 quaesumus.
2271 2081 2416 2133 Nam
2447 2094 2586 2135 cum
2618 2095 2739 2138 non
2783 2081 3020 2149 ingrata
3064 2087 3261 2140 vestra
3290 2083 3507 2158 accipi-

1851 2181 1989 2222 mus
2007 2166 2236 2236 nuntia,
2259 2183 2366 2238 per
2385 2169 2573 2223 nostri
2592 2167 2920 2226 litterarum
2943 2171 3511 2243 compositiunculas

1852 2270 2110 2326 quisque
2141 2261 2365 2312 secreta
2387 2255 2689 2329 nobisque
2716 2259 3058 2315 necessaria
3086 2259 3255 2315 vobis
3277 2275 3511 2318 reman-

1853 2341 2050 2398 datm'i
2081 2343 2206 2400 sine
2247 2349 2451 2398 nostro
2495 2345 2762 2402 conscire
2807 2352 2998 2402 vester
3029 2347 3316 2405 abscessit
3356 2365 3510 2404 nun-

1853 2432 1991 2488 tius.
2010 2432 2180 2498 Quod
2212 2433 2390 2489 nimis
2415 2433 2662 2490 moleste
2679 2435 2974 2511 patientes
3003 2452 3108 2508 per
3133 2437 3317 2494 istum
3337 2437 3511 2494 nobis

1847 2525 1909 2578 et
1957 2520 2126 2577 vobis
2155 2521 2484 2578 ﬁdeliorem
2533 2524 2814 2580 nuntium
2850 2524 3021 2582 vobis
3070 2525 3512 2584 transmisimus

1853 2611 2122 2668 codicem
2148 2611 2522 2684 prasdictum,
2547 2611 2764 2682 dignas
2785 2618 2986 2685 grates
3003 2613 3316 2670 referendo
3343 2615 3508 2687 quod

1851 2700 2062 2757 tandiu
2087 2700 2255 2756 illum
2287 2700 2467 2756 nobis
2495 2705 2778 2773 praestare
2808 2701 3038 2771 dignati
3062 2702 3223 2759 estis.
3260 2702 3374 2758 Sed
3399 2719 3510 2776 per

1853 2790 2135 2845 eumdem
2181 2789 2361 2860 huius
2417 2789 2674 2847 scedulas
2715 2789 3063 2863 portitorem
3109 2791 3295 2848 nostri
3341 2789 3508 2847 libel-

1851 2877 2001 2947 lum,
2041 2877 2147 2949 qui
2177 2877 2515 2934 inscribitur
2555 2878 2823 2949 Persius,
2869 2878 3044 2934 nobis
3093 2880 3412 2937 remissum
3441 2878 3510 2934 iri

1855 2967 2181 3040 poscimus.
2219 2970 2500 3024 Praeterea
2540 2982 2682 3036 erga
2715 2967 2893 3025 vestri
2919 2969 3271 3040 pergameni
3318 2969 3512 3024 dona-

75 3027 208 3128 φη
239 3031 340 3082 am
363 3027 441 3082 ab
468 3027 669 3128 aliquo
695 3029 1176 3128 ἶυῐξίοῗυωδωξη
1206 3031 1461 3128 ῗυδθθρίν
1489 3031 1581 3128 νῗῙ
1602 3045 1749 3102 qua"
1777 3063 1820 3116 (ἶ
1855 3027 2100 3123 tionem,
2155 3055 2297 3128 quia
2353 3061 2490 3112 tunc
2541 3027 2868 3127 gratiarum
2919 3027 3260 3113 actionibus
3314 3057 3514 3114 locum

73 3116 368 3188 licunque
399 3118 582 3172 modo
613 3134 750 3173 eum
779 3118 974 3174 habeo
998 3124 1098 3175 aut
1120 3120 1442 3175 habentem
1465 3121 1747 3187 scio,cor-

75 3223 198 3278 pus
247 3211 303 3261 et
335 3208 578 3276 sanguis
632 3208 865 3263 Domini
909 3209 1095 3264 nostri
1136 3213 1276 3266 .lesu
1317 3211 1550 3276 Christi,
1582 3211 1746 3283 quod

77 3295 306 3368 saepius
367 3297 618 3370 accipio,
670 3299 946 3370 quamvis
990 3299 1294 3368 indignus,
1349 3301 1454 3356 ﬁat
1492 3301 1638 3356 mihi
1670 3301 1748 3356 ad

75 3385 557 3452 demnationem,
591 3402 713 3442 non
753 3388 830 3443 ad
858 3388 1353 3461 redemptionem.

870 3476 959 3531 Ill.

75 3563 182 3618 Ad
208 3563 575 3620 Ruotkerum
608 3565 880 3621 abbatem
905 3566 1412 3634 Herbipolensem.
1444 3570 1664 3623 Tuetur
1690 3583 1750 3624 se

374 3654 657 3709 adversus
683 3657 1015 3710 acerbiores
1047 3657 1176 3724 ejus
1209 3657 1460 3712 litteras.

154 3740 377 3796 Abbati
408 3745 470 3796 R.
500 3742 816 3797 doctorum
847 3743 1224 3814 peritissimo,
1261 3743 1503 3798 humilis
1536 3746 1590 3798 Ρ.
1615 3743 1749 3798 nul-

72 3829 202 3884 lius
233 3829 429 3885 meriti
458 3829 595 3886 dote
623 3830 864 3887 ditatus.

158 3919 426 3993 Epistola
449 3921 628 3976 vestri
657 3921 921 3978 nominis
969 3922 1354 3995 inscriptione
1398 3922 1753 3996 prietitulata

69 4010 352 4067 multum
407 4011 863 4069 contristaverat
931 4013 1269 4084 praecordia
1332 4018 1556 4081 nostra,
1615 4030 1753 4085 quae

71 4099 292 4174 primo
338 4099 471 4154 visa
517 4099 774 4156 ﬁnxerat
825 4117 908 4172 se,
959 4101 1135 4173 quasi
1186 4100 1492 4157 facecitate
1547 4106 1754 4157 vestrae

71 4188 435 4245 dictationis
459 4193 614 4245 esset
639 4190 994 4262 composita.
1010 4193 1203 4256 Quam
1225 4207 1365 4246 cum
1389 4195 1755 4263 recuperatae

73 4278 312 4334 mentis
344 4277 668 4334 intentione
708 4279 1100 4351 perlegeram,
1153 4280 1402 4336 memini
1438 4296 1755 4354 nunquam

71 4385 198 4425 vos
250 4372 380 4424 tam
432 4367 657 4424 inculto
707 4369 861 4441 stylo
909 4369 1033 4425 ulla
1080 4370 1264 4426 verba
1315 4370 1753 4443 composuisse.

75 4456 404 4514 Infremuit
430 4458 592 4514 enim
612 4458 898 4515 indecens
921 4458 1216 4530 scriptura
1239 4459 1302 4514 in
1327 4459 1467 4516 talia
1489 4460 1759 4516 convicia

69 4552 152 4604 ut
198 4562 316 4602 nec
361 4563 460 4603 me
510 4547 708 4604 solum
739 4549 1066 4605 dilacerare
1109 4548 1427 4616 sufficeret,
1459 4565 1666 4605 verum
1697 4549 1759 4605 in

71 4636 396 4694 seniorem
441 4641 719 4694 nostrum
758 4638 845 4694 ira
876 4643 1195 4694 exarseret.
1233 4639 1291 4695 Si
1336 4639 1759 4696 honorandam

73 4726 386 4783 Ruotkeri
415 4743 743 4799 personam
767 4743 896 4784 non
921 4744 1175 4793 vererer,
1209 4729 1457 4786 forsitan
1481 4733 1608 4785 tam
1649 4730 1760 4786 fce-

72 4818 186 4875 dis
221 4821 476 4890 tamque
508 4817 808 4891 pudendis
831 4824 1027 4875 uterer
1057 4819 1282 4889 verbis,
1312 4823 1528 4876 utnon
1555 4819 1766 4892 pejora

71 4911 487 4979 superessent
539 4908 830 4965 convicia.
883 4911 963 4964 De
1019 4909 1294 4978 neglectu
1341 4908 1493 4965 mihi
1543 4908 1764 4978 ignotae

71 4995 395 5055 cautionis
444 4997 884 5069 increpavistis,
913 5014 1102 5070 quam
1140 5015 1251 5054 nec
1295 5014 1484 5054 manu
1513 4998 1766 5071 propria

74 5086 398 5154 commisi,
431 5101 540 5142 nec
580 5087 710 5143 aliis
760 5087 1166 5145 deferentibus
1215 5104 1486 5161 unquam
1525 5087 1760 5160 accepi.

75 5175 442 5244 Quemdam
477 5177 808 5233 Hezilinnm
847 5177 1252 5248 adduxerunt,
1280 5179 1386 5250 qui
1413 5177 1652 5251 penitus
1681 5177 1766 5234 sic

71 5269 366 5337 ignotus,
380 5266 532 5322 sicut
547 5283 871 5340 nunquam
888 5272 982 5325 est
1009 5285 1044 5324 a
1073 5285 1171 5325 me
1189 5268 1591 5338 visus,nescio
1613 5268 1766 5340 quid

69 5355 435 5430 promiscui
463 5356 697 5428 pecoris
728 5361 1050 5428 petentem.
1083 5358 1256 5423 Quod
1282 5362 1613 5430 postqum
1631 5373 1767 5413 mo-

69 5439 444 5503 nomachia
475 5445 672 5501 studio
697 5446 1257 5518 deterseram,nullo
1279 5447 1462 5503 modo
1479 5447 1764 5518 possede-

70 5533 554 5606 ramJnequali
585 5535 762 5592 etiam
779 5535 1481 5607 positionenumerornm
1504 5533 1767 5592 afﬁrmat

70 5641 197 5690 me
247 5623 533 5682 datatim
565 5622 850 5690 studium,
881 5624 1178 5697 optimam
1209 5630 1440 5700 partem
1477 5623 1761 5692 hominis,

30 5740 36 5778 ί
72 5729 243 5773 cum
269 5712 476 5784 utier
501 5711 1160 5785 gubernium-anima
1187 5731 1322 5772 esse
1347 5731 1390 5771 a
1411 5711 1648 5770 eunetis
1661 5729 1762 5788 sa-

1853 3163 1980 3203 non
2029 3145 2370 3212 habuimus,
2425 3146 2729 3202 maximas
2778 3146 3091 3203 referimus
3137 3147 3376 3218 gratias.
3439 3149 3514 3202 De

1860 3235 2258 3307 promissione
2308 3240 2362 3290 et
2411 3235 2820 3294 consolatione
2872 3236 3060 3292 nostri
3105 3236 3328 3293 itineris
3382 3253 3514 3292 ves-

1859 3329 2051 3396 trapte
2095 3323 2272 3379 nobis
2306 3323 2484 3395 facta,
2513 3328 2732 3380 nostris
2777 3341 2902 3383 non
2951 3329 3039 3380 est
3081 3324 3374 3382 facultatis
3413 3342 3516 3380 vos

1859 3414 2050 3483 gratia
2075 3413 2506 3470 remunerandi
2537 3419 2599 3470 ut
2620 3413 2927 3486 promeriti
2957 3413 3094 3469 estis
3147 3418 3203 3470 et
3232 3417 3351 3470 Deo
3382 3430 3520 3470 con-

1858 3502 2104 3557 cedente
2158 3501 2692 3573 promerebimini:
2750 3506 2972 3557 aeterna
3018 3501 3189 3557 vobis
3242 3503 3518 3560 mercede

1857 3594 2266 3662 praeoptamus
2307 3589 2490 3658 digna
2519 3588 2847 3644 resolutum
2895 3589 2966 3643 iri
2995 3589 3264 3661 praemia.
3301 3589 3512 3646 Valete.

2656 3715 2717 3769 V.

1859 3815 2023 3870 Idem
2053 3814 2258 3869 eidem.
2289 3813 2479 3882 Rogat
2509 3819 2574 3868 ut
2601 3813 2718 3868 sibi
2743 3814 3036 3883 signiﬁcet
3061 3813 3214 3884 quid
3259 3812 3332 3868 de
3355 3812 3518 3885 lquo-

2038 3886 2176 3941 dam
2199 3885 2410 3942 itinere
2442 3885 2602 3942 velit.
2621 3885 3000 3941 Membranas
3025 3886 3200 3957 petit,
3228 3889 3338 3941 etc.

1929 3993 1994 4046 F.
2026 3991 2118 4047 sui
2142 3991 2479 4047 amicorum
2509 3991 2902 4060 amicissimo,
2934 3993 3347 4062 Rscrsmwus,
3377 4007 3519 4067 spu-

1858 4082 1934 4139 tis
1983 4081 2259 4138 omnium
2302 4081 2624 4152 obnoxius,
2668 4081 2971 4155 quidquid
3003 4081 3285 4158 adoptari
3328 4084 3522 4157 potest

1864 4171 2150 4230 festivius.

1935 4279 2062 4346 Tui,
2091 4294 2128 4333 ο
2153 4277 2242 4333 mi
2289 4277 2489 4346 chare,
2534 4277 2815 4350 quamvis
2841 4277 3119 4335 absentia
3159 4275 3341 4334 nimis
3387 4293 3523 4349 pcr-

1865 4367 2143 4424 turbatus
2186 4365 2482 4436 suspirem
2513 4381 2672 4437 saepe
2703 4366 2942 4438 sepius,
2993 4365 3042 4421 si
3087 4381 3182 4422 res
3229 4369 3431 4422 tamen
3461 4381 3523 4422 se

1866 4471 2150 4531 prospere
2180 4470 2325 4525 erga
2351 4459 2404 4511 te
2431 4454 2673 4523 habent,
2705 4455 2853 4511 mihi
2885 4454 3221 4528 praecordia
3249 4455 3524 4512 maeroris

1864 4545 2088 4603 nebula
2151 4544 2392 4601 detersa
2450 4544 2670 4601 rident.
2739 4544 2854 4602 Sed
2900 4545 3123 4602 harum
3173 4560 3376 4602 rerum
3443 4545 3524 4602 de

1867 4636 2088 4710 quibus
2117 4639 2320 4691 noster
2346 4634 2613 4702 ultimus,
2647 4650 2787 4692 cum
2811 4650 2856 4691 a
2881 4650 2980 4691 me
3023 4634 3367 4706 discessisti,
3415 4634 3528 4692 fuit

1871 4726 2315 4797 sermunculns,
2374 4725 2732 4783 memoriam
2779 4725 2954 4783 cordi
3001 4724 3341 4782 mentaliter
3397 4723 3526 4782 inﬁ-

1871 4834 2042 4890 gens,
2075 4816 2122 4872 si
2168 4817 2230 4872 id
2278 4816 2502 4873 itineris
2555 4831 2795 4873 mecum
2845 4815 3295 4887 aggressum
3321 4814 3524 4881 velis;

1871 4911 1975 4964 aut
1999 4905 2048 4962 si
2077 4905 2132 4962 id
2166 4905 2294 4962 ﬁeri
2336 4922 2459 4962 non
2489 4905 2702 4979 possit,
2735 4905 2883 4978 quid
2913 4908 3015 4961 aut
3039 4908 3335 4976 quantum
3380 4901 3523 4960 mihi

1873 5011 2268 5071 progressum
2317 4995 2510 5052 facere
2539 4994 2882 5068 praapossis,
2915 4991 3282 5051 adminiculo
3322 4992 3406 5050 tui
3435 4991 3528 5050 lit-

1865 5091 2134 5144 terarum
2163 5083 2740 5157 compositiunculis,
2767 5087 2834 5138 ut
2861 5097 2924 5138 es
2975 5081 3210 5138 locutus
3231 5079 3527 5138 intimate.

1874 5179 2162 5231 Praeterea
2189 5173 2634 5247 quantumlibet
2662 5171 3034 5229 membranae
3061 5185 3249 5229 causa
3273 5169 3532 5243 prescri-

1871 5264 2060 5320 bendi
2113 5263 2366 5331 libellos,
2407 5278 2562 5334 quos
2604 5261 2782 5333 nosti,
2823 5261 2972 5318 mihi
3014 5261 3530 5328 accommodatas,

1874 5355 2004 5411 illas
2034 5359 2234 5411 tamen
2267 5357 2494 5424 septem
2524 5353 2708 5426 pelles
2736 5351 2962 5408 ibidem
2992 5353 3285 5418 inventas,
3335 5352 3385 5408 si
3409 5365 3534 5409 non

1873 5444 2010 5515 plus
2043 5459 2198 5516 opus
2237 5441 2486 5508 habeas,
2515 5441 2662 5498 mihi
2691 5442 3076 5498 transmittas.
3127 5443 3319 5498 Tuum
3346 5440 3537 5498 senio-

1875 5549 2004 5590 rem
2035 5548 2222 5606 penes
2253 5536 2304 5587 te
2334 5535 2814 5588 commorantem
2837 5531 2964 5587 vice
2986 5547 3122 5588 mea
3153 5531 3412 5589 salutato
3429 5544 3538 5604 per

1872 5621 2100 5689 omnis,
2147 5625 2204 5680 et
2243 5619 2446 5689 ambo,
2477 5626 2659 5695 prout
2685 5619 2950 5681 maxime
2980 5619 3250 5693 valeatis,
3283 5615 3536 5678 studiosi

1865 5711 1998 5770 sitis
2027 5712 2090 5770 in
2117 5709 2646 5777 commiseavobis
2695 5710 2893 5785 opella
2912 5710 3138 5772 seniori
3189 5713 3394 5772 nostro
3425 5721 3533 5764 .sa-
