  <div class='ocr_page' id='page_1' title='image "/cluster/home/n/w/nwhite01/storage/ocr_20150623/140-141/uc1.31175018559917/122.png"; bbox 0 0 2348 3218; ppageno 0'>
   <div class='ocr_carea' id='block_1_1' title="bbox 38 216 1163 244">
    <p class='ocr_par' dir='ltr' id='par_1_1' title="bbox 38 216 1163 244">
     <span class='ocr_line' id='line_1_1' title="bbox 38 216 1163 244; baseline 0 -2"><span class='ocrx_word' id='word_1_1' title='bbox 38 217 87 242; x_wconf 75' lang='lat'><strong>2&#39;29</strong></span> <span class='ocrx_word' id='word_1_2' title='bbox 664 217 776 244; x_wconf 85' lang='lat' dir='ltr'><strong>LEGES</strong></span> <span class='ocrx_word' id='word_1_3' title='bbox 797 217 840 244; x_wconf 85' lang='lat' dir='ltr'><strong>ET</strong></span> <span class='ocrx_word' id='word_1_4' title='bbox 859 216 1163 244; x_wconf 85' lang='lat' dir='ltr'><strong>CONSTITUTIONES.</strong></span> 
     </span>
    </p>
   </div>
   <div class='ocr_carea' id='block_1_2' title="bbox 1731 219 1782 245">
    <p class='ocr_par' dir='ltr' id='par_1_2' title="bbox 1731 219 1782 245">
     <span class='ocr_line' id='line_1_2' title="bbox 1731 219 1782 245; baseline -0.039 0"><span class='ocrx_word' id='word_1_5' title='bbox 1731 219 1782 245; x_wconf 74' lang='lat'><strong>2150</strong></span> 
     </span>
    </p>
   </div>
   <div class='ocr_carea' id='block_1_3' title="bbox 37 275 1782 313">
    <p class='ocr_par' dir='ltr' id='par_1_3' title="bbox 37 275 1782 313">
     <span class='ocr_line' id='line_1_3' title="bbox 37 275 1782 313; baseline 0.002 -11"><span class='ocrx_word' id='word_1_6' title='bbox 37 276 190 302; x_wconf 82' lang='lat' dir='ltr'><strong>autoritate</strong></span> <span class='ocrx_word' id='word_1_7' title='bbox 208 276 320 303; x_wconf 80' lang='lat' dir='ltr'><strong>vivente</strong></span> <span class='ocrx_word' id='word_1_8' title='bbox 335 275 458 303; x_wconf 80' lang='lat' dir='ltr'><strong>Ecclesia</strong></span> <span class='ocrx_word' id='word_1_9' title='bbox 474 284 526 311; x_wconf 89' lang='lat' dir='ltr'><strong>per</strong></span> <span class='ocrx_word' id='word_1_10' title='bbox 552 276 602 303; x_wconf 86' lang='lat' dir='ltr'><strong>Dei</strong></span> <span class='ocrx_word' id='word_1_11' title='bbox 621 277 742 311; x_wconf 76' lang='lat' dir='ltr'><strong>gratiam</strong></span> <span class='ocrx_word' id='word_1_12' title='bbox 767 277 886 310; x_wconf 84' lang='lat' dir='ltr'><strong>victura,</strong></span> <span class='ocrx_word' id='word_1_13' title='bbox 899 280 923 305; x_wconf 80' lang='grc' dir='ltr'><strong>Α</strong></span> <span class='ocrx_word' id='word_1_14' title='bbox 942 276 1064 310; x_wconf 75' lang='lat' dir='ltr'><strong>dicendi,</strong></span> <span class='ocrx_word' id='word_1_15' title='bbox 1082 277 1161 303; x_wconf 87' lang='lat' dir='ltr'><strong>nulla</strong></span> <span class='ocrx_word' id='word_1_16' title='bbox 1184 276 1223 303; x_wconf 87' lang='lat' dir='ltr'><strong>ita</strong></span> <span class='ocrx_word' id='word_1_17' title='bbox 1252 276 1307 303; x_wconf 86' lang='lat' dir='ltr'><strong>erit</strong></span> <span class='ocrx_word' id='word_1_18' title='bbox 1335 284 1400 311; x_wconf 83' lang='lat' dir='ltr'><strong>spes</strong></span> <span class='ocrx_word' id='word_1_19' title='bbox 1419 277 1573 305; x_wconf 81' lang='lat' dir='ltr'><strong>remeandi.</strong></span> <span class='ocrx_word' id='word_1_20' title='bbox 1593 278 1690 313; x_wconf 81' lang='lat' dir='ltr'><strong>Neque</strong></span> <span class='ocrx_word' id='word_1_21' title='bbox 1705 279 1782 305; x_wconf 86' lang='lat' dir='ltr'><strong>enim</strong></span> 
     </span>
    </p>
   </div>
   <div class='ocr_carea' id='block_1_4' title="bbox 37 320 887 356">
    <p class='ocr_par' dir='ltr' id='par_1_4' title="bbox 37 320 887 356">
     <span class='ocr_line' id='line_1_4' title="bbox 37 320 887 356; baseline 0.001 -10"><span class='ocrx_word' id='word_1_22' title='bbox 37 328 100 347; x_wconf 89' lang='lat' dir='ltr'><strong>cum</strong></span> <span class='ocrx_word' id='word_1_23' title='bbox 124 320 307 347; x_wconf 80' lang='lat' dir='ltr'><strong>senatoribus</strong></span> <span class='ocrx_word' id='word_1_24' title='bbox 325 323 419 353; x_wconf 60' lang='lat' dir='ltr'><strong>terrae,</strong></span> <span class='ocrx_word' id='word_1_25' title='bbox 447 328 512 347; x_wconf 90' lang='lat' dir='ltr'><strong>cum</strong></span> <span class='ocrx_word' id='word_1_26' title='bbox 538 320 701 347; x_wconf 81' lang='lat' dir='ltr'><strong>domesticis</strong></span> <span class='ocrx_word' id='word_1_27' title='bbox 731 321 841 356; x_wconf 75' lang='lat' dir='ltr'><strong>palatii,</strong></span> <span class='ocrx_word' id='word_1_28' title='bbox 858 324 887 348; x_wconf 87' lang='lat' dir='ltr'><strong>et</strong></span> 
     </span>
    </p>
   </div>
   <div class='ocr_carea' id='block_1_5' title="bbox 37 363 885 399">
    <p class='ocr_par' dir='ltr' id='par_1_5' title="bbox 37 363 885 399">
     <span class='ocr_line' id='line_1_5' title="bbox 37 363 885 399; baseline 0.001 -9"><span class='ocrx_word' id='word_1_29' title='bbox 37 364 135 390; x_wconf 83' lang='lat' dir='ltr'><strong>amicis</strong></span> <span class='ocrx_word' id='word_1_30' title='bbox 160 364 337 399; x_wconf 60' lang='lat' dir='ltr'><strong>reipublicae,</strong></span> <span class='ocrx_word' id='word_1_31' title='bbox 349 372 446 391; x_wconf 87' lang='lat' dir='ltr'><strong>coram</strong></span> <span class='ocrx_word' id='word_1_32' title='bbox 464 365 520 391; x_wconf 89' lang='lat' dir='ltr'><strong>Deo</strong></span> <span class='ocrx_word' id='word_1_33' title='bbox 534 367 562 391; x_wconf 86' lang='lat' dir='ltr'><strong>et</strong></span> <span class='ocrx_word' id='word_1_34' title='bbox 587 363 709 391; x_wconf 81' lang='lat' dir='ltr'><strong>Ecclesia</strong></span> <span class='ocrx_word' id='word_1_35' title='bbox 724 365 764 391; x_wconf 83' lang='lat' dir='ltr'><strong>ita</strong></span> <span class='ocrx_word' id='word_1_36' title='bbox 786 372 885 391; x_wconf 87' lang='lat' dir='ltr'><strong>corro-</strong></span> 
     </span>
    </p>
   </div>
   <div class='ocr_carea' id='block_1_6' title="bbox 37 409 185 435">
    <p class='ocr_par' dir='ltr' id='par_1_6' title="bbox 37 409 185 435">
     <span class='ocr_line' id='line_1_6' title="bbox 37 409 185 435; baseline 0 0"><span class='ocrx_word' id='word_1_37' title='bbox 37 409 185 435; x_wconf 90' lang='lat' dir='ltr'><strong>boramus.</strong></span> 
     </span>
    </p>
   </div>
   <div class='ocr_carea' id='block_1_7' title="bbox 373 443 556 470">
    <p class='ocr_par' dir='ltr' id='par_1_7' title="bbox 373 443 556 470">
     <span class='ocr_line' id='line_1_7' title="bbox 373 443 556 470; baseline -0.005 0"><span class='ocrx_word' id='word_1_38' title='bbox 373 443 556 470; x_wconf 79' lang='lat' dir='ltr'><strong>CAPITULA.</strong></span> 
     </span>
    </p>
   </div>
   <div class='ocr_carea' id='block_1_8' title="bbox 74 496 886 529">
    <p class='ocr_par' dir='ltr' id='par_1_8' title="bbox 74 496 886 529">
     <span class='ocr_line' id='line_1_8' title="bbox 74 496 886 529; baseline 0.001 -7"><span class='ocrx_word' id='word_1_39' title='bbox 74 498 96 522; x_wconf 88' lang='lat' dir='ltr'><strong>l.</strong></span> <span class='ocrx_word' id='word_1_40' title='bbox 127 497 160 523; x_wconf 91' lang='lat' dir='ltr'><strong>Ut</strong></span> <span class='ocrx_word' id='word_1_41' title='bbox 181 496 273 523; x_wconf 84' lang='lat' dir='ltr'><strong>nullus</strong></span> <span class='ocrx_word' id='word_1_42' title='bbox 305 497 335 522; x_wconf 79' lang='lat' dir='ltr'><strong>in</strong></span> <span class='ocrx_word' id='word_1_43' title='bbox 358 496 426 522; x_wconf 85' lang='lat' dir='ltr'><strong>clero</strong></span> <span class='ocrx_word' id='word_1_44' title='bbox 446 496 582 522; x_wconf 76' lang='lat' dir='ltr'><strong>mulierem</strong></span> <span class='ocrx_word' id='word_1_45' title='bbox 613 497 760 529; x_wconf 76' lang='lat' dir='ltr'><strong>contingat.</strong></span> <span class='ocrx_word' id='word_1_46' title='bbox 787 496 886 523; x_wconf 84' lang='lat' dir='ltr'><strong>Nullus</strong></span> 
     </span>
    </p>
   </div>
   <div class='ocr_carea' id='block_1_9' title="bbox 36 540 886 575">
    <p class='ocr_par' dir='ltr' id='par_1_9' title="bbox 36 540 886 575">
     <span class='ocr_line' id='line_1_9' title="bbox 36 540 886 575; baseline 0.001 -9"><span class='ocrx_word' id='word_1_47' title='bbox 36 540 64 566; x_wconf 92' lang='lat' dir='ltr'><strong>in</strong></span> <span class='ocrx_word' id='word_1_48' title='bbox 94 540 177 567; x_wconf 87' lang='lat' dir='ltr'><strong>omni</strong></span> <span class='ocrx_word' id='word_1_49' title='bbox 205 540 297 575; x_wconf 83' lang='lat' dir='ltr'><strong>gradu</strong></span> <span class='ocrx_word' id='word_1_50' title='bbox 323 540 448 566; x_wconf 70' lang='lat' dir='ltr'><strong>ecclesias</strong></span> <span class='ocrx_word' id='word_1_51' title='bbox 476 547 593 566; x_wconf 82' lang='lat' dir='ltr'><strong>uxorem</strong></span> <span class='ocrx_word' id='word_1_52' title='bbox 622 540 667 566; x_wconf 83' lang='lat' dir='ltr'><strong>vel</strong></span> <span class='ocrx_word' id='word_1_53' title='bbox 698 540 886 567; x_wconf 83' lang='lat' dir='ltr'><strong>concubinam</strong></span> 
     </span>
    </p>
   </div>
   <div class='ocr_carea' id='block_1_10' title="bbox 35 583 883 620">
    <p class='ocr_par' dir='ltr' id='par_1_10' title="bbox 35 583 883 620">
     <span class='ocr_line' id='line_1_10' title="bbox 35 583 883 620; baseline 0 -10"><span class='ocrx_word' id='word_1_54' title='bbox 35 584 143 611; x_wconf 89' lang='lat' dir='ltr'><strong>habere</strong></span> <span class='ocrx_word' id='word_1_55' title='bbox 159 586 322 620; x_wconf 62' lang='lat' dir='ltr'><strong>praesumat,</strong></span> <span class='ocrx_word' id='word_1_56' title='bbox 339 592 392 610; x_wconf 88' lang='lat' dir='ltr'><strong>nec</strong></span> <span class='ocrx_word' id='word_1_57' title='bbox 411 583 441 610; x_wconf 89' lang='lat' dir='ltr'><strong>in</strong></span> <span class='ocrx_word' id='word_1_58' title='bbox 467 591 525 610; x_wconf 87' lang='lat' dir='ltr'><strong>una</strong></span> <span class='ocrx_word' id='word_1_59' title='bbox 552 584 638 610; x_wconf 89' lang='lat' dir='ltr'><strong>domo</strong></span> <span class='ocrx_word' id='word_1_60' title='bbox 667 591 733 610; x_wconf 89' lang='lat' dir='ltr'><strong>cum</strong></span> <span class='ocrx_word' id='word_1_61' title='bbox 763 584 883 610; x_wconf 83' lang='lat' dir='ltr'><strong>muliere</strong></span> 
     </span>
    </p>
   </div>
   <div class='ocr_carea' id='block_1_11' title="bbox 36 628 886 660">
    <p class='ocr_par' dir='ltr' id='par_1_11' title="bbox 36 628 886 660">
     <span class='ocr_line' id='line_1_11' title="bbox 36 628 886 660; baseline 0 -6"><span class='ocrx_word' id='word_1_62' title='bbox 36 628 142 655; x_wconf 78' lang='lat' dir='ltr'><strong>audeat</strong></span> <span class='ocrx_word' id='word_1_63' title='bbox 156 628 296 655; x_wconf 75' lang='lat' dir='ltr'><strong>habitare.</strong></span> <span class='ocrx_word' id='word_1_64' title='bbox 326 628 407 660; x_wconf 87' lang='lat' dir='ltr'><strong>Quod</strong></span> <span class='ocrx_word' id='word_1_65' title='bbox 431 628 455 654; x_wconf 89' lang='lat' dir='ltr'><strong>si</strong></span> <span class='ocrx_word' id='word_1_66' title='bbox 484 628 582 654; x_wconf 84' lang='lat' dir='ltr'><strong>fecerit</strong></span> <span class='ocrx_word' id='word_1_67' title='bbox 611 631 720 654; x_wconf 85' lang='lat' dir='ltr'><strong>servata</strong></span> <span class='ocrx_word' id='word_1_68' title='bbox 734 628 886 655; x_wconf 83' lang='lat' dir='ltr'><strong>Justiniani</strong></span> 
     </span>
    </p>
   </div>
   <div class='ocr_carea' id='block_1_12' title="bbox 35 671 887 707">
    <p class='ocr_par' dir='ltr' id='par_1_12' title="bbox 35 671 887 707">
     <span class='ocr_line' id='line_1_12' title="bbox 35 671 887 707; baseline 0 -9"><span class='ocrx_word' id='word_1_69' title='bbox 35 672 160 707; x_wconf 80' lang='lat' dir='ltr'><strong>Augusti</strong></span> <span class='ocrx_word' id='word_1_70' title='bbox 172 672 309 707; x_wconf 74' lang='lat' dir='ltr'><strong>aequitate</strong></span> <span class='ocrx_word' id='word_1_71' title='bbox 325 671 442 705; x_wconf 85' lang='lat' dir='ltr'><strong>(Novell.</strong></span> <span class='ocrx_word' id='word_1_72' title='bbox 460 673 520 704; x_wconf 71' lang='lat'><strong>1&#39;23,</strong></span> <span class='ocrx_word' id='word_1_73' title='bbox 532 679 556 698; x_wconf 90' lang='lat' dir='ltr'><strong>c.</strong></span> <span class='ocrx_word' id='word_1_74' title='bbox 588 671 642 706; x_wconf 70' lang='grc'><strong>14),</strong></span> <span class='ocrx_word' id='word_1_75' title='bbox 657 672 744 698; x_wconf 57' lang='lat' dir='ltr'><strong>curia».</strong></span> <span class='ocrx_word' id='word_1_76' title='bbox 764 672 887 698; x_wconf 81' lang='lat' dir='ltr'><strong>civitatis</strong></span> 
     </span>
    </p>
   </div>
   <div class='ocr_carea' id='block_1_13' title="bbox 36 715 887 750">
    <p class='ocr_par' dir='ltr' id='par_1_13' title="bbox 36 715 887 750">
     <span class='ocr_line' id='line_1_13' title="bbox 36 715 887 750; baseline 0 -8"><span class='ocrx_word' id='word_1_77' title='bbox 36 717 170 743; x_wconf 79' lang='lat' dir='ltr'><strong>tradatur</strong></span> <span class='ocrx_word' id='word_1_78' title='bbox 197 716 279 750; x_wconf 81' lang='lat' dir='ltr'><strong>cujus</strong></span> <span class='ocrx_word' id='word_1_79' title='bbox 307 717 349 742; x_wconf 89' lang='lat' dir='ltr'><strong>est</strong></span> <span class='ocrx_word' id='word_1_80' title='bbox 374 715 502 742; x_wconf 83' lang='lat' dir='ltr'><strong>clericus.</strong></span> <span class='ocrx_word' id='word_1_81' title='bbox 536 716 603 742; x_wconf 78' lang='lat' dir='ltr'><strong>lure</strong></span> <span class='ocrx_word' id='word_1_82' title='bbox 625 716 731 742; x_wconf 89' lang='lat' dir='ltr'><strong>etenim</strong></span> <span class='ocrx_word' id='word_1_83' title='bbox 760 715 887 742; x_wconf 90' lang='lat' dir='ltr'><strong>manebit</strong></span> 
     </span>
    </p>
   </div>
   <div class='ocr_carea' id='block_1_14' title="bbox 37 759 886 794">
    <p class='ocr_par' dir='ltr' id='par_1_14' title="bbox 37 759 886 794">
     <span class='ocr_line' id='line_1_14' title="bbox 37 759 886 794; baseline 0.001 -9"><span class='ocrx_word' id='word_1_84' title='bbox 37 760 125 786; x_wconf 80' lang='lat' dir='ltr'><strong>miser</strong></span> <span class='ocrx_word' id='word_1_85' title='bbox 148 759 180 786; x_wconf 89' lang='lat' dir='ltr'><strong>in</strong></span> <span class='ocrx_word' id='word_1_86' title='bbox 207 759 296 791; x_wconf 88' lang='lat' dir='ltr'><strong>curia,</strong></span> <span class='ocrx_word' id='word_1_87' title='bbox 324 767 409 794; x_wconf 87' lang='lat' dir='ltr'><strong>quem</strong></span> <span class='ocrx_word' id='word_1_88' title='bbox 449 759 574 786; x_wconf 54' lang='lat' dir='ltr'><strong>ecclesia).</strong></span> <span class='ocrx_word' id='word_1_89' title='bbox 603 760 702 794; x_wconf 88' lang='lat' dir='ltr'><strong>regula</strong></span> <span class='ocrx_word' id='word_1_90' title='bbox 726 760 886 794; x_wconf 84' lang='lat' dir='ltr'><strong>depositum</strong></span> 
     </span>
    </p>
   </div>
   <div class='ocr_carea' id='block_1_15' title="bbox 38 803 323 839">
    <p class='ocr_par' dir='ltr' id='par_1_15' title="bbox 38 803 323 839">
     <span class='ocr_line' id='line_1_15' title="bbox 38 803 323 839; baseline -0.004 -9"><span class='ocrx_word' id='word_1_91' title='bbox 38 804 122 839; x_wconf 87' lang='lat' dir='ltr'><strong>ejccit</strong></span> <span class='ocrx_word' id='word_1_92' title='bbox 138 803 176 830; x_wconf 91' lang='lat' dir='ltr'><strong>ab</strong></span> <span class='ocrx_word' id='word_1_93' title='bbox 196 803 323 830; x_wconf 86' lang='lat' dir='ltr'><strong>ecclesia.</strong></span> 
     </span>
    </p>
   </div>
   <div class='ocr_carea' id='block_1_16' title="bbox 71 847 887 882">
    <p class='ocr_par' dir='ltr' id='par_1_16' title="bbox 71 847 887 882">
     <span class='ocr_line' id='line_1_16' title="bbox 71 847 887 882; baseline 0 -8"><span class='ocrx_word' id='word_1_94' title='bbox 71 849 99 874; x_wconf 77' lang='lat'><strong>2.</strong></span> <span class='ocrx_word' id='word_1_95' title='bbox 129 849 163 875; x_wconf 97' lang='lat' dir='ltr'><strong>Ut</strong></span> <span class='ocrx_word' id='word_1_96' title='bbox 191 848 283 874; x_wconf 79' lang='lat' dir='ltr'><strong>nullus</strong></span> <span class='ocrx_word' id='word_1_97' title='bbox 308 848 448 882; x_wconf 83' lang='lat' dir='ltr'><strong>episcopus</strong></span> <span class='ocrx_word' id='word_1_98' title='bbox 469 848 606 874; x_wconf 74' lang='lat' dir='ltr'><strong>mulierem</strong></span> <span class='ocrx_word' id='word_1_99' title='bbox 635 847 804 881; x_wconf 85' lang='lat' dir='ltr'><strong>habeal,aul</strong></span> <span class='ocrx_word' id='word_1_100' title='bbox 829 856 887 875; x_wconf 82' lang='lat' dir='ltr'><strong>cum</strong></span> 
     </span>
    </p>
   </div>
   <div class='ocr_carea' id='block_1_17' title="bbox 36 891 886 926">
    <p class='ocr_par' dir='ltr' id='par_1_17' title="bbox 36 891 886 926">
     <span class='ocr_line' id='line_1_17' title="bbox 36 891 886 926; baseline 0 -8"><span class='ocrx_word' id='word_1_101' title='bbox 36 900 67 918; x_wconf 83' lang='lat' dir='ltr'><strong>ea</strong></span> <span class='ocrx_word' id='word_1_102' title='bbox 99 892 216 918; x_wconf 82' lang='lat' dir='ltr'><strong>habitet.</strong></span> <span class='ocrx_word' id='word_1_103' title='bbox 244 891 397 926; x_wconf 82' lang='lat' dir='ltr'><strong>Episcopus</strong></span> <span class='ocrx_word' id='word_1_104' title='bbox 421 899 486 917; x_wconf 89' lang='lat' dir='ltr'><strong>cum</strong></span> <span class='ocrx_word' id='word_1_105' title='bbox 512 892 590 918; x_wconf 90' lang='lat' dir='ltr'><strong>nulla</strong></span> <span class='ocrx_word' id='word_1_106' title='bbox 605 899 742 926; x_wconf 87' lang='lat' dir='ltr'><strong>umquam</strong></span> <span class='ocrx_word' id='word_1_107' title='bbox 768 892 886 918; x_wconf 85' lang='lat' dir='ltr'><strong>muliere</strong></span> 
     </span>
    </p>
   </div>
   <div class='ocr_carea' id='block_1_18' title="bbox 36 935 886 967">
    <p class='ocr_par' dir='ltr' id='par_1_18' title="bbox 36 935 886 967">
     <span class='ocr_line' id='line_1_18' title="bbox 36 935 886 967; baseline 0.001 -6"><span class='ocrx_word' id='word_1_108' title='bbox 36 936 142 962; x_wconf 85' lang='lat' dir='ltr'><strong>habeat</strong></span> <span class='ocrx_word' id='word_1_109' title='bbox 166 937 286 966; x_wconf 88' lang='lat' dir='ltr'><strong>tectum,</strong></span> <span class='ocrx_word' id='word_1_110' title='bbox 313 943 378 961; x_wconf 90' lang='lat' dir='ltr'><strong>cum</strong></span> <span class='ocrx_word' id='word_1_111' title='bbox 407 935 486 961; x_wconf 91' lang='lat' dir='ltr'><strong>nulla</strong></span> <span class='ocrx_word' id='word_1_112' title='bbox 514 935 618 961; x_wconf 81' lang='lat' dir='ltr'><strong>habeat</strong></span> <span class='ocrx_word' id='word_1_113' title='bbox 636 935 749 962; x_wconf 91' lang='lat' dir='ltr'><strong>lectum.</strong></span> <span class='ocrx_word' id='word_1_114' title='bbox 764 935 845 967; x_wconf 89' lang='lat' dir='ltr'><strong>Quod</strong></span> <span class='ocrx_word' id='word_1_115' title='bbox 862 936 886 962; x_wconf 90' lang='lat' dir='ltr'><strong>si</strong></span> 
     </span>
    </p>
   </div>
   <div class='ocr_carea' id='block_1_19' title="bbox 34 978 884 1014">
    <p class='ocr_par' dir='ltr' id='par_1_19' title="bbox 34 978 884 1014">
     <span class='ocr_line' id='line_1_19' title="bbox 34 978 884 1014; baseline 0.001 -9"><span class='ocrx_word' id='word_1_116' title='bbox 34 979 146 1012; x_wconf 76' lang='lat' dir='ltr'><strong>fecerit,</strong></span> <span class='ocrx_word' id='word_1_117' title='bbox 162 982 275 1005; x_wconf 86' lang='lat' dir='ltr'><strong>servato</strong></span> <span class='ocrx_word' id='word_1_118' title='bbox 297 979 416 1014; x_wconf 88' lang='lat' dir='ltr'><strong>antiquo</strong></span> <span class='ocrx_word' id='word_1_119' title='bbox 430 981 458 1005; x_wconf 92' lang='lat' dir='ltr'><strong>et</strong></span> <span class='ocrx_word' id='word_1_120' title='bbox 472 979 610 1005; x_wconf 88' lang='lat' dir='ltr'><strong>moderno</strong></span> <span class='ocrx_word' id='word_1_121' title='bbox 627 978 753 1006; x_wconf 64' lang='lat' dir='ltr'><strong>ecclesiae</strong></span> <span class='ocrx_word' id='word_1_122' title='bbox 763 979 884 1014; x_wconf 89' lang='lat' dir='ltr'><strong>judicio,</strong></span> 
     </span>
    </p>
   </div>
   <div class='ocr_carea' id='block_1_20' title="bbox 36 1022 886 1058">
    <p class='ocr_par' dir='ltr' id='par_1_20' title="bbox 36 1022 886 1058">
     <span class='ocr_line' id='line_1_20' title="bbox 36 1022 886 1058; baseline 0 -9"><span class='ocrx_word' id='word_1_123' title='bbox 36 1023 210 1058; x_wconf 85' lang='lat' dir='ltr'><strong>deponatur.</strong></span> <span class='ocrx_word' id='word_1_124' title='bbox 243 1022 359 1057; x_wconf 83' lang='lat' dir='ltr'><strong>Eritque</strong></span> <span class='ocrx_word' id='word_1_125' title='bbox 402 1025 482 1049; x_wconf 86' lang='lat' dir='ltr'><strong>tanto</strong></span> <span class='ocrx_word' id='word_1_126' title='bbox 511 1031 591 1049; x_wconf 88' lang='lat' dir='ltr'><strong>casus</strong></span> <span class='ocrx_word' id='word_1_127' title='bbox 626 1023 739 1057; x_wconf 81' lang='lat' dir='ltr'><strong>gravior</strong></span> <span class='ocrx_word' id='word_1_128' title='bbox 777 1026 886 1058; x_wconf 88' lang='lat' dir='ltr'><strong>quanto</strong></span> 
     </span>
    </p>
   </div>
   <div class='ocr_carea' id='block_1_21' title="bbox 36 1067 251 1102">
    <p class='ocr_par' dir='ltr' id='par_1_21' title="bbox 36 1067 251 1102">
     <span class='ocr_line' id='line_1_21' title="bbox 36 1067 251 1102; baseline 0.005 -10"><span class='ocrx_word' id='word_1_129' title='bbox 36 1068 143 1102; x_wconf 82' lang='lat' dir='ltr'><strong>gradus</strong></span> <span class='ocrx_word' id='word_1_130' title='bbox 155 1067 251 1093; x_wconf 79' lang='lat' dir='ltr'><strong>altior.</strong></span> 
     </span>
    </p>
   </div>
   <div class='ocr_carea' id='block_1_22' title="bbox 71 1111 888 1146">
    <p class='ocr_par' dir='ltr' id='par_1_22' title="bbox 71 1111 888 1146">
     <span class='ocr_line' id='line_1_22' title="bbox 71 1111 888 1146; baseline 0 -8"><span class='ocrx_word' id='word_1_131' title='bbox 71 1113 96 1138; x_wconf 88' lang='lat'><strong>3.</strong></span> <span class='ocrx_word' id='word_1_132' title='bbox 117 1112 152 1138; x_wconf 86' lang='lat' dir='ltr'><strong>Ut</strong></span> <span class='ocrx_word' id='word_1_133' title='bbox 171 1111 227 1146; x_wconf 76' lang='lat' dir='ltr'><strong>ﬁlii</strong></span> <span class='ocrx_word' id='word_1_134' title='bbox 249 1111 406 1137; x_wconf 80' lang='lat' dir='ltr'><strong>clericorum</strong></span> <span class='ocrx_word' id='word_1_135' title='bbox 434 1117 571 1137; x_wconf 79' lang='lat' dir='ltr'><strong>servorum</strong></span> <span class='ocrx_word' id='word_1_136' title='bbox 594 1111 717 1142; x_wconf 59' lang='lat' dir='ltr'><strong>ecclesias,</strong></span> <span class='ocrx_word' id='word_1_137' title='bbox 747 1113 819 1137; x_wconf 83' lang='lat' dir='ltr'><strong>servi</strong></span> <span class='ocrx_word' id='word_1_138' title='bbox 832 1112 888 1138; x_wconf 84' lang='lat' dir='ltr'><strong>sint</strong></span> 
     </span>
    </p>
   </div>
   <div class='ocr_carea' id='block_1_23' title="bbox 34 1154 887 1188">
    <p class='ocr_par' dir='ltr' id='par_1_23' title="bbox 34 1154 887 1188">
     <span class='ocr_line' id='line_1_23' title="bbox 34 1154 887 1188; baseline 0.001 -7"><span class='ocrx_word' id='word_1_139' title='bbox 34 1162 88 1181; x_wconf 74' lang='lat' dir='ltr'><strong>suae</strong></span> <span class='ocrx_word' id='word_1_140' title='bbox 116 1155 236 1181; x_wconf 69' lang='lat' dir='ltr'><strong>ecclesiae</strong></span> <span class='ocrx_word' id='word_1_141' title='bbox 273 1162 332 1181; x_wconf 85' lang='lat' dir='ltr'><strong>cum</strong></span> <span class='ocrx_word' id='word_1_142' title='bbox 359 1154 481 1181; x_wconf 85' lang='lat' dir='ltr'><strong>omnibus</strong></span> <span class='ocrx_word' id='word_1_143' title='bbox 513 1154 668 1188; x_wconf 72' lang='lat' dir='ltr'><strong>adquisitis.</strong></span> <span class='ocrx_word' id='word_1_144' title='bbox 700 1155 763 1181; x_wconf 85' lang='lat' dir='ltr'><strong>Filii</strong></span> <span class='ocrx_word' id='word_1_145' title='bbox 791 1158 887 1182; x_wconf 90' lang='lat' dir='ltr'><strong>autem</strong></span> 
     </span>
    </p>
   </div>
   <div class='ocr_carea' id='block_1_24' title="bbox 37 1198 886 1233">
    <p class='ocr_par' dir='ltr' id='par_1_24' title="bbox 37 1198 886 1233">
     <span class='ocr_line' id='line_1_24' title="bbox 37 1198 886 1233; baseline -0.001 -8"><span class='ocrx_word' id='word_1_146' title='bbox 37 1199 172 1225; x_wconf 89' lang='lat' dir='ltr'><strong>omnium</strong></span> <span class='ocrx_word' id='word_1_147' title='bbox 189 1199 361 1225; x_wconf 84' lang='lat' dir='ltr'><strong>clericorum</strong></span> <span class='ocrx_word' id='word_1_148' title='bbox 387 1198 575 1233; x_wconf 88' lang='lat' dir='ltr'><strong>omniumque</strong></span> <span class='ocrx_word' id='word_1_149' title='bbox 588 1198 729 1233; x_wconf 86' lang='lat' dir='ltr'><strong>graduum</strong></span> <span class='ocrx_word' id='word_1_150' title='bbox 742 1206 886 1225; x_wconf 85' lang='lat' dir='ltr'><strong>servorum</strong></span> 
     </span>
    </p>
   </div>
   <div class='ocr_carea' id='block_1_25' title="bbox 36 1241 886 1277">
    <p class='ocr_par' dir='ltr' id='par_1_25' title="bbox 36 1241 886 1277">
     <span class='ocr_line' id='line_1_25' title="bbox 36 1241 886 1277; baseline -0.001 -8"><span class='ocrx_word' id='word_1_151' title='bbox 36 1243 175 1275; x_wconf 73' lang='lat' dir='ltr'><strong>ecclesiae,</strong></span> <span class='ocrx_word' id='word_1_152' title='bbox 193 1243 226 1269; x_wconf 88' lang='lat' dir='ltr'><strong>de</strong></span> <span class='ocrx_word' id='word_1_153' title='bbox 242 1249 423 1277; x_wconf 89' lang='lat' dir='ltr'><strong>quacumque</strong></span> <span class='ocrx_word' id='word_1_154' title='bbox 446 1241 577 1274; x_wconf 85' lang='lat' dir='ltr'><strong>muliere,</strong></span> <span class='ocrx_word' id='word_1_155' title='bbox 604 1249 784 1276; x_wconf 87' lang='lat' dir='ltr'><strong>quocumque</strong></span> <span class='ocrx_word' id='word_1_156' title='bbox 802 1242 886 1268; x_wconf 90' lang='lat' dir='ltr'><strong>modo</strong></span> 
     </span>
    </p>
   </div>
   <div class='ocr_carea' id='block_1_26' title="bbox 35 1285 886 1321">
    <p class='ocr_par' dir='ltr' id='par_1_26' title="bbox 35 1285 886 1321">
     <span class='ocr_line' id='line_1_26' title="bbox 35 1285 886 1321; baseline -0.001 -8"><span class='ocrx_word' id='word_1_157' title='bbox 35 1287 88 1313; x_wconf 82' lang='lat' dir='ltr'><strong>sibi</strong></span> <span class='ocrx_word' id='word_1_158' title='bbox 103 1288 270 1321; x_wconf 87' lang='lat' dir='ltr'><strong>conjuncta,</strong></span> <span class='ocrx_word' id='word_1_159' title='bbox 285 1286 391 1312; x_wconf 90' lang='lat' dir='ltr'><strong>fuerint</strong></span> <span class='ocrx_word' id='word_1_160' title='bbox 406 1285 476 1317; x_wconf 88' lang='lat' dir='ltr'><strong>nati,</strong></span> <span class='ocrx_word' id='word_1_161' title='bbox 490 1285 564 1312; x_wconf 86' lang='lat' dir='ltr'><strong>servi</strong></span> <span class='ocrx_word' id='word_1_162' title='bbox 579 1293 638 1312; x_wconf 67' lang='lat' dir='ltr'><strong>sum</strong></span> <span class='ocrx_word' id='word_1_163' title='bbox 653 1288 737 1312; x_wconf 89' lang='lat' dir='ltr'><strong>erunt</strong></span> <span class='ocrx_word' id='word_1_164' title='bbox 751 1285 886 1318; x_wconf 73' lang='lat' dir='ltr'><strong>ecclesiae,</strong></span> 
     </span>
    </p>
   </div>
   <div class='ocr_carea' id='block_1_27' title="bbox 35 1328 888 1363">
    <p class='ocr_par' dir='ltr' id='par_1_27' title="bbox 35 1328 888 1363">
     <span class='ocr_line' id='line_1_27' title="bbox 35 1328 888 1363; baseline 0 -6"><span class='ocrx_word' id='word_1_165' title='bbox 35 1339 99 1357; x_wconf 86' lang='lat' dir='ltr'><strong>cum</strong></span> <span class='ocrx_word' id='word_1_166' title='bbox 113 1330 255 1357; x_wconf 87' lang='lat' dir='ltr'><strong>omnibus</strong></span> <span class='ocrx_word' id='word_1_167' title='bbox 270 1329 353 1356; x_wconf 89' lang='lat' dir='ltr'><strong>bonis</strong></span> <span class='ocrx_word' id='word_1_168' title='bbox 368 1328 513 1363; x_wconf 88' lang='lat' dir='ltr'><strong>acquisitis</strong></span> <span class='ocrx_word' id='word_1_169' title='bbox 529 1331 576 1362; x_wconf 88' lang='lat' dir='ltr'><strong>;et</strong></span> <span class='ocrx_word' id='word_1_170' title='bbox 589 1328 656 1363; x_wconf 86' lang='lat' dir='ltr'><strong>quia</strong></span> <span class='ocrx_word' id='word_1_171' title='bbox 684 1329 757 1355; x_wconf 81' lang='lat' dir='ltr'><strong>servi</strong></span> <span class='ocrx_word' id='word_1_172' title='bbox 782 1332 849 1356; x_wconf 89' lang='lat' dir='ltr'><strong>sunt</strong></span> <span class='ocrx_word' id='word_1_173' title='bbox 861 1333 888 1357; x_wconf 89' lang='lat' dir='ltr'><strong>et</strong></span> 
     </span>
    </p>
   </div>
   <div class='ocr_carea' id='block_1_28' title="bbox 36 1372 887 1408">
    <p class='ocr_par' dir='ltr' id='par_1_28' title="bbox 36 1372 887 1408">
     <span class='ocr_line' id='line_1_28' title="bbox 36 1372 887 1408; baseline -0.001 -8"><span class='ocrx_word' id='word_1_174' title='bbox 36 1376 130 1406; x_wconf 89' lang='lat' dir='ltr'><strong>erunt,</strong></span> <span class='ocrx_word' id='word_1_175' title='bbox 157 1381 319 1408; x_wconf 83' lang='lat' dir='ltr'><strong>numquam</strong></span> <span class='ocrx_word' id='word_1_176' title='bbox 347 1373 382 1399; x_wconf 92' lang='lat' dir='ltr'><strong>de</strong></span> <span class='ocrx_word' id='word_1_177' title='bbox 406 1372 519 1399; x_wconf 87' lang='lat' dir='ltr'><strong>servitio</strong></span> <span class='ocrx_word' id='word_1_178' title='bbox 544 1372 668 1399; x_wconf 67' lang='lat' dir='ltr'><strong>ecclesia:</strong></span> <span class='ocrx_word' id='word_1_179' title='bbox 697 1372 772 1399; x_wconf 80' lang='lat' dir='ltr'><strong>exire</strong></span> <span class='ocrx_word' id='word_1_180' title='bbox 800 1372 887 1399; x_wconf 83' lang='lat' dir='ltr'><strong>debe—</strong></span> 
     </span>
    </p>
   </div>
   <div class='ocr_carea' id='block_1_29' title="bbox 36 1416 886 1452">
    <p class='ocr_par' dir='ltr' id='par_1_29' title="bbox 36 1416 886 1452">
     <span class='ocr_line' id='line_1_29' title="bbox 36 1416 886 1452; baseline -0.002 -8"><span class='ocrx_word' id='word_1_181' title='bbox 36 1418 114 1444; x_wconf 88' lang='lat' dir='ltr'><strong>bunt.</strong></span> <span class='ocrx_word' id='word_1_182' title='bbox 132 1418 166 1444; x_wconf 86' lang='lat' dir='ltr'><strong>Et</strong></span> <span class='ocrx_word' id='word_1_183' title='bbox 182 1417 279 1443; x_wconf 85' lang='lat' dir='ltr'><strong>omnia</strong></span> <span class='ocrx_word' id='word_1_184' title='bbox 292 1425 357 1452; x_wconf 62' lang='lat' dir='ltr'><strong>qua:</strong></span> <span class='ocrx_word' id='word_1_185' title='bbox 372 1416 427 1451; x_wconf 81' lang='lat' dir='ltr'><strong>ipsi</strong></span> <span class='ocrx_word' id='word_1_186' title='bbox 445 1424 495 1451; x_wconf 91' lang='lat' dir='ltr'><strong>per</strong></span> <span class='ocrx_word' id='word_1_187' title='bbox 521 1424 623 1443; x_wconf 88' lang='lat' dir='ltr'><strong>manus</strong></span> <span class='ocrx_word' id='word_1_188' title='bbox 637 1419 666 1443; x_wconf 87' lang='lat' dir='ltr'><strong>et</strong></span> <span class='ocrx_word' id='word_1_189' title='bbox 679 1425 730 1451; x_wconf 90' lang='lat' dir='ltr'><strong>per</strong></span> <span class='ocrx_word' id='word_1_190' title='bbox 754 1416 886 1451; x_wconf 88' lang='lat' dir='ltr'><strong>scriptio—</strong></span> 
     </span>
    </p>
   </div>
   <div class='ocr_carea' id='block_1_30' title="bbox 35 1460 887 1496">
    <p class='ocr_par' dir='ltr' id='par_1_30' title="bbox 35 1460 887 1496">
     <span class='ocr_line' id='line_1_30' title="bbox 35 1460 887 1496; baseline -0.001 -8"><span class='ocrx_word' id='word_1_191' title='bbox 35 1470 83 1488; x_wconf 85' lang='lat' dir='ltr'><strong>nes</strong></span> <span class='ocrx_word' id='word_1_192' title='bbox 107 1462 235 1496; x_wconf 79' lang='lat' dir='ltr'><strong>alicujus</strong></span> <span class='ocrx_word' id='word_1_193' title='bbox 251 1461 333 1487; x_wconf 84' lang='lat' dir='ltr'><strong>liberi</strong></span> <span class='ocrx_word' id='word_1_194' title='bbox 366 1460 565 1495; x_wconf 74' lang='lat' dir='ltr'><strong>adquisierim,</strong></span> <span class='ocrx_word' id='word_1_195' title='bbox 596 1460 723 1487; x_wconf 70' lang='lat' dir='ltr'><strong>ecclesiie</strong></span> <span class='ocrx_word' id='word_1_196' title='bbox 750 1460 823 1487; x_wconf 83' lang='lat' dir='ltr'><strong>sicut</strong></span> <span class='ocrx_word' id='word_1_197' title='bbox 836 1468 887 1487; x_wconf 85' lang='lat' dir='ltr'><strong>sua</strong></span> 
     </span>
    </p>
   </div>
   <div class='ocr_carea' id='block_1_31' title="bbox 35 1504 887 1541">
    <p class='ocr_par' dir='ltr' id='par_1_31' title="bbox 35 1504 887 1541">
     <span class='ocr_line' id='line_1_31' title="bbox 35 1504 887 1541; baseline -0.002 -9"><span class='ocrx_word' id='word_1_198' title='bbox 35 1506 151 1541; x_wconf 88' lang='lat' dir='ltr'><strong>propria</strong></span> <span class='ocrx_word' id='word_1_199' title='bbox 165 1505 326 1532; x_wconf 86' lang='lat' dir='ltr'><strong>reddimus.</strong></span> <span class='ocrx_word' id='word_1_200' title='bbox 347 1505 405 1531; x_wconf 89' lang='lat' dir='ltr'><strong>Suo</strong></span> <span class='ocrx_word' id='word_1_201' title='bbox 422 1504 529 1530; x_wconf 87' lang='lat' dir='ltr'><strong>etenim</strong></span> <span class='ocrx_word' id='word_1_202' title='bbox 542 1504 602 1539; x_wconf 91' lang='lat' dir='ltr'><strong>juri</strong></span> <span class='ocrx_word' id='word_1_203' title='bbox 614 1507 706 1531; x_wconf 89' lang='lat' dir='ltr'><strong>totum</strong></span> <span class='ocrx_word' id='word_1_204' title='bbox 722 1504 838 1531; x_wconf 79' lang='lat' dir='ltr'><strong>ecclesia</strong></span> <span class='ocrx_word' id='word_1_205' title='bbox 855 1508 887 1531; x_wconf 91' lang='lat' dir='ltr'><strong>ut</strong></span> 
     </span>
    </p>
   </div>
   <div class='ocr_carea' id='block_1_32' title="bbox 938 320 1783 355">
    <p class='ocr_par' dir='ltr' id='par_1_32' title="bbox 938 320 1783 355">
     <span class='ocr_line' id='line_1_32' title="bbox 938 320 1783 355; baseline 0.002 -8"><span class='ocrx_word' id='word_1_206' title='bbox 938 320 1055 354; x_wconf 90' lang='lat' dir='ltr'><strong>mirum,</strong></span> <span class='ocrx_word' id='word_1_207' title='bbox 1072 321 1120 347; x_wconf 90' lang='lat' dir='ltr'><strong>sed</strong></span> <span class='ocrx_word' id='word_1_208' title='bbox 1130 320 1322 355; x_wconf 88' lang='lat' dir='ltr'><strong>justissimum</strong></span> <span class='ocrx_word' id='word_1_209' title='bbox 1335 320 1483 353; x_wconf 87' lang='lat' dir='ltr'><strong>nimirum,</strong></span> <span class='ocrx_word' id='word_1_210' title='bbox 1493 320 1516 347; x_wconf 93' lang='lat' dir='ltr'><strong>si</strong></span> <span class='ocrx_word' id='word_1_211' title='bbox 1532 321 1556 347; x_wconf 88' lang='lat' dir='ltr'><strong>is</strong></span> <span class='ocrx_word' id='word_1_212' title='bbox 1571 322 1675 348; x_wconf 89' lang='lat' dir='ltr'><strong>amisso</strong></span> <span class='ocrx_word' id='word_1_213' title='bbox 1690 322 1783 349; x_wconf 82' lang='lat' dir='ltr'><strong>ofﬁcio</strong></span> 
     </span>
    </p>
   </div>
   <div class='ocr_carea' id='block_1_33' title="bbox 938 364 1776 400">
    <p class='ocr_par' dir='ltr' id='par_1_33' title="bbox 938 364 1776 400">
     <span class='ocr_line' id='line_1_33' title="bbox 938 364 1776 400; baseline 0 -8"><span class='ocrx_word' id='word_1_214' title='bbox 938 373 1055 399; x_wconf 85' lang='lat' dir='ltr'><strong>corpore</strong></span> <span class='ocrx_word' id='word_1_215' title='bbox 1067 364 1203 398; x_wconf 81' lang='lat' dir='ltr'><strong>exulabit,</strong></span> <span class='ocrx_word' id='word_1_216' title='bbox 1232 372 1318 399; x_wconf 92' lang='lat' dir='ltr'><strong>quem</strong></span> <span class='ocrx_word' id='word_1_217' title='bbox 1341 364 1469 397; x_wconf 84' lang='lat' dir='ltr'><strong>ecclesia,</strong></span> <span class='ocrx_word' id='word_1_218' title='bbox 1486 365 1553 400; x_wconf 89' lang='lat' dir='ltr'><strong>quia</strong></span> <span class='ocrx_word' id='word_1_219' title='bbox 1566 366 1656 392; x_wconf 86' lang='lat' dir='ltr'><strong>Deum</strong></span> <span class='ocrx_word' id='word_1_220' title='bbox 1672 366 1776 399; x_wconf 87' lang='lat' dir='ltr'><strong>amisit,</strong></span> 
     </span>
    </p>
   </div>
   <div class='ocr_carea' id='block_1_34' title="bbox 937 408 1782 437">
    <p class='ocr_par' dir='ltr' id='par_1_34' title="bbox 937 408 1782 437">
     <span class='ocr_line' id='line_1_34' title="bbox 937 408 1782 437; baseline 0.001 -2"><span class='ocrx_word' id='word_1_221' title='bbox 937 409 1118 435; x_wconf 80' lang='lat' dir='ltr'><strong>anathemate</strong></span> <span class='ocrx_word' id='word_1_222' title='bbox 1135 408 1305 436; x_wconf 87' lang='lat' dir='ltr'><strong>fulminavit.</strong></span> <span class='ocrx_word' id='word_1_223' title='bbox 1323 409 1424 436; x_wconf 84' lang='lat' dir='ltr'><strong>Matres</strong></span> <span class='ocrx_word' id='word_1_224' title='bbox 1448 417 1514 435; x_wconf 88' lang='lat' dir='ltr'><strong>vero</strong></span> <span class='ocrx_word' id='word_1_225' title='bbox 1539 417 1639 436; x_wconf 86' lang='lat' dir='ltr'><strong>eorum</strong></span> <span class='ocrx_word' id='word_1_226' title='bbox 1670 410 1782 437; x_wconf 89' lang='lat' dir='ltr'><strong>liberta-</strong></span> 
     </span>
    </p>
   </div>
   <div class='ocr_carea' id='block_1_35' title="bbox 939 452 1781 489">
    <p class='ocr_par' dir='ltr' id='par_1_35' title="bbox 939 452 1781 489">
     <span class='ocr_line' id='line_1_35' title="bbox 939 452 1781 489; baseline 0 -9"><span class='ocrx_word' id='word_1_227' title='bbox 939 455 995 480; x_wconf 88' lang='lat' dir='ltr'><strong>tem</strong></span> <span class='ocrx_word' id='word_1_228' title='bbox 1020 452 1160 479; x_wconf 89' lang='lat' dir='ltr'><strong>adulterio</strong></span> <span class='ocrx_word' id='word_1_229' title='bbox 1189 452 1352 484; x_wconf 89' lang='lat' dir='ltr'><strong>vendentes,</strong></span> <span class='ocrx_word' id='word_1_230' title='bbox 1384 452 1464 487; x_wconf 89' lang='lat' dir='ltr'><strong>prius</strong></span> <span class='ocrx_word' id='word_1_231' title='bbox 1491 453 1521 480; x_wconf 91' lang='lat' dir='ltr'><strong>in</strong></span> <span class='ocrx_word' id='word_1_232' title='bbox 1545 453 1607 480; x_wconf 88' lang='lat' dir='ltr'><strong>foro</strong></span> <span class='ocrx_word' id='word_1_233' title='bbox 1638 454 1781 489; x_wconf 76' lang='lat' dir='ltr'><strong>castigatae</strong></span> 
     </span>
    </p>
   </div>
   <div class='ocr_carea' id='block_1_36' title="bbox 938 496 1782 532">
    <p class='ocr_par' dir='ltr' id='par_1_36' title="bbox 938 496 1782 532">
     <span class='ocr_line' id='line_1_36' title="bbox 938 496 1782 532; baseline 0.001 -9"><span class='ocrx_word' id='word_1_234' title='bbox 938 497 1009 523; x_wconf 79' lang='lat' dir='ltr'><strong>ﬂant</strong></span> <span class='ocrx_word' id='word_1_235' title='bbox 1023 497 1196 532; x_wconf 83' lang='lat' dir='ltr'><strong>exemplum,</strong></span> <span class='ocrx_word' id='word_1_236' title='bbox 1213 499 1242 523; x_wconf 89' lang='lat' dir='ltr'><strong>et</strong></span> <span class='ocrx_word' id='word_1_237' title='bbox 1264 496 1479 531; x_wconf 83' lang='lat' dir='ltr'><strong>posteajudicio</strong></span> <span class='ocrx_word' id='word_1_238' title='bbox 1495 496 1619 524; x_wconf 66' lang='lat' dir='ltr'><strong>ecclesia:</strong></span> <span class='ocrx_word' id='word_1_239' title='bbox 1633 499 1661 524; x_wconf 91' lang='lat' dir='ltr'><strong>et</strong></span> <span class='ocrx_word' id='word_1_240' title='bbox 1685 500 1782 524; x_wconf 89' lang='lat' dir='ltr'><strong>nostro</strong></span> 
     </span>
    </p>
   </div>
   <div class='ocr_carea' id='block_1_37' title="bbox 939 540 1781 577">
    <p class='ocr_par' dir='ltr' id='par_1_37' title="bbox 939 540 1781 577">
     <span class='ocr_line' id='line_1_37' title="bbox 939 540 1781 577; baseline 0.001 -10"><span class='ocrx_word' id='word_1_241' title='bbox 939 541 1062 567; x_wconf 89' lang='lat' dir='ltr'><strong>exulent.</strong></span> <span class='ocrx_word' id='word_1_242' title='bbox 1079 540 1149 572; x_wconf 84' lang='lat' dir='ltr'><strong>Quia</strong></span> <span class='ocrx_word' id='word_1_243' title='bbox 1162 540 1185 567; x_wconf 88' lang='lat' dir='ltr'><strong>si</strong></span> <span class='ocrx_word' id='word_1_244' title='bbox 1199 540 1306 567; x_wconf 88' lang='lat' dir='ltr'><strong>fuerint</strong></span> <span class='ocrx_word' id='word_1_245' title='bbox 1320 541 1350 567; x_wconf 90' lang='lat' dir='ltr'><strong>in</strong></span> <span class='ocrx_word' id='word_1_246' title='bbox 1368 540 1482 574; x_wconf 85' lang='lat' dir='ltr'><strong>vicinia,</strong></span> <span class='ocrx_word' id='word_1_247' title='bbox 1496 540 1540 567; x_wconf 84' lang='lat' dir='ltr'><strong>vix</strong></span> <span class='ocrx_word' id='word_1_248' title='bbox 1556 544 1606 568; x_wconf 83' lang='lat' dir='ltr'><strong>aut</strong></span> <span class='ocrx_word' id='word_1_249' title='bbox 1624 549 1781 577; x_wconf 85' lang='lat' dir='ltr'><strong>numquam</strong></span> 
     </span>
    </p>
   </div>
   <div class='ocr_carea' id='block_1_38' title="bbox 938 584 1306 611">
    <p class='ocr_par' dir='ltr' id='par_1_38' title="bbox 938 584 1306 611">
     <span class='ocr_line' id='line_1_38' title="bbox 938 584 1306 611; baseline -0.003 0"><span class='ocrx_word' id='word_1_250' title='bbox 938 592 1037 611; x_wconf 89' lang='lat' dir='ltr'><strong>eorum</strong></span> <span class='ocrx_word' id='word_1_251' title='bbox 1052 584 1173 611; x_wconf 83' lang='lat' dir='ltr'><strong>cessabit</strong></span> <span class='ocrx_word' id='word_1_252' title='bbox 1189 584 1306 611; x_wconf 89' lang='lat' dir='ltr'><strong>malitia.</strong></span> 
     </span>
    </p>
   </div>
   <div class='ocr_carea' id='block_1_39' title="bbox 976 628 1782 662">
    <p class='ocr_par' dir='ltr' id='par_1_39' title="bbox 976 628 1782 662">
     <span class='ocr_line' id='line_1_39' title="bbox 976 628 1782 662; baseline 0 -8"><span class='ocrx_word' id='word_1_253' title='bbox 976 630 1001 654; x_wconf 84' lang='lat'><strong>5.</strong></span> <span class='ocrx_word' id='word_1_254' title='bbox 1020 629 1053 655; x_wconf 87' lang='lat' dir='ltr'><strong>Ut</strong></span> <span class='ocrx_word' id='word_1_255' title='bbox 1076 629 1148 655; x_wconf 83' lang='lat' dir='ltr'><strong>servi</strong></span> <span class='ocrx_word' id='word_1_256' title='bbox 1160 628 1274 655; x_wconf 76' lang='lat' dir='ltr'><strong>ecclesiae</strong></span> <span class='ocrx_word' id='word_1_257' title='bbox 1285 636 1336 662; x_wconf 85' lang='lat' dir='ltr'><strong>per</strong></span> <span class='ocrx_word' id='word_1_258' title='bbox 1360 635 1456 655; x_wconf 84' lang='lat' dir='ltr'><strong>manus</strong></span> <span class='ocrx_word' id='word_1_259' title='bbox 1485 628 1566 656; x_wconf 80' lang='lat' dir='ltr'><strong>liberi</strong></span> <span class='ocrx_word' id='word_1_260' title='bbox 1581 628 1696 656; x_wconf 82' lang='lat' dir='ltr'><strong>hominis</strong></span> <span class='ocrx_word' id='word_1_261' title='bbox 1711 629 1782 655; x_wconf 81' lang='lat' dir='ltr'><strong>nihil</strong></span> 
     </span>
    </p>
   </div>
   <div class='ocr_carea' id='block_1_40' title="bbox 939 671 1779 707">
    <p class='ocr_par' dir='ltr' id='par_1_40' title="bbox 939 671 1779 707">
     <span class='ocr_line' id='line_1_40' title="bbox 939 671 1779 707; baseline 0 -9"><span class='ocrx_word' id='word_1_262' title='bbox 939 671 1098 706; x_wconf 83' lang='lat' dir='ltr'><strong>adquirant.</strong></span> <span class='ocrx_word' id='word_1_263' title='bbox 1127 672 1218 698; x_wconf 85' lang='lat' dir='ltr'><strong>Servis</strong></span> <span class='ocrx_word' id='word_1_264' title='bbox 1250 672 1385 704; x_wconf 60' lang='lat' dir='ltr'><strong>ecclesias,</strong></span> <span class='ocrx_word' id='word_1_265' title='bbox 1416 675 1448 698; x_wconf 90' lang='lat' dir='ltr'><strong>ut</strong></span> <span class='ocrx_word' id='word_1_266' title='bbox 1481 672 1594 702; x_wconf 86' lang='lat' dir='ltr'><strong>nostris.</strong></span> <span class='ocrx_word' id='word_1_267' title='bbox 1628 672 1779 707; x_wconf 83' lang='lat' dir='ltr'><strong>adquirere</strong></span> 
     </span>
    </p>
   </div>
   <div class='ocr_carea' id='block_1_41' title="bbox 941 715 1781 750">
    <p class='ocr_par' dir='ltr' id='par_1_41' title="bbox 941 715 1781 750">
     <span class='ocr_line' id='line_1_41' title="bbox 941 715 1781 750; baseline 0 -8"><span class='ocrx_word' id='word_1_268' title='bbox 941 715 1006 742; x_wconf 90' lang='lat' dir='ltr'><strong>licet</strong></span> <span class='ocrx_word' id='word_1_269' title='bbox 1020 716 1106 750; x_wconf 86' lang='lat' dir='ltr'><strong>justc,</strong></span> <span class='ocrx_word' id='word_1_270' title='bbox 1123 719 1151 742; x_wconf 86' lang='lat' dir='ltr'><strong>et</strong></span> <span class='ocrx_word' id='word_1_271' title='bbox 1169 715 1267 748; x_wconf 85' lang='lat' dir='ltr'><strong>licuit;</strong></span> <span class='ocrx_word' id='word_1_272' title='bbox 1298 716 1346 742; x_wconf 92' lang='lat' dir='ltr'><strong>sed</strong></span> <span class='ocrx_word' id='word_1_273' title='bbox 1362 723 1413 750; x_wconf 91' lang='lat' dir='ltr'><strong>per</strong></span> <span class='ocrx_word' id='word_1_274' title='bbox 1429 723 1531 742; x_wconf 86' lang='lat' dir='ltr'><strong>manus</strong></span> <span class='ocrx_word' id='word_1_275' title='bbox 1550 716 1669 750; x_wconf 78' lang='lat' dir='ltr'><strong>alicujus</strong></span> <span class='ocrx_word' id='word_1_276' title='bbox 1695 716 1781 743; x_wconf 89' lang='lat' dir='ltr'><strong>liberi</strong></span> 
     </span>
    </p>
   </div>
   <div class='ocr_carea' id='block_1_42' title="bbox 940 759 1782 795">
    <p class='ocr_par' dir='ltr' id='par_1_42' title="bbox 940 759 1782 795">
     <span class='ocr_line' id='line_1_42' title="bbox 940 759 1782 795; baseline 0 -9"><span class='ocrx_word' id='word_1_277' title='bbox 940 759 1106 794; x_wconf 87' lang='lat' dir='ltr'><strong>scriptiones</strong></span> <span class='ocrx_word' id='word_1_278' title='bbox 1121 760 1193 786; x_wconf 86' lang='lat' dir='ltr'><strong>ullas</strong></span> <span class='ocrx_word' id='word_1_279' title='bbox 1203 759 1381 792; x_wconf 84' lang='lat' dir='ltr'><strong>contrahere,</strong></span> <span class='ocrx_word' id='word_1_280' title='bbox 1407 760 1484 786; x_wconf 92' lang='lat' dir='ltr'><strong>nullo</strong></span> <span class='ocrx_word' id='word_1_281' title='bbox 1501 766 1638 794; x_wconf 87' lang='lat' dir='ltr'><strong>umquam</strong></span> <span class='ocrx_word' id='word_1_282' title='bbox 1653 762 1782 795; x_wconf 83' lang='lat' dir='ltr'><strong>tempore</strong></span> 
     </span>
    </p>
   </div>
   <div class='ocr_carea' id='block_1_43' title="bbox 941 803 1783 838">
    <p class='ocr_par' dir='ltr' id='par_1_43' title="bbox 941 803 1783 838">
     <span class='ocr_line' id='line_1_43' title="bbox 941 803 1783 838; baseline 0.001 -9"><span class='ocrx_word' id='word_1_283' title='bbox 941 803 1045 829; x_wconf 86' lang='lat' dir='ltr'><strong>licebit.</strong></span> <span class='ocrx_word' id='word_1_284' title='bbox 1067 803 1147 835; x_wconf 88' lang='lat' dir='ltr'><strong>Quod</strong></span> <span class='ocrx_word' id='word_1_285' title='bbox 1159 803 1181 829; x_wconf 88' lang='lat' dir='ltr'><strong>si</strong></span> <span class='ocrx_word' id='word_1_286' title='bbox 1193 803 1302 835; x_wconf 88' lang='lat' dir='ltr'><strong>fecerit,</strong></span> <span class='ocrx_word' id='word_1_287' title='bbox 1319 803 1559 838; x_wconf 67' lang='lat' dir='ltr'><strong>ecclesiaajudicio</strong></span> <span class='ocrx_word' id='word_1_288' title='bbox 1575 806 1606 830; x_wconf 91' lang='lat' dir='ltr'><strong>ut</strong></span> <span class='ocrx_word' id='word_1_289' title='bbox 1626 812 1693 830; x_wconf 79' lang='lat' dir='ltr'><strong>suus</strong></span> <span class='ocrx_word' id='word_1_290' title='bbox 1708 812 1783 831; x_wconf 82' lang='lat' dir='ltr'><strong>coer-</strong></span> 
     </span>
    </p>
   </div>
   <div class='ocr_carea' id='block_1_44' title="bbox 941 845 1784 882">
    <p class='ocr_par' dir='ltr' id='par_1_44' title="bbox 941 845 1784 882">
     <span class='ocr_line' id='line_1_44' title="bbox 941 845 1784 882; baseline 0.002 -10"><span class='ocrx_word' id='word_1_291' title='bbox 941 845 1073 873; x_wconf 91' lang='lat' dir='ltr'><strong>cerbitur.</strong></span> <span class='ocrx_word' id='word_1_292' title='bbox 1090 846 1118 873; x_wconf 92' lang='lat' dir='ltr'><strong>Si</strong></span> <span class='ocrx_word' id='word_1_293' title='bbox 1133 846 1211 873; x_wconf 89' lang='lat' dir='ltr'><strong>enim</strong></span> <span class='ocrx_word' id='word_1_294' title='bbox 1227 847 1260 873; x_wconf 93' lang='lat' dir='ltr'><strong>ad</strong></span> <span class='ocrx_word' id='word_1_295' title='bbox 1276 850 1406 874; x_wconf 92' lang='lat' dir='ltr'><strong>nostrum</strong></span> <span class='ocrx_word' id='word_1_296' title='bbox 1428 850 1568 882; x_wconf 85' lang='lat' dir='ltr'><strong>spectaret</strong></span> <span class='ocrx_word' id='word_1_297' title='bbox 1584 847 1736 882; x_wconf 84' lang='lat' dir='ltr'><strong>judicium,</strong></span> <span class='ocrx_word' id='word_1_298' title='bbox 1755 851 1784 874; x_wconf 89' lang='lat' dir='ltr'><strong>ut</strong></span> 
     </span>
    </p>
   </div>
   <div class='ocr_carea' id='block_1_45' title="bbox 940 890 1274 924">
    <p class='ocr_par' dir='ltr' id='par_1_45' title="bbox 940 890 1274 924">
     <span class='ocr_line' id='line_1_45' title="bbox 940 890 1274 924; baseline 0.003 -8"><span class='ocrx_word' id='word_1_299' title='bbox 940 890 1075 924; x_wconf 80' lang='lat' dir='ltr'><strong>fugitivus</strong></span> <span class='ocrx_word' id='word_1_300' title='bbox 1086 890 1274 917; x_wconf 82' lang='lat' dir='ltr'><strong>addiceretur.</strong></span> 
     </span>
    </p>
   </div>
   <div class='ocr_carea' id='block_1_46' title="bbox 977 934 1782 969">
    <p class='ocr_par' dir='ltr' id='par_1_46' title="bbox 977 934 1782 969">
     <span class='ocr_line' id='line_1_46' title="bbox 977 934 1782 969; baseline 0.004 -9"><span class='ocrx_word' id='word_1_301' title='bbox 977 935 1002 960; x_wconf 85' lang='lat'><strong>6.</strong></span> <span class='ocrx_word' id='word_1_302' title='bbox 1026 935 1058 961; x_wconf 88' lang='lat' dir='ltr'><strong>Ut</strong></span> <span class='ocrx_word' id='word_1_303' title='bbox 1078 934 1165 968; x_wconf 69' lang='lat' dir='ltr'><strong>judex</strong></span> <span class='ocrx_word' id='word_1_304' title='bbox 1189 937 1236 961; x_wconf 84' lang='lat' dir='ltr'><strong>aut</strong></span> <span class='ocrx_word' id='word_1_305' title='bbox 1264 935 1370 961; x_wconf 79' lang='lat' dir='ltr'><strong>tabcllio</strong></span> <span class='ocrx_word' id='word_1_306' title='bbox 1389 935 1497 962; x_wconf 83' lang='lat' dir='ltr'><strong>chartas</strong></span> <span class='ocrx_word' id='word_1_307' title='bbox 1525 943 1578 962; x_wconf 86' lang='lat' dir='ltr'><strong>non</strong></span> <span class='ocrx_word' id='word_1_308' title='bbox 1605 936 1727 963; x_wconf 85' lang='lat' dir='ltr'><strong>scribant</strong></span> <span class='ocrx_word' id='word_1_309' title='bbox 1749 940 1782 969; x_wconf 58' lang='lat'><strong>’3,</strong></span> 
     </span>
    </p>
   </div>
   <div class='ocr_carea' id='block_1_47' title="bbox 941 978 1783 1013">
    <p class='ocr_par' dir='ltr' id='par_1_47' title="bbox 941 978 1783 1013">
     <span class='ocr_line' id='line_1_47' title="bbox 941 978 1783 1013; baseline 0.002 -9"><span class='ocrx_word' id='word_1_310' title='bbox 941 985 1009 1012; x_wconf 81' lang='lat' dir='ltr'><strong>quas</strong></span> <span class='ocrx_word' id='word_1_311' title='bbox 1021 978 1091 1004; x_wconf 80' lang='lat' dir='ltr'><strong>servi</strong></span> <span class='ocrx_word' id='word_1_312' title='bbox 1107 978 1221 1005; x_wconf 77' lang='lat' dir='ltr'><strong>ecclesiae</strong></span> <span class='ocrx_word' id='word_1_313' title='bbox 1242 986 1293 1012; x_wconf 77' lang='lat' dir='ltr'><strong>per</strong></span> <span class='ocrx_word' id='word_1_314' title='bbox 1312 986 1407 1005; x_wconf 83' lang='lat' dir='ltr'><strong>manus</strong></span> <span class='ocrx_word' id='word_1_315' title='bbox 1431 979 1509 1006; x_wconf 78' lang='lat' dir='ltr'><strong>liberi</strong></span> <span class='ocrx_word' id='word_1_316' title='bbox 1528 979 1688 1013; x_wconf 84' lang='lat' dir='ltr'><strong>adquirunt.</strong></span> <span class='ocrx_word' id='word_1_317' title='bbox 1705 980 1783 1007; x_wconf 81' lang='lat' dir='ltr'><strong>ludi-</strong></span> 
     </span>
    </p>
   </div>
   <div class='ocr_carea' id='block_1_48' title="bbox 941 1022 1783 1058">
    <p class='ocr_par' dir='ltr' id='par_1_48' title="bbox 941 1022 1783 1058">
     <span class='ocr_line' id='line_1_48' title="bbox 941 1022 1783 1058; baseline 0.002 -10"><span class='ocrx_word' id='word_1_318' title='bbox 941 1022 1020 1048; x_wconf 90' lang='lat' dir='ltr'><strong>cibus</strong></span> <span class='ocrx_word' id='word_1_319' title='bbox 1036 1030 1102 1048; x_wconf 89' lang='lat' dir='ltr'><strong>vero</strong></span> <span class='ocrx_word' id='word_1_320' title='bbox 1127 1025 1156 1049; x_wconf 88' lang='lat' dir='ltr'><strong>et</strong></span> <span class='ocrx_word' id='word_1_321' title='bbox 1169 1022 1382 1055; x_wconf 82' lang='lat' dir='ltr'><strong>tabellionibus,</strong></span> <span class='ocrx_word' id='word_1_322' title='bbox 1401 1031 1523 1058; x_wconf 82' lang='lat' dir='ltr'><strong>quorum</strong></span> <span class='ocrx_word' id='word_1_323' title='bbox 1543 1026 1640 1050; x_wconf 85' lang='lat' dir='ltr'><strong>nostra</strong></span> <span class='ocrx_word' id='word_1_324' title='bbox 1654 1024 1783 1056; x_wconf 76' lang='lat' dir='ltr'><strong>interest,</strong></span> 
     </span>
    </p>
   </div>
   <div class='ocr_carea' id='block_1_49' title="bbox 942 1065 1783 1102">
    <p class='ocr_par' dir='ltr' id='par_1_49' title="bbox 942 1065 1783 1102">
     <span class='ocr_line' id='line_1_49' title="bbox 942 1065 1783 1102; baseline 0.002 -10"><span class='ocrx_word' id='word_1_325' title='bbox 942 1065 964 1092; x_wconf 89' lang='lat' dir='ltr'><strong>si</strong></span> <span class='ocrx_word' id='word_1_326' title='bbox 976 1066 1093 1101; x_wconf 83' lang='lat' dir='ltr'><strong>posthac</strong></span> <span class='ocrx_word' id='word_1_327' title='bbox 1104 1066 1174 1093; x_wconf 90' lang='lat' dir='ltr'><strong>tales</strong></span> <span class='ocrx_word' id='word_1_328' title='bbox 1189 1066 1309 1093; x_wconf 87' lang='lat' dir='ltr'><strong>fecerint</strong></span> <span class='ocrx_word' id='word_1_329' title='bbox 1338 1067 1515 1102; x_wconf 86' lang='lat' dir='ltr'><strong>scriptiones,</strong></span> <span class='ocrx_word' id='word_1_330' title='bbox 1533 1076 1649 1094; x_wconf 81' lang='lat' dir='ltr'><strong>manum</strong></span> <span class='ocrx_word' id='word_1_331' title='bbox 1680 1075 1783 1102; x_wconf 88' lang='lat' dir='ltr'><strong>ampu-</strong></span> 
     </span>
    </p>
   </div>
   <div class='ocr_carea' id='block_1_50' title="bbox 941 1110 1785 1145">
    <p class='ocr_par' dir='ltr' id='par_1_50' title="bbox 941 1110 1785 1145">
     <span class='ocr_line' id='line_1_50' title="bbox 941 1110 1785 1145; baseline 0.002 -9"><span class='ocrx_word' id='word_1_332' title='bbox 941 1112 1035 1136; x_wconf 88' lang='lat' dir='ltr'><strong>tamus</strong></span> <span class='ocrx_word' id='word_1_333' title='bbox 1049 1110 1206 1144; x_wconf 84' lang='lat' dir='ltr'><strong>dexteram,</strong></span> <span class='ocrx_word' id='word_1_334' title='bbox 1230 1118 1295 1145; x_wconf 64' lang='lat' dir='ltr'><strong>qua:</strong></span> <span class='ocrx_word' id='word_1_335' title='bbox 1323 1110 1436 1145; x_wconf 86' lang='lat' dir='ltr'><strong>scripsit</strong></span> <span class='ocrx_word' id='word_1_336' title='bbox 1448 1114 1546 1137; x_wconf 86' lang='lat' dir='ltr'><strong>contra</strong></span> <span class='ocrx_word' id='word_1_337' title='bbox 1571 1111 1727 1138; x_wconf 86' lang='lat' dir='ltr'><strong>ecclesiam.</strong></span> <span class='ocrx_word' id='word_1_338' title='bbox 1752 1112 1785 1138; x_wconf 81' lang='lat' dir='ltr'><strong>Ut</strong></span> 
     </span>
    </p>
   </div>
   <div class='ocr_carea' id='block_1_51' title="bbox 941 1154 1783 1189">
    <p class='ocr_par' dir='ltr' id='par_1_51' title="bbox 941 1154 1783 1189">
     <span class='ocr_line' id='line_1_51' title="bbox 941 1154 1783 1189; baseline 0.002 -9"><span class='ocrx_word' id='word_1_339' title='bbox 941 1154 991 1189; x_wconf 86' lang='lat' dir='ltr'><strong>qui</strong></span> <span class='ocrx_word' id='word_1_340' title='bbox 1004 1154 1094 1180; x_wconf 92' lang='lat' dir='ltr'><strong>noluit</strong></span> <span class='ocrx_word' id='word_1_341' title='bbox 1109 1154 1220 1189; x_wconf 80' lang='lat' dir='ltr'><strong>integer</strong></span> <span class='ocrx_word' id='word_1_342' title='bbox 1237 1162 1337 1181; x_wconf 86' lang='lat' dir='ltr'><strong>verum</strong></span> <span class='ocrx_word' id='word_1_343' title='bbox 1352 1154 1478 1189; x_wconf 85' lang='lat' dir='ltr'><strong>judicare</strong></span> <span class='ocrx_word' id='word_1_344' title='bbox 1491 1155 1520 1181; x_wconf 89' lang='lat' dir='ltr'><strong>in</strong></span> <span class='ocrx_word' id='word_1_345' title='bbox 1536 1155 1653 1189; x_wconf 91' lang='lat' dir='ltr'><strong>palatio,</strong></span> <span class='ocrx_word' id='word_1_346' title='bbox 1679 1156 1709 1182; x_wconf 89' lang='lat' dir='ltr'><strong>in</strong></span> <span class='ocrx_word' id='word_1_347' title='bbox 1723 1156 1783 1182; x_wconf 87' lang='lat' dir='ltr'><strong>foro</strong></span> 
     </span>
    </p>
   </div>
   <div class='ocr_carea' id='block_1_52' title="bbox 942 1197 1500 1232">
    <p class='ocr_par' dir='ltr' id='par_1_52' title="bbox 942 1197 1500 1232">
     <span class='ocr_line' id='line_1_52' title="bbox 942 1197 1500 1232; baseline 0.004 -9"><span class='ocrx_word' id='word_1_348' title='bbox 942 1205 1070 1231; x_wconf 83' lang='lat' dir='ltr'><strong>mancus,</strong></span> <span class='ocrx_word' id='word_1_349' title='bbox 1087 1197 1211 1232; x_wconf 83' lang='lat' dir='ltr'><strong>corrigat</strong></span> <span class='ocrx_word' id='word_1_350' title='bbox 1226 1198 1296 1225; x_wconf 87' lang='lat' dir='ltr'><strong>alios</strong></span> <span class='ocrx_word' id='word_1_351' title='bbox 1310 1206 1326 1224; x_wconf 91' lang='lat' dir='ltr'><strong>a</strong></span> <span class='ocrx_word' id='word_1_352' title='bbox 1342 1198 1500 1225; x_wconf 83' lang='lat' dir='ltr'><strong>mendacio.</strong></span> 
     </span>
    </p>
   </div>
   <div class='ocr_carea' id='block_1_53' title="bbox 976 1242 1783 1276">
    <p class='ocr_par' dir='ltr' id='par_1_53' title="bbox 976 1242 1783 1276">
     <span class='ocr_line' id='line_1_53' title="bbox 976 1242 1783 1276; baseline 0.001 -8"><span class='ocrx_word' id='word_1_353' title='bbox 976 1244 1002 1268; x_wconf 83' lang='lat'><strong>‘7.</strong></span> <span class='ocrx_word' id='word_1_354' title='bbox 1023 1242 1055 1268; x_wconf 91' lang='lat' dir='ltr'><strong>Ut</strong></span> <span class='ocrx_word' id='word_1_355' title='bbox 1070 1242 1115 1268; x_wconf 87' lang='lat' dir='ltr'><strong>ille</strong></span> <span class='ocrx_word' id='word_1_356' title='bbox 1130 1249 1178 1276; x_wconf 85' lang='lat' dir='ltr'><strong>per</strong></span> <span class='ocrx_word' id='word_1_357' title='bbox 1203 1249 1280 1276; x_wconf 69' lang='lat' dir='ltr'><strong>cujus</strong></span> <span class='ocrx_word' id='word_1_358' title='bbox 1304 1250 1400 1269; x_wconf 86' lang='lat' dir='ltr'><strong>manus</strong></span> <span class='ocrx_word' id='word_1_359' title='bbox 1419 1249 1511 1269; x_wconf 83' lang='lat' dir='ltr'><strong>servus</strong></span> <span class='ocrx_word' id='word_1_360' title='bbox 1543 1242 1657 1269; x_wconf 53' lang='lat' dir='ltr'><strong>ecclesia</strong></span> <span class='ocrx_word' id='word_1_361' title='bbox 1674 1243 1783 1269; x_wconf 78' lang='lat' dir='ltr'><strong>chartas</strong></span> 
     </span>
    </p>
   </div>
   <div class='ocr_carea' id='block_1_54' title="bbox 941 1284 1779 1320">
    <p class='ocr_par' dir='ltr' id='par_1_54' title="bbox 941 1284 1779 1320">
     <span class='ocr_line' id='line_1_54' title="bbox 941 1284 1779 1320; baseline 0.001 -9"><span class='ocrx_word' id='word_1_362' title='bbox 941 1287 1044 1319; x_wconf 84' lang='lat' dir='ltr'><strong>accepit</strong></span> <span class='ocrx_word' id='word_1_363' title='bbox 1071 1284 1152 1320; x_wconf 81' lang='lat' dir='ltr'><strong>ﬁnem</strong></span> <span class='ocrx_word' id='word_1_364' title='bbox 1173 1288 1198 1312; x_wconf 85' lang='lat' dir='ltr'><strong>el</strong></span> <span class='ocrx_word' id='word_1_365' title='bbox 1217 1287 1387 1313; x_wconf 82' lang='lat' dir='ltr'><strong>securitatem</strong></span> <span class='ocrx_word' id='word_1_366' title='bbox 1412 1287 1526 1313; x_wconf 61' lang='lat' dir='ltr'><strong>ecclesia</strong></span> <span class='ocrx_word' id='word_1_367' title='bbox 1549 1287 1646 1319; x_wconf 86' lang='lat' dir='ltr'><strong>faciat.</strong></span> <span class='ocrx_word' id='word_1_368' title='bbox 1665 1287 1714 1313; x_wconf 92' lang='lat' dir='ltr'><strong>llle</strong></span> <span class='ocrx_word' id='word_1_369' title='bbox 1730 1295 1779 1313; x_wconf 88' lang='lat' dir='ltr'><strong>au—</strong></span> 
     </span>
    </p>
   </div>
   <div class='ocr_carea' id='block_1_55' title="bbox 942 1329 1782 1365">
    <p class='ocr_par' dir='ltr' id='par_1_55' title="bbox 942 1329 1782 1365">
     <span class='ocr_line' id='line_1_55' title="bbox 942 1329 1782 1365; baseline 0.002 -10"><span class='ocrx_word' id='word_1_370' title='bbox 942 1330 998 1355; x_wconf 88' lang='lat' dir='ltr'><strong>tem</strong></span> <span class='ocrx_word' id='word_1_371' title='bbox 1016 1329 1070 1355; x_wconf 87' lang='lat' dir='ltr'><strong>Deo</strong></span> <span class='ocrx_word' id='word_1_372' title='bbox 1086 1332 1114 1356; x_wconf 93' lang='lat' dir='ltr'><strong>et</strong></span> <span class='ocrx_word' id='word_1_373' title='bbox 1125 1329 1288 1356; x_wconf 86' lang='lat' dir='ltr'><strong>hominibus</strong></span> <span class='ocrx_word' id='word_1_374' title='bbox 1303 1330 1500 1361; x_wconf 78' lang='lat' dir='ltr'><strong>exsecrandus,</strong></span> <span class='ocrx_word' id='word_1_375' title='bbox 1521 1338 1573 1365; x_wconf 91' lang='lat' dir='ltr'><strong>per</strong></span> <span class='ocrx_word' id='word_1_376' title='bbox 1586 1331 1667 1365; x_wconf 87' lang='lat' dir='ltr'><strong>cujus</strong></span> <span class='ocrx_word' id='word_1_377' title='bbox 1681 1338 1782 1357; x_wconf 80' lang='lat' dir='ltr'><strong>manus</strong></span> 
     </span>
    </p>
   </div>
   <div class='ocr_carea' id='block_1_56' title="bbox 941 1373 1782 1400">
    <p class='ocr_par' dir='ltr' id='par_1_56' title="bbox 941 1373 1782 1400">
     <span class='ocr_line' id='line_1_56' title="bbox 941 1373 1782 1400; baseline 0.001 -1"><span class='ocrx_word' id='word_1_378' title='bbox 941 1373 1079 1399; x_wconf 86' lang='lat' dir='ltr'><strong>invalidas</strong></span> <span class='ocrx_word' id='word_1_379' title='bbox 1103 1376 1131 1400; x_wconf 87' lang='lat' dir='ltr'><strong>et</strong></span> <span class='ocrx_word' id='word_1_380' title='bbox 1150 1381 1256 1400; x_wconf 87' lang='lat' dir='ltr'><strong>nomen</strong></span> <span class='ocrx_word' id='word_1_381' title='bbox 1284 1381 1403 1400; x_wconf 86' lang='lat' dir='ltr'><strong>vacuum</strong></span> <span class='ocrx_word' id='word_1_382' title='bbox 1433 1374 1629 1400; x_wconf 87' lang='lat' dir='ltr'><strong>fraudulenter</strong></span> <span class='ocrx_word' id='word_1_383' title='bbox 1657 1374 1782 1400; x_wconf 71' lang='lat' dir='ltr'><strong>ecclesia:</strong></span> 
     </span>
    </p>
   </div>
   <div class='ocr_carea' id='block_1_57' title="bbox 942 1417 1783 1452">
    <p class='ocr_par' dir='ltr' id='par_1_57' title="bbox 942 1417 1783 1452">
     <span class='ocr_line' id='line_1_57' title="bbox 942 1417 1783 1452; baseline 0.002 -10"><span class='ocrx_word' id='word_1_384' title='bbox 942 1424 1039 1443; x_wconf 88' lang='lat' dir='ltr'><strong>servus</strong></span> <span class='ocrx_word' id='word_1_385' title='bbox 1062 1417 1230 1451; x_wconf 88' lang='lat' dir='ltr'><strong>scriptiones</strong></span> <span class='ocrx_word' id='word_1_386' title='bbox 1255 1418 1373 1452; x_wconf 84' lang='lat' dir='ltr'><strong>accepit,</strong></span> <span class='ocrx_word' id='word_1_387' title='bbox 1397 1417 1449 1444; x_wconf 89' lang='lat' dir='ltr'><strong>sub</strong></span> <span class='ocrx_word' id='word_1_388' title='bbox 1476 1420 1652 1444; x_wconf 86' lang='lat' dir='ltr'><strong>sacramento</strong></span> <span class='ocrx_word' id='word_1_389' title='bbox 1677 1417 1783 1445; x_wconf 83' lang='lat' dir='ltr'><strong>eisdem</strong></span> 
     </span>
    </p>
   </div>
   <div class='ocr_carea' id='block_1_58' title="bbox 941 1460 1783 1495">
    <p class='ocr_par' dir='ltr' id='par_1_58' title="bbox 941 1460 1783 1495">
     <span class='ocr_line' id='line_1_58' title="bbox 941 1460 1783 1495; baseline 0.001 -9"><span class='ocrx_word' id='word_1_390' title='bbox 941 1460 1059 1487; x_wconf 86' lang='lat' dir='ltr'><strong>redditis</strong></span> <span class='ocrx_word' id='word_1_391' title='bbox 1088 1461 1300 1495; x_wconf 88' lang='lat' dir='ltr'><strong>scriptionibus,</strong></span> <span class='ocrx_word' id='word_1_392' title='bbox 1315 1464 1345 1487; x_wconf 92' lang='lat' dir='ltr'><strong>ut</strong></span> <span class='ocrx_word' id='word_1_393' title='bbox 1359 1461 1499 1487; x_wconf 91' lang='lat' dir='ltr'><strong>omnimm</strong></span> <span class='ocrx_word' id='word_1_394' title='bbox 1516 1461 1609 1487; x_wconf 87' lang='lat' dir='ltr'><strong>litium</strong></span> <span class='ocrx_word' id='word_1_395' title='bbox 1624 1461 1721 1495; x_wconf 83' lang='lat' dir='ltr'><strong>jacula</strong></span> <span class='ocrx_word' id='word_1_396' title='bbox 1736 1470 1783 1487; x_wconf 86' lang='lat' dir='ltr'><strong>so-</strong></span> 
     </span>
    </p>
   </div>
   <div class='ocr_carea' id='block_1_59' title="bbox 941 1504 1784 1539">
    <p class='ocr_par' dir='ltr' id='par_1_59' title="bbox 941 1504 1784 1539">
     <span class='ocr_line' id='line_1_59' title="bbox 941 1504 1784 1539; baseline 0.001 -9"><span class='ocrx_word' id='word_1_397' title='bbox 941 1504 1066 1538; x_wconf 85' lang='lat' dir='ltr'><strong>piantur,</strong></span> <span class='ocrx_word' id='word_1_398' title='bbox 1082 1512 1197 1531; x_wconf 86' lang='lat' dir='ltr'><strong>omnem</strong></span> <span class='ocrx_word' id='word_1_399' title='bbox 1217 1505 1341 1531; x_wconf 63' lang='lat' dir='ltr'><strong>ecclesia:</strong></span> <span class='ocrx_word' id='word_1_400' title='bbox 1361 1507 1447 1539; x_wconf 90' lang='lat' dir='ltr'><strong>prout</strong></span> <span class='ocrx_word' id='word_1_401' title='bbox 1475 1505 1644 1537; x_wconf 86' lang='lat' dir='ltr'><strong>constiterit,</strong></span> <span class='ocrx_word' id='word_1_402' title='bbox 1672 1508 1784 1531; x_wconf 73' lang='lat' dir='ltr'><strong>coactus</strong></span> 
     </span>
    </p>
   </div>
   <div class='ocr_carea' id='block_1_60' title="bbox 35 1548 1782 1585">
    <p class='ocr_par' dir='ltr' id='par_1_60' title="bbox 35 1548 1782 1585">
     <span class='ocr_line' id='line_1_60' title="bbox 35 1548 1782 1585; baseline -0.001 -9"><span class='ocrx_word' id='word_1_403' title='bbox 35 1550 187 1585; x_wconf 89' lang='lat' dir='ltr'><strong>proprium</strong></span> <span class='ocrx_word' id='word_1_404' title='bbox 206 1548 377 1581; x_wconf 88' lang='lat' dir='ltr'><strong>vendicabit,</strong></span> <span class='ocrx_word' id='word_1_405' title='bbox 389 1548 532 1583; x_wconf 85' lang='lat' dir='ltr'><strong>quidquid</strong></span> <span class='ocrx_word' id='word_1_406' title='bbox 554 1548 612 1575; x_wconf 94' lang='lat' dir='ltr'><strong>ullo</strong></span> <span class='ocrx_word' id='word_1_407' title='bbox 629 1548 745 1583; x_wconf 79' lang='lat' dir='ltr'><strong>ingenio</strong></span> <span class='ocrx_word' id='word_1_408' title='bbox 760 1548 884 1575; x_wconf 73' lang='lat' dir='ltr'><strong>ecclesias</strong></span> <span class='ocrx_word' id='word_1_409' title='bbox 904 1548 924 1574; x_wconf 92' lang='lat' dir='ltr'>C</span> <span class='ocrx_word' id='word_1_410' title='bbox 939 1548 1022 1574; x_wconf 81' lang='lat' dir='ltr'><strong>faciet</strong></span> <span class='ocrx_word' id='word_1_411' title='bbox 1036 1548 1133 1575; x_wconf 85' lang='lat' dir='ltr'><strong>ﬁnem.</strong></span> <span class='ocrx_word' id='word_1_412' title='bbox 1146 1548 1264 1583; x_wconf 85' lang='lat' dir='ltr'><strong>Moxque</strong></span> <span class='ocrx_word' id='word_1_413' title='bbox 1279 1556 1345 1574; x_wconf 89' lang='lat' dir='ltr'><strong>eum</strong></span> <span class='ocrx_word' id='word_1_414' title='bbox 1359 1548 1524 1583; x_wconf 87' lang='lat' dir='ltr'><strong>insequetur</strong></span> <span class='ocrx_word' id='word_1_415' title='bbox 1539 1549 1628 1582; x_wconf 86' lang='lat' dir='ltr'><strong>stylus</strong></span> <span class='ocrx_word' id='word_1_416' title='bbox 1656 1549 1782 1583; x_wconf 87' lang='lat' dir='ltr'><strong>proscri-</strong></span> 
     </span>
    </p>
   </div>
   <div class='ocr_carea' id='block_1_61' title="bbox 35 1592 886 1627">
    <p class='ocr_par' dir='ltr' id='par_1_61' title="bbox 35 1592 886 1627">
     <span class='ocr_line' id='line_1_61' title="bbox 35 1592 886 1627; baseline -0.002 -7"><span class='ocrx_word' id='word_1_417' title='bbox 35 1602 130 1620; x_wconf 80' lang='lat' dir='ltr'><strong>servus</strong></span> <span class='ocrx_word' id='word_1_418' title='bbox 145 1592 294 1620; x_wconf 81' lang='lat' dir='ltr'><strong>contraxit</strong></span> <span class='ocrx_word' id='word_1_419' title='bbox 308 1601 315 1625; x_wconf 88' lang='lat'><strong>;</strong></span> <span class='ocrx_word' id='word_1_420' title='bbox 332 1600 384 1619; x_wconf 90' lang='lat' dir='ltr'><strong>nec</strong></span> <span class='ocrx_word' id='word_1_421' title='bbox 400 1593 450 1619; x_wconf 90' lang='lat' dir='ltr'><strong>ulli</strong></span> <span class='ocrx_word' id='word_1_422' title='bbox 461 1592 618 1619; x_wconf 85' lang='lat' dir='ltr'><strong>secundum</strong></span> <span class='ocrx_word' id='word_1_423' title='bbox 645 1592 886 1627; x_wconf 86' lang='lat' dir='ltr'><strong>phantasmaticos</strong></span> 
     </span>
    </p>
   </div>
   <div class='ocr_carea' id='block_1_62' title="bbox 36 1635 885 1671">
    <p class='ocr_par' dir='ltr' id='par_1_62' title="bbox 36 1635 885 1671">
     <span class='ocr_line' id='line_1_62' title="bbox 36 1635 885 1671; baseline -0.004 -6"><span class='ocrx_word' id='word_1_424' title='bbox 36 1638 111 1665; x_wconf 84' lang='lat' dir='ltr'><strong>dabit</strong></span> <span class='ocrx_word' id='word_1_425' title='bbox 126 1637 308 1665; x_wconf 86' lang='lat' dir='ltr'><strong>adulterium</strong></span> <span class='ocrx_word' id='word_1_426' title='bbox 337 1636 510 1669; x_wconf 85' lang='lat' dir='ltr'><strong>libertatem,</strong></span> <span class='ocrx_word' id='word_1_427' title='bbox 537 1635 615 1670; x_wconf 90' lang='lat' dir='ltr'><strong>quod</strong></span> <span class='ocrx_word' id='word_1_428' title='bbox 640 1644 741 1671; x_wconf 89' lang='lat' dir='ltr'><strong>corpus</strong></span> <span class='ocrx_word' id='word_1_429' title='bbox 755 1636 786 1662; x_wconf 90' lang='lat' dir='ltr'><strong>in</strong></span> <span class='ocrx_word' id='word_1_430' title='bbox 810 1636 885 1662; x_wconf 85' lang='lat' dir='ltr'><strong>infa-</strong></span> 
     </span>
    </p>
   </div>
   <div class='ocr_carea' id='block_1_63' title="bbox 36 1680 674 1714">
    <p class='ocr_par' dir='ltr' id='par_1_63' title="bbox 36 1680 674 1714">
     <span class='ocr_line' id='line_1_63' title="bbox 36 1680 674 1714; baseline -0.005 -6"><span class='ocrx_word' id='word_1_431' title='bbox 36 1682 131 1713; x_wconf 86' lang='lat' dir='ltr'><strong>miam,</strong></span> <span class='ocrx_word' id='word_1_432' title='bbox 146 1684 176 1708; x_wconf 88' lang='lat' dir='ltr'><strong>et</strong></span> <span class='ocrx_word' id='word_1_433' title='bbox 192 1682 225 1707; x_wconf 91' lang='lat' dir='ltr'><strong>in</strong></span> <span class='ocrx_word' id='word_1_434' title='bbox 242 1680 408 1707; x_wconf 83' lang='lat' dir='ltr'><strong>servitutem</strong></span> <span class='ocrx_word' id='word_1_435' title='bbox 419 1680 523 1714; x_wconf 86' lang='lat' dir='ltr'><strong>trajicit</strong></span> <span class='ocrx_word' id='word_1_436' title='bbox 536 1680 674 1706; x_wconf 89' lang='lat' dir='ltr'><strong>animam.</strong></span> 
     </span>
    </p>
   </div>
   <div class='ocr_carea' id='block_1_64' title="bbox 67 1724 884 1758">
    <p class='ocr_par' dir='ltr' id='par_1_64' title="bbox 67 1724 884 1758">
     <span class='ocr_line' id='line_1_64' title="bbox 67 1724 884 1758; baseline -0.004 -5"><span class='ocrx_word' id='word_1_437' title='bbox 67 1727 91 1753; x_wconf 75' lang='grc'><strong>4.</strong></span> <span class='ocrx_word' id='word_1_438' title='bbox 127 1727 162 1753; x_wconf 90' lang='lat' dir='ltr'><strong>Ut</strong></span> <span class='ocrx_word' id='word_1_439' title='bbox 185 1725 282 1752; x_wconf 86' lang='lat' dir='ltr'><strong>nullus</strong></span> <span class='ocrx_word' id='word_1_440' title='bbox 317 1725 382 1758; x_wconf 78' lang='lat' dir='ltr'><strong>ﬁliis</strong></span> <span class='ocrx_word' id='word_1_441' title='bbox 417 1725 584 1757; x_wconf 84' lang='lat' dir='ltr'><strong>clericorum,</strong></span> <span class='ocrx_word' id='word_1_442' title='bbox 595 1731 732 1750; x_wconf 86' lang='lat' dir='ltr'><strong>servorum</strong></span> <span class='ocrx_word' id='word_1_443' title='bbox 761 1724 884 1756; x_wconf 75' lang='lat' dir='ltr'><strong>ecclesiae,</strong></span> 
     </span>
    </p>
   </div>
   <div class='ocr_carea' id='block_1_65' title="bbox 36 1768 888 1802">
    <p class='ocr_par' dir='ltr' id='par_1_65' title="bbox 36 1768 888 1802">
     <span class='ocr_line' id='line_1_65' title="bbox 36 1768 888 1802; baseline -0.001 -7"><span class='ocrx_word' id='word_1_444' title='bbox 36 1770 186 1797; x_wconf 79' lang='lat' dir='ltr'><strong>libertatem</strong></span> <span class='ocrx_word' id='word_1_445' title='bbox 201 1768 305 1796; x_wconf 86' lang='lat' dir='ltr'><strong>audeat</strong></span> <span class='ocrx_word' id='word_1_446' title='bbox 319 1768 455 1802; x_wconf 83' lang='lat' dir='ltr'><strong>judicare.</strong></span> <span class='ocrx_word' id='word_1_447' title='bbox 484 1768 661 1802; x_wconf 86' lang='lat' dir='ltr'><strong>Quicumque</strong></span> <span class='ocrx_word' id='word_1_448' title='bbox 687 1775 756 1802; x_wconf 85' lang='lat' dir='ltr'><strong>ergo</strong></span> <span class='ocrx_word' id='word_1_449' title='bbox 769 1768 888 1802; x_wconf 83' lang='lat' dir='ltr'><strong>posthac</strong></span> 
     </span>
    </p>
   </div>
   <div class='ocr_carea' id='block_1_66' title="bbox 36 1811 886 1847">
    <p class='ocr_par' dir='ltr' id='par_1_66' title="bbox 36 1811 886 1847">
     <span class='ocr_line' id='line_1_66' title="bbox 36 1811 886 1847; baseline -0.002 -7"><span class='ocrx_word' id='word_1_450' title='bbox 36 1822 79 1840; x_wconf 90' lang='lat' dir='ltr'><strong>eos</strong></span> <span class='ocrx_word' id='word_1_451' title='bbox 93 1822 155 1841; x_wconf 73' lang='lat' dir='ltr'><strong>esse</strong></span> <span class='ocrx_word' id='word_1_452' title='bbox 169 1813 280 1840; x_wconf 89' lang='lat' dir='ltr'><strong>liberos</strong></span> <span class='ocrx_word' id='word_1_453' title='bbox 291 1812 471 1847; x_wconf 84' lang='lat' dir='ltr'><strong>judicaverit,</strong></span> <span class='ocrx_word' id='word_1_454' title='bbox 487 1815 573 1846; x_wconf 85' lang='lat' dir='ltr'><strong>etpro</strong></span> <span class='ocrx_word' id='word_1_455' title='bbox 584 1811 624 1838; x_wconf 90' lang='lat' dir='ltr'><strong>eis</strong></span> <span class='ocrx_word' id='word_1_456' title='bbox 631 1814 729 1838; x_wconf 74' lang='lat' dir='ltr'><strong>contra</strong></span> <span class='ocrx_word' id='word_1_457' title='bbox 739 1811 886 1839; x_wconf 81' lang='lat' dir='ltr'><strong>ecclesiam</strong></span> 
     </span>
    </p>
   </div>
   <div class='ocr_carea' id='block_1_67' title="bbox 36 1855 885 1890">
    <p class='ocr_par' dir='ltr' id='par_1_67' title="bbox 36 1855 885 1890">
     <span class='ocr_line' id='line_1_67' title="bbox 36 1855 885 1890; baseline -0.005 -5"><span class='ocrx_word' id='word_1_458' title='bbox 36 1859 141 1885; x_wconf 87' lang='lat' dir='ltr'><strong>dederit</strong></span> <span class='ocrx_word' id='word_1_459' title='bbox 173 1856 363 1889; x_wconf 82' lang='lat' dir='ltr'><strong>sententiam,</strong></span> <span class='ocrx_word' id='word_1_460' title='bbox 395 1859 424 1882; x_wconf 89' lang='lat' dir='ltr'><strong>et</strong></span> <span class='ocrx_word' id='word_1_461' title='bbox 452 1856 505 1882; x_wconf 89' lang='lat' dir='ltr'><strong>hoc</strong></span> <span class='ocrx_word' id='word_1_462' title='bbox 534 1855 691 1890; x_wconf 86' lang='lat' dir='ltr'><strong>capitulum</strong></span> <span class='ocrx_word' id='word_1_463' title='bbox 717 1855 885 1882; x_wconf 84' lang='lat' dir='ltr'><strong>auctoritate</strong></span> 
     </span>
    </p>
   </div>
   <div class='ocr_carea' id='block_1_68' title="bbox 36 1898 888 1934">
    <p class='ocr_par' dir='ltr' id='par_1_68' title="bbox 36 1898 888 1934">
     <span class='ocr_line' id='line_1_68' title="bbox 36 1898 888 1934; baseline -0.002 -7"><span class='ocrx_word' id='word_1_464' title='bbox 36 1906 135 1929; x_wconf 63' lang='lat' dir='ltr'><strong>sancta:</strong></span> <span class='ocrx_word' id='word_1_465' title='bbox 153 1901 293 1929; x_wconf 66' lang='lat' dir='ltr'><strong>Ecclesiae</strong></span> <span class='ocrx_word' id='word_1_466' title='bbox 313 1903 417 1927; x_wconf 85' lang='lat' dir='ltr'><strong>statum</strong></span> <span class='ocrx_word' id='word_1_467' title='bbox 435 1908 491 1926; x_wconf 92' lang='lat' dir='ltr'><strong>non</strong></span> <span class='ocrx_word' id='word_1_468' title='bbox 514 1899 653 1934; x_wconf 86' lang='lat' dir='ltr'><strong>receperit</strong></span> <span class='ocrx_word' id='word_1_469' title='bbox 667 1898 703 1933; x_wconf 68' lang='grc' dir='ltr'><strong>θ’,</strong></span> <span class='ocrx_word' id='word_1_470' title='bbox 721 1902 748 1925; x_wconf 90' lang='lat' dir='ltr'><strong>et</strong></span> <span class='ocrx_word' id='word_1_471' title='bbox 771 1899 801 1925; x_wconf 90' lang='lat' dir='ltr'><strong>in</strong></span> <span class='ocrx_word' id='word_1_472' title='bbox 830 1899 888 1925; x_wconf 88' lang='lat' dir='ltr'><strong>suis</strong></span> 
     </span>
    </p>
   </div>
   <div class='ocr_carea' id='block_1_69' title="bbox 35 1942 885 1979">
    <p class='ocr_par' dir='ltr' id='par_1_69' title="bbox 35 1942 885 1979">
     <span class='ocr_line' id='line_1_69' title="bbox 35 1942 885 1979; baseline -0.005 -6"><span class='ocrx_word' id='word_1_473' title='bbox 35 1946 110 1973; x_wconf 85' lang='lat' dir='ltr'><strong>libris</strong></span> <span class='ocrx_word' id='word_1_474' title='bbox 132 1954 194 1973; x_wconf 87' lang='lat' dir='ltr'><strong>non</strong></span> <span class='ocrx_word' id='word_1_475' title='bbox 228 1944 386 1979; x_wconf 86' lang='lat' dir='ltr'><strong>scripserit,</strong></span> <span class='ocrx_word' id='word_1_476' title='bbox 402 1946 430 1970; x_wconf 90' lang='lat' dir='ltr'><strong>et</strong></span> <span class='ocrx_word' id='word_1_477' title='bbox 453 1943 609 1969; x_wconf 87' lang='lat' dir='ltr'><strong>secundum</strong></span> <span class='ocrx_word' id='word_1_478' title='bbox 635 1942 689 1969; x_wconf 92' lang='lat' dir='ltr'><strong>hoc</strong></span> <span class='ocrx_word' id='word_1_479' title='bbox 718 1943 885 1978; x_wconf 84' lang='lat' dir='ltr'><strong>capitulum,</strong></span> 
     </span>
    </p>
   </div>
   <div class='ocr_carea' id='block_1_70' title="bbox 36 1987 887 2021">
    <p class='ocr_par' dir='ltr' id='par_1_70' title="bbox 36 1987 887 2021">
     <span class='ocr_line' id='line_1_70' title="bbox 36 1987 887 2021; baseline -0.004 -4"><span class='ocrx_word' id='word_1_480' title='bbox 36 1991 104 2017; x_wconf 85' lang='lat' dir='ltr'><strong>ﬁlios</strong></span> <span class='ocrx_word' id='word_1_481' title='bbox 114 1990 292 2017; x_wconf 88' lang='lat' dir='ltr'><strong>clericorum</strong></span> <span class='ocrx_word' id='word_1_482' title='bbox 314 1988 348 2015; x_wconf 87' lang='lat' dir='ltr'><strong>de</strong></span> <span class='ocrx_word' id='word_1_483' title='bbox 374 1988 483 2014; x_wconf 86' lang='lat' dir='ltr'><strong>familia</strong></span> <span class='ocrx_word' id='word_1_484' title='bbox 499 1987 622 2013; x_wconf 68' lang='lat' dir='ltr'><strong>ecclesiae</strong></span> <span class='ocrx_word' id='word_1_485' title='bbox 648 1987 779 2021; x_wconf 85' lang='lat' dir='ltr'><strong>proprios</strong></span> <span class='ocrx_word' id='word_1_486' title='bbox 794 1995 887 2014; x_wconf 89' lang='lat' dir='ltr'><strong>servos</strong></span> 
     </span>
    </p>
   </div>
   <div class='ocr_carea' id='block_1_71' title="bbox 36 2031 887 2067">
    <p class='ocr_par' dir='ltr' id='par_1_71' title="bbox 36 2031 887 2067">
     <span class='ocr_line' id='line_1_71' title="bbox 36 2031 887 2067; baseline -0.006 -5"><span class='ocrx_word' id='word_1_487' title='bbox 36 2043 99 2067; x_wconf 81' lang='lat' dir='ltr'><strong>esse,</strong></span> <span class='ocrx_word' id='word_1_488' title='bbox 116 2043 177 2062; x_wconf 66' lang='lat' dir='ltr'><strong>sum</strong></span> <span class='ocrx_word' id='word_1_489' title='bbox 195 2033 328 2060; x_wconf 70' lang='lat' dir='ltr'><strong>ecclesia:</strong></span> <span class='ocrx_word' id='word_1_490' title='bbox 346 2041 398 2059; x_wconf 90' lang='lat' dir='ltr'><strong>usu</strong></span> <span class='ocrx_word' id='word_1_491' title='bbox 414 2040 528 2067; x_wconf 76' lang='lat' dir='ltr'><strong>semper</strong></span> <span class='ocrx_word' id='word_1_492' title='bbox 542 2032 674 2065; x_wconf 83' lang='lat' dir='ltr'><strong>valituro,</strong></span> <span class='ocrx_word' id='word_1_493' title='bbox 692 2039 749 2058; x_wconf 93' lang='lat' dir='ltr'><strong>non</strong></span> <span class='ocrx_word' id='word_1_494' title='bbox 778 2031 887 2066; x_wconf 88' lang='lat' dir='ltr'><strong>judica-</strong></span> 
     </span>
    </p>
   </div>
   <div class='ocr_carea' id='block_1_72' title="bbox 36 2075 886 2111">
    <p class='ocr_par' dir='ltr' id='par_1_72' title="bbox 36 2075 886 2111">
     <span class='ocr_line' id='line_1_72' title="bbox 36 2075 886 2111; baseline -0.002 -8"><span class='ocrx_word' id='word_1_495' title='bbox 36 2079 111 2111; x_wconf 79' lang='lat' dir='ltr'><strong>verit,</strong></span> <span class='ocrx_word' id='word_1_496' title='bbox 156 2078 334 2105; x_wconf 83' lang='lat' dir='ltr'><strong>facultatum</strong></span> <span class='ocrx_word' id='word_1_497' title='bbox 376 2075 570 2110; x_wconf 87' lang='lat' dir='ltr'><strong>publicatione</strong></span> <span class='ocrx_word' id='word_1_498' title='bbox 592 2075 725 2107; x_wconf 87' lang='lat' dir='ltr'><strong>nudatus,</strong></span> <span class='ocrx_word' id='word_1_499' title='bbox 748 2079 886 2109; x_wconf 87' lang='lat' dir='ltr'><strong>perpetuo</strong></span> 
     </span>
    </p>
   </div>
   <div class='ocr_carea' id='block_1_73' title="bbox 34 2119 887 2153">
    <p class='ocr_par' dir='ltr' id='par_1_73' title="bbox 34 2119 887 2153">
     <span class='ocr_line' id='line_1_73' title="bbox 34 2119 887 2153; baseline -0.007 -3"><span class='ocrx_word' id='word_1_500' title='bbox 34 2123 181 2150; x_wconf 85' lang='lat' dir='ltr'><strong>damnetur</strong></span> <span class='ocrx_word' id='word_1_501' title='bbox 196 2121 302 2148; x_wconf 79' lang='lat' dir='ltr'><strong>exilio.</strong></span> <span class='ocrx_word' id='word_1_502' title='bbox 323 2120 374 2147; x_wconf 86' lang='lat' dir='ltr'><strong>Ubi</strong></span> <span class='ocrx_word' id='word_1_503' title='bbox 390 2119 462 2146; x_wconf 88' lang='lat' dir='ltr'><strong>sicut</strong></span> <span class='ocrx_word' id='word_1_504' title='bbox 476 2119 557 2146; x_wconf 84' lang='lat' dir='ltr'><strong>nulla</strong></span> <span class='ocrx_word' id='word_1_505' title='bbox 571 2127 709 2153; x_wconf 88' lang='lat' dir='ltr'><strong>umquam</strong></span> <span class='ocrx_word' id='word_1_506' title='bbox 721 2119 764 2145; x_wconf 90' lang='lat' dir='ltr'><strong>illi</strong></span> <span class='ocrx_word' id='word_1_507' title='bbox 778 2119 823 2145; x_wconf 84' lang='lat' dir='ltr'><strong>lex</strong></span> <span class='ocrx_word' id='word_1_508' title='bbox 835 2119 887 2153; x_wconf 89' lang='lat' dir='ltr'><strong>ju-</strong></span> 
     </span>
    </p>
   </div>
   <div class='ocr_carea' id='block_1_74' title="bbox 940 1591 1781 1627">
    <p class='ocr_par' dir='ltr' id='par_1_74' title="bbox 940 1591 1781 1627">
     <span class='ocr_line' id='line_1_74' title="bbox 940 1591 1781 1627; baseline 0 -9"><span class='ocrx_word' id='word_1_509' title='bbox 940 1591 1056 1626; x_wconf 89' lang='lat' dir='ltr'><strong>ptionis,</strong></span> <span class='ocrx_word' id='word_1_510' title='bbox 1077 1600 1163 1627; x_wconf 85' lang='lat' dir='ltr'><strong>quem</strong></span> <span class='ocrx_word' id='word_1_511' title='bbox 1179 1595 1269 1618; x_wconf 88' lang='lat' dir='ltr'><strong>mater</strong></span> <span class='ocrx_word' id='word_1_512' title='bbox 1282 1595 1310 1619; x_wconf 88' lang='lat' dir='ltr'><strong>et</strong></span> <span class='ocrx_word' id='word_1_513' title='bbox 1324 1592 1460 1626; x_wconf 82' lang='lat' dir='ltr'><strong>magistra</strong></span> <span class='ocrx_word' id='word_1_514' title='bbox 1475 1595 1571 1618; x_wconf 86' lang='lat' dir='ltr'><strong>nostra</strong></span> <span class='ocrx_word' id='word_1_515' title='bbox 1586 1592 1706 1619; x_wconf 86' lang='lat' dir='ltr'><strong>ecclesia</strong></span> <span class='ocrx_word' id='word_1_516' title='bbox 1721 1593 1781 1618; x_wconf 90' lang='lat' dir='ltr'><strong>vul-</strong></span> 
     </span>
    </p>
   </div>
   <div class='ocr_carea' id='block_1_75' title="bbox 940 1635 1386 1670">
    <p class='ocr_par' dir='ltr' id='par_1_75' title="bbox 940 1635 1386 1670">
     <span class='ocr_line' id='line_1_75' title="bbox 940 1635 1386 1670; baseline 0 -8"><span class='ocrx_word' id='word_1_517' title='bbox 940 1635 1050 1662; x_wconf 89' lang='lat' dir='ltr'><strong>neravit</strong></span> <span class='ocrx_word' id='word_1_518' title='bbox 1064 1636 1158 1670; x_wconf 77' lang='lat' dir='ltr'><strong>gladio</strong></span> <span class='ocrx_word' id='word_1_519' title='bbox 1169 1635 1386 1662; x_wconf 84' lang='lat' dir='ltr'><strong>maledictionis.</strong></span> 
     </span>
    </p>
   </div>
   <div class='ocr_carea' id='block_1_76' title="bbox 975 1679 1779 1715">
    <p class='ocr_par' dir='ltr' id='par_1_76' title="bbox 975 1679 1779 1715">
     <span class='ocr_line' id='line_1_76' title="bbox 975 1679 1779 1715; baseline -0.001 -8"><span class='ocrx_word' id='word_1_520' title='bbox 975 1679 1152 1713; x_wconf 73' lang='lat' dir='ltr'><strong>Subscriptio.</strong></span> <span class='ocrx_word' id='word_1_521' title='bbox 1182 1680 1238 1714; x_wconf 88' lang='lat' dir='ltr'><strong>Ego</strong></span> <span class='ocrx_word' id='word_1_522' title='bbox 1261 1680 1295 1712; x_wconf 80' lang='lat' dir='ltr'><strong>ll,</strong></span> <span class='ocrx_word' id='word_1_523' title='bbox 1320 1680 1411 1714; x_wconf 86' lang='lat' dir='ltr'><strong>gratia</strong></span> <span class='ocrx_word' id='word_1_524' title='bbox 1431 1679 1481 1706; x_wconf 89' lang='lat' dir='ltr'><strong>Dei</strong></span> <span class='ocrx_word' id='word_1_525' title='bbox 1503 1680 1661 1714; x_wconf 87' lang='lat' dir='ltr'><strong>imperator</strong></span> <span class='ocrx_word' id='word_1_526' title='bbox 1690 1688 1779 1715; x_wconf 85' lang='lat' dir='ltr'><strong>augu-</strong></span> 
     </span>
    </p>
   </div>
   <div class='ocr_carea' id='block_1_77' title="bbox 941 1723 1785 1759">
    <p class='ocr_par' dir='ltr' id='par_1_77' title="bbox 941 1723 1785 1759">
     <span class='ocr_line' id='line_1_77' title="bbox 941 1723 1785 1759; baseline 0 -9"><span class='ocrx_word' id='word_1_527' title='bbox 941 1726 1011 1755; x_wconf 88' lang='lat' dir='ltr'><strong>stus,</strong></span> <span class='ocrx_word' id='word_1_528' title='bbox 1029 1723 1101 1750; x_wconf 87' lang='lat' dir='ltr'><strong>hanc</strong></span> <span class='ocrx_word' id='word_1_529' title='bbox 1117 1723 1349 1750; x_wconf 86' lang='lat' dir='ltr'><strong>constitutionem</strong></span> <span class='ocrx_word' id='word_1_530' title='bbox 1364 1723 1435 1758; x_wconf 82' lang='lat' dir='ltr'><strong>legis</strong></span> <span class='ocrx_word' id='word_1_531' title='bbox 1456 1727 1602 1758; x_wconf 67' lang='lat' dir='ltr'><strong>perpetuae</strong></span> <span class='ocrx_word' id='word_1_532' title='bbox 1616 1731 1667 1759; x_wconf 88' lang='lat' dir='ltr'><strong>per</strong></span> <span class='ocrx_word' id='word_1_533' title='bbox 1696 1724 1785 1750; x_wconf 87' lang='lat' dir='ltr'><strong>consi-</strong></span> 
     </span>
    </p>
   </div>
   <div class='ocr_carea' id='block_1_78' title="bbox 942 1767 1783 1802">
    <p class='ocr_par' dir='ltr' id='par_1_78' title="bbox 942 1767 1783 1802">
     <span class='ocr_line' id='line_1_78' title="bbox 942 1767 1783 1802; baseline 0 -9"><span class='ocrx_word' id='word_1_534' title='bbox 942 1767 1012 1794; x_wconf 88' lang='lat' dir='ltr'><strong>lium</strong></span> <span class='ocrx_word' id='word_1_535' title='bbox 1024 1767 1122 1794; x_wconf 91' lang='lat' dir='ltr'><strong>domni</strong></span> <span class='ocrx_word' id='word_1_536' title='bbox 1137 1775 1219 1802; x_wconf 74' lang='lat' dir='ltr'><strong>papze</strong></span> <span class='ocrx_word' id='word_1_537' title='bbox 1232 1768 1261 1794; x_wconf 89' lang='grc' dir='ltr'><strong>Β.</strong></span> <span class='ocrx_word' id='word_1_538' title='bbox 1273 1770 1443 1802; x_wconf 80' lang='lat' dir='ltr'><strong>suggerente</strong></span> <span class='ocrx_word' id='word_1_539' title='bbox 1454 1767 1578 1802; x_wconf 88' lang='lat' dir='ltr'><strong>plurimo</strong></span> <span class='ocrx_word' id='word_1_540' title='bbox 1589 1771 1664 1794; x_wconf 84' lang='lat' dir='ltr'><strong>ccetu</strong></span> <span class='ocrx_word' id='word_1_541' title='bbox 1674 1768 1783 1802; x_wconf 87' lang='lat' dir='ltr'><strong>episco-</strong></span> 
     </span>
    </p>
   </div>
   <div class='ocr_carea' id='block_1_79' title="bbox 941 1811 1784 1846">
    <p class='ocr_par' dir='ltr' id='par_1_79' title="bbox 941 1811 1784 1846">
     <span class='ocr_line' id='line_1_79' title="bbox 941 1811 1784 1846; baseline 0 -9"><span class='ocrx_word' id='word_1_542' title='bbox 941 1819 1055 1846; x_wconf 87' lang='lat' dir='ltr'><strong>porum,</strong></span> <span class='ocrx_word' id='word_1_543' title='bbox 1075 1812 1131 1837; x_wconf 88' lang='lat' dir='ltr'><strong>Deo</strong></span> <span class='ocrx_word' id='word_1_544' title='bbox 1147 1814 1256 1843; x_wconf 90' lang='lat' dir='ltr'><strong>autore,</strong></span> <span class='ocrx_word' id='word_1_545' title='bbox 1272 1811 1367 1843; x_wconf 91' lang='lat' dir='ltr'><strong>statui,</strong></span> <span class='ocrx_word' id='word_1_546' title='bbox 1384 1811 1505 1843; x_wconf 78' lang='lat' dir='ltr'><strong>firmavi,</strong></span> <span class='ocrx_word' id='word_1_547' title='bbox 1518 1814 1546 1837; x_wconf 91' lang='lat' dir='ltr'><strong>et</strong></span> <span class='ocrx_word' id='word_1_548' title='bbox 1562 1819 1676 1846; x_wconf 89' lang='lat' dir='ltr'><strong>semper</strong></span> <span class='ocrx_word' id='word_1_549' title='bbox 1690 1811 1784 1838; x_wconf 82' lang='lat' dir='ltr'><strong>valere</strong></span> 
     </span>
    </p>
   </div>
   <div class='ocr_carea' id='block_1_80' title="bbox 943 1854 1785 1890">
    <p class='ocr_par' dir='ltr' id='par_1_80' title="bbox 943 1854 1785 1890">
     <span class='ocr_line' id='line_1_80' title="bbox 943 1854 1785 1890; baseline 0 -9"><span class='ocrx_word' id='word_1_550' title='bbox 943 1855 1064 1888; x_wconf 79' lang='lat' dir='ltr'><strong>decrevi,</strong></span> <span class='ocrx_word' id='word_1_551' title='bbox 1080 1855 1219 1890; x_wconf 90' lang='lat' dir='ltr'><strong>etoptavi,</strong></span> <span class='ocrx_word' id='word_1_552' title='bbox 1231 1862 1368 1889; x_wconf 86' lang='lat' dir='ltr'><strong>meosque</strong></span> <span class='ocrx_word' id='word_1_553' title='bbox 1378 1854 1494 1889; x_wconf 90' lang='lat' dir='ltr'><strong>imperii</strong></span> <span class='ocrx_word' id='word_1_554' title='bbox 1505 1854 1648 1889; x_wconf 88' lang='lat' dir='ltr'><strong>primores</strong></span> <span class='ocrx_word' id='word_1_555' title='bbox 1669 1854 1785 1881; x_wconf 85' lang='lat' dir='ltr'><strong>ﬁrmare</strong></span> 
     </span>
    </p>
   </div>
   <div class='ocr_carea' id='block_1_81' title="bbox 942 1899 1050 1934">
    <p class='ocr_par' dir='ltr' id='par_1_81' title="bbox 942 1899 1050 1934">
     <span class='ocr_line' id='line_1_81' title="bbox 942 1899 1050 1934; baseline 0 -9"><span class='ocrx_word' id='word_1_556' title='bbox 942 1899 1050 1934; x_wconf 83' lang='lat' dir='ltr'><strong>rogavi.</strong></span> 
     </span>
    </p>
   </div>
   <div class='ocr_carea' id='block_1_82' title="bbox 978 1942 1783 1978">
    <p class='ocr_par' dir='ltr' id='par_1_82' title="bbox 978 1942 1783 1978">
     <span class='ocr_line' id='line_1_82' title="bbox 978 1942 1783 1978; baseline 0 -8"><span class='ocrx_word' id='word_1_557' title='bbox 978 1943 1035 1977; x_wconf 87' lang='lat' dir='ltr'><strong>Ego</strong></span> <span class='ocrx_word' id='word_1_558' title='bbox 1055 1943 1085 1970; x_wconf 92' lang='grc' dir='ltr'><strong>Ο.</strong></span> <span class='ocrx_word' id='word_1_559' title='bbox 1104 1942 1230 1969; x_wconf 91' lang='lat' dir='ltr'><strong>marchio</strong></span> <span class='ocrx_word' id='word_1_560' title='bbox 1254 1942 1381 1975; x_wconf 83' lang='lat' dir='ltr'><strong>interfui,</strong></span> <span class='ocrx_word' id='word_1_561' title='bbox 1406 1945 1435 1969; x_wconf 90' lang='lat' dir='ltr'><strong>et</strong></span> <span class='ocrx_word' id='word_1_562' title='bbox 1461 1943 1534 1969; x_wconf 89' lang='lat' dir='ltr'><strong>hanc</strong></span> <span class='ocrx_word' id='word_1_563' title='bbox 1557 1943 1651 1978; x_wconf 88' lang='lat' dir='ltr'><strong>legem</strong></span> <span class='ocrx_word' id='word_1_564' title='bbox 1674 1944 1783 1970; x_wconf 90' lang='lat' dir='ltr'><strong>mundo</strong></span> 
     </span>
    </p>
   </div>
   <div class='ocr_carea' id='block_1_83' title="bbox 941 1986 1784 2022">
    <p class='ocr_par' dir='ltr' id='par_1_83' title="bbox 941 1986 1784 2022">
     <span class='ocr_line' id='line_1_83' title="bbox 941 1986 1784 2022; baseline 0.001 -9"><span class='ocrx_word' id='word_1_565' title='bbox 941 1987 1192 2022; x_wconf 87' lang='lat' dir='ltr'><strong>pernecessariam,</strong></span> <span class='ocrx_word' id='word_1_566' title='bbox 1209 1988 1237 2013; x_wconf 88' lang='lat' dir='ltr'><strong>et</strong></span> <span class='ocrx_word' id='word_1_567' title='bbox 1251 1986 1348 2013; x_wconf 86' lang='lat' dir='ltr'><strong>oculos</strong></span> <span class='ocrx_word' id='word_1_568' title='bbox 1372 1986 1495 2013; x_wconf 88' lang='lat' dir='ltr'><strong>ecclesiis</strong></span> <span class='ocrx_word' id='word_1_569' title='bbox 1510 1987 1635 2014; x_wconf 86' lang='lat' dir='ltr'><strong>sublatos</strong></span> <span class='ocrx_word' id='word_1_570' title='bbox 1658 1987 1784 2014; x_wconf 87' lang='lat' dir='ltr'><strong>redden-</strong></span> 
     </span>
    </p>
   </div>
   <div class='ocr_carea' id='block_1_84' title="bbox 942 2031 1314 2063">
    <p class='ocr_par' dir='ltr' id='par_1_84' title="bbox 942 2031 1314 2063">
     <span class='ocr_line' id='line_1_84' title="bbox 942 2031 1314 2063; baseline -0.003 -5"><span class='ocrx_word' id='word_1_571' title='bbox 942 2034 1010 2063; x_wconf 86' lang='lat' dir='ltr'><strong>tem,</strong></span> <span class='ocrx_word' id='word_1_572' title='bbox 1026 2031 1135 2058; x_wconf 83' lang='lat' dir='ltr'><strong>ﬁrmavi</strong></span> <span class='ocrx_word' id='word_1_573' title='bbox 1152 2033 1179 2057; x_wconf 84' lang='lat' dir='ltr'><strong>et</strong></span> <span class='ocrx_word' id='word_1_574' title='bbox 1194 2031 1314 2058; x_wconf 81' lang='lat' dir='ltr'><strong>laudavi.</strong></span> 
     </span>
    </p>
   </div>
   <div class='ocr_carea' id='block_1_85' title="bbox 977 2075 1535 2109">
    <p class='ocr_par' dir='ltr' id='par_1_85' title="bbox 977 2075 1535 2109">
     <span class='ocr_line' id='line_1_85' title="bbox 977 2075 1535 2109; baseline -0.002 -8"><span class='ocrx_word' id='word_1_575' title='bbox 977 2075 1035 2109; x_wconf 85' lang='lat' dir='ltr'><strong>Ego</strong></span> <span class='ocrx_word' id='word_1_576' title='bbox 1052 2075 1083 2102; x_wconf 75' lang='lat' dir='ltr'><strong>lt.</strong></span> <span class='ocrx_word' id='word_1_577' title='bbox 1098 2075 1222 2101; x_wconf 84' lang='lat' dir='ltr'><strong>marchio</strong></span> <span class='ocrx_word' id='word_1_578' title='bbox 1238 2075 1355 2101; x_wconf 82' lang='lat' dir='ltr'><strong>interfui</strong></span> <span class='ocrx_word' id='word_1_579' title='bbox 1370 2077 1399 2102; x_wconf 87' lang='lat' dir='ltr'><strong>et</strong></span> <span class='ocrx_word' id='word_1_580' title='bbox 1412 2075 1535 2102; x_wconf 82' lang='lat' dir='ltr'><strong>laudavi.</strong></span> 
     </span>
    </p>
   </div>
   <div class='ocr_carea' id='block_1_86' title="bbox 980 2119 1678 2154">
    <p class='ocr_par' dir='ltr' id='par_1_86' title="bbox 980 2119 1678 2154">
     <span class='ocr_line' id='line_1_86' title="bbox 980 2119 1678 2154; baseline 0.001 -9"><span class='ocrx_word' id='word_1_581' title='bbox 980 2120 1036 2154; x_wconf 86' lang='lat' dir='ltr'><strong>Ego</strong></span> <span class='ocrx_word' id='word_1_582' title='bbox 1051 2119 1083 2146; x_wconf 94' lang='grc' dir='ltr'><strong>Ο.</strong></span> <span class='ocrx_word' id='word_1_583' title='bbox 1097 2127 1192 2145; x_wconf 89' lang='lat' dir='ltr'><strong>comes</strong></span> <span class='ocrx_word' id='word_1_584' title='bbox 1206 2119 1305 2154; x_wconf 89' lang='lat' dir='ltr'><strong>palatii</strong></span> <span class='ocrx_word' id='word_1_585' title='bbox 1316 2119 1433 2146; x_wconf 87' lang='lat' dir='ltr'><strong>interfui</strong></span> <span class='ocrx_word' id='word_1_586' title='bbox 1447 2123 1476 2146; x_wconf 85' lang='lat' dir='ltr'><strong>et</strong></span> <span class='ocrx_word' id='word_1_587' title='bbox 1491 2119 1604 2146; x_wconf 82' lang='lat' dir='ltr'><strong>laudavi</strong></span> <span class='ocrx_word' id='word_1_588' title='bbox 1612 2119 1678 2154; x_wconf 82' lang='lat'><strong>(95).</strong></span> 
     </span>
    </p>
   </div>
   <div class='ocr_carea' id='block_1_87' title="bbox 262 2219 1556 2265">
    <p class='ocr_par' dir='ltr' id='par_1_87' title="bbox 262 2219 1556 2265">
     <span class='ocr_line' id='line_1_87' title="bbox 262 2219 1556 2265; baseline -0.001 -1"><span class='ocrx_word' id='word_1_589' title='bbox 262 2222 310 2265; x_wconf 93' lang='lat' dir='ltr'><strong>S.</strong></span> <span class='ocrx_word' id='word_1_590' title='bbox 355 2221 623 2263; x_wconf 86' lang='lat' dir='ltr'><strong>HENRICI</strong></span> <span class='ocrx_word' id='word_1_591' title='bbox 666 2219 1079 2263; x_wconf 89' lang='lat' dir='ltr'><strong>CONSTITUTIO</strong></span> <span class='ocrx_word' id='word_1_592' title='bbox 1120 2221 1556 2264; x_wconf 84' lang='lat' dir='ltr'><strong>ARIMINENSIS.</strong></span> 
     </span>
    </p>
   </div>
   <div class='ocr_carea' id='block_1_88' title="bbox 684 2293 1141 2335">
    <p class='ocr_par' dir='ltr' id='par_1_88' title="bbox 684 2293 1141 2335">
     <span class='ocr_line' id='line_1_88' title="bbox 684 2293 1141 2335; baseline 0.002 -12"><span class='ocrx_word' id='word_1_593' title='bbox 684 2293 766 2332; x_wconf 79' lang='lat' dir='ltr'><strong>(Dat.</strong></span> <span class='ocrx_word' id='word_1_594' title='bbox 790 2294 838 2323; x_wconf 83' lang='lat' dir='ltr'><strong>die</strong></span> <span class='ocrx_word' id='word_1_595' title='bbox 859 2295 877 2323; x_wconf 85' lang='grc'>4</span> <span class='ocrx_word' id='word_1_596' title='bbox 899 2295 1005 2324; x_wconf 78' lang='lat' dir='ltr'><strong>mensis</strong></span> <span class='ocrx_word' id='word_1_597' title='bbox 1027 2295 1141 2335; x_wconf 78' lang='lat' dir='ltr'><strong>April.)</strong></span> 
     </span>
    </p>
   </div>
   <div class='ocr_carea' id='block_1_89' title="bbox 582 2354 1245 2389">
    <p class='ocr_par' dir='ltr' id='par_1_89' title="bbox 582 2354 1245 2389">
     <span class='ocr_line' id='line_1_89' title="bbox 582 2354 1245 2389; baseline 0.003 -8"><span class='ocrx_word' id='word_1_598' title='bbox 582 2354 676 2389; x_wconf 81' lang='lat' dir='ltr'><strong>(Apud</strong></span> <span class='ocrx_word' id='word_1_599' title='bbox 694 2354 782 2381; x_wconf 87' lang='lat' dir='ltr'><strong>Mansi</strong></span> <span class='ocrx_word' id='word_1_600' title='bbox 801 2355 901 2383; x_wconf 86' lang='lat' dir='ltr'><strong>Concil.</strong></span> <span class='ocrx_word' id='word_1_601' title='bbox 922 2358 991 2382; x_wconf 88' lang='lat' dir='ltr'><strong>tom.</strong></span> <span class='ocrx_word' id='word_1_602' title='bbox 1011 2356 1078 2389; x_wconf 82' lang='lat' dir='ltr'><strong>XIX,</strong></span> <span class='ocrx_word' id='word_1_603' title='bbox 1098 2357 1151 2383; x_wconf 91' lang='lat' dir='ltr'><strong>col.</strong></span> <span class='ocrx_word' id='word_1_604' title='bbox 1172 2358 1245 2389; x_wconf 81' lang='lat'><strong>357.)</strong></span> 
     </span>
    </p>
   </div>
   <div class='ocr_carea' id='block_1_90' title="bbox 66 2453 1783 2492">
    <p class='ocr_par' dir='ltr' id='par_1_90' title="bbox 66 2453 1783 2492">
     <span class='ocr_line' id='line_1_90' title="bbox 66 2453 1783 2492; baseline -0.002 -6"><span class='ocrx_word' id='word_1_605' title='bbox 66 2458 206 2490; x_wconf 85' lang='lat' dir='ltr'><strong>Quoniam</strong></span> <span class='ocrx_word' id='word_1_606' title='bbox 226 2455 347 2492; x_wconf 88' lang='lat' dir='ltr'><strong>legibus</strong></span> <span class='ocrx_word' id='word_1_607' title='bbox 360 2461 475 2481; x_wconf 79' lang='lat' dir='ltr'><strong>cautum</strong></span> <span class='ocrx_word' id='word_1_608' title='bbox 493 2456 536 2480; x_wconf 90' lang='lat' dir='ltr'><strong>est</strong></span> <span class='ocrx_word' id='word_1_609' title='bbox 551 2455 582 2480; x_wconf 92' lang='lat' dir='ltr'><strong>ut</strong></span> <span class='ocrx_word' id='word_1_610' title='bbox 607 2461 692 2480; x_wconf 88' lang='lat' dir='ltr'><strong>nemo</strong></span> <span class='ocrx_word' id='word_1_611' title='bbox 708 2453 826 2480; x_wconf 88' lang='lat' dir='ltr'><strong>clericus</strong></span> <span class='ocrx_word' id='word_1_612' title='bbox 839 2454 887 2489; x_wconf 88' lang='lat' dir='ltr'><strong>ju-</strong></span> <span class='ocrx_word' id='word_1_613' title='bbox 907 2454 928 2481; x_wconf 96' lang='lat' dir='ltr'>D</span> <span class='ocrx_word' id='word_1_614' title='bbox 941 2457 1076 2490; x_wconf 64' lang='lat' dir='ltr'><strong>praestare</strong></span> <span class='ocrx_word' id='word_1_615' title='bbox 1092 2455 1223 2488; x_wconf 85' lang='lat' dir='ltr'><strong>debeant,</strong></span> <span class='ocrx_word' id='word_1_616' title='bbox 1235 2457 1284 2482; x_wconf 90' lang='lat' dir='ltr'><strong>aut</strong></span> <span class='ocrx_word' id='word_1_617' title='bbox 1298 2454 1479 2490; x_wconf 80' lang='lat' dir='ltr'><strong>aliipersonae</strong></span> <span class='ocrx_word' id='word_1_618' title='bbox 1495 2455 1684 2482; x_wconf 81' lang='lat' dir='ltr'><strong>hocoflicium</strong></span> <span class='ocrx_word' id='word_1_619' title='bbox 1701 2456 1783 2483; x_wconf 83' lang='lat' dir='ltr'><strong>liccat</strong></span> 
     </span>
    </p>
   </div>
   <div class='ocr_carea' id='block_1_91' title="bbox 36 2497 886 2538">
    <p class='ocr_par' dir='ltr' id='par_1_91' title="bbox 36 2497 886 2538">
     <span class='ocr_line' id='line_1_91' title="bbox 36 2497 886 2538; baseline -0.005 -11"><span class='ocrx_word' id='word_1_620' title='bbox 36 2509 91 2529; x_wconf 78' lang='lat' dir='ltr'><strong>rare</strong></span> <span class='ocrx_word' id='word_1_621' title='bbox 115 2503 292 2538; x_wconf 73' lang='lat' dir='ltr'><strong>praesumat,</strong></span> <span class='ocrx_word' id='word_1_622' title='bbox 323 2498 392 2526; x_wconf 85' lang='lat' dir='ltr'><strong>alibi</strong></span> <span class='ocrx_word' id='word_1_623' title='bbox 419 2506 485 2525; x_wconf 90' lang='lat' dir='ltr'><strong>vero</strong></span> <span class='ocrx_word' id='word_1_624' title='bbox 525 2500 667 2532; x_wconf 86' lang='lat' dir='ltr'><strong>reperitur</strong></span> <span class='ocrx_word' id='word_1_625' title='bbox 686 2497 824 2532; x_wconf 87' lang='lat' dir='ltr'><strong>scriptum</strong></span> <span class='ocrx_word' id='word_1_626' title='bbox 853 2500 886 2524; x_wconf 81' lang='lat' dir='ltr'><strong>ut</strong></span> 
     </span>
    </p>
   </div>
   <div class='ocr_carea' id='block_1_92' title="bbox 36 2541 885 2582">
    <p class='ocr_par' dir='ltr' id='par_1_92' title="bbox 36 2541 885 2582">
     <span class='ocr_line' id='line_1_92' title="bbox 36 2541 885 2582; baseline -0.005 -11"><span class='ocrx_word' id='word_1_627' title='bbox 36 2553 123 2574; x_wconf 85' lang='lat' dir='ltr'><strong>omnes</strong></span> <span class='ocrx_word' id='word_1_628' title='bbox 146 2544 334 2582; x_wconf 86' lang='lat' dir='ltr'><strong>principales</strong></span> <span class='ocrx_word' id='word_1_629' title='bbox 362 2550 493 2577; x_wconf 62' lang='lat' dir='ltr'><strong>persona;</strong></span> <span class='ocrx_word' id='word_1_630' title='bbox 519 2541 550 2568; x_wconf 87' lang='lat' dir='ltr'><strong>in</strong></span> <span class='ocrx_word' id='word_1_631' title='bbox 578 2541 672 2576; x_wconf 88' lang='lat' dir='ltr'><strong>primo</strong></span> <span class='ocrx_word' id='word_1_632' title='bbox 687 2541 746 2568; x_wconf 88' lang='lat' dir='ltr'><strong>litis</strong></span> <span class='ocrx_word' id='word_1_633' title='bbox 770 2541 885 2568; x_wconf 86' lang='lat' dir='ltr'><strong>exordio</strong></span> 
     </span>
    </p>
   </div>
   <div class='ocr_carea' id='block_1_93' title="bbox 36 2585 887 2626">
    <p class='ocr_par' dir='ltr' id='par_1_93' title="bbox 36 2585 887 2626">
     <span class='ocr_line' id='line_1_93' title="bbox 36 2585 887 2626; baseline -0.006 -11"><span class='ocrx_word' id='word_1_634' title='bbox 36 2590 361 2626; x_wconf 82' lang='lat' dir='ltr'><strong>subcautjurameutum</strong></span> <span class='ocrx_word' id='word_1_635' title='bbox 376 2585 538 2614; x_wconf 59' lang='lat' dir='ltr'><strong>calumnias.</strong></span> <span class='ocrx_word' id='word_1_636' title='bbox 560 2585 705 2612; x_wconf 86' lang='lat' dir='ltr'><strong>nonnullis</strong></span> <span class='ocrx_word' id='word_1_637' title='bbox 719 2585 815 2619; x_wconf 88' lang='lat' dir='ltr'><strong>legum</strong></span> <span class='ocrx_word' id='word_1_638' title='bbox 832 2593 887 2620; x_wconf 90' lang='lat' dir='ltr'><strong>pe-</strong></span> 
     </span>
    </p>
   </div>
   <div class='ocr_carea' id='block_1_94' title="bbox 37 2629 885 2664">
    <p class='ocr_par' dir='ltr' id='par_1_94' title="bbox 37 2629 885 2664">
     <span class='ocr_line' id='line_1_94' title="bbox 37 2629 885 2664; baseline -0.006 -4"><span class='ocrx_word' id='word_1_639' title='bbox 37 2634 89 2660; x_wconf 81' lang='lat' dir='ltr'><strong>ritis</strong></span> <span class='ocrx_word' id='word_1_640' title='bbox 102 2643 143 2662; x_wconf 88' lang='lat' dir='ltr'><strong>res</strong></span> <span class='ocrx_word' id='word_1_641' title='bbox 154 2635 235 2662; x_wconf 88' lang='lat' dir='ltr'><strong>venit</strong></span> <span class='ocrx_word' id='word_1_642' title='bbox 251 2634 284 2660; x_wconf 90' lang='lat' dir='ltr'><strong>in</strong></span> <span class='ocrx_word' id='word_1_643' title='bbox 302 2631 425 2658; x_wconf 87' lang='lat' dir='ltr'><strong>dubium</strong></span> <span class='ocrx_word' id='word_1_644' title='bbox 453 2633 551 2657; x_wconf 88' lang='lat' dir='ltr'><strong>utrum</strong></span> <span class='ocrx_word' id='word_1_645' title='bbox 570 2629 664 2656; x_wconf 88' lang='lat' dir='ltr'><strong>clerici</strong></span> <span class='ocrx_word' id='word_1_646' title='bbox 680 2629 885 2664; x_wconf 87' lang='lat' dir='ltr'><strong>jusjurandum</strong></span> 
     </span>
    </p>
   </div>
   <div class='ocr_carea' id='block_1_95' title="bbox 939 2499 1783 2535">
    <p class='ocr_par' dir='ltr' id='par_1_95' title="bbox 939 2499 1783 2535">
     <span class='ocr_line' id='line_1_95' title="bbox 939 2499 1783 2535; baseline 0 -9"><span class='ocrx_word' id='word_1_647' title='bbox 939 2499 1087 2535; x_wconf 84' lang='lat' dir='ltr'><strong>delegare;</strong></span> <span class='ocrx_word' id='word_1_648' title='bbox 1105 2499 1173 2534; x_wconf 87' lang='lat' dir='ltr'><strong>quia</strong></span> <span class='ocrx_word' id='word_1_649' title='bbox 1192 2499 1261 2526; x_wconf 89' lang='lat' dir='ltr'><strong>illud</strong></span> <span class='ocrx_word' id='word_1_650' title='bbox 1276 2499 1487 2527; x_wconf 86' lang='lat' dir='ltr'><strong>constitutionis</strong></span> <span class='ocrx_word' id='word_1_651' title='bbox 1502 2499 1637 2531; x_wconf 85' lang='lat' dir='ltr'><strong>edictum,</strong></span> <span class='ocrx_word' id='word_1_652' title='bbox 1666 2500 1714 2526; x_wconf 91' lang='lat' dir='ltr'><strong>ubi</strong></span> <span class='ocrx_word' id='word_1_653' title='bbox 1730 2500 1783 2526; x_wconf 91' lang='lat' dir='ltr'><strong>cle-</strong></span> 
     </span>
    </p>
   </div>
   <div class='ocr_carea' id='block_1_96' title="bbox 940 2543 1780 2579">
    <p class='ocr_par' dir='ltr' id='par_1_96' title="bbox 940 2543 1780 2579">
     <span class='ocr_line' id='line_1_96' title="bbox 940 2543 1780 2579; baseline 0 -9"><span class='ocrx_word' id='word_1_654' title='bbox 940 2543 990 2570; x_wconf 93' lang='lat' dir='ltr'><strong>rici</strong></span> <span class='ocrx_word' id='word_1_655' title='bbox 1012 2544 1110 2578; x_wconf 86' lang='lat' dir='ltr'><strong>jurare</strong></span> <span class='ocrx_word' id='word_1_656' title='bbox 1143 2543 1330 2578; x_wconf 90' lang='lat' dir='ltr'><strong>prohibentur</strong></span> <span class='ocrx_word' id='word_1_657' title='bbox 1358 2551 1375 2569; x_wconf 88' lang='lat' dir='ltr'><strong>a</strong></span> <span class='ocrx_word' id='word_1_658' title='bbox 1412 2544 1503 2570; x_wconf 82' lang='lat' dir='ltr'><strong>Marco</strong></span> <span class='ocrx_word' id='word_1_659' title='bbox 1523 2543 1687 2579; x_wconf 85' lang='lat' dir='ltr'><strong>[Marciano]</strong></span> <span class='ocrx_word' id='word_1_660' title='bbox 1709 2546 1780 2577; x_wconf 83' lang='lat' dir='ltr'><strong>Aug.</strong></span> 
     </span>
    </p>
   </div>
   <div class='ocr_carea' id='block_1_97' title="bbox 939 2582 1782 2618">
    <p class='ocr_par' dir='ltr' id='par_1_97' title="bbox 939 2582 1782 2618">
     <span class='ocr_line' id='line_1_97' title="bbox 939 2582 1782 2618; baseline -0.002 -8"><span class='ocrx_word' id='word_1_661' title='bbox 939 2583 1123 2611; x_wconf 88' lang='lat' dir='ltr'><strong>Constantino</strong></span> <span class='ocrx_word' id='word_1_662' title='bbox 1143 2591 1171 2618; x_wconf 89' lang='lat' dir='ltr'><strong>p.</strong></span> <span class='ocrx_word' id='word_1_663' title='bbox 1203 2591 1231 2617; x_wconf 91' lang='lat' dir='ltr'><strong>p.</strong></span> <span class='ocrx_word' id='word_1_664' title='bbox 1262 2583 1297 2610; x_wconf 87' lang='lat' dir='ltr'><strong>de</strong></span> <span class='ocrx_word' id='word_1_665' title='bbox 1319 2583 1638 2617; x_wconf 83' lang='lat' dir='ltr'><strong>Constantinopolitanis</strong></span> <span class='ocrx_word' id='word_1_666' title='bbox 1675 2582 1782 2608; x_wconf 76' lang='lat' dir='ltr'><strong>clericis</strong></span> 
     </span>
    </p>
   </div>
   <div class='ocr_carea' id='block_1_98' title="bbox 940 2625 1781 2663">
    <p class='ocr_par' dir='ltr' id='par_1_98' title="bbox 940 2625 1781 2663">
     <span class='ocr_line' id='line_1_98' title="bbox 940 2625 1781 2663; baseline -0.004 -9"><span class='ocrx_word' id='word_1_667' title='bbox 940 2627 1153 2663; x_wconf 86' lang='lat' dir='ltr'><strong>promulgatum</strong></span> <span class='ocrx_word' id='word_1_668' title='bbox 1167 2626 1252 2654; x_wconf 84' lang='lat' dir='ltr'><strong>fuisse</strong></span> <span class='ocrx_word' id='word_1_669' title='bbox 1263 2627 1384 2659; x_wconf 85' lang='lat' dir='ltr'><strong>videtur,</strong></span> <span class='ocrx_word' id='word_1_670' title='bbox 1400 2626 1505 2653; x_wconf 89' lang='lat' dir='ltr'><strong>idcirco</strong></span> <span class='ocrx_word' id='word_1_671' title='bbox 1523 2626 1558 2652; x_wconf 88' lang='lat' dir='ltr'><strong>ad</strong></span> <span class='ocrx_word' id='word_1_672' title='bbox 1580 2626 1650 2652; x_wconf 75' lang='lat' dir='ltr'><strong>alios</strong></span> <span class='ocrx_word' id='word_1_673' title='bbox 1664 2625 1781 2652; x_wconf 85' lang='lat' dir='ltr'><strong>clericos</strong></span> 
     </span>
    </p>
   </div>
   <div class='ocr_carea' id='block_1_99' title="bbox 713 2675 1116 2704">
    <p class='ocr_par' dir='ltr' id='par_1_99' title="bbox 713 2675 1116 2704">
     <span class='ocr_line' id='line_1_99' title="bbox 713 2675 1116 2704; baseline -0.005 0"><span class='ocrx_word' id='word_1_674' title='bbox 713 2677 849 2704; x_wconf 58' lang='lat' dir='ltr'><strong>VAerE</strong></span> <span class='ocrx_word' id='word_1_675' title='bbox 870 2675 1116 2704; x_wconf 75' lang='lat' dir='ltr'><strong>LEC&#39;I‘lONl-IS.</strong></span> 
     </span>
    </p>
   </div>
   <div class='ocr_carea' id='block_1_100' title="bbox 67 2722 1282 2760">
    <p class='ocr_par' dir='ltr' id='par_1_100' title="bbox 67 2722 1282 2760">
     <span class='ocr_line' id='line_1_100' title="bbox 67 2722 1282 2760; baseline -0.005 -4"><span class='ocrx_word' id='word_1_676' title='bbox 67 2731 79 2756; x_wconf 83' lang='lat'><strong>3</strong></span> <span class='ocrx_word' id='word_1_677' title='bbox 93 2731 130 2758; x_wconf 82' lang='lat' dir='ltr'><strong>ita</strong></span> <span class='ocrx_word' id='word_1_678' title='bbox 151 2728 312 2758; x_wconf 74' lang='lat' dir='ltr'><strong>Cossardus</strong></span> <span class='ocrx_word' id='word_1_679' title='bbox 328 2726 443 2760; x_wconf 86' lang='lat' dir='ltr'><strong>conjecit</strong></span> <span class='ocrx_word' id='word_1_680' title='bbox 457 2728 563 2752; x_wconf 68' lang='lat' dir='ltr'><strong>nostra:</strong></span> <span class='ocrx_word' id='word_1_681' title='bbox 576 2724 684 2760; x_wconf 86' lang='lat' dir='ltr'><strong>ceperit</strong></span> <span class='ocrx_word' id='word_1_682' title='bbox 694 2724 771 2752; x_wconf 81' lang='lat' dir='ltr'><strong>codd.</strong></span> <span class='ocrx_word' id='word_1_683' title='bbox 787 2723 814 2741; x_wconf 73' lang='grc'><strong>³³</strong></span> <span class='ocrx_word' id='word_1_684' title='bbox 829 2725 869 2751; x_wconf 89' lang='lat' dir='ltr'><strong>ita</strong></span> <span class='ocrx_word' id='word_1_685' title='bbox 879 2732 948 2752; x_wconf 89' lang='lat' dir='ltr'><strong>corr.</strong></span> <span class='ocrx_word' id='word_1_686' title='bbox 968 2724 1039 2752; x_wconf 76' lang='lat' dir='ltr'><strong>Cass.</strong></span> <span class='ocrx_word' id='word_1_687' title='bbox 1050 2723 1206 2750; x_wconf 82' lang='lat' dir='ltr'><strong>inscribant</strong></span> <span class='ocrx_word' id='word_1_688' title='bbox 1223 2722 1282 2750; x_wconf 81' lang='lat' dir='ltr'><strong>cod.</strong></span> 
     </span>
    </p>
   </div>
   <div class='ocr_carea' id='block_1_101' title="bbox 861 2773 972 2800">
    <p class='ocr_par' dir='ltr' id='par_1_101' title="bbox 861 2773 972 2800">
     <span class='ocr_line' id='line_1_101' title="bbox 861 2773 972 2800; baseline -0.018 0"><span class='ocrx_word' id='word_1_689' title='bbox 861 2773 972 2800; x_wconf 69' lang='lat' dir='ltr'><strong>NOTAE.</strong></span> 
     </span>
    </p>
   </div>
   <div class='ocr_carea' id='block_1_102' title="bbox 67 2808 577 2850">
    <p class='ocr_par' dir='ltr' id='par_1_102' title="bbox 67 2808 577 2850">
     <span class='ocr_line' id='line_1_102' title="bbox 67 2808 577 2850; baseline -0.01 -10"><span class='ocrx_word' id='word_1_690' title='bbox 67 2815 125 2849; x_wconf 78' lang='lat'><strong>(95.)</strong></span> <span class='ocrx_word' id='word_1_691' title='bbox 140 2814 268 2850; x_wconf 83' lang='lat' dir='ltr'><strong>Reliqua</strong></span> <span class='ocrx_word' id='word_1_692' title='bbox 280 2809 409 2839; x_wconf 79' lang='lat' dir='ltr'><strong>nomine</strong></span> <span class='ocrx_word' id='word_1_693' title='bbox 420 2808 577 2844; x_wconf 89' lang='lat' dir='ltr'><strong>perierunt.</strong></span> 
     </span>
    </p>
   </div>
  </div>
