3944 6386
156 257 285 309 1289

953 382 1035 433 XI.

139 503 242 556 Αιι
269 502 560 556 camitem.
597 503 750 556 Petit
779 503 892 555 sibi
917 509 1192 570 poemata
1223 504 1415 559 Statii
1457 503 1805 557 transmitti.

219 649 450 701 Domno
479 650 538 701 11.
573 646 874 700 imbriIIua
927 647 1218 718 sapientia
1264 647 1470 712 Iluido,
1533 649 1586 701 F.
1640 663 1805 711 suus,

138 741 224 790 tot
259 736 687 804 gratulationes
715 741 862 807 quot.
889 737 1146 800 vagulus
1179 736 1357 808 lupus
1381 736 1544 790 novit
1574 736 1810 789 semita-

135 841 276 879 rum
309 825 699 880 diversitates.

217 914 386 968 Nullo
420 915 604 968 modo
636 915 908 969 dubitare
945 915 1077 968 volo
1114 933 1206 969 me
1241 914 1408 969 vobis
1453 915 1807 969 eordetenus

134 1019 449 1059 annexum
486 1005 724 1058 vinculo
756 1005 1272 1060 toliusebaritatis.
1311 1005 1532 1060 Idcirco
1554 1023 1701 1075 rogo
1744 1011 1806 1061 ut

132 1110 235 1148 me
267 1093 490 1148 librum
526 1094 686 1148 Statii
725 1094 917 1148 \idere
954 1094 1199 1149 faciatis.
1233 1099 1395 1150 Nunc
1427 1097 1583 1150 enim
1613 1100 1805 1168 potest

130 1181 286 1236 mihi
317 1181 471 1248 vehi,
497 1182 787 1253 vobisque
812 1183 1012 1237 statim
1044 1183 1246 1237 reduci
1276 1183 1398 1238 sine
1423 1184 1542 1239 ulla
1573 1201 1722 1252 ruga
1749 1189 1804 1237 et

128 1269 380 1325 laesione
412 1288 519 1344 per
553 1272 793 1326 nuntios
826 1273 928 1344 qui
953 1273 1088 1327 hinc
1123 1279 1176 1328 et
1203 1273 1340 1328 inde
1394 1279 1650 1346 pergunt
1709 1290 1804 1328 va-

128 1359 265 1414 cuis
295 1360 564 1415 sarcinis.
591 1361 756 1423 Quod
791 1362 836 1415 si
883 1363 1142 1416 Charitas
1196 1363 1346 1417 inter
1399 1379 1508 1418 nos
1566 1363 1800 1434 penitus

130 1448 422 1519 perfrixit,
455 1450 621 1521 quod
655 1455 853 1504 tamen
885 1451 1075 1505 absit!
1113 1457 1385 1507 nostrum
1417 1451 1636 1507 librum
1666 1451 1801 1507 mit-

129 1538 233 1593 tite
264 1539 460 1593 nobis.
499 1540 711 1594 Valete.

916 1671 1021 1722 XII.

126 1810 230 1863 Art
251 1811 607 1878 Gozpertum
633 1809 763 1864 abb.
805 1812 1180 1879 Tegernsens.
1219 1812 1342 1876 Quo
1379 1813 1438 1865 in
1469 1817 1798 1879 statuprte-

337 1900 439 1955 dia
473 1900 821 1955 monasterii
839 1916 935 1968 per
957 1901 1216 1955 lustrata
1250 1902 1536 1956 invenerit
1569 1906 1596 1955 1’

201 2027 265 2078 (ἱ.
299 2023 518 2080 seniori
544 2041 673 2088 suo,
709 2027 761 2079 I~‘.
808 2024 1049 2079 ultimus
1075 2025 1253 2080 vestri
1286 2041 1616 2091 servorum,
1676 2041 1795 2080 non

126 2113 304 2181 alius,
339 2118 441 2168 aut
487 2113 670 2181 aliud,
702 2130 889 2186 quam
926 2114 984 2168 id
1012 2115 1176 2186 quod
1201 2115 1454 2170 dudum.

204 2207 360 2260 Loca
399 2202 754 2258 obedientire
788 2203 961 2258 nobis
1002 2205 1360 2273 commissa},
1419 2221 1552 2276 quae
1596 2205 1794 2260 adhuc

126 2294 318 2365 potui,
363 2293 831 2365 contemplanda
864 2294 1097 2355 circavi.
1129 2301 1183 2350 et
1209 2294 1448 2350 invenio
1480 2296 1793 2350 minimam

122 2387 359 2454 partem
381 2382 554 2436 nobis
572 2399 698 2436 esse
716 2381 1079 2438 derelictam.
1098 2383 1330 2454 Aliquid
1356 2389 1476 2438 tam
1499 2401 1794 2452 magnum

121 2472 586 2545 perﬁciendum,
612 2463 772 2526 utile
803 2473 1150 2542 hujusmodi
1189 2473 1637 2544 dispensatione
1693 2475 1792 2528 de-

121 2563 346 2616 bemus
385 2561 774 2632 pauperibus,
837 2561 1180 2616 domesticis
1221 2569 1400 2634 atque
1459 2564 1788 2636 peregrinis

125 2651 488 2723 hospitibus.
536 2655 592 2705 In
632 2651 884 2706 Danubii
942 2652 1183 2718 regione
1255 2653 1461 2719 repetii
1508 2668 1788 2722 granum,

122 2741 295 2813 quod
327 2740 509 2812 priori
541 2756 703 2794 anno
735 2740 1130 2807 abstulerunt,
1165 2747 1219 2795 et
1259 2742 1339 2796 illi
1393 2743 1628 2812 majori,
1689 2746 1791 2814 qui

123 2831 242 2886 illic
277 2835 402 2885 erat
424 2829 703 2884 anteriori
729 2846 912 2898 anno,
947 2831 1215 2885 ablatum
1256 2838 1344 2887 est
1399 2831 1686 2898 ofﬁcium,
1737 2837 1792 2887 et

123 2920 328 2976 nullus
359 2918 596 2991 penitus
622 2919 696 2972 de
727 2920 840 2973 hoc
871 2919 1034 2973 dedit
1064 2921 1210 2974 mihi
1236 2937 1617 2993 responsum.
1649 2924 1792 2977 Tota

124 3023 394 3080 namque
419 3007 738 3062 deeimatio
769 3008 904 3062 hinc
950 3007 1086 3062 inde
1135 3013 1223 3064 est
1279 3009 1585 3081 dispertita
1643 3010 1792 3064 inter

126 3102 366 3153 nostros
424 3100 478 3150 et
540 3095 782 3150 alienos.
849 3096 903 3151 Si
954 3096 1066 3151 hoc
1093 3113 1214 3152 non
1237 3098 1602 3169 interdicitis,
1624 3098 1788 3170 quod
1823 3082 1862 3136 (ἶ

125 3185 308 3242 alieni
339 3184 583 3253 habent,
612 3183 849 3256 penitus
902 3184 1281 3240 abstrahetur
1335 3204 1370 3241 a
1427 3187 1610 3242 domo
1669 3187 1786 3242 Dei.

125 3275 293 3341 Rogo
324 3271 740 3344 paternitatem
760 3278 1021 3328 vestram
1034 3273 1428 3330 utdeeimatio
1445 3275 1619 3331 nobis
1637 3293 1790 3348 prae-

125 3361 276 3417 senti
333 3377 496 3416 anno
542 3365 662 3417 tota
708 3363 1074 3418 concedatur
1128 3364 1205 3419 ad
1257 3365 1481 3420 calcem
1523 3381 1789 3422 creman-

125 3451 294 3506 dum.
330 3454 428 3506 Est
458 3467 721 3523 namque
762 3452 1014 3508 ecclesia
1059 3453 1118 3508 in
1175 3460 1380 3510 nostra
1427 3455 1784 3521 obedientia,

123 3556 260 3612 quaa
286 3540 501 3596 dicitur
532 3539 954 3610 Holzcbiricha,
1003 3543 1270 3614 undique
1328 3543 1508 3598 furcis
1560 3544 1783 3605 fulcita,

124 3629 316 3684 muris
342 3628 663 3696 destructa,
689 3628 785 3684 cui
809 3628 924 3684 nisi
957 3631 1126 3686 citius
1150 3631 1515 3698 subvenitur,
1548 3632 1784 3704 penitus

123 3718 318 3774 cadet

888 3846 1022 3900 XIII.

118 3970 218 4025 Ad
237 3968 706 4038 Meginlielmum
741 3971 1115 4038 magistrum.
1146 3971 1301 4026 Eum
1331 3972 1411 4027 ad
1439 3987 1783 4042 expromen-

518 4058 626 4113 das
654 4059 886 4128 ingenii
904 4060 1054 4114 vires
1089 4059 1388 4116 hortatur.

193 4198 451 4255 Domino
503 4215 638 4253 meo
697 4198 1107 4272 magistroque
1157 4203 1224 4256 M.
1287 4202 1453 4257 miris
1492 4203 1782 4270 moribus,

118 4288 560 4360 maculosoque
704 4305 775 4344 su
828 4288 1075 4344 miriﬁce
1107 4295 1441 4362 munerato,
1478 4295 1533 4346 F.
1595 4292 1784 4347 ﬁdelis

117 4378 389 4435 famulus
417 4377 808 4433 famulamina
833 4377 1172 4451 frequenter
1191 4380 1454 4436 facturus
1493 4380 1712 4438 ﬁdelia.

191 4467 309 4524 Μίτὶ
345 4466 764 4522 medicaminis
796 4482 963 4523 more
996 4469 1325 4538 magistrali
1369 4486 1464 4525 me
1519 4487 1780 4527 memen-

115 4563 237 4615 tote
269 4573 507 4613 servare
541 4557 930 4629 sequentibus
960 4559 1270 4628 sanguinis
1292 4564 1600 4616 strenuum
1634 4561 1786 4618 salu-

115 4652 432 4719 taremque
453 4646 800 4702 strictorem.
835 4649 1014 4704 Sacro
1045 4649 1398 4705 subscribite
1427 4650 1602 4721 stylo,
1633 4651 1784 4708 sicut

118 4735 375 4792 stolidus
407 4734 674 4790 stimulat
705 4751 912 4791 servus
943 4737 1322 4793 sermonibus
1382 4739 1573 4794 stultis
1603 4759 1614 4808 ;
1675 4741 1808 4796 sed‘

113 4843 228 4881 vos
261 4824 494 4880 scribite
528 4826 828 4898 sapienter
850 4841 1054 4882 sacras
1109 4843 1368 4899 sequens
1425 4830 1777 4902 Scripturas.

119 4914 375 4973 Sudario
398 4915 656 4987 spernite
675 4931 932 4981 servare,
961 4915 1008 4970 si
1025 4916 1172 4988 quid
1203 4917 1362 4972 scitis
1387 4917 1779 4976 salutiferum.

115 5004 388 5078 Spargite
420 5004 670 5072 semina,
704 5005 862 5061 sicco
884 5005 1243 5078 sapientiam
1270 5023 1458 5063 servo.

887 5131 1018 5186 XIV.

114 5257 216 5313 Ad
253 5257 653 5327 Peringerum
684 5256 956 5312 abbatem
989 5273 1182 5313 suum.
1256 5259 1494 5315 Veniam
1531 5267 1585 5316 et
1633 5277 1784 5316 com-

187 5335 447 5404 meatum
470 5328 642 5404 petit,
675 5344 790 5398 quo
812 5329 926 5382 sibi
942 5330 1041 5396 fas
1066 5331 1141 5384 sit
1159 5332 1500 5398 persolvere
1518 5339 1652 5388 vota
1673 5349 1782 5404 sua

187 5401 252 5456 in
285 5401 530 5456 civitate
560 5401 942 5469 Augustana.

188 5528 439 5599 Semper
470 5525 582 5580 sibi
614 5525 957 5581 venerando
991 5525 1217 5581 Seniori
1248 5529 1305 5581 P.
1366 5529 1451 5596 F.,
1507 5531 1784 5602 quamvis

114 5616 280 5674 nulla
305 5615 689 5673 veneratione
715 5615 955 5686 dignus,
990 5619 1111 5673 tota
1137 5620 1338 5675 tamen
1363 5624 1560 5677 mente
1609 5621 1784 5677 vestri

115 5706 393 5764 devotus.

483 5797 729 5854 ΡΑτιιοι..
760 5797 933 5851 CXLI.

1688 251 2057 306 EPISTULAC.

3449 273 3587 323 l29t)

1848 377 1892 426 A
2001 378 2160 444 Rogo
2208 380 2622 449 paternitatem
2682 388 2944 438 vestram
3013 388 3076 440 ut
3105 387 3350 442 auribus
3402 391 3584 446 SOlllt-B

1923 463 2154 534 pietatis
2187 483 2386 523 meum
2420 474 2697 526 nuntium
2730 472 3087 544 suscipiatis,
3135 479 3425 548 tanquam
3457 497 3583 535 ver-

1919 552 2012 607 bis
2039 555 2349 611 vobiscum
2382 561 2883 616 sermocinantem
2916 579 3025 634 pro
3085 564 3263 619 rebus
3314 584 3586 624 necessa-

1919 643 2040 697 riis.
2069 647 2266 716 Neque
2295 647 2452 703 enim
2479 649 2602 720 ipse
2633 650 2914 722 loquitur,
2950 653 3054 707 sed
3081 654 3160 708 ab
3192 657 3439 712 animali
3469 660 3584 714 hoc

1919 732 2240 788 iuanimale
2268 753 2376 807 pro
2407 737 2654 793 animali
2686 740 2934 794 mittitur
2963 742 3038 796 ad
3070 744 3350 801 animale.
3411 748 3582 802 Idcir-

1918 835 1988 873 eo
2020 837 2139 875 non
2164 823 2525 889 joculariter,
2561 827 2662 880 sed
2696 827 3001 898 loquimur
3032 831 3195 885 vobis
3223 835 3399 904 quasi
3432 852 3580 906 prm-

1917 910 2253 966 sentialiter.
2318 915 2484 969 Novit
2538 916 2796 988 denique
2854 917 3119 988 benigna
3151 924 3578 994 compatientia

1915 1005 2108 1055 vestra
2137 1002 2390 1072 qualiter
2415 1020 2525 1073 ego
2554 1007 2867 1076 quondam
2896 1008 3232 1065 inﬁrmatus
3265 1013 3426 1084 apud
3458 1019 3575 1069 Au-

1915 1095 2153 1156 gustam
2185 1091 2480 1148 civitatem
2513 1094 3006 1167 indesperatione
3037 1099 3163 1154 vitae
3187 1103 3572 1171 aegrotabam,

1913 1196 2049 1233 cum
2099 1181 2346 1236 consilio
2412 1197 2621 1238 eorum
2677 1187 2779 1256 qui
2836 1187 2954 1243 mei
3007 1206 3215 1245 curam
3268 1193 3570 1261 gerebant,

1911 1268 2174 1338 obligavi
2200 1287 2294 1325 me
2329 1277 2486 1336 voto,
2516 1273 2562 1327 si
2596 1274 3035 1332 eonvaluissem
3066 1278 3139 1332 de
3167 1280 3278 1334 hac
3321 1280 3572 1337 inﬁrmi-

1913 1362 2046 1425 tate,
2077 1363 2140 1412 ut
2162 1359 2408 1424 singulis
2432 1362 2604 1415 annis
2637 1364 2899 1420 venirem
2927 1366 3005 1421 ad
3034 1367 3185 1422 lecta
3209 1373 3264 1423 et
3318 1371 3570 1441 patroci-

1911 1448 2009 1501 nia
2041 1447 2276 1503 illorum
2323 1456 2666 1506 sanctorum
2699 1453 2801 1525 qui
2823 1454 2904 1508 ibi
2935 1456 3334 1527 requiescunt.
3397 1461 3570 1525 Quod

1910 1536 2144 1606 penitus
2171 1554 2282 1606 ego
2313 1545 2591 1610 peccator
2656 1541 2875 1610 dimisi,
2933 1544 3036 1598 sed
3098 1545 3346 1615 singulis
3396 1550 3569 1605 annis

1908 1625 2033 1680 dixi
2065 1643 2076 1680 :
2107 1630 2266 1694 Cras,
2293 1646 2422 1684 cras
2455 1636 2591 1700 peto
2621 1630 2939 1698 licentiam,
2977 1638 3039 1688 ut
3069 1635 3266 1690 statim
3293 1653 3563 1708 pergam.

1909 1716 2306 1788 Quapropter,
2333 1718 2412 1772 mi
2447 1722 2631 1784 Pater,
2666 1720 2810 1775 nihil
2837 1738 3150 1790 magnum,
3180 1725 3324 1781 nihil
3349 1727 3566 1782 moles-

1909 1809 2035 1860 tum
2068 1822 2234 1874 rogo,
2270 1808 2372 1862 sed
2406 1825 2592 1864 unum
2645 1815 2876 1866 tantum
2929 1813 3226 1870 cavallum
3284 1816 3430 1871 mihi
3489 1819 3567 1873 ad

1906 1895 2322 1965 equitandum,
2350 1902 2405 1952 et
2437 1914 2624 1954 unum
2648 1899 2842 1955 virum
2875 1917 3111 1958 mecum
3143 1904 3514 1976 equitantem
3550 1925 3561 1962 :

1905 1983 1984 2038 ad
2015 1984 2292 2040 viaticum
2327 1992 2524 2042 autem
2558 1988 2703 2043 nihil
2725 1989 2888 2046 aliud
2918 1996 3054 2064 peto
3085 1993 3198 2048 nisi
3229 1997 3565 2066 portionem

1906 2071 2204 2127 alimoniae
2231 2089 2365 2140 quae
2399 2075 2542 2131 mihi
2573 2077 2815 2132 daretur
2844 2096 2983 2133 cum
3014 2080 3107 2136 hic
3135 2081 3301 2137 domi
3341 2101 3562 2153 essem,

1905 2165 1961 2216 et
1991 2161 2236 2234 insuper
2260 2164 2557 2236 quidquid
2589 2173 2784 2222 vestra
2835 2167 3117 2236 dignatur
3174 2174 3384 2241 gratia,
3441 2191 3565 2230 non

1903 2251 2130 2320 abnuo,
2165 2268 2286 2308 non
2314 2270 2521 2309 renuo.
2555 2257 2695 2320 Quis
2725 2273 2846 2311 non
2879 2260 3084 2314 timeat
3137 2277 3198 2315 se
3251 2264 3565 2320 mentitum

1901 2356 2034 2395 esse
2085 2342 2182 2396 tali
2241 2347 2531 2414 patronie,
2580 2362 2715 2417 quin
2773 2346 2948 2402 nobis
2993 2349 3170 2405 hodie
3227 2351 3377 2407 lecta
3434 2358 3567 2410 est?

1904 2430 2190 2494 Quocirca
2223 2431 2271 2485 si
2301 2433 2430 2486 vitae
2461 2449 2607 2487 mere
2643 2433 2823 2489 ullam
2856 2452 3063 2491 curam
3096 2439 3272 2495 vultis
3320 2441 3560 2511 habere,

1902 2523 2096 2574 vestro
2131 2519 2442 2589 juvaminc
2491 2521 2663 2577 liceat
2715 2524 2861 2578 mihi
2919 2541 3160 2582 manere
3218 2529 3278 2582 in
3329 2529 3562 2585 civitate

1901 2611 2168 2675 Augusta
2199 2608 2257 2663 in
2291 2609 2598 2665 Nativitate
2627 2618 2849 2667 sanctae
2876 2614 3086 2670 Marize.
3132 2615 3343 2673 Valete.

2685 2738 2787 2790 XV.

1899 2853 1998 2908 Ad
2022 2855 2310 2910 eumdem.
2340 2858 2426 2911 De
2455 2857 2976 2940 administratione
2999 2863 3258 2919 ecclesia:
3279 2865 3393 2920 sibi
3411 2883 3560 2922 com-

2618 2946 2831 2987 "MSSCZ’.

1972 3049 2125 3104 Patri
2151 3053 2210 3104 P.
2241 3052 2575 3122 perenniter
2605 3053 2662 3108 in
2692 3054 2921 3110 Christo
2951 3059 3218 3115 amando
3253 3065 3308 3116 F.

1976 3137 2268 3194 Versiculo
2293 3140 2474 3197 verbo
2505 3157 2716 3214 precor
2745 3144 2951 3200 omnia
2980 3161 3271 3220 prospera
3328 3169 3485 3208 caro.

1973 3227 2124 3292 Quia
2149 3229 2297 3283 mihi
2327 3231 2796 3288 eommendastis
2824 3250 2917 3288 res
2954 3234 3136 3306 hujus
3187 3246 3405 3296 sancire
3457 3246 3560 3298 Ec-

1899 3315 2092 3372 clesiae
2119 3319 2565 3389 custodiendas,
2597 3326 2915 3394 propterea
2943 3323 3004 3379 in
3035 3326 3126 3380 his
3154 3330 3438 3386 omnibus
3471 3350 3561 3387 us-

1897 3421 2014 3477 que
2044 3422 2206 3461 nunc
2238 3407 2575 3464 laborando
2602 3410 2934 3466 ministravi
2968 3418 3032 3468 ut
3059 3431 3170 3486 pro
3219 3419 3369 3473 meis
3415 3422 3556 3476 viri-

1894 3492 2009 3548 bus
2042 3494 2228 3564 potui.
2265 3496 2376 3551 Sed
2416 3512 2576 3551 nunc
2607 3497 2842 3552 videtur
2893 3501 3038 3554 mihi
3083 3510 3328 3575 propter
3377 3508 3558 3566 vilita-

1895 3585 2014 3636 tem
2067 3583 2383 3654 paucitatis
2439 3601 2587 3639 meee
2662 3586 2960 3658 quasdam
3014 3585 3131 3659 res,
3187 3608 3342 3664 quas
3397 3603 3558 3653 ante-

1893 3687 2158 3727 cessores
2207 3672 2324 3728 mei
2345 3672 2425 3728 ibi
2455 3673 2535 3729 ad
2559 3689 2779 3731 manus
2813 3718 2824 3730 .
2859 3718 2871 3730 .
2901 3720 2912 3732 .
2970 3679 3204 3737 Cretera
3262 3698 3299 3739 a
3357 3687 3557 3744 codice

1894 3761 2132 3816 abs-unt.

2661 3889 2789 3945 XVI.

1893 4013 1990 4067 Ad
2001 4013 2266 4069 eumdem
2288 4015 2466 4081 forte,
2485 4014 2558 4070 de
2572 4016 2927 4086 quibusdam
2952 4019 3119 4077 libris
3137 4023 3212 4079 ab
3227 4040 3286 4081 se
3308 4029 3555 4086 redditis

1964 4159 2023 4212 P.
2048 4155 2391 4228 multiplicis
2412 4156 2693 4214 bonitatis
2733 4163 3006 4230 amatori,
3066 4167 3119 4220 I‘.
3180 4167 3554 4228 humillimus

1893 4246 2190 4320 adelphus
2220 4245 2491 4302 salutem.

1967 4338 2168 4392 Grates
2189 4335 2454 4407 rependo
2482 4335 2784 4392 solotenus
2812 4340 3036 4411 poplite
3066 4342 3244 4410 ﬂexo,
3273 4362 3397 4418 quo
3449 4367 3553 4405 sae-

1822 4433 1864 4486 Ιν)
1895 4424 2029 4496 pius
2051 4439 2158 4478 vos
2183 4422 2380 4478 ofﬁcio
2410 4423 2568 4479 circa
2592 4440 2687 4479 me
2715 4425 2814 4496 pio
2844 4443 3048 4484 amore
3088 4430 3362 4489 laborare
3418 4454 3556 4494 con-

1897 4513 2103 4586 spicno.
2132 4511 2372 4567 Librum
2404 4513 2584 4569 Boetii
2616 4520 2810 4570 vestro
2843 4515 3008 4573 brevi
3038 4535 3074 4574 a
3104 4537 3200 4576 me
3233 4524 3398 4580 vobis
3453 4545 3555 4600 pe-

1895 4602 2104 4658 tivistis
2126 4601 2414 4674 praestari,
2449 4604 2619 4674 cujus
2648 4603 2832 4660 libros
2863 4608 3105 4680 propria
3154 4628 3341 4668 manu
3397 4615 3552 4673 duos

1895 4691 2243 4765 conscripsi,
2262 4691 2653 4764 pleniterque,
2686 4698 2750 4749 ut
2768 4701 2935 4767 puto,
2965 4696 3221 4767 glossica
3244 4705 3551 4779 conscrip-

1893 4782 2051 4837 tione
2081 4781 2324 4853 depinxi
2360 4799 2372 4849 ;
2405 4798 2666 4853 quorum
2712 4783 2964 4841 alterum
3022 4804 3259 4844 mecum
3316 4793 3550 4866 retinui,

1894 4871 2149 4928 alterum
2179 4876 2446 4941 Augusta
2489 4871 2802 4928 Vindelicze
2857 4875 3085 4948 reliqui,
3141 4878 3438 4954 simulque
3487 4884 3552 4940 li-

1895 4961 2073 5015 brum
2103 4959 2403 5016 Juvenalis
2429 4964 2484 5015 et
2512 4961 2689 5016 Persii
2712 4977 2821 5033 pro
2851 4967 3318 5024 commutatione
3367 4973 3553 5029 Arith-

1897 5049 2124 5105 meticae
2159 5049 2358 5117 Boetii,
2381 5049 2440 5104 in
2467 5065 2592 5122 qua
2621 5050 2747 5122 ipse
2787 5052 2866 5108 ob
2897 5055 3154 5124 gratiam
3195 5059 3372 5115 vestri
3427 5079 3552 5119 non

1897 5139 2206 5195 modicum
2237 5138 2693 5210 conscripsistis,
2721 5157 2832 5212 pro
2857 5141 3010 5199 libro
3066 5160 3182 5216 que
3237 5150 3555 5210 Invectiva-

1895 5245 2031 5284 rum
2079 5227 2246 5284 Tullii
2299 5227 2596 5284 Ciceronis
2650 5228 2712 5283 in
2771 5230 3113 5290 Salustium.
3149 5238 3308 5301 Quos
3365 5239 3551 5298 libros

1897 5317 2044 5373 mihi
2077 5317 2374 5390 pl‘tBStitOS
2408 5332 2546 5372 cum
2580 5317 2838 5388 remitto,
2895 5325 3253 5397 nostrosque
3309 5331 3553 5406 recipio,

1900 5407 2079 5477 jussu
2135 5411 2330 5461 vestro
2393 5405 2726 5462 voluntarie
2799 5408 3100 5469 satisfacio
3133 5416 3348 5475 Valete.

3203 5812 3263 5862 41
