  <div class='ocr_page' id='page_1' title='image "/cluster/home/n/w/nwhite01/storage/ocr_20150623/140-141/uc1.31175018559917/1221.png"; bbox 0 0 3888 6418; ppageno 0'>
   <div class='ocr_carea' id='block_1_1' title="bbox 430 261 554 315">
    <p class='ocr_par' dir='ltr' id='par_1_1' title="bbox 430 261 554 315">
     <span class='ocr_line' id='line_1_1' title="bbox 430 261 554 315; baseline 0.008 -3"><span class='ocrx_word' id='word_1_1' title='bbox 430 261 554 315; x_wconf 66' lang='lat'><strong>1291</strong></span> 
     </span>
    </p>
   </div>
   <div class='ocr_carea' id='block_1_2' title="bbox 1432 218 3834 299">
    <p class='ocr_par' dir='ltr' id='par_1_2' title="bbox 1432 218 3834 299">
     <span class='ocr_line' id='line_1_2' title="bbox 1432 218 3834 299; baseline -0.015 0"><span class='ocrx_word' id='word_1_2' title='bbox 1432 243 1751 299; x_wconf 52' lang='lat' dir='ltr'><strong>FHOL&#39;ML‘N</strong></span> <span class='ocrx_word' id='word_1_3' title='bbox 1764 241 1829 292; x_wconf 76' lang='lat' dir='ltr'><strong>[ll</strong></span> <span class='ocrx_word' id='word_1_4' title='bbox 1870 241 1927 290; x_wconf 53' lang='lat' dir='ltr'><strong>tit</strong></span> <span class='ocrx_word' id='word_1_5' title='bbox 1946 235 2262 289; x_wconf 64' lang='grc' dir='ltr'><strong>ΕΧΟΒΙΪᾸΞ</strong></span> <span class='ocrx_word' id='word_1_6' title='bbox 2300 230 2837 286; x_wconf 68' lang='lat' dir='ltr'><strong>TEGEHXSENSIS.</strong></span> <span class='ocrx_word' id='word_1_7' title='bbox 3752 218 3834 265; x_wconf 49' lang='lat' dir='ltr'><strong>t2‘sf</strong></span> 
     </span>
    </p>
   </div>
   <div class='ocr_carea' id='block_1_3' title="bbox 429 333 3838 411">
    <p class='ocr_par' dir='ltr' id='par_1_3' title="bbox 429 333 3838 411">
     <span class='ocr_line' id='line_1_3' title="bbox 429 333 3838 411; baseline -0.008 -24"><span class='ocrx_word' id='word_1_8' title='bbox 429 333 3838 411; x_wconf 30' lang='lat' dir='ltr'><strong><em>ﬂ</em></strong></span> 
     </span>
    </p>
   </div>
   <div class='ocr_carea' id='block_1_4' title="bbox 1189 539 3023 674">
    <p class='ocr_par' dir='ltr' id='par_1_4' title="bbox 1189 539 3023 674">
     <span class='ocr_line' id='line_1_4' title="bbox 1189 539 3023 674; baseline -0.011 0"><span class='ocrx_word' id='word_1_9' title='bbox 1189 545 2057 674; x_wconf 59' lang='lat' dir='ltr'><strong>FBOUItiUNDi</strong></span> <span class='ocrx_word' id='word_1_10' title='bbox 2156 539 3023 662; x_wconf 56' lang='lat' dir='ltr'><strong>POEMATICA.</strong></span> 
     </span>
    </p>
   </div>
   <div class='ocr_carea' id='block_1_5' title="bbox 1680 827 2564 900">
    <p class='ocr_par' dir='ltr' id='par_1_5' title="bbox 1680 827 2564 900">
     <span class='ocr_line' id='line_1_5' title="bbox 1680 827 2564 900; baseline -0.002 -17"><span class='ocrx_word' id='word_1_11' title='bbox 1680 837 1764 900; x_wconf 51' lang='lat' dir='ltr'><strong>tit.</strong></span> <span class='ocrx_word' id='word_1_12' title='bbox 1808 832 1869 884; x_wconf 82' lang='grc' dir='ltr'><strong>Ρ.</strong></span> <span class='ocrx_word' id='word_1_13' title='bbox 1912 833 2126 893; x_wconf 60' lang='lat' dir='ltr'><strong>Phlus,</strong></span> <span class='ocrx_word' id='word_1_14' title='bbox 2185 827 2286 880; x_wconf 79' lang='lat' dir='ltr'><strong>ubi</strong></span> <span class='ocrx_word' id='word_1_15' title='bbox 2332 834 2564 893; x_wconf 69' lang='lat' dir='ltr'><strong>supra.)</strong></span> 
     </span>
    </p>
   </div>
   <div class='ocr_carea' id='block_1_6' title="bbox 868 1324 1625 1397">
    <p class='ocr_par' dir='ltr' id='par_1_6' title="bbox 868 1324 1625 1397">
     <span class='ocr_line' id='line_1_6' title="bbox 868 1324 1625 1397; baseline -0.012 -12"><span class='ocrx_word' id='word_1_16' title='bbox 868 1332 933 1385; x_wconf 89' lang='lat' dir='ltr'><strong>In</strong></span> <span class='ocrx_word' id='word_1_17' title='bbox 966 1330 1277 1397; x_wconf 70' lang='lat' dir='ltr'><strong>imaginem</strong></span> <span class='ocrx_word' id='word_1_18' title='bbox 1313 1328 1435 1379; x_wconf 75' lang='lat' dir='ltr'><strong>Cm</strong></span> <span class='ocrx_word' id='word_1_19' title='bbox 1444 1326 1535 1389; x_wconf 61' lang='lat' dir='ltr'><strong>ci/i</strong></span> <span class='ocrx_word' id='word_1_20' title='bbox 1542 1339 1583 1373; x_wconf 63' lang='grc' dir='ltr'><strong>,Γ</strong></span> <span class='ocrx_word' id='word_1_21' title='bbox 1592 1324 1625 1376; x_wconf 76' lang='grc' dir='ltr'><strong>ι’.</strong></span> 
     </span>
    </p>
   </div>
   <div class='ocr_carea' id='block_1_7' title="bbox 428 1429 1762 1497">
    <p class='ocr_par' dir='ltr' id='par_1_7' title="bbox 428 1429 1762 1497">
     <span class='ocr_line' id='line_1_7' title="bbox 428 1429 1762 1497; baseline -0.011 -2"><span class='ocrx_word' id='word_1_22' title='bbox 428 1441 711 1497; x_wconf 70' lang='lat' dir='ltr'><strong>Iiertniuis</strong></span> <span class='ocrx_word' id='word_1_23' title='bbox 740 1437 938 1492; x_wconf 64' lang='lat' dir='ltr'><strong>aeterni</strong></span> <span class='ocrx_word' id='word_1_24' title='bbox 968 1449 1167 1489; x_wconf 78' lang='lat' dir='ltr'><strong>ramOs</strong></span> <span class='ocrx_word' id='word_1_25' title='bbox 1193 1433 1301 1486; x_wconf 86' lang='lat' dir='ltr'><strong>bos</strong></span> <span class='ocrx_word' id='word_1_26' title='bbox 1336 1431 1463 1483; x_wconf 81' lang='lat' dir='ltr'><strong>vitis</strong></span> <span class='ocrx_word' id='word_1_27' title='bbox 1494 1429 1762 1487; x_wconf 83' lang='lat' dir='ltr'><strong>adornat,</strong></span> 
     </span>
    </p>
   </div>
   <div class='ocr_carea' id='block_1_8' title="bbox 434 1513 1921 1600">
    <p class='ocr_par' dir='ltr' id='par_1_8' title="bbox 434 1513 1921 1600">
     <span class='ocr_line' id='line_1_8' title="bbox 434 1513 1921 1600; baseline -0.014 -15"><span class='ocrx_word' id='word_1_28' title='bbox 434 1536 506 1585; x_wconf 74' lang='lat' dir='ltr'><strong>lle</strong></span> <span class='ocrx_word' id='word_1_29' title='bbox 534 1546 653 1600; x_wconf 83' lang='lat' dir='ltr'><strong>qua</strong></span> <span class='ocrx_word' id='word_1_30' title='bbox 684 1528 840 1581; x_wconf 88' lang='lat' dir='ltr'><strong>fonte</strong></span> <span class='ocrx_word' id='word_1_31' title='bbox 874 1539 1030 1577; x_wconf 83' lang='lat' dir='ltr'><strong>novo</strong></span> <span class='ocrx_word' id='word_1_32' title='bbox 1060 1520 1387 1574; x_wconf 88' lang='lat' dir='ltr'><strong>redduntur</strong></span> <span class='ocrx_word' id='word_1_33' title='bbox 1420 1516 1631 1588; x_wconf 70' lang='lat' dir='ltr'><strong>portula</strong></span> <span class='ocrx_word' id='word_1_34' title='bbox 1675 1513 1921 1571; x_wconf 81' lang='lat' dir='ltr'><strong>mundo,</strong></span> 
     </span>
    </p>
   </div>
   <div class='ocr_carea' id='block_1_9' title="bbox 432 1601 1960 1686">
    <p class='ocr_par' dir='ltr' id='par_1_9' title="bbox 432 1601 1960 1686">
     <span class='ocr_line' id='line_1_9' title="bbox 432 1601 1960 1686; baseline -0.012 -13"><span class='ocrx_word' id='word_1_35' title='bbox 432 1624 672 1674; x_wconf 69' lang='lat' dir='ltr'><strong>Dextera</strong></span> <span class='ocrx_word' id='word_1_36' title='bbox 697 1632 826 1686; x_wconf 78' lang='lat' dir='ltr'><strong>quae</strong></span> <span class='ocrx_word' id='word_1_37' title='bbox 862 1612 1061 1665; x_wconf 74' lang='lat' dir='ltr'><strong>victrix</strong></span> <span class='ocrx_word' id='word_1_38' title='bbox 1095 1610 1430 1678; x_wconf 84' lang='lat' dir='ltr'><strong>invictaque</strong></span> <span class='ocrx_word' id='word_1_39' title='bbox 1478 1604 1719 1658; x_wconf 82' lang='lat' dir='ltr'><strong>brachia</strong></span> <span class='ocrx_word' id='word_1_40' title='bbox 1756 1601 1960 1657; x_wconf 59' lang='lat' dir='ltr'><strong>(,‘liristi</strong></span> 
     </span>
    </p>
   </div>
   <div class='ocr_carea' id='block_1_10' title="bbox 427 1693 1747 1778">
    <p class='ocr_par' dir='ltr' id='par_1_10' title="bbox 427 1693 1747 1778">
     <span class='ocr_line' id='line_1_10' title="bbox 427 1693 1747 1778; baseline -0.014 -15"><span class='ocrx_word' id='word_1_41' title='bbox 427 1708 716 1778; x_wconf 76' lang='lat' dir='ltr'><strong>Amplexu</strong></span> <span class='ocrx_word' id='word_1_42' title='bbox 742 1719 991 1774; x_wconf 85' lang='lat' dir='ltr'><strong>rapuere</strong></span> <span class='ocrx_word' id='word_1_43' title='bbox 1023 1700 1120 1771; x_wconf 89' lang='lat' dir='ltr'><strong>pio</strong></span> <span class='ocrx_word' id='word_1_44' title='bbox 1150 1698 1222 1751; x_wconf 90' lang='lat' dir='ltr'><strong>de</strong></span> <span class='ocrx_word' id='word_1_45' title='bbox 1247 1696 1517 1751; x_wconf 85' lang='lat' dir='ltr'><strong>faucibus</strong></span> <span class='ocrx_word' id='word_1_46' title='bbox 1546 1693 1747 1747; x_wconf 81' lang='lat' dir='ltr'><strong>hostis.</strong></span> 
     </span>
    </p>
   </div>
   <div class='ocr_carea' id='block_1_11' title="bbox 432 1781 1838 1863">
    <p class='ocr_par' dir='ltr' id='par_1_11' title="bbox 432 1781 1838 1863">
     <span class='ocr_line' id='line_1_11' title="bbox 432 1781 1838 1863; baseline -0.014 -9"><span class='ocrx_word' id='word_1_47' title='bbox 432 1795 724 1853; x_wconf 86' lang='lat' dir='ltr'><strong>Lividulus</strong></span> <span class='ocrx_word' id='word_1_48' title='bbox 750 1807 991 1863; x_wconf 76' lang='lat' dir='ltr'><strong>serpens</strong></span> <span class='ocrx_word' id='word_1_49' title='bbox 1025 1788 1281 1860; x_wconf 89' lang='lat' dir='ltr'><strong>peritura</strong></span> <span class='ocrx_word' id='word_1_50' title='bbox 1308 1791 1361 1837; x_wconf 81' lang='lat' dir='ltr'><strong>et</strong></span> <span class='ocrx_word' id='word_1_51' title='bbox 1395 1789 1609 1837; x_wconf 81' lang='lat' dir='ltr'><strong>tartara</strong></span> <span class='ocrx_word' id='word_1_52' title='bbox 1636 1781 1838 1847; x_wconf 77' lang='lat' dir='ltr'><strong>cernit,</strong></span> 
     </span>
    </p>
   </div>
   <div class='ocr_carea' id='block_1_12' title="bbox 435 1868 1893 1955">
    <p class='ocr_par' dir='ltr' id='par_1_12' title="bbox 435 1868 1893 1955">
     <span class='ocr_line' id='line_1_12' title="bbox 435 1868 1893 1955; baseline -0.012 -17"><span class='ocrx_word' id='word_1_53' title='bbox 435 1889 498 1940; x_wconf 76' lang='lat' dir='ltr'><strong>Et</strong></span> <span class='ocrx_word' id='word_1_54' title='bbox 526 1887 701 1955; x_wconf 88' lang='lat' dir='ltr'><strong>caput</strong></span> <span class='ocrx_word' id='word_1_55' title='bbox 732 1882 1013 1947; x_wconf 84' lang='lat' dir='ltr'><strong>ignavum</strong></span> <span class='ocrx_word' id='word_1_56' title='bbox 1048 1875 1332 1929; x_wconf 87' lang='lat' dir='ltr'><strong>lutulenta</strong></span> <span class='ocrx_word' id='word_1_57' title='bbox 1372 1878 1423 1926; x_wconf 78' lang='lat' dir='ltr'><strong>et</strong></span> <span class='ocrx_word' id='word_1_58' title='bbox 1453 1878 1637 1925; x_wconf 77' lang='lat' dir='ltr'><strong>terrea</strong></span> <span class='ocrx_word' id='word_1_59' title='bbox 1669 1868 1893 1922; x_wconf 90' lang='lat' dir='ltr'><strong>lambit.</strong></span> 
     </span>
    </p>
   </div>
   <div class='ocr_carea' id='block_1_13' title="bbox 438 2046 2071 2128">
    <p class='ocr_par' dir='ltr' id='par_1_13' title="bbox 438 2046 2071 2128">
     <span class='ocr_line' id='line_1_13' title="bbox 438 2046 2071 2128; baseline -0.013 -9"><span class='ocrx_word' id='word_1_60' title='bbox 438 2068 555 2120; x_wconf 75' lang='lat' dir='ltr'><strong>Lux</strong></span> <span class='ocrx_word' id='word_1_61' title='bbox 586 2061 974 2128; x_wconf 81' lang='lat' dir='ltr'><strong>miliisemper</strong></span> <span class='ocrx_word' id='word_1_62' title='bbox 1001 2054 1186 2116; x_wconf 88' lang='lat' dir='ltr'><strong>adest,</strong></span> <span class='ocrx_word' id='word_1_63' title='bbox 1205 2067 1311 2105; x_wconf 84' lang='lat' dir='ltr'><strong>nec.</strong></span> <span class='ocrx_word' id='word_1_64' title='bbox 1338 2066 1582 2119; x_wconf 85' lang='lat' dir='ltr'><strong>possum</strong></span> <span class='ocrx_word' id='word_1_65' title='bbox 1606 2063 1843 2101; x_wconf 86' lang='lat' dir='ltr'><strong>cernere</strong></span> <span class='ocrx_word' id='word_1_66' title='bbox 1872 2046 2071 2099; x_wconf 82' lang='lat' dir='ltr'>lumen</span> 
     </span>
    </p>
   </div>
   <div class='ocr_carea' id='block_1_14' title="bbox 440 2138 1693 2215">
    <p class='ocr_par' dir='ltr' id='par_1_14' title="bbox 440 2138 1693 2215">
     <span class='ocr_line' id='line_1_14' title="bbox 440 2138 1693 2215; baseline -0.015 -7"><span class='ocrx_word' id='word_1_67' title='bbox 440 2152 609 2215; x_wconf 84' lang='lat' dir='ltr'><strong>Libri,</strong></span> <span class='ocrx_word' id='word_1_68' title='bbox 640 2148 867 2203; x_wconf 74' lang='lat' dir='ltr'><strong>lectoris</strong></span> <span class='ocrx_word' id='word_1_69' title='bbox 899 2162 1003 2201; x_wconf 86' lang='lat' dir='ltr'><strong>nec</strong></span> <span class='ocrx_word' id='word_1_70' title='bbox 1029 2158 1244 2197; x_wconf 82' lang='lat' dir='ltr'><strong>sensus</strong></span> <span class='ocrx_word' id='word_1_71' title='bbox 1276 2139 1489 2193; x_wconf 80' lang='lat' dir='ltr'><strong>sufﬁcit</strong></span> <span class='ocrx_word' id='word_1_72' title='bbox 1524 2138 1693 2191; x_wconf 88' lang='lat' dir='ltr'><strong>ullus.</strong></span> 
     </span>
    </p>
   </div>
   <div class='ocr_carea' id='block_1_15' title="bbox 1220 2229 1284 2281">
    <p class='ocr_par' dir='ltr' id='par_1_15' title="bbox 1220 2229 1284 2281">
     <span class='ocr_line' id='line_1_15' title="bbox 1220 2229 1284 2281; baseline 0.016 -1"><span class='ocrx_word' id='word_1_73' title='bbox 1220 2229 1284 2281; x_wconf 94' lang='lat' dir='ltr'><strong>ll.</strong></span> 
     </span>
    </p>
   </div>
   <div class='ocr_carea' id='block_1_16' title="bbox 1032 2319 1482 2373">
    <p class='ocr_par' dir='ltr' id='par_1_16' title="bbox 1032 2319 1482 2373">
     <span class='ocr_line' id='line_1_16' title="bbox 1032 2319 1482 2373; baseline -0.013 0"><span class='ocrx_word' id='word_1_74' title='bbox 1032 2321 1126 2373; x_wconf 78' lang='grc' dir='ltr'><strong>Αιί</strong></span> <span class='ocrx_word' id='word_1_75' title='bbox 1166 2319 1482 2372; x_wconf 76' lang='lat' dir='ltr'><strong>l‘abonem.</strong></span> 
     </span>
    </p>
   </div>
   <div class='ocr_carea' id='block_1_17' title="bbox 445 2423 1896 2499">
    <p class='ocr_par' dir='ltr' id='par_1_17' title="bbox 445 2423 1896 2499">
     <span class='ocr_line' id='line_1_17' title="bbox 445 2423 1896 2499; baseline -0.014 -9"><span class='ocrx_word' id='word_1_76' title='bbox 445 2434 630 2499; x_wconf 73' lang='lat' dir='ltr'><strong>Salve,</strong></span> <span class='ocrx_word' id='word_1_77' title='bbox 660 2430 968 2489; x_wconf 78' lang='lat' dir='ltr'><strong>confrater,</strong></span> <span class='ocrx_word' id='word_1_78' title='bbox 1004 2425 1143 2479; x_wconf 84' lang='lat' dir='ltr'><strong>Illllll</strong></span> <span class='ocrx_word' id='word_1_79' title='bbox 1176 2423 1366 2476; x_wconf 86' lang='lat' dir='ltr'><strong>dulcis</strong></span> <span class='ocrx_word' id='word_1_80' title='bbox 1395 2436 1628 2489; x_wconf 60' lang='lat' dir='ltr'><strong>semper</strong></span> <span class='ocrx_word' id='word_1_81' title='bbox 1674 2434 1896 2472; x_wconf 87' lang='lat' dir='ltr'><strong>amore.</strong></span> 
     </span>
    </p>
   </div>
   <div class='ocr_carea' id='block_1_18' title="bbox 440 2506 1935 2582">
    <p class='ocr_par' dir='ltr' id='par_1_18' title="bbox 440 2506 1935 2582">
     <span class='ocr_line' id='line_1_18' title="bbox 440 2506 1935 2582; baseline -0.014 -6"><span class='ocrx_word' id='word_1_82' title='bbox 440 2520 674 2575; x_wconf 85' lang='lat' dir='ltr'><strong>Dulcior</strong></span> <span class='ocrx_word' id='word_1_83' title='bbox 700 2534 760 2571; x_wconf 88' lang='lat' dir='ltr'><strong>es</strong></span> <span class='ocrx_word' id='word_1_84' title='bbox 783 2515 923 2569; x_wconf 78' lang='lat' dir='ltr'><strong>milii</strong></span> <span class='ocrx_word' id='word_1_85' title='bbox 958 2520 1037 2577; x_wconf 91' lang='lat' dir='ltr'><strong>tu,</strong></span> <span class='ocrx_word' id='word_1_86' title='bbox 1064 2528 1250 2582; x_wconf 88' lang='lat' dir='ltr'><strong>quam</strong></span> <span class='ocrx_word' id='word_1_87' title='bbox 1278 2509 1466 2562; x_wconf 83' lang='lat' dir='ltr'>mellis</span> <span class='ocrx_word' id='word_1_88' title='bbox 1496 2511 1700 2569; x_wconf 71' lang='lat' dir='ltr'><strong>gnstus</strong></span> <span class='ocrx_word' id='word_1_89' title='bbox 1728 2506 1783 2559; x_wconf 90' lang='lat' dir='ltr'><strong>in</strong></span> <span class='ocrx_word' id='word_1_90' title='bbox 1816 2520 1935 2557; x_wconf 88' lang='lat' dir='ltr'><strong>ore.</strong></span> 
     </span>
    </p>
   </div>
   <div class='ocr_carea' id='block_1_19' title="bbox 443 2592 2074 2673">
    <p class='ocr_par' dir='ltr' id='par_1_19' title="bbox 443 2592 2074 2673">
     <span class='ocr_line' id='line_1_19' title="bbox 443 2592 2074 2673; baseline -0.013 -8"><span class='ocrx_word' id='word_1_91' title='bbox 443 2610 629 2666; x_wconf 71' lang='lat' dir='ltr'><strong>Nescit</strong></span> <span class='ocrx_word' id='word_1_92' title='bbox 656 2621 857 2661; x_wconf 88' lang='lat' dir='ltr'><strong>amare</strong></span> <span class='ocrx_word' id='word_1_93' title='bbox 888 2604 1100 2673; x_wconf 90' lang='lat' dir='ltr'><strong>liquor,</strong></span> <span class='ocrx_word' id='word_1_94' title='bbox 1132 2600 1235 2653; x_wconf 85' lang='lat' dir='ltr'><strong>sed</strong></span> <span class='ocrx_word' id='word_1_95' title='bbox 1263 2614 1432 2653; x_wconf 89' lang='lat' dir='ltr'><strong>amor</strong></span> <span class='ocrx_word' id='word_1_96' title='bbox 1463 2596 1766 2655; x_wconf 83' lang='lat' dir='ltr'><strong>dulcescit,</strong></span> <span class='ocrx_word' id='word_1_97' title='bbox 1791 2600 1846 2648; x_wconf 90' lang='lat' dir='ltr'><strong>et</strong></span> <span class='ocrx_word' id='word_1_98' title='bbox 1876 2592 1949 2646; x_wconf 89' lang='lat' dir='ltr'><strong>ad</strong></span> <span class='ocrx_word' id='word_1_99' title='bbox 1983 2608 2074 2646; x_wconf 73' lang='lat' dir='ltr'><strong>cor</strong></span> 
     </span>
    </p>
   </div>
   <div class='ocr_carea' id='block_1_20' title="bbox 446 2686 1881 2765">
    <p class='ocr_par' dir='ltr' id='par_1_20' title="bbox 446 2686 1881 2765">
     <span class='ocr_line' id='line_1_20' title="bbox 446 2686 1881 2765; baseline -0.013 -12"><span class='ocrx_word' id='word_1_100' title='bbox 446 2702 641 2765; x_wconf 90' lang='lat' dir='ltr'><strong>Intrat,</strong></span> <span class='ocrx_word' id='word_1_101' title='bbox 670 2701 724 2749; x_wconf 89' lang='lat' dir='ltr'><strong>et</strong></span> <span class='ocrx_word' id='word_1_102' title='bbox 770 2692 1009 2747; x_wconf 79' lang='lat' dir='ltr'><strong>alterius</strong></span> <span class='ocrx_word' id='word_1_103' title='bbox 1055 2686 1362 2755; x_wconf 74' lang='lat' dir='ltr'><strong>oonjungit</strong></span> <span class='ocrx_word' id='word_1_104' title='bbox 1394 2686 1611 2737; x_wconf 66' lang='lat' dir='ltr'><strong>flPtlcl‘e</strong></span> <span class='ocrx_word' id='word_1_105' title='bbox 1660 2688 1881 2753; x_wconf 85' lang='lat' dir='ltr'><strong>pectus.</strong></span> 
     </span>
    </p>
   </div>
   <div class='ocr_carea' id='block_1_21' title="bbox 445 2771 1835 2849">
    <p class='ocr_par' dir='ltr' id='par_1_21' title="bbox 445 2771 1835 2849">
     <span class='ocr_line' id='line_1_21' title="bbox 445 2771 1835 2849; baseline -0.014 -8"><span class='ocrx_word' id='word_1_106' title='bbox 445 2785 733 2841; x_wconf 88' lang='lat' dir='ltr'><strong>Omnibus</strong></span> <span class='ocrx_word' id='word_1_107' title='bbox 761 2779 1019 2849; x_wconf 81' lang='lat' dir='ltr'><strong>exceptis</strong></span> <span class='ocrx_word' id='word_1_108' title='bbox 1050 2775 1192 2829; x_wconf 84' lang='lat' dir='ltr'><strong>mihi</strong></span> <span class='ocrx_word' id='word_1_109' title='bbox 1226 2779 1285 2827; x_wconf 89' lang='lat' dir='ltr'><strong>tu</strong></span> <span class='ocrx_word' id='word_1_110' title='bbox 1317 2773 1393 2825; x_wconf 86' lang='lat' dir='ltr'><strong>sis</strong></span> <span class='ocrx_word' id='word_1_111' title='bbox 1426 2772 1656 2824; x_wconf 72' lang='lat' dir='ltr'><strong>(-liarior</strong></span> <span class='ocrx_word' id='word_1_112' title='bbox 1696 2771 1835 2824; x_wconf 89' lang='lat' dir='ltr'><strong>istis.</strong></span> 
     </span>
    </p>
   </div>
   <div class='ocr_carea' id='block_1_22' title="bbox 448 2859 1799 2937">
    <p class='ocr_par' dir='ltr' id='par_1_22' title="bbox 448 2859 1799 2937">
     <span class='ocr_line' id='line_1_22' title="bbox 448 2859 1799 2937; baseline -0.014 -7"><span class='ocrx_word' id='word_1_113' title='bbox 448 2879 695 2930; x_wconf 83' lang='lat' dir='ltr'><strong>Eeontra</strong></span> <span class='ocrx_word' id='word_1_114' title='bbox 725 2868 969 2937; x_wconf 67' lang='lat' dir='ltr'><strong>abjectis</strong></span> <span class='ocrx_word' id='word_1_115' title='bbox 999 2866 1079 2917; x_wconf 87' lang='lat' dir='ltr'><strong>sic</strong></span> <span class='ocrx_word' id='word_1_116' title='bbox 1116 2869 1177 2917; x_wconf 89' lang='lat' dir='ltr'><strong>tu</strong></span> <span class='ocrx_word' id='word_1_117' title='bbox 1208 2863 1284 2915; x_wconf 85' lang='lat' dir='ltr'><strong>sis</strong></span> <span class='ocrx_word' id='word_1_118' title='bbox 1317 2861 1645 2932; x_wconf 75' lang='lat' dir='ltr'><strong>promptior</strong></span> <span class='ocrx_word' id='word_1_119' title='bbox 1673 2859 1799 2912; x_wconf 84' lang='lat' dir='ltr'><strong>illis.</strong></span> 
     </span>
    </p>
   </div>
   <div class='ocr_carea' id='block_1_23' title="bbox 446 2948 2085 3031">
    <p class='ocr_par' dir='ltr' id='par_1_23' title="bbox 446 2948 2085 3031">
     <span class='ocr_line' id='line_1_23' title="bbox 446 2948 2085 3031; baseline -0.012 -14"><span class='ocrx_word' id='word_1_120' title='bbox 446 2964 527 3017; x_wconf 92' lang='lat' dir='ltr'><strong>Te</strong></span> <span class='ocrx_word' id='word_1_121' title='bbox 557 2975 793 3031; x_wconf 86' lang='lat' dir='ltr'><strong>sequor,</strong></span> <span class='ocrx_word' id='word_1_122' title='bbox 832 2961 891 3010; x_wconf 91' lang='lat' dir='ltr'><strong>ut</strong></span> <span class='ocrx_word' id='word_1_123' title='bbox 922 2952 1183 3009; x_wconf 88' lang='lat' dir='ltr'><strong>mundus</strong></span> <span class='ocrx_word' id='word_1_124' title='bbox 1210 2952 1540 3004; x_wconf 69' lang='lat' dir='ltr'><strong>circumfert</strong></span> <span class='ocrx_word' id='word_1_125' title='bbox 1561 2948 1823 3001; x_wconf 72' lang='lat' dir='ltr'><strong>carmine</strong></span> <span class='ocrx_word' id='word_1_126' title='bbox 1857 2962 2085 2999; x_wconf 75' lang='lat' dir='ltr'><strong>cursus.</strong></span> 
     </span>
    </p>
   </div>
   <div class='ocr_carea' id='block_1_24' title="bbox 450 3034 2084 3119">
    <p class='ocr_par' dir='ltr' id='par_1_24' title="bbox 450 3034 2084 3119">
     <span class='ocr_line' id='line_1_24' title="bbox 450 3034 2084 3119; baseline -0.011 -16"><span class='ocrx_word' id='word_1_127' title='bbox 450 3053 760 3119; x_wconf 76' lang='lat' dir='ltr'><strong>Nusquam</strong></span> <span class='ocrx_word' id='word_1_128' title='bbox 788 3043 1056 3104; x_wconf 86' lang='lat' dir='ltr'><strong>divellor,</strong></span> <span class='ocrx_word' id='word_1_129' title='bbox 1088 3056 1400 3110; x_wconf 80' lang='lat' dir='ltr'><strong>nunquam</strong></span> <span class='ocrx_word' id='word_1_130' title='bbox 1422 3056 1457 3091; x_wconf 90' lang='lat' dir='ltr'><strong>a</strong></span> <span class='ocrx_word' id='word_1_131' title='bbox 1490 3044 1538 3091; x_wconf 90' lang='lat' dir='ltr'><strong>te</strong></span> <span class='ocrx_word' id='word_1_132' title='bbox 1590 3042 1823 3106; x_wconf 86' lang='lat' dir='ltr'><strong>pectore</strong></span> <span class='ocrx_word' id='word_1_133' title='bbox 1880 3034 2084 3105; x_wconf 86' lang='lat' dir='ltr'><strong>pellor.</strong></span> 
     </span>
    </p>
   </div>
   <div class='ocr_carea' id='block_1_25' title="bbox 452 3122 1950 3202">
    <p class='ocr_par' dir='ltr' id='par_1_25' title="bbox 452 3122 1950 3202">
     <span class='ocr_line' id='line_1_25' title="bbox 452 3122 1950 3202; baseline -0.011 -14"><span class='ocrx_word' id='word_1_134' title='bbox 452 3135 585 3187; x_wconf 64' lang='lat' dir='ltr'><strong>Haec</strong></span> <span class='ocrx_word' id='word_1_135' title='bbox 612 3130 894 3202; x_wconf 70' lang='lat' dir='ltr'><strong>praeclara</strong></span> <span class='ocrx_word' id='word_1_136' title='bbox 925 3127 1050 3179; x_wconf 84' lang='lat' dir='ltr'><strong>dies</strong></span> <span class='ocrx_word' id='word_1_137' title='bbox 1080 3124 1286 3178; x_wconf 85' lang='lat' dir='ltr'><strong>merito</strong></span> <span class='ocrx_word' id='word_1_138' title='bbox 1312 3122 1615 3181; x_wconf 74' lang='lat' dir='ltr'><strong>vecitzitur,</strong></span> <span class='ocrx_word' id='word_1_139' title='bbox 1648 3125 1703 3173; x_wconf 89' lang='lat' dir='ltr'><strong>et</strong></span> <span class='ocrx_word' id='word_1_140' title='bbox 1742 3134 1950 3172; x_wconf 84' lang='lat' dir='ltr'><strong>omnes</strong></span> 
     </span>
    </p>
   </div>
   <div class='ocr_carea' id='block_1_26' title="bbox 454 3208 1805 3288">
    <p class='ocr_par' dir='ltr' id='par_1_26' title="bbox 454 3208 1805 3288">
     <span class='ocr_line' id='line_1_26' title="bbox 454 3208 1805 3288; baseline -0.012 -11"><span class='ocrx_word' id='word_1_141' title='bbox 454 3226 648 3277; x_wconf 78' lang='lat' dir='ltr'><strong>Festos</strong></span> <span class='ocrx_word' id='word_1_142' title='bbox 678 3216 972 3288; x_wconf 65' lang='lat' dir='ltr'><strong>praecellit,</strong></span> <span class='ocrx_word' id='word_1_143' title='bbox 1004 3230 1137 3283; x_wconf 62' lang='lat' dir='ltr'><strong>quae</strong></span> <span class='ocrx_word' id='word_1_144' title='bbox 1173 3217 1222 3265; x_wconf 90' lang='lat' dir='ltr'><strong>te</strong></span> <span class='ocrx_word' id='word_1_145' title='bbox 1257 3228 1347 3264; x_wconf 88' lang='lat' dir='ltr'><strong>me</strong></span> <span class='ocrx_word' id='word_1_146' title='bbox 1379 3228 1617 3263; x_wconf 73' lang='lat' dir='ltr'><strong>cernere</strong></span> <span class='ocrx_word' id='word_1_147' title='bbox 1655 3208 1805 3261; x_wconf 76' lang='lat' dir='ltr'><strong>fecit.</strong></span> 
     </span>
    </p>
   </div>
   <div class='ocr_carea' id='block_1_27' title="bbox 450 3295 1769 3366">
    <p class='ocr_par' dir='ltr' id='par_1_27' title="bbox 450 3295 1769 3366">
     <span class='ocr_line' id='line_1_27' title="bbox 450 3295 1769 3366; baseline -0.012 -4"><span class='ocrx_word' id='word_1_148' title='bbox 450 3308 605 3363; x_wconf 76' lang='lat' dir='ltr'><strong>Alter</strong></span> <span class='ocrx_word' id='word_1_149' title='bbox 628 3306 685 3358; x_wconf 91' lang='lat' dir='ltr'><strong>in</strong></span> <span class='ocrx_word' id='word_1_150' title='bbox 714 3305 991 3357; x_wconf 83' lang='lat' dir='ltr'><strong>alterutro</strong></span> <span class='ocrx_word' id='word_1_151' title='bbox 1025 3298 1346 3365; x_wconf 77' lang='lat' dir='ltr'><strong>gratuletur</strong></span> <span class='ocrx_word' id='word_1_152' title='bbox 1374 3297 1589 3366; x_wconf 74' lang='lat' dir='ltr'><strong>sospite</strong></span> <span class='ocrx_word' id='word_1_153' title='bbox 1622 3295 1769 3347; x_wconf 82' lang='lat' dir='ltr'><strong>viso.</strong></span> 
     </span>
    </p>
   </div>
   <div class='ocr_carea' id='block_1_28' title="bbox 451 3383 2086 3459">
    <p class='ocr_par' dir='ltr' id='par_1_28' title="bbox 451 3383 2086 3459">
     <span class='ocr_line' id='line_1_28' title="bbox 451 3383 2086 3459; baseline -0.01 -7"><span class='ocrx_word' id='word_1_154' title='bbox 451 3400 533 3452; x_wconf 80' lang='lat' dir='ltr'><strong>&#39;I‘u</strong></span> <span class='ocrx_word' id='word_1_155' title='bbox 564 3393 791 3459; x_wconf 89' lang='lat' dir='ltr'><strong>metior,</strong></span> <span class='ocrx_word' id='word_1_156' title='bbox 825 3404 1111 3459; x_wconf 79' lang='lat' dir='ltr'><strong>generose</strong></span> <span class='ocrx_word' id='word_1_157' title='bbox 1142 3404 1307 3458; x_wconf 89' lang='lat' dir='ltr'><strong>puer,</strong></span> <span class='ocrx_word' id='word_1_158' title='bbox 1335 3385 1475 3455; x_wconf 85' lang='lat' dir='ltr'><strong>quia</strong></span> <span class='ocrx_word' id='word_1_159' title='bbox 1509 3384 1798 3449; x_wconf 69' lang='lat' dir='ltr'><strong>sanguine</strong></span> <span class='ocrx_word' id='word_1_160' title='bbox 1860 3383 2047 3451; x_wconf 81' lang='lat' dir='ltr'><strong>major</strong></span> <span class='ocrx_word' id='word_1_161' title='bbox 2076 3400 2086 3435; x_wconf 93' lang='lat'>:</span> 
     </span>
    </p>
   </div>
   <div class='ocr_carea' id='block_1_29' title="bbox 452 3472 2088 3555">
    <p class='ocr_par' dir='ltr' id='par_1_29' title="bbox 452 3472 2088 3555">
     <span class='ocr_line' id='line_1_29' title="bbox 452 3472 2088 3555; baseline -0.01 -15"><span class='ocrx_word' id='word_1_162' title='bbox 452 3486 822 3555; x_wconf 84' lang='lat' dir='ltr'><strong>Quapropter</strong></span> <span class='ocrx_word' id='word_1_163' title='bbox 839 3478 942 3534; x_wconf 89' lang='lat' dir='ltr'><strong>tibi</strong></span> <span class='ocrx_word' id='word_1_164' title='bbox 956 3493 1089 3532; x_wconf 88' lang='lat' dir='ltr'><strong>sum</strong></span> <span class='ocrx_word' id='word_1_165' title='bbox 1111 3491 1315 3529; x_wconf 86' lang='lat' dir='ltr'><strong>servus</strong></span> <span class='ocrx_word' id='word_1_166' title='bbox 1333 3490 1510 3544; x_wconf 81' lang='lat' dir='ltr'><strong>super</strong></span> <span class='ocrx_word' id='word_1_167' title='bbox 1530 3472 1732 3526; x_wconf 82' lang='lat' dir='ltr'><strong>omnia</strong></span> <span class='ocrx_word' id='word_1_168' title='bbox 1755 3478 2088 3543; x_wconf 78' lang='lat' dir='ltr'><strong>promptus.</strong></span> 
     </span>
    </p>
   </div>
   <div class='ocr_carea' id='block_1_30' title="bbox 1228 3581 1318 3633">
    <p class='ocr_par' dir='ltr' id='par_1_30' title="bbox 1228 3581 1318 3633">
     <span class='ocr_line' id='line_1_30' title="bbox 1228 3581 1318 3633; baseline 0.011 -1"><span class='ocrx_word' id='word_1_169' title='bbox 1228 3581 1318 3633; x_wconf 90' lang='lat' dir='ltr'>Ill.</span> 
     </span>
    </p>
   </div>
   <div class='ocr_carea' id='block_1_31' title="bbox 450 3684 2095 3763">
    <p class='ocr_par' dir='ltr' id='par_1_31' title="bbox 450 3684 2095 3763">
     <span class='ocr_line' id='line_1_31' title="bbox 450 3684 2095 3763; baseline -0.01 -11"><span class='ocrx_word' id='word_1_170' title='bbox 450 3699 570 3753; x_wconf 83' lang='lat' dir='ltr'><strong>Pro</strong></span> <span class='ocrx_word' id='word_1_171' title='bbox 626 3696 835 3763; x_wconf 78' lang='lat' dir='ltr'><strong>caligis</strong></span> <span class='ocrx_word' id='word_1_172' title='bbox 907 3686 1631 3763; x_wconf 51' lang='lat' dir='ltr'><strong>hirsutis,cumino/uris</strong></span> <span class='ocrx_word' id='word_1_173' title='bbox 1711 3685 1941 3748; x_wconf 62' lang='lat' dir='ltr'><strong>vilibus,</strong></span> <span class='ocrx_word' id='word_1_174' title='bbox 2016 3684 2095 3737; x_wconf 77' lang='lat' dir='ltr'><strong>ad</strong></span> 
     </span>
    </p>
   </div>
   <div class='ocr_carea' id='block_1_32' title="bbox 1130 3758 1417 3812">
    <p class='ocr_par' dir='ltr' id='par_1_32' title="bbox 1130 3758 1417 3812">
     <span class='ocr_line' id='line_1_32' title="bbox 1130 3758 1417 3812; baseline -0.01 0"><span class='ocrx_word' id='word_1_175' title='bbox 1130 3758 1417 3812; x_wconf 79' lang='lat' dir='ltr'><strong>abbatem.</strong></span> 
     </span>
    </p>
   </div>
   <div class='ocr_carea' id='block_1_33' title="bbox 454 3861 1985 3935">
    <p class='ocr_par' dir='ltr' id='par_1_33' title="bbox 454 3861 1985 3935">
     <span class='ocr_line' id='line_1_33' title="bbox 454 3861 1985 3935; baseline -0.01 -6"><span class='ocrx_word' id='word_1_176' title='bbox 454 3872 675 3929; x_wconf 79' lang='lat' dir='ltr'><strong>Excelsi</strong></span> <span class='ocrx_word' id='word_1_177' title='bbox 705 3873 939 3926; x_wconf 80' lang='lat' dir='ltr'><strong>montes</strong></span> <span class='ocrx_word' id='word_1_178' title='bbox 960 3868 1087 3935; x_wconf 90' lang='lat' dir='ltr'><strong>jam</strong></span> <span class='ocrx_word' id='word_1_179' title='bbox 1117 3863 1383 3918; x_wconf 89' lang='lat' dir='ltr'><strong>condunt</strong></span> <span class='ocrx_word' id='word_1_180' title='bbox 1413 3861 1695 3929; x_wconf 87' lang='lat' dir='ltr'><strong>ninguinc</strong></span> <span class='ocrx_word' id='word_1_181' title='bbox 1750 3866 1948 3915; x_wconf 86' lang='lat' dir='ltr'><strong>cautes</strong></span> <span class='ocrx_word' id='word_1_182' title='bbox 1974 3879 1985 3913; x_wconf 89' lang='lat'>:</span> 
     </span>
    </p>
   </div>
   <div class='ocr_carea' id='block_1_34' title="bbox 452 3950 1856 4030">
    <p class='ocr_par' dir='ltr' id='par_1_34' title="bbox 452 3950 1856 4030">
     <span class='ocr_line' id='line_1_34' title="bbox 452 3950 1856 4030; baseline -0.01 -13"><span class='ocrx_word' id='word_1_183' title='bbox 452 3960 715 4017; x_wconf 88' lang='lat' dir='ltr'><strong>Flamine</strong></span> <span class='ocrx_word' id='word_1_184' title='bbox 740 3956 1000 4030; x_wconf 84' lang='lat' dir='ltr'><strong>perduro</strong></span> <span class='ocrx_word' id='word_1_185' title='bbox 1034 3953 1261 4023; x_wconf 82' lang='lat' dir='ltr'><strong>spirant</strong></span> <span class='ocrx_word' id='word_1_186' title='bbox 1293 3955 1347 4005; x_wconf 86' lang='lat' dir='ltr'><strong>et</strong></span> <span class='ocrx_word' id='word_1_187' title='bbox 1375 3950 1593 4018; x_wconf 77' lang='lat' dir='ltr'><strong>frigora</strong></span> <span class='ocrx_word' id='word_1_188' title='bbox 1623 3966 1856 4021; x_wconf 89' lang='lat' dir='ltr'><strong>campo.</strong></span> 
     </span>
    </p>
   </div>
   <div class='ocr_carea' id='block_1_35' title="bbox 459 4038 2093 4117">
    <p class='ocr_par' dir='ltr' id='par_1_35' title="bbox 459 4038 2093 4117">
     <span class='ocr_line' id='line_1_35' title="bbox 459 4038 2093 4117; baseline -0.008 -14"><span class='ocrx_word' id='word_1_189' title='bbox 459 4046 725 4117; x_wconf 88' lang='lat' dir='ltr'><strong>Undique</strong></span> <span class='ocrx_word' id='word_1_190' title='bbox 756 4042 1096 4098; x_wconf 79' lang='lat' dir='ltr'><strong>disturbant</strong></span> <span class='ocrx_word' id='word_1_191' title='bbox 1124 4038 1413 4093; x_wconf 84' lang='lat' dir='ltr'><strong>famulum</strong></span> <span class='ocrx_word' id='word_1_192' title='bbox 1438 4054 1532 4091; x_wconf 93' lang='lat' dir='ltr'><strong>me</strong></span> <span class='ocrx_word' id='word_1_193' title='bbox 1556 4038 1786 4091; x_wconf 86' lang='lat' dir='ltr'><strong>turbine</strong></span> <span class='ocrx_word' id='word_1_194' title='bbox 1812 4041 2093 4091; x_wconf 85' lang='lat' dir='ltr'><strong>vestrum.</strong></span> 
     </span>
    </p>
   </div>
   <div class='ocr_carea' id='block_1_36' title="bbox 458 4126 1813 4197">
    <p class='ocr_par' dir='ltr' id='par_1_36' title="bbox 458 4126 1813 4197">
     <span class='ocr_line' id='line_1_36' title="bbox 458 4126 1813 4197; baseline -0.009 -7"><span class='ocrx_word' id='word_1_195' title='bbox 458 4134 698 4191; x_wconf 84' lang='lat' dir='ltr'><strong>Pelliciis</strong></span> <span class='ocrx_word' id='word_1_196' title='bbox 726 4132 829 4187; x_wconf 90' lang='lat' dir='ltr'><strong>sed</strong></span> <span class='ocrx_word' id='word_1_197' title='bbox 860 4136 917 4185; x_wconf 91' lang='lat' dir='ltr'><strong>et</strong></span> <span class='ocrx_word' id='word_1_198' title='bbox 945 4131 1217 4183; x_wconf 90' lang='lat' dir='ltr'><strong>incursus</strong></span> <span class='ocrx_word' id='word_1_199' title='bbox 1258 4126 1567 4197; x_wconf 86' lang='lat' dir='ltr'><strong>depellitur</strong></span> <span class='ocrx_word' id='word_1_200' title='bbox 1596 4126 1813 4180; x_wconf 91' lang='lat' dir='ltr'><strong>omnis.</strong></span> 
     </span>
    </p>
   </div>
   <div class='ocr_carea' id='block_1_37' title="bbox 458 4213 1921 4291">
    <p class='ocr_par' dir='ltr' id='par_1_37' title="bbox 458 4213 1921 4291">
     <span class='ocr_line' id='line_1_37' title="bbox 458 4213 1921 4291; baseline -0.008 -12"><span class='ocrx_word' id='word_1_201' title='bbox 458 4228 619 4279; x_wconf 88' lang='lat' dir='ltr'><strong>Parte</strong></span> <span class='ocrx_word' id='word_1_202' title='bbox 645 4228 827 4291; x_wconf 87' lang='lat' dir='ltr'><strong>tcgor,</strong></span> <span class='ocrx_word' id='word_1_203' title='bbox 861 4219 935 4273; x_wconf 91' lang='lat' dir='ltr'><strong>de</strong></span> <span class='ocrx_word' id='word_1_204' title='bbox 966 4221 1130 4289; x_wconf 91' lang='lat' dir='ltr'><strong>parte</strong></span> <span class='ocrx_word' id='word_1_205' title='bbox 1158 4216 1272 4270; x_wconf 91' lang='lat' dir='ltr'><strong>alia</strong></span> <span class='ocrx_word' id='word_1_206' title='bbox 1304 4231 1395 4269; x_wconf 90' lang='lat' dir='ltr'><strong>me</strong></span> <span class='ocrx_word' id='word_1_207' title='bbox 1429 4214 1685 4269; x_wconf 76' lang='lat' dir='ltr'><strong>concutit</strong></span> <span class='ocrx_word' id='word_1_208' title='bbox 1734 4213 1921 4282; x_wconf 88' lang='lat' dir='ltr'><strong>algor,</strong></span> 
     </span>
    </p>
   </div>
   <div class='ocr_carea' id='block_1_38' title="bbox 459 4304 1831 4382">
    <p class='ocr_par' dir='ltr' id='par_1_38' title="bbox 459 4304 1831 4382">
     <span class='ocr_line' id='line_1_38' title="bbox 459 4304 1831 4382; baseline -0.01 -13"><span class='ocrx_word' id='word_1_209' title='bbox 459 4311 703 4370; x_wconf 80' lang='lat' dir='ltr'><strong>Maxime</strong></span> <span class='ocrx_word' id='word_1_210' title='bbox 728 4325 834 4382; x_wconf 89' lang='lat' dir='ltr'><strong>per</strong></span> <span class='ocrx_word' id='word_1_211' title='bbox 864 4324 1033 4362; x_wconf 89' lang='lat' dir='ltr'><strong>suras</strong></span> <span class='ocrx_word' id='word_1_212' title='bbox 1062 4305 1369 4375; x_wconf 87' lang='lat' dir='ltr'><strong>inserpunt</strong></span> <span class='ocrx_word' id='word_1_213' title='bbox 1399 4304 1619 4371; x_wconf 77' lang='lat' dir='ltr'><strong>frigora</strong></span> <span class='ocrx_word' id='word_1_214' title='bbox 1650 4318 1831 4356; x_wconf 86' lang='lat' dir='ltr'><strong>venas</strong></span> 
     </span>
    </p>
   </div>
   <div class='ocr_carea' id='block_1_39' title="bbox 459 4391 2025 4464">
    <p class='ocr_par' dir='ltr' id='par_1_39' title="bbox 459 4391 2025 4464">
     <span class='ocr_line' id='line_1_39' title="bbox 459 4391 2025 4464; baseline -0.009 -6"><span class='ocrx_word' id='word_1_215' title='bbox 459 4399 740 4459; x_wconf 76' lang='lat' dir='ltr'><strong>Cruscula</strong></span> <span class='ocrx_word' id='word_1_216' title='bbox 769 4398 1176 4464; x_wconf 81' lang='lat' dir='ltr'><strong>concrescunt,</strong></span> <span class='ocrx_word' id='word_1_217' title='bbox 1206 4393 1482 4464; x_wconf 86' lang='lat' dir='ltr'><strong>lapidosa</strong></span> <span class='ocrx_word' id='word_1_218' title='bbox 1504 4396 1567 4447; x_wconf 87' lang='lat' dir='ltr'><strong>ut</strong></span> <span class='ocrx_word' id='word_1_219' title='bbox 1591 4391 1752 4445; x_wconf 87' lang='lat' dir='ltr'><strong>stiria</strong></span> <span class='ocrx_word' id='word_1_220' title='bbox 1791 4391 2025 4446; x_wconf 81' lang='lat' dir='ltr'><strong>durant.</strong></span> 
     </span>
    </p>
   </div>
   <div class='ocr_carea' id='block_1_40' title="bbox 458 4480 2101 4563">
    <p class='ocr_par' dir='ltr' id='par_1_40' title="bbox 458 4480 2101 4563">
     <span class='ocr_line' id='line_1_40' title="bbox 458 4480 2101 4563; baseline -0.009 -16"><span class='ocrx_word' id='word_1_221' title='bbox 458 4493 575 4547; x_wconf 84' lang='lat' dir='ltr'><strong>Hoc</strong></span> <span class='ocrx_word' id='word_1_222' title='bbox 602 4487 817 4563; x_wconf 90' lang='lat' dir='ltr'><strong>poteris</strong></span> <span class='ocrx_word' id='word_1_223' title='bbox 843 4485 1078 4551; x_wconf 87' lang='lat' dir='ltr'><strong>sarcire,</strong></span> <span class='ocrx_word' id='word_1_224' title='bbox 1106 4483 1295 4538; x_wconf 87' lang='lat' dir='ltr'><strong>Pater.</strong></span> <span class='ocrx_word' id='word_1_225' title='bbox 1325 4481 1497 4547; x_wconf 87' lang='lat' dir='ltr'><strong>Quod</strong></span> <span class='ocrx_word' id='word_1_226' title='bbox 1551 4480 1597 4536; x_wconf 90' lang='lat' dir='ltr'><strong>si</strong></span> <span class='ocrx_word' id='word_1_227' title='bbox 1643 4480 1879 4552; x_wconf 88' lang='lat' dir='ltr'><strong>hispida</strong></span> <span class='ocrx_word' id='word_1_228' title='bbox 1936 4480 2101 4551; x_wconf 85' lang='lat' dir='ltr'><strong>pellis</strong></span> 
     </span>
    </p>
   </div>
   <div class='ocr_carea' id='block_1_41' title="bbox 459 4570 2098 4640">
    <p class='ocr_par' dir='ltr' id='par_1_41' title="bbox 459 4570 2098 4640">
     <span class='ocr_line' id='line_1_41' title="bbox 459 4570 2098 4640; baseline -0.008 -4"><span class='ocrx_word' id='word_1_229' title='bbox 459 4579 738 4637; x_wconf 82' lang='lat' dir='ltr'><strong>Redditur</strong></span> <span class='ocrx_word' id='word_1_230' title='bbox 766 4581 866 4632; x_wconf 89' lang='lat' dir='ltr'><strong>aut</strong></span> <span class='ocrx_word' id='word_1_231' title='bbox 897 4574 1179 4640; x_wconf 88' lang='lat' dir='ltr'><strong>vetulum,</strong></span> <span class='ocrx_word' id='word_1_232' title='bbox 1209 4572 1438 4627; x_wconf 88' lang='lat' dir='ltr'><strong>noviter</strong></span> <span class='ocrx_word' id='word_1_233' title='bbox 1468 4571 1560 4627; x_wconf 83' lang='lat' dir='ltr'><strong>vel</strong></span> <span class='ocrx_word' id='word_1_234' title='bbox 1606 4570 1772 4626; x_wconf 87' lang='lat' dir='ltr'><strong>sutile</strong></span> <span class='ocrx_word' id='word_1_235' title='bbox 1833 4574 2051 4625; x_wconf 90' lang='lat' dir='ltr'><strong>tectum</strong></span> <span class='ocrx_word' id='word_1_236' title='bbox 2087 4588 2098 4636; x_wconf 91' lang='lat'><strong>;</strong></span> 
     </span>
    </p>
   </div>
   <div class='ocr_carea' id='block_1_42' title="bbox 460 4658 2100 4738">
    <p class='ocr_par' dir='ltr' id='par_1_42' title="bbox 460 4658 2100 4738">
     <span class='ocr_line' id='line_1_42' title="bbox 460 4658 2100 4738; baseline -0.007 -15"><span class='ocrx_word' id='word_1_237' title='bbox 460 4664 761 4738; x_wconf 84' lang='lat' dir='ltr'><strong>Quidquid</strong></span> <span class='ocrx_word' id='word_1_238' title='bbox 785 4664 845 4719; x_wconf 88' lang='lat' dir='ltr'><strong>id</strong></span> <span class='ocrx_word' id='word_1_239' title='bbox 868 4668 957 4719; x_wconf 90' lang='lat' dir='ltr'><strong>est</strong></span> <span class='ocrx_word' id='word_1_240' title='bbox 992 4660 1159 4733; x_wconf 89' lang='lat' dir='ltr'><strong>quod</strong></span> <span class='ocrx_word' id='word_1_241' title='bbox 1203 4659 1455 4729; x_wconf 83' lang='lat' dir='ltr'><strong>largiris,</strong></span> <span class='ocrx_word' id='word_1_242' title='bbox 1508 4658 1838 4715; x_wconf 80' lang='lat' dir='ltr'><strong>venerabile</strong></span> <span class='ocrx_word' id='word_1_243' title='bbox 1873 4658 2100 4714; x_wconf 88' lang='lat' dir='ltr'><strong>donum</strong></span> 
     </span>
    </p>
   </div>
   <div class='ocr_carea' id='block_1_43' title="bbox 1904 4748 2027 4815">
    <p class='ocr_par' dir='ltr' id='par_1_43' title="bbox 1904 4748 2027 4815">
     <span class='ocr_line' id='line_1_43' title="bbox 1904 4748 2027 4815; baseline 0.008 -15"><span class='ocrx_word' id='word_1_244' title='bbox 1904 4748 2027 4815; x_wconf 56' lang='lat' dir='ltr'><strong>&#39;Lesl.</strong></span> 
     </span>
    </p>
   </div>
   <div class='ocr_carea' id='block_1_44' title="bbox 1236 4838 1320 4891">
    <p class='ocr_par' dir='ltr' id='par_1_44' title="bbox 1236 4838 1320 4891">
     <span class='ocr_line' id='line_1_44' title="bbox 1236 4838 1320 4891; baseline 0.024 -2"><span class='ocrx_word' id='word_1_245' title='bbox 1236 4838 1320 4891; x_wconf 89' lang='lat' dir='ltr'><strong>IV.</strong></span> 
     </span>
    </p>
   </div>
   <div class='ocr_carea' id='block_1_45' title="bbox 915 4925 1640 4992">
    <p class='ocr_par' dir='ltr' id='par_1_45' title="bbox 915 4925 1640 4992">
     <span class='ocr_line' id='line_1_45' title="bbox 915 4925 1640 4992; baseline -0.007 -10"><span class='ocrx_word' id='word_1_246' title='bbox 915 4928 1037 4982; x_wconf 85' lang='lat' dir='ltr'><strong>Pro</strong></span> <span class='ocrx_word' id='word_1_247' title='bbox 1066 4928 1093 4980; x_wconf 88' lang='lat'><em>1</em></span> <span class='ocrx_word' id='word_1_248' title='bbox 1100 4926 1347 4981; x_wconf 80' lang='lat' dir='ltr'><strong>’achone</strong></span> <span class='ocrx_word' id='word_1_249' title='bbox 1382 4925 1640 4992; x_wconf 76' lang='lat' dir='ltr'><strong>infirmo.</strong></span> 
     </span>
    </p>
   </div>
   <div class='ocr_carea' id='block_1_46' title="bbox 461 5029 2029 5102">
    <p class='ocr_par' dir='ltr' id='par_1_46' title="bbox 461 5029 2029 5102">
     <span class='ocr_line' id='line_1_46' title="bbox 461 5029 2029 5102; baseline -0.006 -9"><span class='ocrx_word' id='word_1_250' title='bbox 461 5038 735 5093; x_wconf 84' lang='lat' dir='ltr'><strong>Versibus</strong></span> <span class='ocrx_word' id='word_1_251' title='bbox 760 5051 835 5091; x_wconf 89' lang='lat' dir='ltr'><strong>an</strong></span> <span class='ocrx_word' id='word_1_252' title='bbox 858 5034 1052 5091; x_wconf 87' lang='lat' dir='ltr'><strong>verbis</strong></span> <span class='ocrx_word' id='word_1_253' title='bbox 1079 5048 1358 5088; x_wconf 88' lang='lat' dir='ltr'><strong>moneam</strong></span> <span class='ocrx_word' id='word_1_254' title='bbox 1384 5046 1492 5102; x_wconf 89' lang='lat' dir='ltr'><strong>pro</strong></span> <span class='ocrx_word' id='word_1_255' title='bbox 1528 5034 1696 5101; x_wconf 89' lang='lat' dir='ltr'><strong>parte</strong></span> <span class='ocrx_word' id='word_1_256' title='bbox 1724 5029 2029 5097; x_wconf 72' lang='lat' dir='ltr'><strong>I’achonis,</strong></span> 
     </span>
    </p>
   </div>
   <div class='ocr_carea' id='block_1_47' title="bbox 460 5118 2034 5193">
    <p class='ocr_par' dir='ltr' id='par_1_47' title="bbox 460 5118 2034 5193">
     <span class='ocr_line' id='line_1_47' title="bbox 460 5118 2034 5193; baseline -0.006 -10"><span class='ocrx_word' id='word_1_257' title='bbox 460 5125 760 5185; x_wconf 79' lang='lat' dir='ltr'><strong>Fratribus</strong></span> <span class='ocrx_word' id='word_1_258' title='bbox 786 5122 1035 5180; x_wconf 80' lang='lat' dir='ltr'><strong>inﬁrmis</strong></span> <span class='ocrx_word' id='word_1_259' title='bbox 1057 5137 1243 5193; x_wconf 89' lang='lat' dir='ltr'><strong>quam</strong></span> <span class='ocrx_word' id='word_1_260' title='bbox 1270 5119 1444 5175; x_wconf 82' lang='lat' dir='ltr'><strong>vultis</strong></span> <span class='ocrx_word' id='word_1_261' title='bbox 1478 5118 1722 5173; x_wconf 79' lang='lat' dir='ltr'><strong>reddere</strong></span> <span class='ocrx_word' id='word_1_262' title='bbox 1765 5118 1980 5171; x_wconf 86' lang='lat' dir='ltr'><strong>nostris</strong></span> <span class='ocrx_word' id='word_1_263' title='bbox 2009 5122 2034 5173; x_wconf 70' lang='grc' dir='ltr'><strong>ι)</strong></span> 
     </span>
    </p>
   </div>
   <div class='ocr_carea' id='block_1_48' title="bbox 2180 1242 3776 1329">
    <p class='ocr_par' dir='ltr' id='par_1_48' title="bbox 2180 1242 3776 1329">
     <span class='ocr_line' id='line_1_48' title="bbox 2180 1242 3776 1329; baseline -0.014 -13"><span class='ocrx_word' id='word_1_264' title='bbox 2180 1265 2338 1316; x_wconf 80' lang='lat' dir='ltr'><strong>L&#39;nus</strong></span> <span class='ocrx_word' id='word_1_265' title='bbox 2370 1258 2531 1329; x_wconf 83' lang='lat' dir='ltr'><strong>quod</strong></span> <span class='ocrx_word' id='word_1_266' title='bbox 2566 1257 2803 1327; x_wconf 86' lang='lat' dir='ltr'><strong>patitur,</strong></span> <span class='ocrx_word' id='word_1_267' title='bbox 2833 1254 2933 1307; x_wconf 87' lang='lat' dir='ltr'><strong>tiat</strong></span> <span class='ocrx_word' id='word_1_268' title='bbox 2969 1253 3045 1305; x_wconf 92' lang='lat' dir='ltr'><strong>de</strong></span> <span class='ocrx_word' id='word_1_269' title='bbox 3077 1248 3405 1305; x_wconf 85' lang='lat' dir='ltr'><strong>ambobus</strong></span> <span class='ocrx_word' id='word_1_270' title='bbox 3472 1242 3776 1312; x_wconf 81' lang='lat' dir='ltr'><strong>idipsum.</strong></span> 
     </span>
    </p>
   </div>
   <div class='ocr_carea' id='block_1_49' title="bbox 2174 1339 3535 1417">
    <p class='ocr_par' dir='ltr' id='par_1_49' title="bbox 2174 1339 3535 1417">
     <span class='ocr_line' id='line_1_49' title="bbox 2174 1339 3535 1417; baseline -0.014 -13"><span class='ocrx_word' id='word_1_271' title='bbox 2174 1350 2365 1404; x_wconf 70' lang='lat' dir='ltr'><strong>Altera</strong></span> <span class='ocrx_word' id='word_1_272' title='bbox 2394 1363 2529 1417; x_wconf 85' lang='lat' dir='ltr'><strong>pars</strong></span> <span class='ocrx_word' id='word_1_273' title='bbox 2562 1346 2677 1398; x_wconf 86' lang='lat' dir='ltr'><strong>alio</strong></span> <span class='ocrx_word' id='word_1_274' title='bbox 2700 1343 2983 1397; x_wconf 80' lang='lat' dir='ltr'><strong>reddatur</strong></span> <span class='ocrx_word' id='word_1_275' title='bbox 3008 1354 3199 1412; x_wconf 85' lang='lat' dir='ltr'><strong>perna</strong></span> <span class='ocrx_word' id='word_1_276' title='bbox 3232 1339 3535 1409; x_wconf 78' lang='lat' dir='ltr'><strong>peracta.</strong></span> 
     </span>
    </p>
   </div>
   <div class='ocr_carea' id='block_1_50' title="bbox 2177 1419 3798 1500">
    <p class='ocr_par' dir='ltr' id='par_1_50' title="bbox 2177 1419 3798 1500">
     <span class='ocr_line' id='line_1_50' title="bbox 2177 1419 3798 1500; baseline -0.013 -8"><span class='ocrx_word' id='word_1_277' title='bbox 2177 1441 2333 1492; x_wconf 74' lang='lat' dir='ltr'><strong>L&#39;nus</strong></span> <span class='ocrx_word' id='word_1_278' title='bbox 2363 1436 2509 1489; x_wconf 89' lang='lat' dir='ltr'><strong>dum</strong></span> <span class='ocrx_word' id='word_1_279' title='bbox 2540 1432 2777 1500; x_wconf 80' lang='lat' dir='ltr'><strong>gaudet,</strong></span> <span class='ocrx_word' id='word_1_280' title='bbox 2810 1435 3015 1484; x_wconf 83' lang='lat' dir='ltr'><strong>neuter</strong></span> <span class='ocrx_word' id='word_1_281' title='bbox 3042 1444 3151 1481; x_wconf 87' lang='lat' dir='ltr'><strong>nec</strong></span> <span class='ocrx_word' id='word_1_282' title='bbox 3182 1439 3535 1480; x_wconf 85' lang='lat' dir='ltr'><strong>murmura</strong></span> <span class='ocrx_word' id='word_1_283' title='bbox 3567 1419 3798 1475; x_wconf 82' lang='lat' dir='ltr'><strong>fundat.</strong></span> 
     </span>
    </p>
   </div>
   <div class='ocr_carea' id='block_1_51' title="bbox 2176 1514 3707 1597">
    <p class='ocr_par' dir='ltr' id='par_1_51' title="bbox 2176 1514 3707 1597">
     <span class='ocr_line' id='line_1_51' title="bbox 2176 1514 3707 1597; baseline -0.012 -17"><span class='ocrx_word' id='word_1_284' title='bbox 2176 1526 2287 1597; x_wconf 82' lang='lat' dir='ltr'><strong>Ipsi</strong></span> <span class='ocrx_word' id='word_1_285' title='bbox 2318 1538 2661 1595; x_wconf 82' lang='lat' dir='ltr'><strong>peccamus,</strong></span> <span class='ocrx_word' id='word_1_286' title='bbox 2695 1521 2741 1573; x_wconf 88' lang='lat' dir='ltr'><strong>si</strong></span> <span class='ocrx_word' id='word_1_287' title='bbox 2768 1534 2890 1572; x_wconf 90' lang='lat' dir='ltr'><strong>non</strong></span> <span class='ocrx_word' id='word_1_288' title='bbox 2921 1533 3131 1570; x_wconf 90' lang='lat' dir='ltr'><strong>sumus</strong></span> <span class='ocrx_word' id='word_1_289' title='bbox 3158 1514 3475 1568; x_wconf 81' lang='lat' dir='ltr'><strong>omnibus</strong></span> <span class='ocrx_word' id='word_1_290' title='bbox 3510 1525 3707 1564; x_wconf 89' lang='lat' dir='ltr'><strong>unus.</strong></span> 
     </span>
    </p>
   </div>
   <div class='ocr_carea' id='block_1_52' title="bbox 2178 1602 3771 1682">
    <p class='ocr_par' dir='ltr' id='par_1_52' title="bbox 2178 1602 3771 1682">
     <span class='ocr_line' id='line_1_52' title="bbox 2178 1602 3771 1682; baseline -0.013 -13"><span class='ocrx_word' id='word_1_291' title='bbox 2178 1614 2543 1682; x_wconf 69' lang='lat' dir='ltr'><strong>Maximaque</strong></span> <span class='ocrx_word' id='word_1_292' title='bbox 2575 1615 2660 1663; x_wconf 88' lang='lat' dir='ltr'><strong>est</strong></span> <span class='ocrx_word' id='word_1_293' title='bbox 2687 1623 2909 1662; x_wconf 88' lang='lat' dir='ltr'><strong>merces</strong></span> <span class='ocrx_word' id='word_1_294' title='bbox 2930 1605 3187 1659; x_wconf 89' lang='lat' dir='ltr'><strong>inﬁrmis</strong></span> <span class='ocrx_word' id='word_1_295' title='bbox 3221 1602 3469 1657; x_wconf 84' lang='lat' dir='ltr'><strong>addere</strong></span> <span class='ocrx_word' id='word_1_296' title='bbox 3528 1613 3771 1654; x_wconf 88' lang='lat' dir='ltr'><strong>curam.</strong></span> 
     </span>
    </p>
   </div>
   <div class='ocr_carea' id='block_1_53' title="bbox 2978 1731 3039 1782">
    <p class='ocr_par' dir='ltr' id='par_1_53' title="bbox 2978 1731 3039 1782">
     <span class='ocr_line' id='line_1_53' title="bbox 2978 1731 3039 1782; baseline 0.016 -1"><span class='ocrx_word' id='word_1_297' title='bbox 2978 1731 3039 1782; x_wconf 68' lang='grc' dir='ltr'><strong>ν.</strong></span> 
     </span>
    </p>
   </div>
   <div class='ocr_carea' id='block_1_54' title="bbox 2184 1826 3825 1910">
    <p class='ocr_par' dir='ltr' id='par_1_54' title="bbox 2184 1826 3825 1910">
     <span class='ocr_line' id='line_1_54' title="bbox 2184 1826 3825 1910; baseline -0.01 -15"><span class='ocrx_word' id='word_1_298' title='bbox 2184 1842 2247 1895; x_wconf 84' lang='lat' dir='ltr'><strong>In</strong></span> <span class='ocrx_word' id='word_1_299' title='bbox 2283 1856 2373 1895; x_wconf 80' lang='lat' dir='ltr'><strong>eos</strong></span> <span class='ocrx_word' id='word_1_300' title='bbox 2394 1842 2499 1910; x_wconf 79' lang='lat' dir='ltr'><strong>qui</strong></span> <span class='ocrx_word' id='word_1_301' title='bbox 2524 1838 2977 1910; x_wconf 68' lang='lat' dir='ltr'><strong>Froumumlum</strong></span> <span class='ocrx_word' id='word_1_302' title='bbox 3005 1835 3086 1889; x_wconf 82' lang='lat' dir='ltr'><strong>ad</strong></span> <span class='ocrx_word' id='word_1_303' title='bbox 3113 1830 3600 1910; x_wconf 64' lang='lat' dir='ltr'><strong>suscipiendum</strong></span> <span class='ocrx_word' id='word_1_304' title='bbox 3652 1826 3825 1896; x_wconf 60' lang='lat' dir='ltr'><strong>presh</strong></span> 
     </span>
    </p>
   </div>
   <div class='ocr_carea' id='block_1_55' title="bbox 2571 1904 3471 1974">
    <p class='ocr_par' dir='ltr' id='par_1_55' title="bbox 2571 1904 3471 1974">
     <span class='ocr_line' id='line_1_55' title="bbox 2571 1904 3471 1974; baseline -0.008 -13"><span class='ocrx_word' id='word_1_305' title='bbox 2571 1911 2705 1963; x_wconf 76' lang='lat' dir='ltr'><strong>terii</strong></span> <span class='ocrx_word' id='word_1_306' title='bbox 2726 1908 2993 1961; x_wconf 81' lang='lat' dir='ltr'><strong>ordinem</strong></span> <span class='ocrx_word' id='word_1_307' title='bbox 3021 1904 3323 1974; x_wconf 83' lang='lat' dir='ltr'><strong>urgebant</strong></span> <span class='ocrx_word' id='word_1_308' title='bbox 3356 1907 3471 1971; x_wconf 74' lang='lat'><strong>(1).</strong></span> 
     </span>
    </p>
   </div>
   <div class='ocr_carea' id='block_1_56' title="bbox 2183 2009 3838 2088">
    <p class='ocr_par' dir='ltr' id='par_1_56' title="bbox 2183 2009 3838 2088">
     <span class='ocr_line' id='line_1_56' title="bbox 2183 2009 3838 2088; baseline -0.009 -15"><span class='ocrx_word' id='word_1_309' title='bbox 2183 2022 2325 2073; x_wconf 88' lang='lat' dir='ltr'><strong>Sunt</strong></span> <span class='ocrx_word' id='word_1_310' title='bbox 2340 2017 2483 2070; x_wconf 89' lang='lat' dir='ltr'><strong>mihi</strong></span> <span class='ocrx_word' id='word_1_311' title='bbox 2498 2016 2600 2088; x_wconf 88' lang='lat' dir='ltr'><strong>qui</strong></span> <span class='ocrx_word' id='word_1_312' title='bbox 2619 2016 2823 2069; x_wconf 81' lang='lat' dir='ltr'><strong>dicunt</strong></span> <span class='ocrx_word' id='word_1_313' title='bbox 2843 2031 2855 2066; x_wconf 87' lang='lat'>:</span> <span class='ocrx_word' id='word_1_314' title='bbox 2874 2018 2987 2067; x_wconf 74' lang='lat' dir='ltr'><strong>Cur</strong></span> <span class='ocrx_word' id='word_1_315' title='bbox 3002 2018 3065 2066; x_wconf 90' lang='lat' dir='ltr'><strong>tu</strong></span> <span class='ocrx_word' id='word_1_316' title='bbox 3082 2027 3245 2065; x_wconf 88' lang='lat' dir='ltr'><strong>nunc</strong></span> <span class='ocrx_word' id='word_1_317' title='bbox 3264 2009 3499 2064; x_wconf 79' lang='lat' dir='ltr'><strong>ultime</strong></span> <span class='ocrx_word' id='word_1_318' title='bbox 3527 2011 3838 2062; x_wconf 78' lang='lat' dir='ltr'><strong>Froumun&#39;.</strong></span> 
     </span>
    </p>
   </div>
   <div class='ocr_carea' id='block_1_57' title="bbox 2188 2097 3715 2170">
    <p class='ocr_par' dir='ltr' id='par_1_57' title="bbox 2188 2097 3715 2170">
     <span class='ocr_line' id='line_1_57' title="bbox 2188 2097 3715 2170; baseline -0.009 -8"><span class='ocrx_word' id='word_1_319' title='bbox 2188 2107 2432 2162; x_wconf 80' lang='lat' dir='ltr'><strong>L&#39;ltimus</strong></span> <span class='ocrx_word' id='word_1_320' title='bbox 2458 2104 2734 2159; x_wconf 76' lang='lat' dir='ltr'><strong>exclusus</strong></span> <span class='ocrx_word' id='word_1_321' title='bbox 2765 2118 2904 2157; x_wconf 90' lang='lat' dir='ltr'><strong>cum</strong></span> <span class='ocrx_word' id='word_1_322' title='bbox 2930 2116 3053 2155; x_wconf 92' lang='lat' dir='ltr'><strong>non</strong></span> <span class='ocrx_word' id='word_1_323' title='bbox 3085 2100 3165 2153; x_wconf 88' lang='lat' dir='ltr'><strong>sis</strong></span> <span class='ocrx_word' id='word_1_324' title='bbox 3190 2104 3370 2170; x_wconf 83' lang='lat' dir='ltr'><strong>patre</strong></span> <span class='ocrx_word' id='word_1_325' title='bbox 3403 2097 3715 2166; x_wconf 77' lang='lat' dir='ltr'><strong>rejectus,</strong></span> 
     </span>
    </p>
   </div>
   <div class='ocr_carea' id='block_1_58' title="bbox 2186 2187 3684 2265">
    <p class='ocr_par' dir='ltr' id='par_1_58' title="bbox 2186 2187 3684 2265">
     <span class='ocr_line' id='line_1_58' title="bbox 2186 2187 3684 2265; baseline -0.007 -16"><span class='ocrx_word' id='word_1_326' title='bbox 2186 2195 2492 2265; x_wconf 68' lang='lat' dir='ltr'><strong>Presbyter</strong></span> <span class='ocrx_word' id='word_1_327' title='bbox 2519 2197 2578 2247; x_wconf 91' lang='lat' dir='ltr'><strong>ut</strong></span> <span class='ocrx_word' id='word_1_328' title='bbox 2606 2194 2736 2255; x_wconf 88' lang='lat' dir='ltr'><strong>ﬁas,</strong></span> <span class='ocrx_word' id='word_1_329' title='bbox 2771 2197 3007 2261; x_wconf 88' lang='lat' dir='ltr'><strong>tempus</strong></span> <span class='ocrx_word' id='word_1_330' title='bbox 3029 2190 3159 2258; x_wconf 90' lang='lat' dir='ltr'><strong>jam</strong></span> <span class='ocrx_word' id='word_1_331' title='bbox 3189 2187 3395 2258; x_wconf 87' lang='lat' dir='ltr'><strong>poscit</strong></span> <span class='ocrx_word' id='word_1_332' title='bbox 3422 2191 3491 2240; x_wconf 86' lang='lat' dir='ltr'><strong>et</strong></span> <span class='ocrx_word' id='word_1_333' title='bbox 3518 2190 3684 2240; x_wconf 74' lang='lat' dir='ltr'><strong>aetas</strong></span> 
     </span>
    </p>
   </div>
   <div class='ocr_carea' id='block_1_59' title="bbox 2190 2273 3796 2351">
    <p class='ocr_par' dir='ltr' id='par_1_59' title="bbox 2190 2273 3796 2351">
     <span class='ocr_line' id='line_1_59' title="bbox 2190 2273 3796 2351; baseline -0.007 -14"><span class='ocrx_word' id='word_1_334' title='bbox 2190 2287 2427 2351; x_wconf 74' lang='lat' dir='ltr'><strong>Pergere</strong></span> <span class='ocrx_word' id='word_1_335' title='bbox 2450 2298 2587 2336; x_wconf 89' lang='lat' dir='ltr'><strong>cum</strong></span> <span class='ocrx_word' id='word_1_336' title='bbox 2608 2280 2848 2350; x_wconf 79' lang='lat' dir='ltr'><strong>reliquis</strong></span> <span class='ocrx_word' id='word_1_337' title='bbox 2875 2294 2981 2332; x_wconf 88' lang='lat' dir='ltr'><strong>cur</strong></span> <span class='ocrx_word' id='word_1_338' title='bbox 3007 2293 3210 2331; x_wconf 86' lang='lat' dir='ltr'><strong>cessas</strong></span> <span class='ocrx_word' id='word_1_339' title='bbox 3233 2276 3262 2329; x_wconf 86' lang='lat'><strong>?</strong></span> <span class='ocrx_word' id='word_1_340' title='bbox 3294 2276 3568 2345; x_wconf 86' lang='lat' dir='ltr'><strong>Percipe</strong></span> <span class='ocrx_word' id='word_1_341' title='bbox 3606 2273 3796 2328; x_wconf 82' lang='lat' dir='ltr'><strong>claras</strong></span> 
     </span>
    </p>
   </div>
   <div class='ocr_carea' id='block_1_60' title="bbox 2189 2364 3833 2435">
    <p class='ocr_par' dir='ltr' id='par_1_60' title="bbox 2189 2364 3833 2435">
     <span class='ocr_line' id='line_1_60' title="bbox 2189 2364 3833 2435; baseline -0.007 -12"><span class='ocrx_word' id='word_1_342' title='bbox 2189 2371 2551 2425; x_wconf 72' lang='lat' dir='ltr'><strong>tirindidulus</strong></span> <span class='ocrx_word' id='word_1_343' title='bbox 2574 2375 2779 2427; x_wconf 83' lang='lat' dir='ltr'><strong>vestes.</strong></span> <span class='ocrx_word' id='word_1_344' title='bbox 2809 2368 3111 2421; x_wconf 68' lang='lat' dir='ltr'><strong>Celebrant</strong></span> <span class='ocrx_word' id='word_1_345' title='bbox 3143 2382 3283 2435; x_wconf 69' lang='lat' dir='ltr'><strong>qnee</strong></span> <span class='ocrx_word' id='word_1_346' title='bbox 3340 2364 3635 2433; x_wconf 76' lang='lat' dir='ltr'><strong>mystica</strong></span> <span class='ocrx_word' id='word_1_347' title='bbox 3691 2376 3833 2416; x_wconf 51' lang='lat' dir='ltr'><strong>sanet.</strong></span> 
     </span>
    </p>
   </div>
   <div class='ocr_carea' id='block_1_61' title="bbox 2190 2452 3823 2527">
    <p class='ocr_par' dir='ltr' id='par_1_61' title="bbox 2190 2452 3823 2527">
     <span class='ocr_line' id='line_1_61' title="bbox 2190 2452 3823 2527; baseline -0.007 -12"><span class='ocrx_word' id='word_1_348' title='bbox 2190 2460 2482 2515; x_wconf 86' lang='lat' dir='ltr'><strong>Pontiﬁcis</strong></span> <span class='ocrx_word' id='word_1_349' title='bbox 2506 2458 2808 2512; x_wconf 86' lang='lat' dir='ltr'><strong>manibus.</strong></span> <span class='ocrx_word' id='word_1_350' title='bbox 2839 2457 2893 2511; x_wconf 87' lang='lat' dir='ltr'><strong>Si</strong></span> <span class='ocrx_word' id='word_1_351' title='bbox 2926 2456 3151 2527; x_wconf 76' lang='lat' dir='ltr'><strong>spargit</strong></span> <span class='ocrx_word' id='word_1_352' title='bbox 3182 2454 3543 2507; x_wconf 70' lang='lat' dir='ltr'><strong>chrismate</strong></span> <span class='ocrx_word' id='word_1_353' title='bbox 3593 2452 3823 2505; x_wconf 49' lang='lat' dir='ltr'><strong>Christe</strong></span> 
     </span>
    </p>
   </div>
   <div class='ocr_carea' id='block_1_62' title="bbox 2077 2541 3829 2620">
    <p class='ocr_par' dir='ltr' id='par_1_62' title="bbox 2077 2541 3829 2620">
     <span class='ocr_line' id='line_1_62' title="bbox 2077 2541 3829 2620; baseline -0.008 -14"><span class='ocrx_word' id='word_1_354' title='bbox 2077 2610 2083 2620; x_wconf 54' lang='grc'><em>,</em></span> <span class='ocrx_word' id='word_1_355' title='bbox 2121 2554 2161 2606; x_wconf 89' lang='grc' dir='ltr'>Β</span> <span class='ocrx_word' id='word_1_356' title='bbox 2196 2551 2474 2605; x_wconf 84' lang='lat' dir='ltr'><strong>Funditur</strong></span> <span class='ocrx_word' id='word_1_357' title='bbox 2503 2554 2557 2601; x_wconf 90' lang='lat' dir='ltr'><strong>et</strong></span> <span class='ocrx_word' id='word_1_358' title='bbox 2588 2564 2765 2617; x_wconf 90' lang='lat' dir='ltr'><strong>super</strong></span> <span class='ocrx_word' id='word_1_359' title='bbox 2795 2541 3584 2616; x_wconf 72' lang='lat' dir='ltr'><strong>hos,quostangitpollice,</strong></span> <span class='ocrx_word' id='word_1_360' title='bbox 3601 2541 3829 2595; x_wconf 56' lang='lat' dir='ltr'><strong>Christo:</strong></span> 
     </span>
    </p>
   </div>
   <div class='ocr_carea' id='block_1_63' title="bbox 2193 2630 3602 2707">
    <p class='ocr_par' dir='ltr' id='par_1_63' title="bbox 2193 2630 3602 2707">
     <span class='ocr_line' id='line_1_63' title="bbox 2193 2630 3602 2707; baseline -0.004 -14"><span class='ocrx_word' id='word_1_361' title='bbox 2193 2638 2384 2692; x_wconf 81' lang='lat' dir='ltr'><strong>Gratia</strong></span> <span class='ocrx_word' id='word_1_362' title='bbox 2415 2653 2522 2707; x_wconf 91' lang='lat' dir='ltr'><strong>per</strong></span> <span class='ocrx_word' id='word_1_363' title='bbox 2551 2635 2806 2707; x_wconf 88' lang='lat' dir='ltr'><strong>populos</strong></span> <span class='ocrx_word' id='word_1_364' title='bbox 2833 2635 2913 2687; x_wconf 88' lang='lat' dir='ltr'><strong>sic</strong></span> <span class='ocrx_word' id='word_1_365' title='bbox 2947 2632 3113 2686; x_wconf 74' lang='lat' dir='ltr'><strong>tluxit</strong></span> <span class='ocrx_word' id='word_1_366' title='bbox 3141 2647 3302 2702; x_wconf 63' lang='lat' dir='ltr'><strong>saepe</strong></span> <span class='ocrx_word' id='word_1_367' title='bbox 3338 2630 3602 2687; x_wconf 81' lang='lat' dir='ltr'><strong>beatos.</strong></span> 
     </span>
    </p>
   </div>
   <div class='ocr_carea' id='block_1_64' title="bbox 2192 2717 3719 2782">
    <p class='ocr_par' dir='ltr' id='par_1_64' title="bbox 2192 2717 3719 2782">
     <span class='ocr_line' id='line_1_64' title="bbox 2192 2717 3719 2782; baseline -0.007 -1"><span class='ocrx_word' id='word_1_368' title='bbox 2192 2730 2339 2782; x_wconf 83' lang='lat' dir='ltr'><strong>Cum</strong></span> <span class='ocrx_word' id='word_1_369' title='bbox 2360 2724 2759 2779; x_wconf 73' lang='lat' dir='ltr'><strong>benedixissct</strong></span> <span class='ocrx_word' id='word_1_370' title='bbox 2784 2720 3113 2775; x_wconf 86' lang='lat' dir='ltr'><strong>benedictis</strong></span> <span class='ocrx_word' id='word_1_371' title='bbox 3142 2719 3399 2773; x_wconf 74' lang='lat' dir='ltr'><strong>dextera</strong></span> <span class='ocrx_word' id='word_1_372' title='bbox 3433 2717 3719 2777; x_wconf 85' lang='lat' dir='ltr'><strong>Summi,</strong></span> 
     </span>
    </p>
   </div>
   <div class='ocr_carea' id='block_1_65' title="bbox 2192 2808 3824 2883">
    <p class='ocr_par' dir='ltr' id='par_1_65' title="bbox 2192 2808 3824 2883">
     <span class='ocr_line' id='line_1_65' title="bbox 2192 2808 3824 2883; baseline -0.007 -14"><span class='ocrx_word' id='word_1_373' title='bbox 2192 2815 2569 2883; x_wconf 70' lang='lat' dir='ltr'><strong>Presbyteros</strong></span> <span class='ocrx_word' id='word_1_374' title='bbox 2596 2816 2931 2881; x_wconf 80' lang='lat' dir='ltr'><strong>faceretque</strong></span> <span class='ocrx_word' id='word_1_375' title='bbox 2961 2826 3103 2863; x_wconf 82' lang='lat' dir='ltr'><strong>suos</strong></span> <span class='ocrx_word' id='word_1_376' title='bbox 3134 2824 3312 2862; x_wconf 83' lang='lat' dir='ltr'><strong>sacro</strong></span> <span class='ocrx_word' id='word_1_377' title='bbox 3369 2808 3613 2863; x_wconf 83' lang='lat' dir='ltr'><strong>ordine</strong></span> <span class='ocrx_word' id='word_1_378' title='bbox 3672 2822 3824 2860; x_wconf 57' lang='lat' dir='ltr'><strong>serve</strong></span> 
     </span>
    </p>
   </div>
   <div class='ocr_carea' id='block_1_66' title="bbox 2194 2895 3821 2970">
    <p class='ocr_par' dir='ltr' id='par_1_66' title="bbox 2194 2895 3821 2970">
     <span class='ocr_line' id='line_1_66' title="bbox 2194 2895 3821 2970; baseline -0.005 -14"><span class='ocrx_word' id='word_1_379' title='bbox 2194 2909 2413 2970; x_wconf 70' lang='lat' dir='ltr'><strong>Cogere</strong></span> <span class='ocrx_word' id='word_1_380' title='bbox 2444 2918 2538 2955; x_wconf 85' lang='lat' dir='ltr'><strong>me</strong></span> <span class='ocrx_word' id='word_1_381' title='bbox 2572 2906 2812 2959; x_wconf 88' lang='lat' dir='ltr'><strong>certant,</strong></span> <span class='ocrx_word' id='word_1_382' title='bbox 2840 2900 3046 2963; x_wconf 85' lang='lat' dir='ltr'><strong>fatear,</strong></span> <span class='ocrx_word' id='word_1_383' title='bbox 3077 2897 3247 2968; x_wconf 90' lang='lat' dir='ltr'><strong>quod</strong></span> <span class='ocrx_word' id='word_1_384' title='bbox 3294 2897 3416 2950; x_wconf 83' lang='lat' dir='ltr'><strong>siin</strong></span> <span class='ocrx_word' id='word_1_385' title='bbox 3480 2896 3745 2967; x_wconf 79' lang='lat' dir='ltr'><strong>sapiens</strong></span> <span class='ocrx_word' id='word_1_386' title='bbox 3783 2895 3821 2946; x_wconf 66' lang='lat' dir='ltr'><strong>ri!</strong></span> 
     </span>
    </p>
   </div>
   <div class='ocr_carea' id='block_1_67' title="bbox 2196 2981 3520 3052">
    <p class='ocr_par' dir='ltr' id='par_1_67' title="bbox 2196 2981 3520 3052">
     <span class='ocr_line' id='line_1_67' title="bbox 2196 2981 3520 3052; baseline -0.005 -11"><span class='ocrx_word' id='word_1_387' title='bbox 2196 2991 2311 3041; x_wconf 86' lang='lat' dir='ltr'><strong>lloc</strong></span> <span class='ocrx_word' id='word_1_388' title='bbox 2344 2987 2563 3040; x_wconf 88' lang='lat' dir='ltr'><strong>faciunt</strong></span> <span class='ocrx_word' id='word_1_389' title='bbox 2594 2984 2751 3038; x_wconf 90' lang='lat' dir='ltr'><strong>stulti</strong></span> <span class='ocrx_word' id='word_1_390' title='bbox 2776 2989 3021 3037; x_wconf 84' lang='lat' dir='ltr'><strong>ventoso</strong></span> <span class='ocrx_word' id='word_1_391' title='bbox 3046 2981 3293 3036; x_wconf 87' lang='lat' dir='ltr'><strong>ﬂamine</strong></span> <span class='ocrx_word' id='word_1_392' title='bbox 3323 2982 3520 3052; x_wconf 77' lang='lat' dir='ltr'><strong>pasti,</strong></span> 
     </span>
    </p>
   </div>
   <div class='ocr_carea' id='block_1_68' title="bbox 2198 3068 3781 3144">
    <p class='ocr_par' dir='ltr' id='par_1_68' title="bbox 2198 3068 3781 3144">
     <span class='ocr_line' id='line_1_68' title="bbox 2198 3068 3781 3144; baseline -0.005 -16"><span class='ocrx_word' id='word_1_393' title='bbox 2198 3079 2319 3129; x_wconf 70' lang='lat' dir='ltr'><strong>Non</strong></span> <span class='ocrx_word' id='word_1_394' title='bbox 2348 3075 2488 3144; x_wconf 89' lang='lat' dir='ltr'><strong>quia</strong></span> <span class='ocrx_word' id='word_1_395' title='bbox 2520 3073 2760 3127; x_wconf 72' lang='lat' dir='ltr'><strong>virtutes</strong></span> <span class='ocrx_word' id='word_1_396' title='bbox 2783 3070 3047 3141; x_wconf 81' lang='lat' dir='ltr'><strong>cupiant,</strong></span> <span class='ocrx_word' id='word_1_397' title='bbox 3069 3069 3177 3123; x_wconf 84' lang='lat' dir='ltr'><strong>sed</strong></span> <span class='ocrx_word' id='word_1_398' title='bbox 3199 3068 3413 3123; x_wconf 85' lang='lat' dir='ltr'><strong>fallere</strong></span> <span class='ocrx_word' id='word_1_399' title='bbox 3448 3068 3781 3139; x_wconf 87' lang='lat' dir='ltr'><strong>plaudant.</strong></span> 
     </span>
    </p>
   </div>
   <div class='ocr_carea' id='block_1_69' title="bbox 2196 3157 3781 3228">
    <p class='ocr_par' dir='ltr' id='par_1_69' title="bbox 2196 3157 3781 3228">
     <span class='ocr_line' id='line_1_69' title="bbox 2196 3157 3781 3228; baseline -0.005 -11"><span class='ocrx_word' id='word_1_400' title='bbox 2196 3167 2311 3218; x_wconf 73' lang='lat' dir='ltr'><strong>Nos</strong></span> <span class='ocrx_word' id='word_1_401' title='bbox 2345 3161 2618 3228; x_wconf 86' lang='lat' dir='ltr'><strong>humiles,</strong></span> <span class='ocrx_word' id='word_1_402' title='bbox 2647 3176 2756 3214; x_wconf 86' lang='lat' dir='ltr'><strong>nos</strong></span> <span class='ocrx_word' id='word_1_403' title='bbox 2779 3158 3001 3213; x_wconf 85' lang='lat' dir='ltr'><strong>indocti</strong></span> <span class='ocrx_word' id='word_1_404' title='bbox 3024 3173 3393 3213; x_wconf 88' lang='lat' dir='ltr'><strong>maneamus</strong></span> <span class='ocrx_word' id='word_1_405' title='bbox 3424 3157 3513 3212; x_wconf 88' lang='lat' dir='ltr'><strong>ad</strong></span> <span class='ocrx_word' id='word_1_406' title='bbox 3538 3172 3781 3213; x_wconf 81' lang='lat' dir='ltr'><strong>omnes.</strong></span> 
     </span>
    </p>
   </div>
   <div class='ocr_carea' id='block_1_70' title="bbox 2196 3247 3684 3321">
    <p class='ocr_par' dir='ltr' id='par_1_70' title="bbox 2196 3247 3684 3321">
     <span class='ocr_line' id='line_1_70' title="bbox 2196 3247 3684 3321; baseline -0.003 -15"><span class='ocrx_word' id='word_1_407' title='bbox 2196 3253 2431 3307; x_wconf 85' lang='lat' dir='ltr'><strong>Talibus</strong></span> <span class='ocrx_word' id='word_1_408' title='bbox 2464 3251 2714 3321; x_wconf 88' lang='lat' dir='ltr'><strong>eloquiis</strong></span> <span class='ocrx_word' id='word_1_409' title='bbox 2740 3265 3056 3319; x_wconf 87' lang='lat' dir='ltr'><strong>nunquam</strong></span> <span class='ocrx_word' id='word_1_410' title='bbox 3078 3264 3182 3301; x_wconf 90' lang='lat' dir='ltr'><strong>cor</strong></span> <span class='ocrx_word' id='word_1_411' title='bbox 3214 3247 3497 3317; x_wconf 86' lang='lat' dir='ltr'><strong>pascitur</strong></span> <span class='ocrx_word' id='word_1_412' title='bbox 3532 3247 3684 3315; x_wconf 80' lang='lat' dir='ltr'><strong>illis,</strong></span> 
     </span>
    </p>
   </div>
   <div class='ocr_carea' id='block_1_71' title="bbox 2201 3337 3830 3410">
    <p class='ocr_par' dir='ltr' id='par_1_71' title="bbox 2201 3337 3830 3410">
     <span class='ocr_line' id='line_1_71' title="bbox 2201 3337 3830 3410; baseline -0.008 -12"><span class='ocrx_word' id='word_1_413' title='bbox 2201 3343 2311 3398; x_wconf 86' lang='lat' dir='ltr'><strong>Sed</strong></span> <span class='ocrx_word' id='word_1_414' title='bbox 2332 3342 2541 3405; x_wconf 70' lang='lat' dir='ltr'><strong>magis,</strong></span> <span class='ocrx_word' id='word_1_415' title='bbox 2566 3346 2743 3410; x_wconf 85' lang='lat' dir='ltr'><strong>atque</strong></span> <span class='ocrx_word' id='word_1_416' title='bbox 2775 3339 2990 3401; x_wconf 74' lang='lat' dir='ltr'><strong>magis,</strong></span> <span class='ocrx_word' id='word_1_417' title='bbox 3012 3337 3283 3399; x_wconf 85' lang='lat' dir='ltr'><strong>Domine,</strong></span> <span class='ocrx_word' id='word_1_418' title='bbox 3308 3352 3445 3408; x_wconf 88' lang='lat' dir='ltr'><strong>quo</strong></span> <span class='ocrx_word' id='word_1_419' title='bbox 3470 3337 3697 3392; x_wconf 82' lang='lat' dir='ltr'><strong>sistere</strong></span> <span class='ocrx_word' id='word_1_420' title='bbox 3727 3340 3830 3406; x_wconf 66' lang='lat' dir='ltr'><strong>jltilt</strong></span> 
     </span>
    </p>
   </div>
   <div class='ocr_carea' id='block_1_72' title="bbox 2201 3426 3785 3503">
    <p class='ocr_par' dir='ltr' id='par_1_72' title="bbox 2201 3426 3785 3503">
     <span class='ocr_line' id='line_1_72' title="bbox 2201 3426 3785 3503; baseline -0.003 -17"><span class='ocrx_word' id='word_1_421' title='bbox 2201 3433 2375 3503; x_wconf 89' lang='lat' dir='ltr'><strong>Spem</strong></span> <span class='ocrx_word' id='word_1_422' title='bbox 2409 3430 2852 3484; x_wconf 85' lang='lat' dir='ltr'><strong>tractandarum</strong></span> <span class='ocrx_word' id='word_1_423' title='bbox 2881 3427 2991 3482; x_wconf 89' lang='lat' dir='ltr'><strong>sibi</strong></span> <span class='ocrx_word' id='word_1_424' title='bbox 3016 3427 3227 3495; x_wconf 87' lang='lat' dir='ltr'><strong>jusssit</strong></span> <span class='ocrx_word' id='word_1_425' title='bbox 3255 3426 3530 3481; x_wconf 85' lang='lat' dir='ltr'><strong>reddere</strong></span> <span class='ocrx_word' id='word_1_426' title='bbox 3566 3442 3785 3481; x_wconf 75' lang='lat' dir='ltr'><strong>rerum.</strong></span> 
     </span>
    </p>
   </div>
   <div class='ocr_carea' id='block_1_73' title="bbox 2200 3515 3827 3591">
    <p class='ocr_par' dir='ltr' id='par_1_73' title="bbox 2200 3515 3827 3591">
     <span class='ocr_line' id='line_1_73' title="bbox 2200 3515 3827 3591; baseline -0.004 -17"><span class='ocrx_word' id='word_1_427' title='bbox 2200 3521 2333 3575; x_wconf 87' lang='lat' dir='ltr'><strong>Illuc</strong></span> <span class='ocrx_word' id='word_1_428' title='bbox 2367 3519 2719 3591; x_wconf 81' lang='lat' dir='ltr'><strong>protendam</strong></span> <span class='ocrx_word' id='word_1_429' title='bbox 2750 3516 3016 3571; x_wconf 85' lang='lat' dir='ltr'><strong>studium</strong></span> <span class='ocrx_word' id='word_1_430' title='bbox 3059 3515 3303 3579; x_wconf 87' lang='lat' dir='ltr'><strong>mentis,</strong></span> <span class='ocrx_word' id='word_1_431' title='bbox 3362 3531 3699 3571; x_wconf 87' lang='lat' dir='ltr'><strong>manuum</strong></span> <span class='ocrx_word' id='word_1_432' title='bbox 3759 3531 3827 3569; x_wconf 72' lang='lat' dir='ltr'><strong>cur</strong></span> 
     </span>
    </p>
   </div>
   <div class='ocr_carea' id='block_1_74' title="bbox 2201 3604 3757 3676">
    <p class='ocr_par' dir='ltr' id='par_1_74' title="bbox 2201 3604 3757 3676">
     <span class='ocr_line' id='line_1_74' title="bbox 2201 3604 3757 3676; baseline -0.002 -13"><span class='ocrx_word' id='word_1_433' title='bbox 2201 3609 2488 3663; x_wconf 82' lang='lat' dir='ltr'><strong>Omnibus</strong></span> <span class='ocrx_word' id='word_1_434' title='bbox 2511 3613 2564 3661; x_wconf 89' lang='lat' dir='ltr'><strong>et</strong></span> <span class='ocrx_word' id='word_1_435' title='bbox 2596 3607 2779 3669; x_wconf 83' lang='lat' dir='ltr'><strong>factis,</strong></span> <span class='ocrx_word' id='word_1_436' title='bbox 2811 3622 2916 3659; x_wconf 89' lang='lat' dir='ltr'><strong>seu</strong></span> <span class='ocrx_word' id='word_1_437' title='bbox 2945 3604 3198 3670; x_wconf 87' lang='lat' dir='ltr'><strong>nisibus,</strong></span> <span class='ocrx_word' id='word_1_438' title='bbox 3233 3610 3363 3658; x_wconf 79' lang='lat' dir='ltr'><strong>arte</strong></span> <span class='ocrx_word' id='word_1_439' title='bbox 3396 3606 3757 3676; x_wconf 73' lang='lat' dir='ltr'><strong>resumptis</strong></span> 
     </span>
    </p>
   </div>
   <div class='ocr_carea' id='block_1_75' title="bbox 2203 3692 3731 3767">
    <p class='ocr_par' dir='ltr' id='par_1_75' title="bbox 2203 3692 3731 3767">
     <span class='ocr_line' id='line_1_75' title="bbox 2203 3692 3731 3767; baseline -0.001 -16"><span class='ocrx_word' id='word_1_440' title='bbox 2203 3696 2501 3767; x_wconf 83' lang='lat' dir='ltr'><strong>Quidquid</strong></span> <span class='ocrx_word' id='word_1_441' title='bbox 2528 3699 2669 3753; x_wconf 86' lang='lat' dir='ltr'><strong>erat.</strong></span> <span class='ocrx_word' id='word_1_442' title='bbox 2704 3694 2867 3764; x_wconf 82' lang='lat' dir='ltr'><strong>quod</strong></span> <span class='ocrx_word' id='word_1_443' title='bbox 2896 3692 3184 3763; x_wconf 86' lang='lat' dir='ltr'><strong>sequitur,</strong></span> <span class='ocrx_word' id='word_1_444' title='bbox 3218 3696 3420 3746; x_wconf 81' lang='lat' dir='ltr'><strong>totum</strong></span> <span class='ocrx_word' id='word_1_445' title='bbox 3456 3693 3586 3747; x_wconf 85' lang='lat' dir='ltr'><strong>sibi</strong></span> <span class='ocrx_word' id='word_1_446' title='bbox 3614 3694 3731 3749; x_wconf 83' lang='lat' dir='ltr'><strong>fiat</strong></span> 
     </span>
    </p>
   </div>
   <div class='ocr_carea' id='block_1_76' title="bbox 2201 3780 3727 3854">
    <p class='ocr_par' dir='ltr' id='par_1_76' title="bbox 2201 3780 3727 3854">
     <span class='ocr_line' id='line_1_76' title="bbox 2201 3780 3727 3854; baseline -0.003 -14"><span class='ocrx_word' id='word_1_447' title='bbox 2201 3786 2525 3839; x_wconf 82' lang='lat' dir='ltr'><strong>Verborum</strong></span> <span class='ocrx_word' id='word_1_448' title='bbox 2554 3784 2640 3837; x_wconf 88' lang='lat' dir='ltr'><strong>vel</strong></span> <span class='ocrx_word' id='word_1_449' title='bbox 2663 3783 2976 3849; x_wconf 86' lang='lat' dir='ltr'><strong>factorum,</strong></span> <span class='ocrx_word' id='word_1_450' title='bbox 3013 3780 3179 3854; x_wconf 87' lang='lat' dir='ltr'><strong>quod</strong></span> <span class='ocrx_word' id='word_1_451' title='bbox 3213 3781 3485 3852; x_wconf 84' lang='lat' dir='ltr'><strong>pertinet</strong></span> <span class='ocrx_word' id='word_1_452' title='bbox 3512 3781 3727 3837; x_wconf 88' lang='lat' dir='ltr'><strong>illum.</strong></span> 
     </span>
    </p>
   </div>
   <div class='ocr_carea' id='block_1_77' title="bbox 2134 3870 3648 3947">
    <p class='ocr_par' dir='ltr' id='par_1_77' title="bbox 2134 3870 3648 3947">
     <span class='ocr_line' id='line_1_77' title="bbox 2134 3870 3648 3947; baseline -0.003 -18"><span class='ocrx_word' id='word_1_453' title='bbox 2134 3896 2175 3947; x_wconf 71' lang='grc' dir='ltr'>ο</span> <span class='ocrx_word' id='word_1_454' title='bbox 2206 3874 2505 3929; x_wconf 83' lang='lat' dir='ltr'><strong>Laudibus</strong></span> <span class='ocrx_word' id='word_1_455' title='bbox 2539 3873 2726 3944; x_wconf 88' lang='lat' dir='ltr'><strong>ipsius</strong></span> <span class='ocrx_word' id='word_1_456' title='bbox 2758 3871 3081 3925; x_wconf 87' lang='lat' dir='ltr'><strong>reddemus</strong></span> <span class='ocrx_word' id='word_1_457' title='bbox 3112 3870 3389 3941; x_wconf 89' lang='lat' dir='ltr'><strong>corporis</strong></span> <span class='ocrx_word' id='word_1_458' title='bbox 3412 3886 3648 3925; x_wconf 88' lang='lat' dir='ltr'><strong>ausus.</strong></span> 
     </span>
    </p>
   </div>
   <div class='ocr_carea' id='block_1_78' title="bbox 2203 3958 3608 4033">
    <p class='ocr_par' dir='ltr' id='par_1_78' title="bbox 2203 3958 3608 4033">
     <span class='ocr_line' id='line_1_78' title="bbox 2203 3958 3608 4033; baseline -0.003 -15"><span class='ocrx_word' id='word_1_459' title='bbox 2203 3970 2303 4018; x_wconf 82' lang='lat' dir='ltr'><strong>Ast</strong></span> <span class='ocrx_word' id='word_1_460' title='bbox 2327 3963 2440 4017; x_wconf 89' lang='lat' dir='ltr'><strong>illis</strong></span> <span class='ocrx_word' id='word_1_461' title='bbox 2475 3961 2938 4033; x_wconf 87' lang='lat' dir='ltr'><strong>respondemus.</strong></span> <span class='ocrx_word' id='word_1_462' title='bbox 2970 3958 3075 4031; x_wconf 90' lang='lat' dir='ltr'><strong>qui</strong></span> <span class='ocrx_word' id='word_1_463' title='bbox 3100 3958 3243 4013; x_wconf 87' lang='lat' dir='ltr'><strong>talia</strong></span> <span class='ocrx_word' id='word_1_464' title='bbox 3275 3963 3557 4014; x_wconf 85' lang='lat' dir='ltr'><strong>tractant</strong></span> <span class='ocrx_word' id='word_1_465' title='bbox 3593 3978 3608 4013; x_wconf 92' lang='lat'><strong>:</strong></span> 
     </span>
    </p>
   </div>
   <div class='ocr_carea' id='block_1_79' title="bbox 2204 4046 3793 4121">
    <p class='ocr_par' dir='ltr' id='par_1_79' title="bbox 2204 4046 3793 4121">
     <span class='ocr_line' id='line_1_79' title="bbox 2204 4046 3793 4121; baseline -0.004 -15"><span class='ocrx_word' id='word_1_466' title='bbox 2204 4052 2523 4106; x_wconf 90' lang='lat' dir='ltr'><strong>Stultorum</strong></span> <span class='ocrx_word' id='word_1_467' title='bbox 2552 4050 2753 4118; x_wconf 85' lang='lat' dir='ltr'><strong>lingua</strong></span> <span class='ocrx_word' id='word_1_468' title='bbox 2784 4052 2872 4103; x_wconf 87' lang='lat' dir='ltr'><strong>est</strong></span> <span class='ocrx_word' id='word_1_469' title='bbox 2899 4046 3087 4101; x_wconf 81' lang='lat' dir='ltr'><strong>faeilis</strong></span> <span class='ocrx_word' id='word_1_470' title='bbox 3110 4052 3165 4101; x_wconf 87' lang='lat' dir='ltr'><strong>et</strong></span> <span class='ocrx_word' id='word_1_471' title='bbox 3195 4048 3500 4119; x_wconf 84' lang='lat' dir='ltr'><strong>prompta</strong></span> <span class='ocrx_word' id='word_1_472' title='bbox 3528 4048 3793 4121; x_wconf 80' lang='lat' dir='ltr'><strong>loquelis.</strong></span> 
     </span>
    </p>
   </div>
   <div class='ocr_carea' id='block_1_80' title="bbox 2206 4135 3828 4213">
    <p class='ocr_par' dir='ltr' id='par_1_80' title="bbox 2206 4135 3828 4213">
     <span class='ocr_line' id='line_1_80' title="bbox 2206 4135 3828 4213; baseline -0.006 -18"><span class='ocrx_word' id='word_1_473' title='bbox 2206 4141 2481 4213; x_wconf 85' lang='lat' dir='ltr'><strong>Quisquis</strong></span> <span class='ocrx_word' id='word_1_474' title='bbox 2513 4139 2671 4193; x_wconf 91' lang='lat' dir='ltr'><strong>enim</strong></span> <span class='ocrx_word' id='word_1_475' title='bbox 2702 4137 2932 4209; x_wconf 91' lang='lat' dir='ltr'><strong>primus</strong></span> <span class='ocrx_word' id='word_1_476' title='bbox 2960 4135 3246 4207; x_wconf 86' lang='lat' dir='ltr'><strong>loquitur,</strong></span> <span class='ocrx_word' id='word_1_477' title='bbox 3269 4136 3699 4194; x_wconf 84' lang='lat' dir='ltr'><strong>manifestius</strong></span> <span class='ocrx_word' id='word_1_478' title='bbox 3746 4138 3828 4193; x_wconf 64' lang='lat' dir='ltr'><strong>illa</strong></span> 
     </span>
    </p>
   </div>
   <div class='ocr_carea' id='block_1_81' title="bbox 2208 4225 3757 4298">
    <p class='ocr_par' dir='ltr' id='par_1_81' title="bbox 2208 4225 3757 4298">
     <span class='ocr_line' id='line_1_81' title="bbox 2208 4225 3757 4298; baseline 0 -13"><span class='ocrx_word' id='word_1_479' title='bbox 2208 4232 2585 4298; x_wconf 81' lang='lat' dir='ltr'><strong>Cognoscunt</strong></span> <span class='ocrx_word' id='word_1_480' title='bbox 2609 4226 2705 4281; x_wconf 90' lang='lat' dir='ltr'><strong>alii</strong></span> <span class='ocrx_word' id='word_1_481' title='bbox 2732 4244 2744 4280; x_wconf 94' lang='lat'>:</span> <span class='ocrx_word' id='word_1_482' title='bbox 2769 4225 2913 4296; x_wconf 88' lang='lat' dir='ltr'><strong>quia</strong></span> <span class='ocrx_word' id='word_1_483' title='bbox 2942 4229 3143 4280; x_wconf 88' lang='lat' dir='ltr'><strong>mente</strong></span> <span class='ocrx_word' id='word_1_484' title='bbox 3174 4225 3472 4296; x_wconf 85' lang='lat' dir='ltr'><strong>superbia</strong></span> <span class='ocrx_word' id='word_1_485' title='bbox 3501 4234 3757 4298; x_wconf 80' lang='lat' dir='ltr'><strong>regnat,</strong></span> 
     </span>
    </p>
   </div>
   <div class='ocr_carea' id='block_1_82' title="bbox 2210 4312 3706 4387">
    <p class='ocr_par' dir='ltr' id='par_1_82' title="bbox 2210 4312 3706 4387">
     <span class='ocr_line' id='line_1_82' title="bbox 2210 4312 3706 4387; baseline 0 -14"><span class='ocrx_word' id='word_1_486' title='bbox 2210 4322 2272 4373; x_wconf 83' lang='lat' dir='ltr'><strong>Et</strong></span> <span class='ocrx_word' id='word_1_487' title='bbox 2304 4335 2527 4373; x_wconf 87' lang='lat' dir='ltr'><strong>vacuus</strong></span> <span class='ocrx_word' id='word_1_488' title='bbox 2560 4321 2763 4373; x_wconf 87' lang='lat' dir='ltr'><strong>manet</strong></span> <span class='ocrx_word' id='word_1_489' title='bbox 2786 4313 3031 4369; x_wconf 87' lang='lat' dir='ltr'><strong>interius</strong></span> <span class='ocrx_word' id='word_1_490' title='bbox 3064 4312 3405 4387; x_wconf 67' lang='lat' dir='ltr'><strong>praecordia</strong></span> <span class='ocrx_word' id='word_1_491' title='bbox 3426 4332 3706 4373; x_wconf 86' lang='lat' dir='ltr'><strong>sensus.</strong></span> 
     </span>
    </p>
   </div>
   <div class='ocr_carea' id='block_1_83' title="bbox 2210 4403 3826 4482">
    <p class='ocr_par' dir='ltr' id='par_1_83' title="bbox 2210 4403 3826 4482">
     <span class='ocr_line' id='line_1_83' title="bbox 2210 4403 3826 4482; baseline -0.004 -19"><span class='ocrx_word' id='word_1_492' title='bbox 2210 4412 2299 4463; x_wconf 77' lang='lat' dir='ltr'><strong>liae</strong></span> <span class='ocrx_word' id='word_1_493' title='bbox 2327 4424 2481 4463; x_wconf 65' lang='lat' dir='ltr'><strong>curre</strong></span> <span class='ocrx_word' id='word_1_494' title='bbox 2508 4422 2629 4461; x_wconf 87' lang='lat' dir='ltr'><strong>non</strong></span> <span class='ocrx_word' id='word_1_495' title='bbox 2656 4422 2767 4460; x_wconf 90' lang='lat' dir='ltr'><strong>nos</strong></span> <span class='ocrx_word' id='word_1_496' title='bbox 2795 4403 3091 4459; x_wconf 88' lang='lat' dir='ltr'><strong>mordent.</strong></span> <span class='ocrx_word' id='word_1_497' title='bbox 3118 4405 3272 4458; x_wconf 91' lang='lat' dir='ltr'><strong>Deus</strong></span> <span class='ocrx_word' id='word_1_498' title='bbox 3302 4404 3435 4460; x_wconf 77' lang='lat' dir='ltr'><strong>haec</strong></span> <span class='ocrx_word' id='word_1_499' title='bbox 3466 4423 3748 4482; x_wconf 82' lang='lat' dir='ltr'><strong>quoque</strong></span> <span class='ocrx_word' id='word_1_500' title='bbox 3776 4412 3826 4459; x_wconf 75' lang='lat' dir='ltr'><strong>tra-</strong></span> 
     </span>
    </p>
   </div>
   <div class='ocr_carea' id='block_1_84' title="bbox 3711 4500 3797 4552">
    <p class='ocr_par' dir='ltr' id='par_1_84' title="bbox 3711 4500 3797 4552">
     <span class='ocr_line' id='line_1_84' title="bbox 3711 4500 3797 4552; baseline -0.058 0"><span class='ocrx_word' id='word_1_501' title='bbox 3711 4500 3797 4552; x_wconf 79' lang='lat' dir='ltr'><strong>etet</strong></span> 
     </span>
    </p>
   </div>
   <div class='ocr_carea' id='block_1_85' title="bbox 2209 4495 3782 4653">
    <p class='ocr_par' dir='ltr' id='par_1_85' title="bbox 2209 4495 3782 4653">
     <span class='ocr_line' id='line_1_85' title="bbox 3711 4501 3782 4552; baseline -0.028 0"><span class='ocrx_word' id='word_1_502' title='bbox 3711 4501 3782 4552; x_wconf 73' lang='lat' dir='ltr'><strong>etet</strong></span> 
     </span>
     <span class='ocr_line' id='line_1_86' title="bbox 2209 4495 3782 4653; baseline -0.001 -14"><span class='ocrx_word' id='word_1_503' title='bbox 2209 4582 2423 4639; x_wconf 89' lang='lat' dir='ltr'><strong>Ordine</strong></span> <span class='ocrx_word' id='word_1_504' title='bbox 2454 4587 2575 4638; x_wconf 90' lang='lat' dir='ltr'><strong>tam</strong></span> <span class='ocrx_word' id='word_1_505' title='bbox 2615 4581 2775 4636; x_wconf 88' lang='lat' dir='ltr'><strong>celso</strong></span> <span class='ocrx_word' id='word_1_506' title='bbox 2805 4596 3056 4653; x_wconf 90' lang='lat' dir='ltr'><strong>persons</strong></span> <span class='ocrx_word' id='word_1_507' title='bbox 3080 4595 3194 4649; x_wconf 85' lang='lat' dir='ltr'><strong>ego</strong></span> <span class='ocrx_word' id='word_1_508' title='bbox 3224 4578 3495 4648; x_wconf 84' lang='lat' dir='ltr'><strong>fungere</strong></span> <span class='ocrx_word' id='word_1_509' title='bbox 3542 4495 3782 4641; x_wconf 59' lang='lat' dir='ltr'><strong>sunimo</strong></span> 
     </span>
    </p>
   </div>
   <div class='ocr_carea' id='block_1_86' title="bbox 2208 4668 3703 4745">
    <p class='ocr_par' dir='ltr' id='par_1_86' title="bbox 2208 4668 3703 4745">
     <span class='ocr_line' id='line_1_87' title="bbox 2208 4668 3703 4745; baseline 0.002 -16"><span class='ocrx_word' id='word_1_510' title='bbox 2208 4677 2335 4729; x_wconf 72' lang='lat' dir='ltr'><strong>Non</strong></span> <span class='ocrx_word' id='word_1_511' title='bbox 2364 4689 2612 4745; x_wconf 86' lang='lat' dir='ltr'><strong>possum</strong></span> <span class='ocrx_word' id='word_1_512' title='bbox 2642 4686 2883 4744; x_wconf 89' lang='lat' dir='ltr'><strong>pressus</strong></span> <span class='ocrx_word' id='word_1_513' title='bbox 2909 4670 3141 4742; x_wconf 89' lang='lat' dir='ltr'><strong>peccati</strong></span> <span class='ocrx_word' id='word_1_514' title='bbox 3169 4668 3449 4742; x_wconf 89' lang='lat' dir='ltr'><strong>pondere</strong></span> <span class='ocrx_word' id='word_1_515' title='bbox 3488 4676 3703 4731; x_wconf 87' lang='lat' dir='ltr'><strong>totus.</strong></span> 
     </span>
    </p>
   </div>
   <div class='ocr_carea' id='block_1_87' title="bbox 2208 4758 3826 4836">
    <p class='ocr_par' dir='ltr' id='par_1_87' title="bbox 2208 4758 3826 4836">
     <span class='ocr_line' id='line_1_88' title="bbox 2208 4758 3826 4836; baseline -0.001 -20"><span class='ocrx_word' id='word_1_516' title='bbox 2208 4765 2305 4816; x_wconf 87' lang='lat' dir='ltr'><strong>Est</strong></span> <span class='ocrx_word' id='word_1_517' title='bbox 2333 4760 2478 4815; x_wconf 88' lang='lat' dir='ltr'><strong>mihi</strong></span> <span class='ocrx_word' id='word_1_518' title='bbox 2493 4759 2657 4833; x_wconf 91' lang='lat' dir='ltr'><strong>quod</strong></span> <span class='ocrx_word' id='word_1_519' title='bbox 2674 4758 2889 4824; x_wconf 87' lang='lat' dir='ltr'><strong>dicam,</strong></span> <span class='ocrx_word' id='word_1_520' title='bbox 2915 4763 3227 4829; x_wconf 88' lang='lat' dir='ltr'><strong>totumque</strong></span> <span class='ocrx_word' id='word_1_521' title='bbox 3249 4774 3323 4813; x_wconf 79' lang='lat' dir='ltr'><strong>ex</strong></span> <span class='ocrx_word' id='word_1_522' title='bbox 3346 4759 3591 4818; x_wconf 87' lang='lat' dir='ltr'><strong>ordine</strong></span> <span class='ocrx_word' id='word_1_523' title='bbox 3612 4763 3826 4836; x_wconf 66' lang='lat' dir='ltr'><strong>pandam.</strong></span> 
     </span>
    </p>
   </div>
   <div class='ocr_carea' id='block_1_88' title="bbox 2208 4846 3736 4923">
    <p class='ocr_par' dir='ltr' id='par_1_88' title="bbox 2208 4846 3736 4923">
     <span class='ocr_line' id='line_1_89' title="bbox 2208 4846 3736 4923; baseline 0.004 -17"><span class='ocrx_word' id='word_1_524' title='bbox 2208 4850 2480 4923; x_wconf 89' lang='lat' dir='ltr'><strong>Inprimis</strong></span> <span class='ocrx_word' id='word_1_525' title='bbox 2504 4849 2697 4904; x_wconf 89' lang='lat' dir='ltr'><strong>studio</strong></span> <span class='ocrx_word' id='word_1_526' title='bbox 2723 4851 2921 4919; x_wconf 90' lang='lat' dir='ltr'><strong>placet</strong></span> <span class='ocrx_word' id='word_1_527' title='bbox 2948 4864 3080 4902; x_wconf 89' lang='lat' dir='ltr'><strong>esse</strong></span> <span class='ocrx_word' id='word_1_528' title='bbox 3112 4846 3227 4902; x_wconf 92' lang='lat' dir='ltr'><strong>sub</strong></span> <span class='ocrx_word' id='word_1_529' title='bbox 3268 4848 3527 4906; x_wconf 88' lang='lat' dir='ltr'><strong>artibus</strong></span> <span class='ocrx_word' id='word_1_530' title='bbox 3578 4869 3736 4911; x_wconf 90' lang='lat' dir='ltr'><strong>uno.</strong></span> 
     </span>
    </p>
   </div>
   <div class='ocr_carea' id='block_1_89' title="bbox 2210 4936 3823 5016">
    <p class='ocr_par' dir='ltr' id='par_1_89' title="bbox 2210 4936 3823 5016">
     <span class='ocr_line' id='line_1_90' title="bbox 2210 4936 3823 5016; baseline -0.002 -21"><span class='ocrx_word' id='word_1_531' title='bbox 2210 4940 2421 4995; x_wconf 89' lang='lat' dir='ltr'><strong>Omnia</strong></span> <span class='ocrx_word' id='word_1_532' title='bbox 2451 4938 2603 5005; x_wconf 89' lang='lat' dir='ltr'><strong>dico,</strong></span> <span class='ocrx_word' id='word_1_533' title='bbox 2638 4942 2700 4991; x_wconf 88' lang='lat' dir='ltr'><strong>ut</strong></span> <span class='ocrx_word' id='word_1_534' title='bbox 2724 4942 2881 5006; x_wconf 87' lang='lat' dir='ltr'><strong>sunt,</strong></span> <span class='ocrx_word' id='word_1_535' title='bbox 2915 4953 3023 4993; x_wconf 89' lang='lat' dir='ltr'><strong>nec</strong></span> <span class='ocrx_word' id='word_1_536' title='bbox 3045 4936 3279 4993; x_wconf 89' lang='lat' dir='ltr'><strong>ludicra</strong></span> <span class='ocrx_word' id='word_1_537' title='bbox 3330 4954 3724 5016; x_wconf 76' lang='lat' dir='ltr'><strong>prosequar</strong></span> <span class='ocrx_word' id='word_1_538' title='bbox 3760 4939 3823 4996; x_wconf 43' lang='lat' dir='ltr'><strong>uti</strong></span> 
     </span>
    </p>
   </div>
   <div class='ocr_carea' id='block_1_90' title="bbox 2211 5024 3517 5096">
    <p class='ocr_par' dir='ltr' id='par_1_90' title="bbox 2211 5024 3517 5096">
     <span class='ocr_line' id='line_1_91' title="bbox 2211 5024 3517 5096; baseline 0.002 -14"><span class='ocrx_word' id='word_1_539' title='bbox 2211 5029 2439 5083; x_wconf 75' lang='lat' dir='ltr'><strong>Discere</strong></span> <span class='ocrx_word' id='word_1_540' title='bbox 2464 5026 2694 5081; x_wconf 85' lang='lat' dir='ltr'><strong>decrevi</strong></span> <span class='ocrx_word' id='word_1_541' title='bbox 2722 5025 2929 5093; x_wconf 88' lang='lat' dir='ltr'><strong>libros,</strong></span> <span class='ocrx_word' id='word_1_542' title='bbox 2963 5024 3230 5096; x_wconf 88' lang='lat' dir='ltr'><strong>aliosque</strong></span> <span class='ocrx_word' id='word_1_543' title='bbox 3251 5025 3517 5085; x_wconf 82' lang='lat' dir='ltr'><strong>docere.</strong></span> 
     </span>
    </p>
   </div>
   <div class='ocr_carea' id='block_1_91' title="bbox 2209 5114 3825 5190">
    <p class='ocr_par' dir='ltr' id='par_1_91' title="bbox 2209 5114 3825 5190">
     <span class='ocr_line' id='line_1_92' title="bbox 2209 5114 3825 5190; baseline -0.004 -19"><span class='ocrx_word' id='word_1_544' title='bbox 2209 5116 2373 5181; x_wconf 84' lang='lat' dir='ltr'><strong>Quod</strong></span> <span class='ocrx_word' id='word_1_545' title='bbox 2390 5117 2792 5188; x_wconf 65' lang='lat' dir='ltr'><strong>praestetDeus</strong></span> <span class='ocrx_word' id='word_1_546' title='bbox 2804 5114 3206 5184; x_wconf 88' lang='lat' dir='ltr'><strong>omnipotens,</strong></span> <span class='ocrx_word' id='word_1_547' title='bbox 3222 5114 3340 5169; x_wconf 89' lang='lat' dir='ltr'><strong>hoc</strong></span> <span class='ocrx_word' id='word_1_548' title='bbox 3362 5120 3684 5190; x_wconf 86' lang='lat' dir='ltr'><strong>tempore</strong></span> <span class='ocrx_word' id='word_1_549' title='bbox 3702 5121 3825 5179; x_wconf 65' lang='lat' dir='ltr'><strong>Christ:</strong></span> 
     </span>
    </p>
   </div>
   <div class='ocr_carea' id='block_1_92' title="bbox 459 5202 3815 5295">
    <p class='ocr_par' dir='ltr' id='par_1_92' title="bbox 459 5202 3815 5295">
     <span class='ocr_line' id='line_1_93' title="bbox 459 5202 3815 5295; baseline -0.008 -25"><span class='ocrx_word' id='word_1_550' title='bbox 459 5217 750 5283; x_wconf 86' lang='lat' dir='ltr'><strong>Tempora</strong></span> <span class='ocrx_word' id='word_1_551' title='bbox 777 5228 937 5268; x_wconf 88' lang='lat' dir='ltr'><strong>nunc</strong></span> <span class='ocrx_word' id='word_1_552' title='bbox 964 5214 1217 5282; x_wconf 86' lang='lat' dir='ltr'><strong>poscunt</strong></span> <span class='ocrx_word' id='word_1_553' title='bbox 1246 5213 1310 5263; x_wconf 86' lang='lat' dir='ltr'><strong>ut</strong></span> <span class='ocrx_word' id='word_1_554' title='bbox 1339 5206 1595 5276; x_wconf 83' lang='lat' dir='ltr'><strong>agrestia</strong></span> <span class='ocrx_word' id='word_1_555' title='bbox 1630 5206 1904 5276; x_wconf 80' lang='lat' dir='ltr'><strong>gramina</strong></span> <span class='ocrx_word' id='word_1_556' title='bbox 1926 5206 2098 5261; x_wconf 87' lang='lat' dir='ltr'><strong>inun-</strong></span> <span class='ocrx_word' id='word_1_557' title='bbox 2140 5243 2181 5295; x_wconf 69' lang='grc' dir='ltr'>υ</span> <span class='ocrx_word' id='word_1_558' title='bbox 2217 5212 2483 5261; x_wconf 69' lang='lat' dir='ltr'><strong>Crescere</strong></span> <span class='ocrx_word' id='word_1_559' title='bbox 2515 5204 2625 5258; x_wconf 86' lang='lat' dir='ltr'><strong>sub</strong></span> <span class='ocrx_word' id='word_1_560' title='bbox 2658 5206 2873 5268; x_wconf 86' lang='lat' dir='ltr'><strong>vestro,</strong></span> <span class='ocrx_word' id='word_1_561' title='bbox 2905 5202 3073 5274; x_wconf 90' lang='lat' dir='ltr'><strong>quod</strong></span> <span class='ocrx_word' id='word_1_562' title='bbox 3102 5202 3273 5257; x_wconf 87' lang='lat' dir='ltr'><strong>ﬂuxit</strong></span> <span class='ocrx_word' id='word_1_563' title='bbox 3322 5208 3648 5279; x_wconf 85' lang='lat' dir='ltr'><strong>tempore</strong></span> <span class='ocrx_word' id='word_1_564' title='bbox 3710 5212 3815 5287; x_wconf 53' lang='grc' dir='ltr'><strong>ρηςεςη</strong></span> 
     </span>
    </p>
   </div>
   <div class='ocr_carea' id='block_1_93' title="bbox 1847 5296 2027 5362">
    <p class='ocr_par' dir='ltr' id='par_1_93' title="bbox 1847 5296 2027 5362">
     <span class='ocr_line' id='line_1_94' title="bbox 1847 5296 2027 5362; baseline -0.006 -13"><span class='ocrx_word' id='word_1_565' title='bbox 1847 5296 2027 5362; x_wconf 78' lang='lat' dir='ltr'><strong>[ganL</strong></span> 
     </span>
    </p>
   </div>
   <div class='ocr_carea' id='block_1_94' title="bbox 462 5381 2033 5458">
    <p class='ocr_par' dir='ltr' id='par_1_94' title="bbox 462 5381 2033 5458">
     <span class='ocr_line' id='line_1_95' title="bbox 462 5381 2033 5458; baseline -0.003 -16"><span class='ocrx_word' id='word_1_566' title='bbox 462 5389 646 5442; x_wconf 85' lang='lat' dir='ltr'><strong>Mente</strong></span> <span class='ocrx_word' id='word_1_567' title='bbox 676 5387 925 5457; x_wconf 83' lang='lat' dir='ltr'><strong>revolve,</strong></span> <span class='ocrx_word' id='word_1_568' title='bbox 958 5390 1122 5442; x_wconf 86' lang='lat' dir='ltr'><strong>Pater</strong></span> <span class='ocrx_word' id='word_1_569' title='bbox 1156 5403 1167 5440; x_wconf 95' lang='lat'>:</span> <span class='ocrx_word' id='word_1_570' title='bbox 1202 5385 1418 5458; x_wconf 85' lang='lat' dir='ltr'><strong>pariter</strong></span> <span class='ocrx_word' id='word_1_571' title='bbox 1449 5388 1585 5439; x_wconf 88' lang='lat' dir='ltr'><strong>sunt</strong></span> <span class='ocrx_word' id='word_1_572' title='bbox 1610 5399 1744 5437; x_wconf 86' lang='lat' dir='ltr'><strong>ecce</strong></span> <span class='ocrx_word' id='word_1_573' title='bbox 1776 5381 2033 5437; x_wconf 89' lang='lat' dir='ltr'><strong>duorum</strong></span> 
     </span>
    </p>
   </div>
   <div class='ocr_carea' id='block_1_95' title="bbox 464 5470 1836 5545">
    <p class='ocr_par' dir='ltr' id='par_1_95' title="bbox 464 5470 1836 5545">
     <span class='ocr_line' id='line_1_96' title="bbox 464 5470 1836 5545; baseline -0.005 -15"><span class='ocrx_word' id='word_1_574' title='bbox 464 5470 740 5530; x_wconf 60' lang='lat' dir='ltr'><strong>Invalida:</strong></span> <span class='ocrx_word' id='word_1_575' title='bbox 772 5474 939 5541; x_wconf 82' lang='lat' dir='ltr'><strong>vires,</strong></span> <span class='ocrx_word' id='word_1_576' title='bbox 972 5473 1317 5529; x_wconf 88' lang='lat' dir='ltr'><strong>communia</strong></span> <span class='ocrx_word' id='word_1_577' title='bbox 1346 5473 1582 5545; x_wconf 88' lang='lat' dir='ltr'><strong>pocula,</strong></span> <span class='ocrx_word' id='word_1_578' title='bbox 1608 5486 1836 5525; x_wconf 87' lang='lat' dir='ltr'><strong>mensa.</strong></span> 
     </span>
    </p>
   </div>
   <div class='ocr_carea' id='block_1_96' title="bbox 465 5558 1959 5630">
    <p class='ocr_par' dir='ltr' id='par_1_96' title="bbox 465 5558 1959 5630">
     <span class='ocr_line' id='line_1_97' title="bbox 465 5558 1959 5630; baseline -0.005 -12"><span class='ocrx_word' id='word_1_579' title='bbox 465 5564 655 5618; x_wconf 85' lang='lat' dir='ltr'><strong>Omne</strong></span> <span class='ocrx_word' id='word_1_580' title='bbox 682 5560 845 5630; x_wconf 88' lang='lat' dir='ltr'><strong>quod</strong></span> <span class='ocrx_word' id='word_1_581' title='bbox 874 5564 961 5613; x_wconf 89' lang='lat' dir='ltr'><strong>est</strong></span> <span class='ocrx_word' id='word_1_582' title='bbox 990 5560 1119 5628; x_wconf 88' lang='lat' dir='ltr'><strong>illis,</strong></span> <span class='ocrx_word' id='word_1_583' title='bbox 1153 5560 1458 5617; x_wconf 91' lang='lat' dir='ltr'><strong>communi</strong></span> <span class='ocrx_word' id='word_1_584' title='bbox 1489 5563 1640 5614; x_wconf 87' lang='lat' dir='ltr'><strong>sorte</strong></span> <span class='ocrx_word' id='word_1_585' title='bbox 1671 5558 1959 5613; x_wconf 85' lang='lat' dir='ltr'><strong>fruuntur.</strong></span> 
     </span>
    </p>
   </div>
   <div class='ocr_carea' id='block_1_97' title="bbox 537 5662 2097 5735">
    <p class='ocr_par' dir='ltr' id='par_1_97' title="bbox 537 5662 2097 5735">
     <span class='ocr_line' id='line_1_98' title="bbox 537 5662 2097 5735; baseline -0.001 -17"><span class='ocrx_word' id='word_1_586' title='bbox 537 5664 614 5735; x_wconf 84' lang='lat' dir='ltr'><strong>(I)</strong></span> <span class='ocrx_word' id='word_1_587' title='bbox 645 5662 781 5717; x_wconf 87' lang='lat' dir='ltr'><strong>Vide</strong></span> <span class='ocrx_word' id='word_1_588' title='bbox 812 5663 1024 5730; x_wconf 78' lang='lat' dir='ltr'><strong>Mabil.,</strong></span> <span class='ocrx_word' id='word_1_589' title='bbox 1048 5668 1188 5720; x_wconf 90' lang='lat' dir='ltr'><strong>tom.</strong></span> <span class='ocrx_word' id='word_1_590' title='bbox 1225 5669 1290 5721; x_wconf 92' lang='lat' dir='ltr'><strong>IV</strong></span> <span class='ocrx_word' id='word_1_591' title='bbox 1320 5666 1758 5730; x_wconf 78' lang='lat' dir='ltr'><strong>Analectorum,</strong></span> <span class='ocrx_word' id='word_1_592' title='bbox 1791 5680 1927 5735; x_wconf 87' lang='lat' dir='ltr'><strong>pag.</strong></span> <span class='ocrx_word' id='word_1_593' title='bbox 1974 5669 2097 5718; x_wconf 73' lang='lat'><strong>357.</strong></span> 
     </span>
    </p>
   </div>
   <div class='ocr_carea' id='block_1_98' title="bbox 2217 5287 3659 5361">
    <p class='ocr_par' dir='ltr' id='par_1_98' title="bbox 2217 5287 3659 5361">
     <span class='ocr_line' id='line_1_99' title="bbox 2217 5287 3659 5361; baseline 0 -12"><span class='ocrx_word' id='word_1_594' title='bbox 2217 5292 2479 5349; x_wconf 86' lang='lat' dir='ltr'><strong>Subdere</strong></span> <span class='ocrx_word' id='word_1_595' title='bbox 2504 5307 2599 5345; x_wconf 90' lang='lat' dir='ltr'><strong>me</strong></span> <span class='ocrx_word' id='word_1_596' title='bbox 2629 5290 2780 5345; x_wconf 90' lang='lat' dir='ltr'><strong>duro</strong></span> <span class='ocrx_word' id='word_1_597' title='bbox 2812 5288 3058 5344; x_wconf 81' lang='lat' dir='ltr'><strong>divellar</strong></span> <span class='ocrx_word' id='word_1_598' title='bbox 3086 5304 3161 5344; x_wconf 93' lang='lat' dir='ltr'><strong>ne</strong></span> <span class='ocrx_word' id='word_1_599' title='bbox 3193 5287 3324 5361; x_wconf 90' lang='lat' dir='ltr'><strong>ipse</strong></span> <span class='ocrx_word' id='word_1_600' title='bbox 3353 5290 3609 5354; x_wconf 81' lang='lat' dir='ltr'><strong>labore</strong></span> <span class='ocrx_word' id='word_1_601' title='bbox 3645 5320 3659 5357; x_wconf 83' lang='grc'>;</span> 
     </span>
    </p>
   </div>
   <div class='ocr_carea' id='block_1_99' title="bbox 2217 5377 3777 5459">
    <p class='ocr_par' dir='ltr' id='par_1_99' title="bbox 2217 5377 3777 5459">
     <span class='ocr_line' id='line_1_100' title="bbox 2217 5377 3777 5459; baseline 0.008 -23"><span class='ocrx_word' id='word_1_602' title='bbox 2217 5385 2282 5436; x_wconf 81' lang='lat' dir='ltr'><strong>Ut</strong></span> <span class='ocrx_word' id='word_1_603' title='bbox 2306 5381 2530 5452; x_wconf 85' lang='lat' dir='ltr'><strong>possim</strong></span> <span class='ocrx_word' id='word_1_604' title='bbox 2560 5379 2834 5451; x_wconf 77' lang='lat' dir='ltr'><strong>quamvis</strong></span> <span class='ocrx_word' id='word_1_605' title='bbox 2855 5377 3262 5449; x_wconf 87' lang='lat' dir='ltr'><strong>pauperculus</strong></span> <span class='ocrx_word' id='word_1_606' title='bbox 3293 5396 3440 5437; x_wconf 89' lang='lat' dir='ltr'><strong>esse</strong></span> <span class='ocrx_word' id='word_1_607' title='bbox 3500 5404 3777 5459; x_wconf 68' lang='lat' dir='ltr'><strong>synergm</strong></span> 
     </span>
    </p>
   </div>
   <div class='ocr_carea' id='block_1_100' title="bbox 2215 5466 3793 5545">
    <p class='ocr_par' dir='ltr' id='par_1_100' title="bbox 2215 5466 3793 5545">
     <span class='ocr_line' id='line_1_101' title="bbox 2215 5466 3793 5545; baseline -0.003 -19"><span class='ocrx_word' id='word_1_608' title='bbox 2215 5468 2503 5526; x_wconf 91' lang='lat' dir='ltr'><strong>Omnibus</strong></span> <span class='ocrx_word' id='word_1_609' title='bbox 2534 5473 2620 5522; x_wconf 89' lang='lat' dir='ltr'><strong>est</strong></span> <span class='ocrx_word' id='word_1_610' title='bbox 2647 5482 2874 5522; x_wconf 88' lang='lat' dir='ltr'><strong>merces</strong></span> <span class='ocrx_word' id='word_1_611' title='bbox 2909 5483 2922 5531; x_wconf 88' lang='lat'><strong>;</strong></span> <span class='ocrx_word' id='word_1_612' title='bbox 2954 5466 3097 5537; x_wconf 86' lang='lat' dir='ltr'><strong>quia</strong></span> <span class='ocrx_word' id='word_1_613' title='bbox 3126 5482 3361 5538; x_wconf 85' lang='lat' dir='ltr'><strong>pensas</strong></span> <span class='ocrx_word' id='word_1_614' title='bbox 3394 5471 3556 5545; x_wconf 84' lang='lat' dir='ltr'><strong>ipse</strong></span> <span class='ocrx_word' id='word_1_615' title='bbox 3618 5479 3793 5537; x_wconf 70' lang='lat' dir='ltr'><strong>labores</strong></span> 
     </span>
    </p>
   </div>
   <div class='ocr_carea' id='block_1_101' title="bbox 2218 5553 3788 5627">
    <p class='ocr_par' dir='ltr' id='par_1_101' title="bbox 2218 5553 3788 5627">
     <span class='ocr_line' id='line_1_102' title="bbox 2218 5553 3788 5627; baseline 0.007 -14"><span class='ocrx_word' id='word_1_616' title='bbox 2218 5560 2553 5627; x_wconf 81' lang='lat' dir='ltr'><strong>Servorum,</strong></span> <span class='ocrx_word' id='word_1_617' title='bbox 2584 5556 2689 5627; x_wconf 88' lang='lat' dir='ltr'><strong>qui</strong></span> <span class='ocrx_word' id='word_1_618' title='bbox 2716 5572 2825 5611; x_wconf 86' lang='lat' dir='ltr'><strong>vos</strong></span> <span class='ocrx_word' id='word_1_619' title='bbox 2856 5553 3251 5611; x_wconf 87' lang='lat' dir='ltr'><strong>famulamine</strong></span> <span class='ocrx_word' id='word_1_620' title='bbox 3283 5557 3584 5623; x_wconf 88' lang='lat' dir='ltr'><strong>dulciter</strong></span> <span class='ocrx_word' id='word_1_621' title='bbox 3626 5569 3788 5627; x_wconf 66' lang='lat' dir='ltr'><strong>ardent</strong></span> 
     </span>
    </p>
   </div>
  </div>
