3888 6392
97 253 226 308 I293

882 373 966 428 VI.

129 485 197 538 In
225 483 796 548 Gerhardum,saxa
827 484 1113 539 atrociter
1139 498 1393 551 puerum
1420 485 1751 552 ferientem.

91 589 464 645 Gerdrudam
489 594 694 645 testem
713 589 986 656 facimus,
1004 589 1169 661 quod
1190 605 1406 660 nempe
1421 588 1757 644 Gerhardus

99 679 398 735 Fratribus
427 684 515 734 est
543 679 754 734 merito
783 694 1022 744 exosus,
1052 679 1196 750 quia
1222 678 1438 733 fecerat
1469 693 1650 732 ausus

95 767 390 824 Omnibus
423 767 671 838 invisos,
699 767 872 822 vobis
902 783 1024 822 non
1059 767 1239 833 digne
1271 766 1567 822 ferendos.

96 861 242 912 Nam
277 871 465 928 puero
496 862 706 912 nostro
737 856 1056 912 maledicto
1085 856 1232 911 forte
1265 861 1510 911 cruento

93 948 256 1001 Tunc
307 944 575 1016 lapidem
625 960 918 1014 magnum
987 945 1448 1018 comprendens,
1500 960 1569 1000 ac
1616 945 1759 1017 petit

1570 1033 1758 1104 [illum

163 1123 406 1178 Nutanti
435 1139 638 1192 cursu,
672 1124 774 1196 qui
805 1123 902 1177 vix
937 1140 997 1177 se
1029 1124 1322 1180 subtrahit
1347 1125 1488 1180 ictu.

90 1212 305 1269 Missile
338 1212 442 1267 sed
475 1228 689 1268 saxum
723 1213 1002 1267 manibus
1033 1229 1156 1269 non
1187 1219 1359 1270 caute
1393 1213 1665 1269 relictum

93 1301 390 1358 Stridendi
422 1303 619 1357 sonitu
654 1301 808 1356 male
829 1317 1081 1357 raucum
1115 1303 1296 1358 fertur
1325 1303 1384 1356 in
1416 1303 1683 1358 aethrem.

92 1391 356 1446 Vulnera
385 1407 509 1446 non
544 1392 826 1452 retinens,
866 1392 1162 1447 mittentes
1192 1393 1441 1447 verbera
1469 1408 1758 1464 spernens

91 1481 309 1547 .Ether,
343 1486 399 1536 et
431 1481 692 1536 immittit
722 1482 1074 1536 retinentem
1108 1481 1354 1538 vulnera
1386 1486 1638 1554 petram.

89 1570 292 1624 Collisi
319 1570 553 1643 lapides
585 1571 927 1642 multusque
960 1572 1252 1626 excutitur
1282 1571 1453 1639 ignis.

90 1659 440 1715 Concutitur
471 1675 679 1714 murus
711 1659 987 1732 lapidoso
1017 1677 1086 1714 ex
1121 1676 1338 1729 aggere
1365 1666 1640 1716 structus.

94 1747 376 1802 Miramur
407 1747 596 1802 solem
630 1749 864 1802 fuscum
897 1749 970 1803 de
1004 1748 1247 1819 pulvere
1279 1750 1521 1804 factum.

92 1837 400 1892 Turbatur
427 1837 665 1902 caelum,
698 1837 1046 1909 quatiautur
1072 1844 1294 1893 tartara
1324 1839 1631 1893 deorsum.

87 1927 180 1983 Sic
207 1926 396 2000 lupus
428 1927 751 1984 infaustam
802 1927 1147 1982 discindens
1179 1913 1442 1982 calcibus
1474 1928 1723 1984 herbam

89 2014 362 2070 Conci'tat
383 2014 443 2068 in
465 2020 708 2068 Ventum
735 2014 960 2068 nubem
993 2032 1130 2069 cum
1163 2017 1478 2087 aspergine
1498 2016 1758 2071 densum

91 2103 438 2158 Obscurans
468 2104 710 2158 oculum
743 2105 1000 2175 pastoris
1031 2105 1276 2176 pulvera
1309 2106 1548 2174 fartum,

93 2196 171 2247 Ne
202 2196 407 2247 custos
439 2191 686 2263 pecudis
717 2191 877 2246 mala
906 2193 1119 2248 sentiat
1145 2198 1276 2248 acta
1308 2193 1574 2249 furentis.

91 2281 261 2336 Haud
293 2296 464 2334 secus
496 2280 795 2334 insontem
830 2296 1085 2352 puerum
1113 2298 1439 2337 causamur
1463 2283 1756 2337 inermem

90 2373 287 2435 Quam
319 2370 364 2423 si
391 2369 678 2441 dispersis
709 2369 924 2424 ovibus
953 2370 1218 2441 rapiatur
1251 2377 1307 2426 et
1335 2387 1548 2442 agnus,

94 2464 358 2528 lgnavus
385 2475 521 2514 cum
554 2459 808 2532 pastoris
838 2461 1178 2516 discesserit
1207 2477 1414 2517 ausus.

93 2548 185 2604 Sic
216 2564 330 2604 nos
360 2555 630 2620 pastores
657 2549 792 2604 falsi
823 2552 1147 2605 retinemus
1179 2551 1479 2606 alumnos.

91 2641 254 2693 Tunc
286 2653 430 2706 ergo
462 2639 576 2693 sub
607 2638 736 2693 falsi
769 2640 1022 2710 pastoris
1053 2641 1298 2695 nomine
1330 2641 1506 2695 nauci

97 2728 399 2799 Linquens
417 2727 720 2797 agnellum
741 2733 1182 2792 tenerum,mox
1209 2730 1377 2784 hoste
1406 2730 1750 2785 tenendum.

89 2817 224 2872 Tale
256 2817 484 2888 aliquid
516 2818 801 2889 quisnam
831 2824 1032 2889 posset
1060 2820 1333 2887 cogitate,
1366 2820 1530 2891 quod
1564 2824 1721 2875 esset

94 2910 154 2960 In
186 2906 470 2972 claustro,
503 2906 700 2978 lapide
725 2908 1005 2961 obstruso
1037 2908 1197 2964 mala
1228 2909 1417 2963 bestia
1449 2908 1657 2975 lustro,

92 2997 246 3050 Dum
279 2997 616 3052 monachile
647 3013 827 3068 pecus
856 2998 1117 3069 patiatur
1149 3004 1414 3070 tempore
1444 2998 1616 3054 tellus
1645 2999 1672 3052 ‘2

93 3084 192 3139 Hic
223 3085 402 3157 lupus
433 3101 649 3140 exosus
677 3087 834 3140 venit
867 3087 940 3140 de
974 3088 1216 3142 cardine
1241 3087 1466 3159 lapsus,

91 3177 222 3239 Quo
246 3175 406 3230 fures
430 3181 762 3246 penetrant,
791 3183 1069 3242 mactent,
1093 3183 1148 3232 et
1169 3183 1233 3232 ut
1261 3178 1465 3234 omnia
1484 3178 1754 3250 perdant.

96 3265 185 3318 Sic
209 3280 322 3320 nos
351 3266 409 3318 in
443 3270 565 3320 tuta
593 3266 766 3337 positi
800 3267 1066 3321 convalle
1100 3268 1284 3322 salicti

98 3355 375 3408 Fetnram
405 3354 653 3425 pecudis
690 3356 878 3409 securi
909 3355 1186 3426 pellimus
1219 3373 1413 3411 arcus.

93 3441 182 3497 Sic
207 3441 389 3513 lupus
417 3447 701 3497 extensus
733 3443 1052 3498 meditatur
1085 3445 1285 3500 tollere
1317 3446 1529 3514 vellus,

93 3532 209 3586 Ora
235 3535 481 3586 cruenta
511 3533 746 3602 premit,
780 3532 1030 3603 stipulas
1062 3549 1136 3587 ne
1163 3535 1355 3588 turbet
1385 3533 1636 3589 anhelus

95 3619 462 3675 Horrescunt
489 3620 664 3686 lanae,
699 3621 748 3674 si
782 3622 930 3676 fetor
961 3623 1171 3692 perflat
1202 3623 1278 3677 ad
1319 3623 1468 3677 illas.

92 3709 316 3763 Omnes
346 3710 716 3781 prendamus
746 3710 996 3783 lapides,
1026 3711 1323 3782 lapidetur
1352 3717 1409 3766 et
1438 3713 1646 3779 hostis,

95 3797 339 3852 Finibus
367 3798 651 3871 expulsus
679 3799 929 3853 canibus
961 3800 1374 3854 mordentibus
1407 3801 1560 3854 acris

91 3887 357 3956 Longius
383 3888 669 3960 expulsus
708 3889 965 3960 patiatur
997 3889 1245 3944 vulnera
1277 3889 1484 3944 fessus.

89 3975 240 4030 Huic
277 3975 358 4030 sic
391 3976 682 4031 damnato
714 3982 1055 4049 repetamus
1088 3978 1389 4045 gressibus
1415 3978 1648 4033 urbem.

88 4063 462 4120 Claudamus
489 4070 712 4137 portas,
741 4066 1054 4120 firmemus
1087 4067 1354 4121 vectibus
1386 4066 1576 4136 aulas,

84 4157 166 4208 Ne
198 4153 486 4227 deinceps
518 4155 674 4210 ullus
705 4156 1044 4225 confringet
1073 4157 1146 4211 de
1178 4156 1416 4212 Ossibus
1448 4173 1622 4212 ursus

84 4242 370 4299 Discedat
398 4244 608 4316 procul
629 4260 808 4300 omne
831 4260 1232 4317 genus,pecus
1251 4253 1430 4318 atque
1457 4246 1752 4318 lupinum.

83 4332 150 4387 1n
178 4332 362 4388 nobis
390 4339 596 4404 regnet
628 4334 892 4390 Christus
921 4337 1072 4389 Deus
1101 4337 1226 4408 ipse
1257 4336 1575 4405 benignus,

85 4421 269 4476 Filius
302 4427 359 4478 et
388 4423 591 4490 Patris,
629 4424 857 4496 pepulit
893 4425 997 4496 qui
1031 4425 1279 4480 vulnera
1310 4427 1538 4481 mortis.

83 4510 345 4584 Spiritus
371 4513 694 4569 amborum
720 4520 1031 4570 conservet
1059 4519 1211 4570 tecta
1241 4515 1583 4571 domorum.

868 4644 979 4696 νη.

260 4746 360 4802 Ad
389 4747 734 4805 Liutoldum
767 4750 1102 4820 episcopum
1140 4751 1582 4820 Augustanum.

81 4852 297 4910 Frater
326 4855 752 4911 Froumundus
793 4857 1064 4913 Liutoldo
1094 4857 1255 4914 mille
1288 4858 1506 4915 salutes

85 4943 153 4995 Et
182 4946 344 5013 quot
373 4959 533 5000 nunc
566 4945 731 5001 terris
761 4951 1078 5015 emergunt
1101 4947 1356 5003 ﬂoscula
1381 4948 1627 5004 cunctis.

869 5073 1004 5126 Vlll.

330 5175 720 5246 Epitaphium
754 5178 786 5231 Ι
790 5177 914 5232 lisa?
943 5194 1044 5234 seu
1074 5179 1256 5234 Elisa’
1288 5180 1516 5235 matris.

78 5281 207 5336 Hoc
239 5279 480 5356 silicum
510 5282 742 5338 tumulo
768 5283 929 5356 jacet
959 5285 1110 5354 llisa,
1147 5302 1393 5358 corpore
1421 5285 1642 5342 functa.

151 5369 374 5430 Invida
397 5387 562 5428 mors
591 5373 812 5446 rapuit,
841 5375 1004 5447 quod
1047 5375 1158 5430 sibi
1189 5375 1309 5432 vita
1340 5375 1464 5431 fuit.

78 5460 304 5524 Littera
335 5461 384 5516 si
413 5461 687 5529 abfuerit,
720 5479 906 5536 quam
939 5465 1220 5522 simmam
1249 5465 1485 5537 [sigma]
1532 5464 1752 5523 Graecia

1565 5555 1748 5625 [dicit,

150 5641 261 5698 llia
288 5656 519 5697 nomen
557 5641 682 5710 erit,
717 5647 779 5698 ut
807 5658 995 5712 genus
1027 5645 1282 5702 edocuit.

78 5729 336 5787 Funeris
365 5729 725 5807 obsequium
751 5737 886 5806 post
913 5733 1135 5792 multos
1165 5735 1304 5792 huic
1336 5731 1470 5790 facit
1499 5746 1692 5786 annos

1585 245 2005 308 POEMATICA.

1783 377 1827 425 Α

1781 3084 1827 3138 .C

3372 262 3390 313 l
3413 261 3516 314 294

1943 369 2114 424 Filius
2157 388 2290 427 ecce
2323 390 2468 430 suus
2500 375 2921 432 Froumundus
2948 378 3303 436 monachus.

1867 460 2201 516 Dulichium
2234 463 2437 531 genuit
2477 470 2696 535 patres,
2736 469 2791 520 et
2820 467 2994 530 Troia
3020 467 3270 538 priores,

1938 551 2044 615 Qui
2075 549 2241 604 locus
2267 552 2379 607 hoc
2413 570 2630 627 corpus
2669 554 2764 610 hic
2798 556 2938 625 tegit
2963 556 3236 628 exiguus.

1867 641 1991 694 Non
2018 639 2150 693 unis
2177 640 2334 696 hanc
2366 642 2620 700 formam
2662 644 2794 700 fecit
2833 662 2978 714 gens
3005 662 3136 702 esse
3171 649 3522 721 secundam,

1936 727 2025 781 Sic
2057 728 2255 799 posuit
2281 730 2473 802 terris,
2500 748 2652 804 quas
2686 740 2948 806 superet,
2981 735 3247 812 reliquis.

1869 815 2097 889 Littera,
2159 835 2345 890 quam
2403 823 2599 876 cornis
2647 824 2790 895 petit
2841 829 2904 880 ut
2953 825 3230 898 precibus
3291 844 3525 886 memor

3385 919 3520 989 [eris

1939 999 2213 1071 Corporis
2245 1005 2422 1071 atque
2459 1001 2696 1067 animae,
2729 1019 2851 1074 quo
2897 1009 3133 1060 maneat
3161 1007 3448 1079 requiem.

1867 1087 2050 1141 Mente
2083 1089 2323 1146 revolve
2349 1089 2527 1145 simul
2554 1092 2717 1162 quod
2751 1096 2813 1147 tu
2835 1093 3186 1164 peregrinus
3217 1099 3273 1150 et
3301 1097 3437 1151 exul

1939 1175 2040 1230 His
2069 1177 2276 1247 jaceas
2311 1179 2476 1234 terris
2508 1181 2794 1252 expulsus
2826 1183 3102 1254 propriis.

1866 1266 2240 1340 Quapropter
2269 1267 2488 1342 pariter
2516 1285 2684 1340 rogo,
2720 1286 2934 1342 poscas
2961 1288 3099 1328 cum
3132 1288 3328 1342 prece,
3349 1275 3525 1330 frater

1940 1356 2006 1409 Ut
2037 1355 2146 1410 sibi
2173 1361 2529 1429 perpetuam
2558 1375 2720 1414 nunc
2751 1360 2969 1416 tribuat
2993 1361 3270 1433 patriam.

1870 1445 1933 1500 Et
1963 1459 2072 1498 nos
2102 1463 2239 1500 cum
2274 1447 2446 1501 venia
2478 1447 2653 1502 simili
2684 1449 2974 1520 perducat
3003 1449 3082 1505 ad
3114 1456 3275 1508 astra

1940 1534 2049 1598 Qui
2081 1539 2334 1592 mortem
2369 1543 2630 1608 superat,
2665 1542 2720 1593 et
2751 1538 2913 1595 bona
2943 1544 3156 1595 cuncta
3188 1548 3378 1612 parat,

1868 1623 2057 1677 Tertia
2085 1639 2348 1696 namque
2389 1624 2514 1680 dies
2548 1626 2816 1681 Octobris
2849 1627 3121 1700 adusque
3153 1630 3453 1690 Kalendas

1939 1711 2192 1769 Abstulit
2222 1731 2252 1768 e
2288 1714 2476 1770 saeclis
2511 1716 2769 1772 reddidit
2793 1722 2849 1773 et
2873 1720 3129 1790 Superis.

2657 1845 2736 1897 ΙΧ.

2085 1945 2151 1998 [η
2183 1944 2502 2002 adventum
2530 1949 2805 2004 Heinrici
2827 1950 2993 2005 ducis
3023 1953 3306 2021 Bojaria’.

1791 1731 1831 1783 B

1864 2067 2043 2122 Dulce
2071 2083 2280 2137 genus,
2313 2071 2508 2142 proles
2541 2072 2877 2144 priscorum
2905 2076 3424 2149 sceptrigerorum,

1869 2155 2056 2223 Salve,
2089 2163 2380 2230 perpetuo
2411 2160 2617 2232 patriae
2647 2178 2767 2234 pax
2799 2162 3014 2234 inclyte
3046 2165 3344 2240 princeps.

1941 2245 2136 2300 Dulce.

1870 2336 1944 2387 De
1978 2334 2230 2389 summis
2265 2338 2436 2406 Deus,
2478 2337 2608 2412 ipse
2641 2338 2756 2394 tuis
2782 2340 2910 2411 jam
2942 2341 3168 2414 respice
3201 2343 3382 2415 caelis,

1937 2422 2135 2478 Dulce.

1869 2515 1931 2566 Et
1961 2511 2082 2566 dux
2112 2531 2240 2568 esse
2273 2515 2441 2570 ducis
2479 2515 2766 2587 digneris,
2804 2518 2973 2590 cinge
3006 2520 3341 2592 triumphis.

1867 2604 2173 2672 Sperniate
2193 2619 2297 2674 per
2327 2604 2542 2660 celebri
2574 2606 2768 2661 veniit
2795 2606 2896 2662 tibi
2924 2613 3127 2664 sancte
3155 2609 3412 2682 Quirine,

1865 2689 2162 2746 Nobilium
2195 2692 2429 2762 genitUs
2459 2693 2531 2748 de
2557 2699 2871 2751 stemmate
2903 2697 3280 2770 patritiorum

1939 2780 2134 2836 Dulce.

1865 2872 2146 2926 Henricus
2181 2872 2301 2927 dux
2335 2890 2470 2928 ecce
2501 2872 2655 2946 pius,
2686 2875 3088 2950 princepsque
3121 2893 3392 2946 serenus,

1865 2961 2202 3033 Praecipuus
2236 2963 2444 3038 populi
2475 2963 2752 3019 defensor
2783 2966 2972 3035 gentis
3002 2971 3058 3021 ct
3079 2971 3304 3024 auctor.

1941 3050 2136 3106 Dulce.

1870 3140 2116 3212 Suscipe
2163 3140 2501 3208 clementer,
2540 3143 2642 3214 qui
2675 3147 2747 3210 te,
2782 3144 3119 3200 venerande
3151 3151 3448 3217 verentur,

1869 3231 2152 3302 Exquirit,
2188 3232 2548 3304 veniamque
2582 3232 2694 3289 sibi
2725 3238 2777 3288 te
2809 3234 3058 3291 reddere
3089 3236 3290 3292 credit.

1941 3320 2118 3376 Dulce
2151 3338 2362 3392 genus.
3189 3374 3196 3385 .

1870 3413 1912 3464 O
1937 3410 2188 3477 juvenes
2221 3427 2329 3464 vos
2361 3410 2617 3466 infantes
2651 3413 2967 3483 cunctique
2998 3413 3250 3480 veloces,

1868 3499 2090 3552 Currite
2123 3499 2412 3568 certatim,
2444 3515 2551 3553 vos
2582 3499 2677 3553 hic
2708 3516 3068 3572 praecurrere
3100 3502 3344 3558 cursim.

1939 3588 2136 3642 Dulce.

1868 3675 2071 3731 Dulcia
2104 3675 2416 3730 laudantes
2450 3693 2797 3732 resonemus
2837 3677 3125 3748 carmina,
3159 3678 3366 3735 fratres
3400 3699 3413 3736 :

1870 3769 1993 3820 Dux
2025 3767 2371 3822 benedictus
2400 3768 2512 3823 eris
2544 3786 2649 3840 per
2681 3769 2920 3838 saecula,
2953 3774 3148 3824 macte
3178 3770 3520 3844 triumphis.

1941 3856 2135 3910 Dulce.

1863 3950 1989 4002 Huc
2022 3947 2231 4020 trepidi
2259 3953 2501 4002 currant
2532 3948 2795 4004 inclinati
2831 3949 3109 4021 silicerni,

1866 4036 1921 4090 Si
1952 4053 2075 4091 non
2104 4036 2445 4104 confestim,
2479 4042 2674 4093 tamen
2707 4038 2786 4094 ad
2813 4039 3155 4110 spectacula
3187 4040 3427 4098 sensim.

1943 4127 2139 4183 Dulce.
2909 4179 2913 4188 .

1869 4217 2117 4273 Cursitet
2147 4233 2325 4272 omne
2357 4234 2566 4286 genus,
2601 4218 2695 4273 cui
2722 4219 2940 4288 linguae
2975 4219 3190 4274 sufﬁcit
3218 4236 3384 4292 usus,

1868 4306 2134 4362 Mirando
2161 4305 2385 4374 laudet,
2410 4323 2593 4379 quem
2629 4323 2943 4380 nunquam
2977 4309 3206 4364 viderat
3233 4309 3380 4363 istic.

1840 4453 1844 4457 _
1942 4394 2136 4449 Dulce.

1786 4441 1829 4506 β
1868 4483 2117 4556 Sepibus
2143 4482 2396 4539 infantes
2428 4483 2778 4557 appendant
2810 4499 3064 4555 corpora
3095 4500 3280 4556 parva

1869 4571 2140 4629 Culmina
2172 4588 2277 4627 seu
2308 4572 2604 4628 scandant
2630 4576 2942 4642 tectorum,
2976 4579 3040 4629 ut
3071 4574 3211 4629 talia
3255 4579 3522 4630 cernant.

1941 4661 2138 4717 Dulce.

1869 4751 2105 4808 Furcosi
2137 4752 2378 4806 veniant
2407 4751 2498 4806 his
2530 4751 2838 4808 montibus
2870 4752 3138 4826 undique
3169 4751 3325 4807 cervi

1867 4841 2136 4914 Rupibus
2168 4847 2224 4896 et
2257 4841 2494 4897 silicum
2527 4846 2750 4914 spectet
2782 4857 2972 4911 genus
3000 4858 3178 4898 omne
3205 4843 3485 4898 ferarum.

1937 4929 2135 4985 Dulce.

1862 5017 2219 5087 Truncigeni
2245 5017 2419 5085 cives,
2447 5033 2759 5072 muscosas
2791 5017 3000 5073 solvite
3032 5020 3244 5072 vestes.

1862 5111 2132 5179 Purpura
2154 5106 2451 5180 portanda
2481 5110 2569 5162 est
2591 5105 2683 5162 his
2715 5105 2874 5161 silvis
2906 5105 3072 5178 prole
3102 5106 3324 5174 togata.

1937 5196 2134 5252 Dulce.

1865 5285 2170 5353 ὃίὶνὶοοιεε,
2203 5299 2309 5340 vos
2335 5284 2571 5354 ignotos
2599 5283 2737 5340 huic
2769 5283 3030 5356 spargite
3061 5288 3285 5355 tyrsos,

1861 5378 2023 5442 Quas
2053 5376 2114 5432 in
2141 5375 2368 5430 honore
2394 5391 2505 5430 suo
2532 5373 2764 5447 poterit,
2795 5373 2934 5448 quis
2961 5374 3226 5447 proferat
3250 5373 3421 5431 odas.

1933 5464 2132 5520 Dulce.

1858 5551 2037 5608 Dicite
2069 5570 2080 5606 :
2115 5549 2361 5608 Salveris
2388 5550 2513 5606 dux
2544 5555 2600 5608 et
2628 5551 2946 5610 fortissime
2973 5553 3184 5622 gentis,

1858 5642 2156 5714 ’lempora
2184 5639 2375 5698 multa
2405 5639 2568 5696 salus
2597 5647 2844 5698 maneat
2873 5643 2979 5701 tibi
3006 5643 3239 5700 reddita
3267 5642 3416 5699 vitae.

1859 5731 2016 5787 Inter
2041 5748 2143 5786 vos
2170 5729 2423 5786 volitans
2455 5730 2603 5786 mihi
2634 5732 2902 5804 pennula
2927 5733 3130 5790 stridet
3155 5731 3469 5799 anhelans,
