3944 6380
404 255 541 309 I295
1412 247 1822 305 FROUMUNDI
1865 245 2269 304 C(ENOBITE
2307 249 2846 307 TEGERNSENSIS.
3726 254 3857 308 I296

401 378 561 431 Dans
589 376 648 430 et
693 388 900 431 amore
927 387 1096 428 meos
1126 370 1488 444 perparvula
1518 386 1729 426 musca
1770 386 2066 427 susurros.
2109 376 2156 429 Α
2189 370 2377 441 Salve,
2405 372 2529 428 dux
2559 373 2851 441 Heinrice,
2886 374 3001 431 tuis
3023 373 3234 431 dilecte
3272 374 3549 448 popellis,

1207 408 1335 444 ιμιιι
1357 408 1488 427 ιυια
1518 408 1729 426 quahu
1771 408 2066 427 ῦυδυιιυῠο
2109 408 2156 429 η
2189 408 2377 441 υιμνῐα,
2405 408 2529 428 υιιΔ
2560 408 2851 441 ιιῠιυιιυῦ,
2889 408 3001 431 buxa
3023 408 3234 431 υιιῠυιῠ
3272 408 3549 448 μυγῠιιιδ,

1207 480 1267 533 χ,
2258 462 2344 517 Tu
2365 477 2579 533 regum
2610 463 2829 537 proles,
2862 467 2928 519 tu
2957 479 3205 536 quoque
3233 468 3467 537 sceptra
3494 468 3684 520 tenes.
3939 408 3944 559 i

433 572 534 629 Ad
562 572 852 629 eumdem.
885 570 1188 624 Precatur
1215 568 1488 637 faustum
1522 568 1637 624 iter
1665 574 1718 624 et
1750 567 2033 625 reditum.
2185 549 2389 608 ΝυΠιιε
2421 556 2475 609 te
2502 568 2715 623 regum
2747 552 3131 609 transcendet
3157 557 3384 610 ίθιτθιιδ
3416 569 3715 626 unquam,

433 606 531 629 au
562 606 852 629 σιυηιιωη.
885 606 910 624 ι
942 606 956 623 1
978 606 1169 624 υυωιυυι
1215 606 1488 637 [unauna
1524 606 1618 624 ιιυι
1665 606 1718 624 ω.
1751 606 1765 623 1
1786 606 1987 625 υωινυιιι

399 664 554 718 Gens
585 658 867 716 habitans
897 656 1077 730 Alpes
1105 655 1213 712 tibi
1243 654 1516 729 mandat,
1549 656 1797 727 domne,
1830 655 1988 713 salut

2430 606 2468 609 η
2506 606 2714 623 κ-υ--
2754 606 3127 609 HiHi—wn
3426 606 3715 626 ν-ιηηη

2253 640 2486 698 Viribus
2513 647 2571 697 et
2599 642 2817 711 socius,
2852 642 3071 698 nobilis
3098 648 3278 715 atque
3307 643 3463 715 pius.
3939 606 3944 675 1

466 748 717 806 Maxime
752 745 1197 815 Froumundus,
1221 744 1327 818 qui
1349 746 1513 819 rupit
1536 762 1666 801 esse
1695 750 1853 801 tuus.
2182 730 2440 799 Moribus
2471 735 2529 787 et
2552 731 2713 787 mitis
2739 736 2862 787 ιοΐο
2895 731 3083 805 P0nes
3104 748 3348 804 quoque
3381 732 3561 802 Ϊθιοίοι

397 841 591 904 Quam
620 836 966 909 lacrymosa
997 834 1115 891 tuis
1144 834 1430 890 insistunt
1462 838 1735 908 tempora
1766 834 1950 891 servis
1984 834 1996 889 !
2190 908 2205 909 η
2254 819 2378 876 Hoc
2407 819 2586 876 ῗᾶείθῖ
2615 820 2926 891 Domini“,
2955 820 3154 894 POSSis
3181 825 3247 878 ut
3276 838 3408 877 esse
3442 838 3606 877 SUUS-

469 926 715 983 Decedis
746 908 963 999 patria,
997 923 1145 997 quid
1176 927 1316 979 sunt
1344 939 1532 993 regna
1566 927 1667 979 tua
1697 924 1724 979 ?
2182 908 2478 999 Regnanti
2512 910 2765 999 Domino
2796 909 2873 966 sit
2898 909 3033 966 laus
3064 926 3175 983 pro
3207 910 3478 983 principe
3510 914 3719 967 nostro
3753 927 3768 965 :

396 1020 546 1075 Cum
579 998 761 1090 pater
776 1015 918 1072 hinc
950 1014 1190 1082 transis,
1218 1013 1524 1086 orphellus
1550 1013 1618 1069 ﬁt
1640 1029 1792 1087 puer
1820 1012 2019 1069 omnis
2198 1088 2208 1090 Α
2250 998 2341 1054 Ad
2364 998 2677 1090 Propriam
2704 999 2909 1055 sedem
2941 999 3197 1056 duxerat
3226 999 3614 1090 ίηϐοιυωθως

469 1087 846 1178 Sis—precor,
878 1103 939 1159 in
974 1117 1183 1173 regn0,
1209 1100 1354 1174 dux,
1390 1116 1700 1172 generose,
1726 1104 1851 1158 tuo.
2181 1087 2456 1178 Carmine
2484 1088 2745 1161 quisque
2776 1104 2886 1144 suo
2917 1092 3098 1144 certet
3123 1104 3477 1178 concurrere
3508 1088 3768 1162 pulchro

396 1193 485 1251 Nil
514 1176 653 1251 mea
679 1194 805 1250 vita
834 1192 1012 1261 valet,
1046 1191 1094 1247 si
1125 1207 1249 1247 non
1288 1196 1342 1247 te
1371 1207 1609 1264 semper
1633 1191 1879 1265 adoptet
1911 1208 1924 1246 :
2252 1176 2546 1265 cordibus
2575 1178 2774 1234 omnis
2804 1193 2998 1246 amor,
3026 1193 3174 1234 voce
3205 1177 3425 1234 feretur
3451 1178 3666 1235 honor.
3940 1206 3944 1261 ι

467 1286 616 1340 Cum
643 1285 826 1354 caput
848 1280 1132 1349 abfueris,
1166 1284 1308 1336 tunc
1339 1297 1451 1352 ego
1479 1285 1728 1337 truncus
1750 1264 1875 1337 ero,
2178 1264 2438 1335 Longior
2466 1265 2596 1338 ipse
2628 1265 2756 1321 dies
2784 1266 3174 1322 transcendat
3202 1265 3429 1323 lumine
3452 1272 3686 1336 noctes,

395 1374 452 1429 Si
497 1372 741 1446 poteris,
791 1387 1043 1445 possum
1074 1388 1087 1426 :
1138 1370 1188 1427 si
1235 1387 1381 1435 non,
1429 1370 1670 1444 penitus
1706 1385 1953 1445 quoque
1986 1367 2071 1425 nil
2249 1359 2507 1429 Tempus
2535 1362 2599 1412 ut
2623 1373 2800 1413 omne
2829 1358 3027 1413 modis
3049 1358 3211 1413 hunc
3235 1361 3414 1413 canat
3441 1357 3856 1430 hymnisonis.

1878 1460 2065 1531 [sum
2180 1448 2374 1503 Ducas
2408 1447 2503 1519 [et]
2535 1446 2770 1517 laudes,
2800 1452 3128 1519 noctesque
3159 1447 3407 1520 diesque
3438 1452 3721 1503 canentes
3751 1465 3767 1502 :

466 1556 547 1609 Ne
578 1551 743 1608 mala
773 1551 1148 1622 contingant,
1182 1554 1234 1607 ιε
1265 1567 1402 1607 mea
1426 1551 1549 1606 vita
1578 1549 1740 1624 petit.
2174 1582 2179 1587 .
2249 1535 2443 1592 Verba
2472 1541 2687 1592 sonent
2714 1537 3015 1602 homines,
3049 1552 3280 1607 organa
3309 1536 3485 1610 pulsa
3507 1552 3713 1592 sonos.

396 1642 512 1699 Sed
537 1642 738 1715 potius
769 1656 1002 1714 precor,
1030 1646 1096 1696 ut
1124 1655 1363 1713 pergas,
1391 1641 1523 1711 jam
1552 1638 1793 1713 despice
1832 1654 2027 1696 curas.
2178 1625 2501 1715 contremit
2532 1642 2576 1715 ap
2598 1626 2797 1681 δοῐιίῑιι
2828 1625 3052 1715 telluris
3079 1627 3352 1715 318311118
3382 1626 3592 1694 1110185.

466 1713 758 1805 Prospera
772 1713 1001 1787 cuncta
1030 1730 1147 1786 tuis
1174 1729 1496 1786 advenient
1515 1728 1776 1803 populis.

2248 1717 2435 1779 Quem
2466 1713 2694 1770 faciunt
2725 1714 2956 1787 populi,
2979 1714 3346 1788 lepidulique
3367 1714 3553 1770 chori.

394 1803 690 1893 Egredere
721 1821 799 1878 ad
832 1826 1040 1892 gentes
1067 1820 1158 1877 vir
1187 1820 1475 1877 virtutum
1515 1819 1815 1893 sapienter
1846 1836 1860 1874 ;
2177 1805 2326 1863 Cum
2371 1803 2629 1859 ducibus
2668 1804 2735 1859 fit
2787 1820 3118 1860 concursus
3158 1804 3369 1877 populi
3400 1804 3669 1877 undique
3717 1822 3855 1862 ma-

467 1914 660 1968 Laetus
690 1910 1099 1967 enim'transis
1129 1910 1317 1966 laetior
1344 1909 1483 1965 inde
1515 1908 1702 1965 venis.
3500 1930 3503 1949 ρ
3632 1896 3847 1964 [gnus,

392 2004 461 2057 Et
483 2016 707 2058 nomen
741 2000 847 2056 tibi
889 1999 1250 2073 praeclarum
1282 2002 1455 2067 Deus,
1490 2002 1700 2055 auctor
1735 1997 2063 2066 honorum,
2246 1983 2357 2051 Ουί
2386 1983 2652 2055 Eandem
2681 1986 2941 2057 Patriam
2972 1988 3025 2039 te
3056 1998 3324 2039 remeare
3355 1989 3539 2039 tuam.

466 2089 609 2146 Inde
640 2088 1079 2163 reportandum
1104 2088 1205 2144 det
1235 2104 1418 2161 super
1448 2088 1792 2161 imperium,
2173 2074 2520 2143 Francigeni
2549 2073 2706 2129 cives
2738 2078 3011 2145 spectant
3042 2078 3094 2129 te
3127 2077 3364 2145 pectore
3397 2073 3591 2140 mites,

394 2180 463 2234 Et
491 2181 737 2234 narrent
766 2176 995 2233 famam
1022 2180 1209 2233 totam
1239 2192 1348 2249 per
1377 2175 1810 2249 posteritatem,
2245 2163 2477 2220 Viribus
2509 2163 2769 2220 ulldaces
2799 2180 2811 2217 ε
2836 2178 2976 2218 nam
3010 2168 3109 2219 tua
3138 2163 3474 2235 progenies.

466 2266 579 2333 Qui
607 2281 733 2323 non
760 2270 900 2323 sunt
927 2265 1074 2328 nati,
1107 2265 1222 2321 sint
1247 2281 1513 2322 meror-es
1543 2264 1756 2320 meriti.
2171 2251 2440 2308 Perﬁdus
2468 2268 2541 2308 en
2573 2251 2791 2307 nostris
2818 2250 3085 2307 abscedit
3111 2250 3338 2307 ﬁnibus
3365 2252 3553 2307 hostis
3586 2269 3599 2306 :

395 2357 577 2414 Dicite
604 2357 891 2414 concordi
922 2357 1276 2413 comitantes
1304 2373 1451 2412 voce
1481 2354 1704 2430 popelli
1735 2372 1748 2409 :
2243 2345 2290 2397 Ιῐ
2316 2341 2497 2413 lupus
2524 2341 2586 2397 in
2616 2340 2837 2412 sylvas,
2871 2339 3091 2395 deserit
3118 2339 3391 2430 insidias.

464 2446 667 2503 Deduc
696 2446 1085 2516 incolumem,
1120 2450 1182 2501 tu
1209 2448 1365 2502 Deus
1391 2445 1568 2513 alme,
1598 2444 1840 2501 ducem.
2171 2432 2521 2488 Barbaricas
2551 2436 2757 2502 gentes
2793 2430 2895 2486 tibi
2927 2430 3159 2496 subdis,
3190 2429 3361 2486 haud
3394 2429 3558 2485 timet
3585 2430 3767 2500 ullus,

390 2534 656 2607 Angelici
688 2535 847 2592 cives
880 2534 1224 2591 Heinricum
1254 2534 1452 2591 ducite
1479 2518 1691 2590 sancti'
2240 2520 2529 2592 Agricolae
2556 2520 2838 2593 psallunt,
2871 2519 3037 2592 quod
3066 2518 3282 2592 placet,
3306 2519 3419 2575 hoc
3442 2519 3689 2576 faciunt.

462 2627 569 2680 per
592 2627 875 2681 cunctam
907 2623 1211 2695 gradiens,
1244 2639 1432 2696 quam
1456 2622 1616 2678 subit
1647 2622 1775 2695 ipse
1801 2620 1985 2677 viam,
2168 2613 2351 2666 Arma
2374 2610 2596 2681 jacent,
2627 2614 2683 2664 et
2709 2612 2878 2664 scuta
2912 2608 3101 2675 silent,
3128 2614 3182 2663 te
3213 2607 3481 2680 principe
3506 2624 3624 2680 pax
3653 2615 3765 2676 est,

393 2713 666 2783 Salveris,
690 2712 1055 2786 juvenisque
1088 2712 1193 2784 tui,
1227 2717 1578 2785 cunctaeque
1603 2709 1963 2784 phalanges.
2240 2699 2446 2756 Nullus
2472 2699 2551 2755 ab
2579 2699 2847 2755 adversis
2878 2715 2988 2753 nos
3018 2698 3163 2770 petit
3188 2697 3437 2753 insidiis.

459 2806 601 2870 Qua;
630 2808 829 2860 tecum
857 2804 1081 2877 pariter
1110 2802 1285 2859 dulce
1314 2803 1525 2873 legunt
1545 2806 1602 2858 et
1629 2802 1760 2858 iter,
2166 2789 2554 2861 Dulcigenam
2573 2788 2647 2844 de
2673 2794 2724 2844 te
2748 2788 3026 2877 cupimus
3050 2803 3295 2877 quoque
3313 2802 3554 2877 cernere
3578 2787 3840 2861 prolem,

385 2896 593 2965 Perge,
620 2893 785 2950 salus
809 2875 1030 2949 nostra;
1062 2892 1399 2965 gentisque,
1427 2896 1721 2948 revertere
1752 2889 1952 2946 salvus
2238 2878 2419 2951 Spem
2444 2877 2682 2943 Ποεῒνίεν
2720 2876 2983 2932 validam
3012 2875 3274 2931 barbara
3306 2880 3479 2944 εθηιθ
3512 2875 3743 2945 fugam-

387 2964 740 3052 Regnorum
769 2986 963 3038 rector
992 2981 1071 3037 sis
1102 2964 1558 3054 destructorque
1587 2979 1911 3037 malorum.
2169 2967 2253 3025 Sit
2281 2972 2384 3022 tua
2414 2966 2731 3038 progenies
2762 2970 2962 3020 noster
3002 2969 3054 3020 te
3076 2964 3355 3054 principe
3386 2965 3685 3037 princeps,

463 3068 550 3125 Sis
574 3069 752 3125 timor
778 3069 1034 3136 insidiis,
1063 3084 1186 3141 pax
1210 3052 1501 3125 mansura
1531 3068 1666 3124 tuis.
2094 3094 2134 3151 Ο
2172 3150 2209 3151 Π
2236 3059 2553 3151 Possessor
2585 3054 2737 3151 solii,
2771 3059 2963 3151 rector
2989 3058 3046 3151 et
3070 3052 3324 3151 imperii.

387 3161 584 3214 Aurea
608 3173 875 3231 namque
906 3162 1073 3214 tuam
1100 3157 1363 3213 deducat
1391 3158 1604 3213 semita
1630 3156 1838 3225 vim,
1970 3174 1974 3178 ’
2101 3143 2133 3151 “
2169 3150 2363 3220 Usque
2386 3147 2501 3202 huc
2524 3145 2849 3215 gaudendo
2870 3161 2985 3199 vox
3012 3143 3836 3213 dux,midomne,canebam:

461 3248 585 3304 Pax
615 3246 789 3303 saliat
811 3245 1120 3314 membriS,
1151 3245 1375 3317 gaudia
1400 3245 1518 3302 sint
1542 3244 1784 3303 animis.
2174 3280 2177 3283 .
2237 3234 2515 3290 Lusimus
2545 3232 2885 3305 omnigenis
2916 3232 3193 3288 cantibus
3225 3236 3281 3287 et
3307 3232 3538 3288 studiis.

390 3336 476 3394 Sit
503 3336 719 3411 procul
747 3352 1056 3404 occursus,
1091 3340 1544 3408 conventusque
1570 3333 1788 3391 malus.
2166 3328 2311 3382 Ecce
2335 3329 2578 3394 repente
2604 3323 2721 3379 ruit
2746 3322 2997 3379 tonitrus
3024 3322 3185 3384 velut
3213 3322 3429 3379 aethere
3458 3322 3700 3392 missus,

1174 3445 1261 3498 x1,
2235 3414 2485 3471 Nuntius
2511 3412 2853 3486 impatiens,
2887 3412 3099 3468 nuntia
3128 3412 3259 3467 dira
3289 3411 3481 3467 ferens

2163 3503 2228 3558 In
2256 3518 2370 3558 nos
2400 3502 2623 3558 iratum
2648 3517 2753 3556 vos
2783 3499 2931 3556 dixit
2959 3500 3185 3556 fortiter
3209 3516 3358 3568 esse,

2237 3594 2305 3647 Ut
2341 3590 2560 3663 probat
2589 3594 2860 3646 eventus.
2896 3589 2997 3645 Hei
3026 3589 3173 3645 mihi
3204 3588 3351 3661 quid
3377 3587 3592 3644 faciam
3618 3588 3647 3642 ?

2162 3684 2309 3736 Nam
2364 3678 2764 3735 tremebunda
2815 3694 3035 3735 manus
3088 3694 3374 3750 percussa
3429 3681 3517 3733 est
3561 3674 3839 3732 fulminis

3669 3764 3783 3835 [ira
3818 3782 3833 3820 :

584 3533 683 3588 Ad
708 3533 998 3600 eumdem,
1031 3531 1294 3602 ejusdem
1318 3532 1455 3600 fere
1480 3532 1845 3603 argumenti.

383 3623 631 3695 Semper
660 3627 715 3678 te
742 3638 1043 3691 canerem,
1073 3622 1121 3677 si
1146 3621 1408 3694 perbene
1434 3621 1689 3693 psallere
1714 3636 1979 3694 possem,

452 3714 571 3768 Nec
602 3716 727 3769 tam
759 3716 931 3782 grata
960 3712 1110 3768 meis
1140 3710 1321 3767 mella
1346 3710 1540 3767 forent
1566 3709 1761 3766 labiis.

382 3800 614 3858 Gaudia
644 3801 829 3872 longa
858 3801 1116 3868 traham,
1160 3799 1305 3873 quia
1344 3798 1547 3855 dulcia
1587 3797 1859 3855 carmina
1886 3797 2053 3871 psal-

822 3940 849 3947 -
1884 3887 2049 3960 [1am,

453 3980 713 4049 Corpore
744 3976 893 4032 dum
925 3992 1165 4044 maneo,
1201 3992 1439 4049 semper
1469 3991 1674 4032 amore
1700 3992 1874 4033 08110.

380 4063 632 4122 Osculor
657 4064 1019 4121 incumbens
1051 4063 1317 4135 vestigia,
1349 4080 1472 4138 quo
1503 4064 1817 4135 gradieris,

453 4154 510 4210 Si
540 4154 728 4226 pedes
760 4154 951 4212 exires
988 4171 1001 4209 :
1033 4170 1179 4211 nam
1204 4154 1355 4210 foret
1384 4154 1499 4210 hoc
1530 4154 1790 4226 requies.

377 4247 605 4300 Montes
638 4244 1067 4311 conscendam,
1094 4243 1275 4299 simul
1299 4243 1436 4299 avia
1460 4248 1677 4300 cuncta
1696 4258 2044 4317 paragram,

450 4333 722 4406 Undique
752 4339 1167 4407 prospectans,
1200 4350 1340 4388 cum
1368 4333 1627 4406 patriam
1665 4332 1896 4389 redeas.

374 4426 541 4478 Nunc
566 4423 783 4479 iterum
807 4427 988 4495 atque
1004 4423 1220 4479 iterum
1240 4421 1463 4491 valeas,
1488 4426 1739 4495 patrone
1758 4420 2042 4494 benigne,

445 4515 563 4568 Nos
610 4511 873 4585 petimus
914 4527 1025 4585 pro
1069 4516 1123 4568 te
1165 4510 1490 4567 Dominum
1535 4514 1745 4567 sancta
1792 4510 2045 4568 ecclesia

1798 4600 2039 4672 [omnis.

371 4689 621 4746 Pulcher
654 4691 817 4747 enim
847 4690 1032 4758 vultu,
1067 4690 1151 4745 sic
1180 4689 1476 4758 moribus,
1503 4689 1755 4762 insuper
1784 4693 1942 4758 actu,

444 4784 517 4836 Es
546 4798 792 4855 quoque
822 4782 945 4838 vita
978 4781 1080 4849 tui,
1114 4780 1239 4836 dux
1269 4780 1428 4836 bone
1460 4779 1766 4853 mancipii.

2230 3858 2457 3915 Terruit
2482 3858 2761 3925 infantes,
2795 3855 3047 3930 perculit
3074 3854 3202 3927 ipse
3235 3868 3427 3909 senes.

2160 3954 2299 4021 Igne
2328 3949 2411 4006 tui
2439 3949 2696 4005 nimium
2726 3951 3021 4002 torremur
3045 3958 3262 4015 nempe
3293 3943 3536 4013 furoris,

2231 4039 2372 4106 Quis
2401 4037 2618 4112 poterit
2645 4034 2845 4091 verbis
2884 4034 3015 4090 haec
3045 4048 3366 4089 numerare
3398 4033 3522 4088 suis
3547 4034 3575 4089 ?

2155 4129 2399 4187 Decoxit
2426 4127 2676 4183 miseros
2706 4123 2951 4198 proprio
2976 4138 3087 4196 pro
3114 4122 3363 4179 crimine
3395 4126 3604 4190 tactos,

2226 4219 2608 4275 Perscrutans
2636 4212 2851 4268 vitium
2882 4211 3171 4285 corporis,
3206 4216 3386 4285 atque
3416 4213 3713 4268 animum.

2156 4307 2486 4377 'i‘angimur
2521 4301 2768 4359 invalidi
2792 4301 3107 4374 permagni
3135 4301 3401 4357 criminis
3431 4316 3601 4369 aura,

2228 4400 2355 4453 Non
2385 4394 2490 4450 ﬂat
2516 4396 2856 4459 ventorum,
2887 4392 2993 4447 sed
3030 4390 3192 4448 mala
3218 4391 3310 4447 vis
3337 4390 3676 4447 hominum.

2156 4486 2271 4543 Sed
2300 4500 2436 4558 qua:
2465 4486 2632 4539 tanta
2662 4481 2773 4538 fuit
2802 4497 3113 4538 servorum
3144 4480 3323 4553 culpa
3352 4486 3616 4551 tuorum,

2228 4577 2299 4632 Ut
2325 4572 2492 4629 nullo
2529 4570 2694 4627 licuit
2718 4586 2981 4640 cernere,
3007 4585 3191 4643 quem
3225 4568 3462 4626 voluit?

2154 4668 2453 4722 Excusare
2485 4660 2654 4717 nefas
2685 4659 2977 4733 potuisset
3014 4659 3164 4715 forte
3199 4657 3290 4715 vel
3315 4674 3492 4714 unus.

2226 4758 2342 4812 Cur
2370 4751 2530 4809 cadit
2560 4750 2622 4806 in
2652 4749 2889 4806 facinus
2921 4764 3065 4819 grex
3096 4747 3275 4803 simul
3299 4746 3656 4803 innumerus
3683 4747 3711 4802 ?

2155 4844 2269 4901 Sed
2295 4847 2522 4900 tantem
2553 4839 2834 4896 miserere
2874 4838 3013 4909 tuis,
3039 4838 3171 4911 jam
3195 4853 3375 4910 parce
3405 4834 3670 4905 misellis,

1150 4890 1261 4941 Xll.
2156 4890 2269 4944 ”’“’Ῐ“
2300 4890 2541 4944 ζῗ’““ἷ-..
2553 4890 2664 4895 —"
2676 4890 2725 4944 ἶῗ
2743 4890 2791 4895 ’⁷
2808 4890 2831 4895 ⁷
2870 4890 3013 4944 τ”““’.⁷
3039 4890 3171 4944 ’έ“-
3187 4890 3308 4944 ντῗ.

369 4977 470 5070 Ad
497 4978 932 5070 ἃῌθῐηνίςιιρη
959 4980 1014 5031 et
1033 4977 1299 5070 fratrem
1323 4976 2044 5070 ejus'prunonenz.Redi:
2224 4931 2489 5005 Indignis
2516 4930 2759 4987 famuhs
2785 4929 2890 4986 sed
2916 4943 3202 5070 crete
3228 4931 3363 4984 tms'

441 5018 974 5118 ἷῶνλῖᾶᾟᾶἶνὶατπ
1020 5018 1397 5117 ᾇναιειῖαεαῖυ
1430 5018 2043 5120 ἱιιιιηιᾳῆέννόράῖψᾶε
2522 5112 2558 5120 _
2730 5110 2743 5120 ‘
2916 5018 3050 5074 ΧῙΙῙ·
3257 5107 3295 5120 Η

441 5110 865 5190 Tegernsenses
895 5121 959 5176 in
987 5110 1253 5191 gratiam
1296 5110 1569 5188 recipiat.
1622 5110 1641 5120 ”
1835 5110 1860 5119 ⁷
2508 5112 2596 5167 De
2633 5110 2833 5166 eodem
2874 5123 3118 5165 carmen
3148 5110 3454 5163 motivum.

367 5211 521 5263 Gens
551 5211 986 5280 Augustorum,
1018 5208 1201 5277 salve,
1235 5208 1515 5281 princeps
1540 5207 1931 5281 populorum,
2151 5205 2339 5274 Salve,
2371 5201 2662 5258 nobilium
2698 5203 2915 5267 Caesar,
2946 5212 3083 5271 spes
3113 5195 3337 5268 inclyta
3362 5198 3626 5269 patrum,

440 5295 616 5351 Filius
644 5298 942 5365 Ecclesiae,
974 5297 1225 5370 pulcher
1255 5301 1313 5353 et
1341 5296 1469 5370 ipse
1492 5301 1681 5369 pater.
2222 5293 2333 5359 Qui
2362 5292 2567 5347 laetum
2588 5290 2835 5346 veniens
2865 5286 3113 5344 advehis
3140 5302 3242 5343 ore
3268 5285 3449 5342 diem.

436 5384 589 5452 Dux,
618 5385 801 5443 decus
832 5393 890 5443 et
920 5387 1146 5459 patriae,
1175 5402 1318 5459 pax,
1354 5391 1525 5459 pater
1557 5385 1854 5442 Ecclesiae.
2149 5385 2337 5450 Quem
2366 5384 2533 5435 Pater
2561 5379 2876 5445 immense,
2908 5392 3091 5449 quem
3124 5375 3247 5446 Fili,
3282 5374 3536 5448 suscipe,
3562 5373 3742 5445 celse,

369 5468 578 5525 Salvus
609 5487 843 5544 semper
870 5474 1009 5544 eris,
1042 5475 1363 5546 salvusque
1386 5474 1680 5531 exercitus
1707 5473 1925 5531 omnis.
2219 5475 2286 5528 Et
2316 5474 2591 5527 sanctum
2625 5468 2885 5534 Flamen,
2921 5465 3111 5522 trinus
3142 5471 3200 5521 et
3228 5482 3411 5534 unus,
3444 5480 3643 5521 amen.

442 5555 613 5611 Salve
634 5573 772 5614 cum
805 5562 1032 5633 populo
1060 5568 1113 5619 te
1139 5563 1463 5622 comitante
1496 5570 1617 5622 tuo.
2145 5564 2392 5632 Suscipe
2418 5558 2741 5626 laetantem,
2781 5558 2973 5610 mater
3001 5553 3361 5624 castissima,
3391 5569 3631 5610 servum

368 5647 435 5700 Et
481 5660 619 5700 cum
648 5644 825 5702 fratre
856 5652 959 5703 tuo
990 5652 1231 5708 salveris
1255 5654 1527 5727 principe
1554 5655 1758 5710 Bruno
2220 5648 2500 5714 Ecclesia,
2527 5651 2584 5701 et
2612 5649 2822 5701 natum
2845 5643 3083 5717 suscipe
3108 5643 3245 5700 laeta
3274 5649 3465 5701 tuum.

437 5732 689 5811 Pulchro
715 5739 772 5790 et
798 5735 861 5790 in
890 5735 1059 5807 facie,
1080 5739 1299 5797 nobilis
1325 5747 1393 5799 ut
1419 5759 1656 5812 genere.
2145 5744 2344 5798 Caesar
2375 5740 2625 5796 famosae
2651 5734 2805 5793 redit
2827 5751 2904 5791 en
2931 5734 3008 5791 de
3034 5734 3296 5793 culmine
3320 5736 3523 5794 Roma
