3944 6382
140 278 274 331 1297

205 401 294 457 Ad
321 407 395 468 te,
425 406 628 457 sancte
660 403 843 467 Petre,
878 402 1098 470 gaudia
1123 419 1347 472 magna
1381 405 1591 461 ferens.

136 491 238 546 Hic
268 492 326 546 in
369 496 623 564 utroque
651 490 783 546 loco
807 496 858 546 te
891 491 1012 547 vult
1041 492 1263 564 pollere
1297 499 1643 566 patronum,

209 583 292 636 Tu
322 580 401 635 sis
432 578 654 635 auxilio
684 579 820 634 huic
849 579 909 634 in
941 583 1198 653 utroque
1230 581 1386 637 loco.

134 669 426 736 Gaudeat,
455 669 723 725 haeredes
756 669 1001 742 studuit,
1033 672 1199 744 quod
1230 673 1451 729 habere
1490 689 1802 745 perennes,

209 759 434 816 Praedia
465 759 752 832 quodque
777 775 962 814 sacrae
994 760 1241 816 contulit
1274 761 1567 817 Ecclesiae.

135 846 322 918 Cujus
346 847 424 904 ad
455 848 814 920 obsequium
853 848 987 904 laus
1033 866 1153 904 non
1187 850 1354 906 sileat
1401 851 1502 922 pia
1533 850 1802 906 fratrum.

211 938 464 993 Ornetur
493 938 786 1010 templum
809 939 984 1009 cujus
1008 939 1087 994 ad
1113 939 1497 1012 obsequium.

136 1029 312 1082 Grate
345 1043 546 1083 comes
578 1028 786 1084 Christi
827 1044 899 1083 ne
928 1028 1106 1095 desis,
1143 1034 1361 1084 sancite
1401 1029 1589 1095 Geori,

210 1117 267 1172 Si
293 1118 456 1173 ccelis
482 1123 750 1174 nostram
781 1118 936 1174 addc
970 1120 1276 1191 precando
1308 1136 1566 1192 precem.

138 1209 265 1274 Fer,
300 1207 544 1275 Kiliane,
577 1223 840 1280 precem,
875 1208 923 1262 si
954 1208 1132 1278 digne
1165 1209 1494 1281 poscimus,
1526 1224 1734 1264 aurem

212 1296 299 1351 Ad
322 1297 529 1353 Christi
554 1302 826 1353 nostram
855 1298 958 1363 fer,
1006 1297 1250 1367 Kiliane,
1291 1315 1550 1371 precem.

137 1387 229 1442 Sis
261 1389 458 1442 Ciesar
486 1386 706 1456 dignus
730 1387 948 1442 sanctis
993 1392 1049 1442 et
1079 1387 1336 1442 amabile
1370 1388 1588 1460 pignus

212 1475 508 1532 C(elorum
542 1476 688 1545 regi,
719 1480 915 1532 Cmsar
943 1477 1225 1545 amande,
1253 1477 1406 1531 veni.

139 1567 337 1621 Caesar
364 1566 664 1620 amandus
690 1565 878 1635 adest,
906 1566 1135 1620 hostilis
1168 1566 1330 1621 fraus
1360 1566 1535 1622 cadat
1582 1566 1798 1622 omnis.

211 1656 378 1707 Nunc
407 1653 582 1708 timor
613 1654 810 1708 omnis
841 1654 1031 1720 abest,
1068 1658 1263 1709 Cassar
1286 1655 1586 1710 amandus
1610 1654 1798 1709 adest.

134 1745 373 1797 Portent
400 1743 728 1810 gaudentes
759 1749 985 1797 cuncta:
1019 1760 1129 1798 sua
1170 1760 1422 1798 munera
1455 1749 1658 1811 gentes

213 1835 489 1902 Congrua
517 1833 677 1888 dona
704 1833 834 1901 sibi,
871 1839 1064 1888 Caesar
1085 1834 1368 1902 amande,
1405 1834 1526 1888 tibi.

137 1925 257 1976 Nos
289 1921 389 1975 tibi
421 1937 529 1992 pro
562 1921 806 1976 modulo
839 1928 1151 1994 portamus
1175 1939 1424 1977 munera
1469 1923 1695 1976 Christo

213 2013 447 2065 Pectore
474 2010 552 2064 ab
579 2011 795 2079 exiguo
817 2027 925 2065 nos
958 2011 1060 2066 tibi
1090 2027 1198 2083 pro
1229 2011 1494 2066 modulo.

136 2099 418 2154 Solamen
452 2099 666 2164 ﬂentis,
700 2099 902 2154 lumen
935 2100 1013 2154 sis
1042 2100 1191 2155 lucis
1217 2101 1463 2169 egentis,

213 2191 277 2242 Et
309 2190 488 2260 stipes
511 2189 758 2254 claudis,
794 2205 913 2244 una
941 2189 1102 2244 salus
1133 2190 1316 2262 inopi.

133 2282 212 2333 Te
245 2284 422 2334 vocat
450 2279 671 2333 auxilio
706 2279 915 2334 mulier
942 2279 1175 2352 privata
1208 2280 1443 2346 marito,

212 2368 530 2439 Orphanus
561 2373 738 2440 atque
771 2386 880 2424 suo
913 2374 965 2424 te
999 2373 1173 2425 vocat
1202 2370 1443 2425 auxilio.

137 2460 184 2511 Ο
216 2457 472 2512 nimium
505 2457 693 2524 fortis,
721 2473 903 2529 quem
933 2457 1132 2512 nullus
1165 2459 1388 2514 territat
1411 2460 1620 2518 hostis.

213 2547 396 2617 Cujus
421 2553 477 2601 et
506 2547 825 2618 imperium
852 2563 972 2602 non
995 2548 1205 2602 retinet
1237 2548 1518 2619 spatium.

141 2635 419 2690 Ecclesiae
453 2635 726 2690 stabilem
765 2637 842 2689 fer
871 2652 977 2708 per
1008 2640 1107 2691 tua
1136 2641 1404 2708 tempora
1431 2653 1665 2708 pacem,

213 2728 404 2796 Atque
435 2723 530 2778 Dei
562 2723 804 2778 laudem
839 2723 1110 2778 Ecclesiae
1137 2724 1430 2779 stabilem.

139 2813 327 2883 Copia
353 2828 426 2867 ne
454 2812 634 2866 rebus
666 2812 816 2867 desit
842 2829 961 2884 pax
995 2817 1172 2884 atque
1206 2813 1418 2867 diebus

136 2907 433 2974 Tempora
461 2902 642 2969 longa
670 2908 768 2957 tuo
799 2903 897 2957 det
927 2902 1136 2957 Christi
1177 2903 1419 2958 dextera
1450 2919 1656 2972 regno,

215 2990 452 3046 Differat
481 2997 537 3045 et
569 2996 705 3045 voto
739 2996 1007 3062 tempora
1039 2990 1221 3060 longa
1251 2996 1370 3047 tuo.

139 3080 503 3151 Prosperitas
535 3079 708 3134 detur
734 3079 994 3152 populis,
1026 3079 1125 3134 tibi
1157 3079 1595 3152 multiplicetur.

209 3169 293 3226 Ad
324 3169 611 3224 mandata
640 3169 736 3224 Dei
764 3174 1000 3241 pectore
1032 3170 1110 3224 sis
1145 3170 1340 3224 celeri.

137 3263 373 3316 Munere
400 3257 710 3330 multiplici
745 3263 940 3313 tecum
972 3258 1046 3313 sit
1073 3259 1263 3328 gratia
1294 3260 1531 3326 Christi,

208 3351 283 3402 'l‘e
305 3347 647 3419 repleatque
681 3347 774 3401 sui
800 3363 1047 3402 munere
1079 3348 1409 3420 multiplici.

137 3438 390 3493 Brachia
424 3438 773 3509 Sampsonis
805 3438 906 3492 tibi
927 3438 1111 3493 donet
1135 3445 1191 3493 et
1219 3455 1285 3493 os
1302 3440 1656 3506 Salomonis,

215 3525 478 3581 Absalon
509 3525 742 3590 faciem,
771 3525 905 3589 Job,
944 3525 1266 3597 Danielque
1310 3527 1514 3581 fidem.

141 3615 337 3668 Gloria
369 3613 620 3685 lausque
646 3615 766 3668 Deo
798 3613 918 3667 nati
951 3612 1272 3668 comitante
1305 3619 1548 3684 tropaeo.

260 3744 271 3755 Ι
355 3744 366 3755 σ
449 3744 460 3756 ι
543 3746 554 3757 ο
638 3745 649 3756 ο
733 3744 744 3755 ο
828 3743 840 3756 ο
923 3744 932 3754 ο
1015 3745 1026 3756 Ι
1111 3744 1123 3767 ’
1204 3743 1218 3757 ⁸
1299 3743 1310 3755 ο
1394 3744 1404 3756 0
1489 3746 1501 3756 α
1583 3747 1594 3758 ο
1679 3745 1690 3757 ⁸

457 3882 527 3935 In
560 3881 868 3935 duodecim
896 3881 1194 3948 apostolus
1223 3881 1477 3934 Domini.

137 3970 412 4026 Ecclesiae
445 3975 645 4024 Petrus
678 3971 787 4024 fert
818 3968 1213 4024 fundamenta
1234 3969 1466 4024 beatus.

137 4061 367 4116 Paulus
400 4061 477 4115 ad
507 4060 744 4129 ignotas
775 4059 1012 4114 devexit
1041 4059 1271 4114 semina
1308 4064 1512 4114 terras.

134 4151 405 4206 Andreas
435 4149 625 4204 crucis
655 4149 874 4204 invexit
904 4149 1182 4204 vexillula
1219 4151 1441 4204 Patras.

136 4239 452 4311 Palpando
477 4239 688 4312 plagas
716 4239 957 4294 detersit
986 4239 1234 4294 vulnera
1263 4239 1548 4295 Thomas.

137 4330 312 4384 Hiero
334 4346 442 4401 per
463 4329 756 4383 Iacobum
789 4328 1056 4384 salvatur
1086 4345 1233 4399 gens
1266 4329 1666 4401 Solymorum.

136 4419 338 4474 Gratia
365 4424 534 4488 grata
564 4419 662 4472 Dei
697 4434 879 4489 super
905 4435 1114 4473 omnes
1140 4435 1274 4473 ecce
1303 4419 1566 4474 Joannis.

138 4511 210 4564 Ut
243 4507 501 4562 tenebris
536 4506 769 4561 lichnus
802 4506 1143 4574 fulgescitet
1167 4522 1268 4561 ore
1292 4507 1618 4579 Philippus.

139 4594 558 4652 Bartholomaei
588 4594 813 4649 meritis
846 4595 1265 4650 tenebrescens
1297 4595 1462 4650 India
1487 4595 1699 4650 cernis.

141 4688 394 4741 Summa
452 4685 693 4740 Mathiee
741 4683 912 4754 petis,
966 4700 1102 4738 cum
1155 4689 1346 4739 terrea
1409 4684 1576 4741 lucra
1622 4683 1799 4739 relin-

1552 4773 1724 4846 [quis

138 4866 421 4931 Arfaxan,
455 4867 797 4934 Zaroénque
827 4862 1032 4918 Simon
1062 4868 1123 4917 tu
1155 4863 1392 4918 Perside
1433 4863 1662 4918 sternis.

139 4954 335 5010 Corda
404 4951 673 5022 maligna
751 4950 926 5020 dolis,
1000 4952 1334 5024 eademque
1395 4953 1646 5025 Thadaee
1708 4967 1800 5006 re-

1444 5041 1725 5111 [stringis.

138 5130 411 5187 Ecclesim
443 5134 648 5186 sancta
677 5129 1018 5185 numeraris
1063 5134 1216 5184 sorte
1245 5131 1472 5186 Mathia.

137 5218 510 5276 Prudentum
538 5220 756 5275 chorus
784 5218 1133 5288 ingreditur,
1168 5222 1372 5274 manet
1393 5219 1795 5291 insipientum.

137 5309 474 5366 Dulciculas
506 5309 716 5366 Christi
749 5325 896 5381 cape
925 5308 1056 5363 vitae
1082 5309 1272 5379 janua
1297 5325 1570 5381 sponsas.

135 5399 520 5473 Supplicibus
542 5399 825 5454 miserere
857 5398 992 5468 tuis,
1025 5414 1127 5453 rex
1159 5398 1404 5466 Christe,
1438 5400 1707 5472 popellis.

921 5491 1026 5544 XV.

463 5577 534 5631 In
556 5578 775 5632 Natali
792 5578 1052 5643 Domini,
1085 5584 1138 5633 et
1169 5579 1481 5648 baptisma.

137 5669 183 5723 Ο
212 5667 381 5734 socii,
415 5665 494 5733 io,
524 5665 582 5721 io
607 5667 620 5720 !
655 5665 836 5733 cives,
860 5669 1194 5722 concurrite
1226 5667 1422 5723 cuncti

209 5756 506 5813 Parvulus
531 5760 586 5813 et
615 5755 898 5828 populus,
931 5771 1190 5826 magnus
1216 5757 1418 5816 adeste
1445 5759 1681 5816 chorus.

1646 280 2065 338 POEMATICA.

1841 414 1886 462 Α
1919 409 2032 461 Nec
2062 422 2234 462 mora
2263 407 2337 463 sit
2365 407 2613 462 senibus
2647 408 2866 463 celeres
2894 409 3013 464 huc
3040 409 3281 465 tendere
3311 426 3577 485 gressus,

3439 290 3578 344 1298

1990 496 2310 552 Unanimes
2339 497 2560 569 pariter
2589 513 2711 568 quo
2738 513 3134 570 properemus
3165 498 3292 554 iter.

1915 583 2004 640 Ad
2033 585 2295 657 fratrem,
2327 587 2431 658 qui
2457 586 2604 642 forte
2629 587 2840 656 jacens
2882 603 2989 660 per
3020 587 3256 644 somnia
3288 593 3508 660 stertet,

1987 675 2258 730 Carmine
2288 674 2602 730 dulcisono
2628 691 2786 730 nunc
2818 681 3164 748 prosperate
3196 677 3401 732 domo.

1915 763 2167 833 Evigilat
2193 780 2354 819 nunc
2385 781 2564 820 omne
2619 765 2784 836 quod
2833 770 2943 834 est,
3003 765 3148 837 quia
3176 769 3353 821 natus
3404 766 3582 824 adest

3305 857 3502 926 [Deus.

1985 943 2088 1008 Tu,
2121 941 2318 1008 frater,
2345 943 2508 998 solus
2533 959 2639 998 cur
2668 943 2921 999 recubas
2945 944 3229 1000 domibus
3251 945 3278 999 ?

1908 1029 2203 1093 Turmula
2233 1030 2483 1086 caelestis
2504 1033 2634 1102 jam
2663 1032 2823 1088 venit
2853 1037 2908 1088 et
2929 1032 3110 1088 obvia
3145 1033 3325 1099 testis,

1987 1120 2153 1175 Hunc
2183 1135 2371 1189 genus
2393 1136 2573 1176 omne
2627 1121 2889 1177 hominis
2945 1138 3106 1177 nunc
3165 1122 3326 1178 canit
3377 1122 3438 1178 in
3467 1138 3576 1194 po-

3305 1211 3504 1283 [pulis.

1915 1299 2098 1366 Surge
2129 1298 2278 1353 citus
2309 1299 2506 1367 frater,
2542 1300 2717 1355 frater
2760 1315 2922 1355 mors
2948 1304 3004 1354 et
3059 1296 3303 1372 quoque
3356 1301 3573 1357 somni.

1985 1389 2166 1458 Perge
2196 1404 2400 1443 comes
2434 1387 2628 1454 sociis,
2662 1393 2718 1444 et
2748 1404 3142 1460 properemus
3178 1388 3372 1460 aquis.

1911 1478 2110 1544 Curre,
2138 1493 2306 1549 puer,
2337 1494 2519 1547 nunc,
2548 1494 2738 1548 curre,
2771 1494 2940 1550 puer,
2972 1494 3133 1533 nunc
3167 1478 3388 1549 tingere
3418 1478 3574 1550 lym-

3324 1567 3500 1640 trhis,

1982 1659 2055 1711 Te
2086 1656 2293 1727 Tegrin
2329 1672 2546 1711 somno
2579 1657 2828 1713 suscitat
2854 1657 2978 1729 ipse
3011 1657 3142 1711 Seo.

1911 1748 2098 1814 Merge
2125 1745 2296 1800 dolos
2320 1746 2514 1800 somni
2547 1745 2722 1816 gelidi
2747 1746 2859 1801 sub
2882 1747 3113 1815 gurgite
3135 1746 3324 1818 ponti,

1985 1834 2376 1906 Abluiturque
2408 1836 2595 1904 nefas,
2627 1835 2794 1907 quod
2827 1835 3003 1890 trahit
3033 1835 3111 1891 ad
3142 1835 3438 1891 tenebras.

1915 1924 2164 1978 Letheus
2196 1923 2495 1980 infernum
2526 1925 2775 1997 cupiunt
2831 1924 3197 1997 baptismate
3254 1924 3573 1989 Christum,

1985 2013 2096 2078 Qui
2147 2013 2307 2068 hunc
2354 2013 2576 2085 patitur
2631 2013 2936 2081 morbum,
2989 2029 3112 2069 non
3146 2012 3416 2085 sequitur
3460 2015 3569 2067 Do-

3225 2101 3501 2171 [minum.

2681 2195 2810 2246 XVI.

1913 2282 2012 2336 Ad
2059 2284 2122 2338 S.
2186 2281 2609 2336 Godehardum
2641 2281 2911 2337 abbatem
2953 2282 3426 2351 Teger-nsensem,
3483 2281 3582 2334 cui

2137 2387 2269 2426 cum
2303 2373 2531 2425 caeteris
2555 2370 2860 2439 fratribus
2893 2369 3034 2425 bene
3057 2375 3364 2439 precatur.

1914 2459 2118 2516 Nobile
2150 2460 2498 2529 gauderem,
2533 2460 2580 2514 si
2612 2460 2845 2526 scirem,
2874 2459 3071 2514 dicere
3097 2474 3362 2525 carmen,

1915 2550 2212 2607 Fratribus
2234 2549 2600 2605 omnimodis
2631 2547 2993 2604 salutamina
3029 2548 3262 2603 mittere
3292 2545 3506 2602 vellem

1912 2639 2121 2705 Qualia
2142 2637 2462 2710 psallentes
2484 2637 2961 2708 mirarenturque
2987 2636 3269 2705 legentes.

1912 2728 2114 2784 Abbas
2149 2744 2285 2783 ecce
2313 2743 2507 2794 meus,
2541 2742 2649 2782 nec
2670 2743 2792 2782 non
2824 2729 3017 2782 vester
3047 2724 3448 2793 Gotahardus,

1914 2821 2102 2875 Omne
2133 2817 2386 2885 bonum,
2410 2816 2577 2888 quod
2602 2815 2829 2871 dilectis
2861 2815 2994 2882 sibi,
3025 2814 3279 2872 mandat
3327 2813 3572 2869 amoris.

1913 2907 2166 2962 Mittibus
2196 2911 2262 2961 ut
2290 2910 2458 2977 pater
2478 2908 2587 2974 est,
2619 2908 2675 2959 et
2704 2903 3138 2976 blandiloquus
3172 2903 3256 2958 uti
3301 2902 3502 2971 frater,

1913 2994 2358 3066 Consociosque
2391 3010 2578 3061 meos,
2607 2993 2712 3065 qui
2740 2996 2995 3062 turgent,
3028 2992 3239 3048 acriter
3269 2995 3461 3059 urget.

1918 3087 2112 3139 Frater
2142 3082 2508 3151 Froumund,
2540 3081 2821 3155 quamvis
2853 3097 2976 3136 non
3015 3081 3197 3151 digne
3224 3083 3472 3136 vocatus

1914 3176 2204 3230 Centenas
2229 3171 2446 3239 decies,
2471 3171 2660 3226 milies
2689 3187 2934 3242 quoque
2968 3170 3210 3226 salutes.

1915 3262 2148 3318 Dilectis
2181 3261 2456 3328 Domino,
2485 3260 2704 3332 pariter
2730 3264 3057 3332 sanctoque
3088 3257 3353 3324 Quirino.

1915 3351 2147 3408 Gaudia
2170 3351 2480 3424 praesentis
2511 3350 2640 3405 vitae
2671 3353 2832 3405 sator
2859 3354 3038 3422 atque
3070 3348 3283 3404 futurae

1913 3443 2144 3509 Augeat
2168 3439 2230 3492 in
2259 3438 2429 3493 vobis
2458 3453 2693 3508 pacem,
2735 3437 3078 3507 tribuatque
3099 3435 3363 3506 quietem

1915 3528 2166 3584 Numine
2198 3533 2413 3582 cuncta
2442 3542 2550 3581 suo
2578 3525 2841 3598 depellat
2867 3524 3053 3580 tristia
3084 3528 3313 3593 sancto,

1914 3615 2203 3682 Quamvis
2236 3615 2562 3669 multorum
2588 3612 2932 3685 quatiamur
2961 3611 3119 3666 mole
3150 3610 3469 3666 malorum.

1914 3708 1994 3760 De
2022 3704 2114 3759 his
2146 3720 2433 3775 superum
2464 3701 2784 3757 Dominum
2829 3700 3155 3771 rogitemus
3209 3715 3347 3755 cum
3403 3715 3581 3771 preco

3155 3787 3504 3858 lChristum,

1914 3885 1985 3938 Ut
2011 3882 2165 3936 Deus
2195 3879 2579 3952 omnipotens
2610 3878 2774 3934 mala
2804 3877 3001 3950 pellat,
3031 3892 3324 3950 prospera
3346 3876 3576 3934 reddat.

1911 3974 1986 4026 Te
2017 3969 2362 4026 veneranda
2391 3984 2631 4036 manus,
2658 3967 2954 4040 senioque
2980 3967 3194 4024 detrita
3214 3970 3506 4035 senectus,

1913 4063 2133 4117 Omnes
2154 4059 2539 4132 presbyteros
2568 4075 2862 4131 versuque
2894 4057 3089 4114 saluto
3120 4057 3232 4114 sub
3261 4073 3406 4113 uno.

1913 4151 2097 4221 Wigo,
2133 4153 2486 4219 Perngerus,
2517 4148 2824 4216 Gundroh,
2873 4165 2980 4204 seu
3023 4149 3242 4205 charus
3303 4147 3574 4203 Otherut.

1915 4240 2155 4296 Fortites
2185 4243 2243 4294 et
2272 4238 2529 4304 valeant,
2564 4241 2620 4292 et
2649 4238 2836 4293 vitam
2862 4241 3129 4308 tempore
3161 4237 3430 4304 longam.

1913 4335 1978 4386 Et
2005 4329 2265 4386 Gotafrid
2296 4329 2357 4384 in
2380 4327 2472 4383 his
2506 4328 2684 4383 simul
2709 4333 2795 4383 est
2826 4327 2969 4382 mihi
2993 4328 3248 4383 scribere
3277 4325 3506 4396 calvus,

1912 4417 2234 4476 Candidior
2259 4417 2469 4488 cignis,
2499 4416 2722 4472 nutriat
2741 4433 2849 4471 vos
2881 4416 3165 4489 temporis
3197 4418 3340 4471 tetas

1836 4480 1878 4532 Ι)
1913 4507 2136 4566 Saecula
2157 4506 2514 4579 perducens,
2547 4505 2791 4561 tandem
2821 4505 3177 4578 superisque
3208 4519 3525 4560 recensens
3561 4522 3574 4573 ;

1912 4601 1978 4654 Et
1994 4599 2286 4670 juvenum
2308 4596 2453 4651 mihi
2480 4594 2804 4651 consimilis
2836 4599 2900 4651 tu
2926 4594 3190 4651 turmula
3211 4592 3410 4667 possis

1910 4692 2115 4760 quue,
2143 4702 2368 4758 vosque
2401 4701 2587 4753 meos,
2620 4702 2773 4759 quos
2804 4701 2972 4742 raros
2992 4701 3120 4740 esse
3149 4683 3445 4741 dolemus.

1910 4777 2002 4832 Ah
2028 4777 2040 4832 l
2076 4775 2186 4832 ah!
2216 4791 2379 4831 mors
2408 4774 2607 4846 rapuit
2626 4774 3205 4846 quosdam,quoque
3218 4772 3338 4827 vita
3357 4769 3572 4826 beavit.

1911 4870 2027 4923 Hos
2047 4870 2206 4938 peto,
2230 4869 2295 4921 ut
2315 4865 2409 4920 hic
2435 4864 2679 4920 valeant
2705 4881 2717 4918 :
2746 4869 2837 4920 ast
2857 4864 2937 4919 illi
2961 4864 3042 4920 im
3067 4879 3218 4936 pace
3237 4861 3570 4935 quiescant.

1910 4957 2160 5024 Salvete,
2187 4955 2378 5028 pueri,
2411 4955 2596 5010 sancti
2632 4953 2962 5026 famulique
2995 4952 3222 5018 Quirini
3255 4971 3268 5020 ;

1911 5051 2077 5103 Nunc
2109 5061 2288 5117 super
2313 5049 2370 5100 et
2395 5043 2609 5100 subtus
2641 5060 2750 5100 vos
2781 5043 3038 5110 osculor,
3092 5041 3312 5114 inclyte
3367 5047 3574 5099 coetus.

1911 5135 2204 5193 Omnibus
2224 5138 2290 5189 ut
2320 5133 2490 5188 vobis
2515 5133 2630 5187 sim
2656 5133 2832 5200 ﬁlius,
2875 5136 2979 5187 aut
3011 5146 3186 5201 mage
3213 5147 3438 5186 servus.

1911 5227 2033 5281 Hoc
2061 5239 2270 5298 precor
2299 5222 2594 5278 inclinans
2624 5223 2876 5294 vultum,
2910 5237 3034 5278 non
3065 5225 3262 5277 mente
3317 5222 3578 5295 superba

1911 5318 1993 5373 Me
2045 5312 2325 5387 precibus
2350 5312 2562 5367 vestris
2595 5312 2978 5383 commendo,
3010 5310 3223 5368 concio
3256 5315 3487 5369 sancta.

2669 5401 2847 5457 XVII.

1949 5492 2018 5546 In
2047 5491 2242 5560 ﬁlium
2274 5489 2467 5545 viduae
2487 5489 2846 5557 Naimiticae,
2908 5505 2948 5546 a
2977 5489 3218 5547 Christo
3247 5487 3326 5548 αι’

2517 5581 2957 5637 resuscitatum.

1914 5669 2173 5726 Plurima
2202 5663 2341 5725 cum
2364 5667 2653 5726 Dominus
2683 5670 2922 5728 fecisset
2945 5670 3121 5742 signa
3147 5687 3256 5744 per
3284 5671 3513 5731 orbem,

1916 5762 2078 5817 Hanc
2107 5758 2316 5816 urbem
2349 5774 2672 5832 properare
2698 5760 3122 5833 volens,quam
3150 5760 3391 5816 nomine
3408 5754 3575 5812 Naim
