3888 6396
331 423 432 478 Hic
460 421 678 477 vocitat
697 419 975 493 populus,
1007 420 1109 491 qui
1140 419 1212 473 sit
1239 416 1579 484 regionibus
1601 412 1735 468 illis.

331 511 645 579 Contingit,
681 515 742 565 ut
770 509 1011 564 veniens
1038 509 1200 576 hunc,
1223 506 1400 562 obvia
1428 505 1606 560 vidua
1633 501 1896 558 haberet.

333 601 456 656 Hoc
488 609 656 654 sacra
687 597 904 668 scripta
934 596 1169 650 fuerunt
1227 611 1240 649 :
1301 594 1427 648 haec
1468 591 1649 647 vidua
1678 587 1970 658 turbaque

1669 675 1898 749 [multa.

331 775 646 832 Portabant
669 772 901 842 feretro,
934 771 1125 828 fuerat
1152 773 1256 844 qui
1283 770 1439 826 ﬁlius
1467 769 1549 825 illi

334 864 569 932 Unicus,
623 861 976 916 exstinctum
1022 878 1034 916 :
1088 865 1278 916 mater
1333 856 1702 915 merebunda
1771 857 1971 908 secuta

1769 943 1897 1011 [est

329 1037 577 1094 Nescivit
613 1037 928 1092 Dominum
960 1041 1250 1092 astantem
1283 1034 1394 1090 sibi
1417 1045 1580 1088 more
1605 1029 1884 1097 benigno.

331 1126 440 1191 Qui
471 1125 762 1180 miserans
787 1125 931 1180 dixit
973 1141 986 1178 :
1019 1148 1045 1172 ‹‹
1081 1124 1297 1193 Mulier,
1325 1131 1577 1195 puerum
1609 1121 1732 1174 sine
1763 1119 1918 1172 ﬂere.
1943 1140 1968 1164 ι»

331 1213 751 1284 Accedensque
778 1215 908 1284 pius
951 1213 1130 1282 tetigit
1161 1211 1437 1267 manibus
1458 1209 1710 1282 pietatis,

331 1302 556 1357 Clarius
587 1301 930 1356 exclamans
963 1317 976 1355 :
1011 1324 1036 1348 ‹‹
1071 1300 1193 1355 Tibi
1223 1301 1431 1368 dico,o
1459 1301 1919 1361 mortue,surge.
1943 1315 1972 1342 ι»

332 1390 438 1455 Qui
467 1403 714 1452 surgens
744 1389 926 1456 sedet,
959 1391 1016 1442 et
1035 1387 1316 1460 loquitur,
1336 1387 1438 1442 tibi
1471 1385 1676 1452 gloria,
1708 1383 1969 1455 Christe!

330 1483 488 1535 Tune
541 1477 749 1548 recipit
805 1477 1053 1543 genitrix
1107 1476 1371 1540 genitum
1407 1520 1420 1543 ,

1658 1561 1899 1630 [‘cundo.

328 1652 550 1722 Accipit
578 1656 836 1707 astantes
869 1665 1124 1720 magnus
1155 1651 1347 1718 timor,
1375 1651 1640 1722 undique
1664 1649 1869 1722 plebes

328 1741 817 1812 Magniﬁcamqu
843 1742 1029 1796 Deum
1059 1739 1318 1796 dicentes
1341 1758 1353 1795 :
1389 1764 1416 1788 ‹‹
1444 1745 1554 1796 Iste
1575 1740 1864 1812 propheta

327 1829 610 1884 Maximus
637 1829 696 1884 in
728 1830 901 1884 nobis
931 1831 1200 1896 surrexit,
1234 1831 1501 1902 miraque
1523 1829 1672 1892 fecit,

329 1920 429 1970 Per
457 1931 639 1988 quem
669 1931 780 1972 nos
807 1917 1180 1989 populosque
1214 1933 1356 1972 suos
1389 1920 1540 1971 Deus
1566 1917 1691 1988 ipse
1711 1914 1918 1969 revisit.
1943 1936 1970 1962 »

329 2008 570 2059 Summe
604 2008 778 2074 Deus,
810 2018 906 2059 me
937 2006 1386 2060 l’roumundum
1417 2005 1529 2059 sub
1559 2009 1748 2060 morte
1774 2001 1970 2074 sepul-

1731 2094 1896 2159 itum.

327 2181 555 2236 Suscita
581 2181 867 2251 praeclara
895 2181 1132 2253 pietate,
1158 2181 1462 2248 rrsuseita,
1486 2180 1729 2234 Christe.

328 2271 450 2323 Non
481 2272 684 2338 pereat
709 2267 876 2338 quod
900 2267 1187 2339 plantavit
1219 2273 1318 2324 tua
1354 2268 1616 2334 dextera,
1643 2267 1884 2322 Christe.

1055 2357 1235 2410 XVIII.

399 2445 465 2498 In
495 2444 888 2513 hydmpz‘cum
908 2458 945 2499 α
961 2443 1198 2498 Christo
1219 2443 1314 2498 die
1338 2443 1588 2498 Sabbati
1599 2449 1894 2499 sanatum.

327 2533 474 2587 Cum
511 2532 940 2588 Pharisaeorum
970 2532 1289 2587 Dominum
1311 2547 1448 2586 cum
1501 2533 1767 2604 principe
1813 2532 1969 2587 Chri-

1346 2626 1362 2641 ‘
1691 2622 1706 2690 [
1715 2625 1892 2676 stum.

325 2708 578 2778 Agnovit
604 2709 900 2764 Pharisaea
925 2726 1142 2766 manus
1165 2709 1541 2765 discumbere
1572 2725 1764 2775 caena,

321 2797 520 2852 Adfuit
545 2797 857 2863 insidians,
881 2799 930 2854 si
953 2799 1144 2855 solvat
1165 2798 1446 2860 Sabbata.
1480 2812 1696 2853 curans
1727 2799 1754 2852 ?

321 2885 448 2940 Vult
489 2901 669 2957 super
714 2886 875 2941 hunc
933 2893 1204 2959 reputare
1257 2887 1507 2952 malum,
1556 2887 1656 2958 qui
1717 2886 1967 2942 crimina

1661 2974 1892 3044 [nescit,

321 3061 447 3117 Vult
474 3077 684 3133 capere
711 3062 960 3128 insidiis,
993 3063 1096 3134 qui
1117 3063 1290 3118 solvit
1317 3063 1567 3118 erimina
1597 3061 1824 3117 mortis.

320 3149 695 3223 Hydropicus
725 3150 834 3206 fuit
851 3154 986 3206 ante
1018 3150 1204 3218 illum,
1252 3165 1554 3224 quemque
1587 3150 1681 3206 ille
1711 3151 1965 3224 prehen-

1709 3241 1890 3308 (sum.

319 3325 579 3382 Salvavit
604 3325 838 3397 penitus
871 3329 991 3381 toto
1022 3331 1249 3394 tergore
1279 3326 1535 3398 repulso.

316 3414 593 3470 Mussavit
617 3415 912 3470 Pharisaaa
940 3429 1156 3470 manus
1186 3415 1528 3483 furibunda,
1563 3431 1666 3488 per
1693 3414 1861 3470 ulcus

317 3501 552 3556 Invidiae
584 3503 977 3569 stomachata,
1012 3503 1136 3558 suis
1162 3518 1566 3576 percussaque
1590 3503 1736 3566 telis,

318 3589 576 3645 Sabbata
604 3590 771 3662 quod
804 3590 992 3646 solvat
1019 3591 1287 3646 curando
1316 3606 1572 3664 corpora
1599 3591 1804 3660 digna,

1320 292 1718 350 FROUMUNDI
1758 277 2154 344 (ΚΕΝὉΒῙΤᾸΞ
2191 281 2725 340 TBGERNSENSIS.

1997 410 2046 461 A
2081 406 2351 463 Ofﬁcium
2381 408 2484 463 tibi
2513 405 2677 480 quod
2705 405 2841 461 fecit
2867 417 3033 459 nunc
3062 402 3178 469 ille,
3213 397 3530 473 repende.

1505 1477 1833 1545 natumque
1891 1487 1975 1527 se-

3645 263 3798 326 ίθοο

2079 499 2248 552 Porta
2272 501 2626 569 portantem,
2652 495 2804 549 bene
2837 493 2969 548 fac:
3003 491 3108 564 qui
3130 506 3241 546 nec
3275 487 3453 544 male
3491 483 3698 540 sentit

2081 588 2227 642 Cum
2258 587 2525 656 graditur
2583 603 2597 640 :
2665 588 2808 640 tunc
2834 583 3008 656 plebs
3059 581 3261 637 omnis
3318 576 3596 632 Christo
3628 571 3794 628 dedit

3507 662 3727 735 [odas,

2856 763 2958 816 XX.

2236 852 2334 907 Ad
2362 852 2755 921 Perinng
2779 848 3067 904 Abbatem
3103 849 3626 917 Tegernsensem.

2083 939 2391 995 Versiculis
2421 953 2554 994 sum
2584 939 2850 994 dicturus
2878 937 3007 992 vale
3029 934 3321 991 omnibus
3357 947 3565 988 unus.

2151 1027 2436 1100 Alloquor
2461 1027 2774 1100 imprimis,
2807 1026 2911 1098 qui
2935 1029 3108 1098 pater
3132 1029 3221 1080 est
3258 1021 3565 1093 reliquis.

2082 1120 2309 1173 Patrem
2334 1120 2714 1183 Perngerum,
2736 1115 2995 1187 pastoris
3026 1114 3278 1169 nomine
3310 1111 3606 1180 dignum

2156 1204 2343 1271 Salve,
2372 1204 2552 1272 digne
2581 1219 2820 1276 parens,
2850 1217 3073 1258 nomen
3101 1201 3361 1258 honoris
3395 1197 3666 1254 habens

2085 1293 2195 1360 Qui
2215 1293 2415 1363 arguis
2445 1293 2724 1360 infantes,
2750 1293 3022 1362 juvenes,
3055 1297 3114 1347 et
3142 1305 3258 1346 nos
3284 1288 3611 1351 seniores,

2155 1381 2402 1436 Maxime
2433 1395 2526 1436 me
2559 1381 2755 1435 solum
2786 1393 2922 1434 cum
2951 1379 3196 1451 reliquis
3225 1376 3476 1450 pueris.

2086 1471 2255 1536 Quod
2283 1485 2596 1542 nunquam
2627 1471 2730 1524 tibi
2766 1469 3120 1525 versiculum
3152 1468 3458 1523 dedimus
3499 1465 3675 1520 bene
3711 1463 3794 1518 fa-

3491 1557 3698 1625 lcium
3709 1597 3722 1614 .

2155 1649 2284 1712 Quo
2313 1647 2469 1703 circa
2500 1647 2714 1702 faciam
2747 1647 3018 1701 carmina
3039 1627 3377 1701 versiculis.

1999 1739 2040 1806 Β
2085 1739 2248 1791 Nunc
2277 1735 2453 1791 facito
2483 1748 2710 1801 versus,
2743 1735 2941 1789 omnis
2971 1737 3074 1806 qui
3106 1734 3380 1788 scribere
3405 1732 3614 1801 nosti,

2157 1827 2222 1878 Ut
2249 1824 2431 1879 modo
2468 1823 2724 1896 pellatur
2761 1823 3062 1878 mentibus
3093 1823 3180 1878 ira
3208 1823 3363 1877 suis.

2083 1914 2380 1968 Accedam
2407 1913 2567 1984 prior
2595 1919 2652 1968 et
2682 1912 2880 1966 dicam
2915 1911 3025 1966 sibi
3066 1911 3228 1967 mille
3264 1911 3545 1979 salutes,

2153 2001 2209 2056 Si
2239 2002 2350 2056 hoc
2380 2001 2663 2074 placitum
2696 2000 2887 2068 fuerit,
2923 1999 3057 2071 plus
3086 2013 3379 2055 resonare
3415 1999 3601 2053 volo.

2085 2090 2278 2144 Ludos
2305 2095 2360 2146 et
2384 2089 2592 2144 laudes
2620 2089 2889 2143 dicemus
2920 2089 3208 2153 carmine,
3243 2088 3503 2148 fratres.

2157 2182 2222 2234 Ut
2245 2181 2412 2250 pueri
2439 2179 2622 2248 digno
2649 2177 3069 2248 complaceant
3099 2177 3378 2232 modulo.

2084 2269 2308 2325 Centies
2329 2275 2385 2324 et
2411 2283 2589 2340 super
2617 2268 2744 2322 haec
2770 2267 3042 2322 millenas
3073 2267 3210 2322 dico
3243 2266 3490 2322 salutes

2153 2355 2420 2410 Patribus
2445 2361 2500 2410 et
2529 2355 2759 2409 cunctis
2791 2353 3072 2408 fratribus
3101 2354 3164 2408 in
3189 2353 3489 2409 Domino.

2081 2449 2411 2499 Ammoneo
2439 2444 2686 2511 ignavos
2715 2457 2932 2514 pueros
2973 2442 3365 2498 sermonibus
3396 2443 3564 2498 istos

2155 2537 2218 2588 Et
2249 2533 2502 2589 tremula
2528 2545 2743 2589 revoco
2773 2545 2920 2588 voce
2951 2545 3088 2587 meo
3121 2532 3361 2600 grenio.

2080 2625 2240 2688 Quos
2287 2623 2600 2694 quondam
2653 2622 2851 2690 docui,
2908 2632 3089 2693 super
3137 2623 3250 2677 hos
3311 2621 3540 2678 decuit
3579 2627 3792 2692 gratu-

3575 2712 3724 2782 [lari

2150 2805 2216 2856 Et
2243 2801 2403 2857 volui
2429 2800 2587 2856 reﬁci
2629 2800 2892 2869 germine
2919 2801 2995 2856 de
3035 2799 3239 2855 studii.

2078 2890 2142 2944 In
2171 2894 2460 2961 quantum
2495 2890 2678 2960 potui,
2707 2888 2816 2943 feci
2843 2903 3086 2961 quoque
3124 2889 3301 2956 signa
3333 2891 3643 2959 gerendi,

2149 2982 2311 3034 Nune
2339 2995 2562 3034 vacuos
2594 2978 2839 3032 lacrimo
2868 2978 3088 3050 saepius
3129 2981 3316 3048 atque
3349 2993 3579 3046 gemo.

2077 3069 2237 3133 Quos
2292 3067 2489 3136 genui,
2542 3079 2703 3121 nunc
2762 3081 3026 3132 arei-sor,
3081 3067 3227 3138 quia
3284 3071 3344 3120 et
3372 3069 3648 3124 uctlbUs
3682 3085 3788 3123 an-

3533 3161 3547 3228 i
3566 3173 3708 3222 κοΐ.

2151 3245 2430 3301 Sensibus
2459 3245 2664 3314 eversi,
2692 3244 2961 3299 moribus
2991 3244 3332 3315 improprii.

2078 3335 2193 3388 Nec
2215 3349 2310 3388 me
2342 3337 2730 3402 cognoscunt,
2763 3346 2870 3386 nec
2895 3332 3124 3404 seipsos
3147 3337 3359 3387 mente
3383 3333 3718 3402 revisunt,

2149 3424 2217 3478 Ut
2243 3421 2442 3478 dicant
2479 3420 2698 3493 pariter
2725 3438 2736 3474 :
2774 3423 2869 3475 Est
2898 3430 3070 3475 meus
3101 3419 3209 3474 iste
3242 3421 3450 3476 Pater.

2079 3511 2335 3583 Eloquor
2355 3516 2412 3566 et
2442 3511 2774 3584 proprium,
2805 3523 2924 3564 non
2959 3509 3192 3564 sentitis
3221 3510 3592 3576 genitorem
3623 3515 3656 3568 ?

2151 3602 2324 3665 State,
2349 3599 2636 3655 renoscite
2667 3613 2796 3666 me;
2830 3611 2964 3653 sum
2988 3601 3158 3654 Pater
3181 3598 3244 3653 in
3269 3599 3455 3654 facie.

315 3681 460 3733 Cum
481 3678 559 3734 illi
598 3680 838 3735 asinum
864 3685 1042 3752 atque
1066 3679 1285 3735 bovem
1315 3679 1546 3736 solvant
1572 3685 1813 3752 propter
1859 3694 1969 3736 sua
2079 3688 2304 3760 Stepius
2337 3687 2572 3757 edocui,
2605 3687 2834 3758 scriptis
2862 3686 3178 3758 verbisque
3209 3687 3472 3754 nutrivi,

453 3821 459 3828 .
1684 3768 1892 3838 (lucra.

314 3877 338 3901 ιι
377 3853 518 3919 Quis
529 3860 792 3910 vestrum
809 3871 996 3926 pecus
1017 3853 1548 3926 insipidum,rogo,
1567 3855 1967 3928 ducitaquan-

1702 3943 1890 4013 [dum,

317 4030 373 4086 Si
402 4029 561 4085 cadit
589 4029 649 4084 in
679 4030 928 4098 fontem,
951 4029 1202 4086 eitiusne
1227 4031 1504 4087 revellere
1533 4033 1715 4086 currit
1736 4034 1763 4087 Ἰ
1802 4050 1831 4084 ι

314 4118 566 4184 Dixerat,
598 4124 655 4174 et
683 4119 818 4174 victi
846 4123 1158 4175 tacuerunt
1186 4119 1427 4176 verbere
1455 4120 1637 4176 verbi.

1073 4212 1199 4265 ΧΙΧ.

521 4300 596 4354 In
623 4299 948 4364 Christum,
975 4301 1384 4368 paralyticum
1415 4306 1745 4356 sonantem.

313 4391 494 4444 Trans
525 4387 670 4443 freta
690 4387 818 4458 jam
845 4387 1003 4442 venit
1022 4388 1330 4455 Dominus,
1367 4389 1672 4460 propriam
1717 4403 1957 4463 quoque

1508 4476 1592 4545 [in
1622 4477 1832 4533 urbem
1871 4495 1884 4532 :

314 4569 456 4620 Ecce
483 4566 724 4621 fuerunt
757 4565 1030 4622 homines
1059 4565 1364 4622 hominem
1393 4565 1452 4621 in
1481 4565 1630 4622 lecto
1667 4566 1957 4623 recuban-

1721 4655 1882 4724 [tem.

313 4744 382 4798 Ut
407 4743 553 4799 vidit
577 4743 864 4799 Dominus
891 4749 1322 4814 properantum
1349 4743 1591 4799 credula
1610 4743 1819 4809 corda,

308 4831 462 4887 Dixit
483 4831 562 4888 ad
581 4831 888 4888 inﬁrmum
921 4850 935 4886 :
961 4853 987 4880 (ι
1023 4833 1208 4904 Spera
1232 4837 1478 4904 peccata
1508 4832 1780 4887 remissa.
1817 4854 1842 4882 ιι

310 4921 591 4976 Dixerunt
617 4921 834 4978 Scriba!
861 4920 1064 4976 miseri
1087 4921 1324 4978 invidiae
1353 4922 1480 4978 face
1505 4921 1642 4977 tosti
1671 4937 1686 4976 :

311 5031 338 5057 ι‹
373 5009 473 5064 Hic
494 5008 586 5065 vir
613 5008 1016 5080 blasphemat,
1041 5009 1183 5080 quia
1211 5025 1320 5065 nec
1357 5014 1602 5082 peccata
1648 5007 1892 5065 relaxat.
1929 5033 1958 5062 »ι

309 5097 697 5168 Respondens
725 5097 1012 5152 Dominus
1040 5100 1210 5152 lesus
1235 5098 1318 5154 sic
1347 5097 1444 5152 dix
1455 5097 1498 5152 it
1522 5095 1598 5152 ad
1620 5095 1751 5150 illos
1779 5113 1794 5150 :

310 5204 342 5238 ‹
377 5184 529 5248 Quid
553 5184 722 5242 facile
746 5189 834 5242 est
859 5186 998 5242 huic
1022 5185 1208 5242 laxari
1244 5186 1335 5242 vel
1359 5184 1608 5242 crimina
1632 5187 1912 5251 gressus?
1929 5210 1958 5238 η

311 5276 440 5329 Haec
467 5273 723 5329 hominis
753 5277 900 5331 Nato
927 5274 1090 5346 quod
1124 5275 1197 5330 sit
1215 5274 1355 5331 data
1379 5273 1602 5345 quippe
1633 5277 1889 5344 potestas

311 5359 570 5415 Crimina
599 5359 860 5431 laxandi,
892 5362 1068 5416 simul
1093 5367 1148 5418 et
1176 5368 1412 5430 gressus
1429 5361 1745 5417 tribuendi.

313 5451 426 5502 Vos
452 5455 508 5503 et
535 5449 638 5520 qui
667 5449 872 5520 populi
905 5450 1080 5504 simul
1111 5451 1348 5520 adsunt,
1389 5449 1605 5506 cernite
1635 5449 1847 5505 cuncti.

314 5536 466 5590 Dixit
495 5537 572 5590 ad
611 5540 900 5602 aegrotum
963 5553 975 5590 :
1022 5559 1050 5585 ‹‹
1086 5542 1249 5595 Nunc
1301 5555 1476 5609 surge
1529 5544 1584 5594 et
1625 5539 1858 5611 suscipe
1881 5539 1958 5594 le-

1749 5630 1958 5698 totum}

318 5711 596 5780 Corpore,
617 5707 793 5763 corde
814 5724 961 5767 sano
989 5733 1020 5760 »ι
1047 5711 1137 5768 Sic
1157 5715 1440 5773 condecet
1453 5716 1683 5787 optime
1699 5713 1955 5770 Christo.

2149 3779 2290 3834 Sum
2316 3777 2568 3832 mordax
2590 3776 2788 3841 verbo,
2823 3781 3060 3848 pectore
3089 3791 3200 3830 vos
3226 3775 3338 3830 sed
3369 3791 3562 3832 amo.

2077 3868 2171 3922 Est
2197 3882 2366 3921 meus
2396 3866 2500 3920 iste
2530 3865 2700 3920 labor
2729 3869 3020 3932 cassatus,
3042 3864 3317 3937 perditus
3348 3867 3606 3932 omnis,

2146 3957 2211 4009 Et
2239 3953 2420 4009 torvis
2451 3953 2636 4008 oculis
2663 3968 2758 4008 me
2784 3951 2960 4006 simul
2991 3951 3313 4022 inspicitis.

2072 4041 2129 4096 Si
2159 4042 2414 4096 facerem
2445 4041 2589 4096 mihi
2617 4040 2945 4114 pendentes
2975 4050 3084 4112 per
3109 4039 3365 4108 cingula
3395 4043 3670 4100 caudas

2071 4131 2435 4186 Gesticulans
2465 4129 2766 4194 manibus,
2794 4127 3018 4184 lubrice
3049 4133 3217 4184 stans
3256 4129 3557 4200 pedibus
3591 4150 3606 4187 :

2072 4220 2128 4277 Si
2148 4220 2327 4292 lupus
2356 4222 2457 4274 aut
2476 4231 2650 4273 ursus
2681 4218 2806 4288 (sed
2838 4216 3051 4272 vellem
3081 4217 3314 4286 tingere
3349 4219 3689 4292 vulpem).

2141 4308 2198 4364 Si
2217 4307 2415 4362 larvas
2446 4309 2700 4362 facerem
2734 4305 3021 4360 t'urell'eris
3051 4305 3348 4361 manibus
3387 4323 3401 4360 :

2069 4395 2322 4454 Dulcifer
2347 4401 2450 4450 aut
2473 4395 2707 4450 fabulas
2735 4405 2973 4466 possem
2999 4406 3381 4466 componere
3405 4401 3727 4464 mendas,

2139 4483 2412 4555 Orpheus
2443 4487 2502 4538 ut
2523 4489 2773 4538 cantans
2801 4481 3110 4536 Euridicen
3141 4490 3403 4538 revocat
3448 4502 3464 4538 :

2069 4573 2126 4629 Si
2147 4581 2424 4628 canerem
2453 4571 2673 4626 multos
2695 4570 2854 4625 dulci
2886 4570 3308 4626 modulamine
3358 4571 3619 4630 leudos

2139 4659 2407 4732 Undique
2437 4664 2739 4715 currentes
2773 4673 2911 4713 cum
2941 4657 3192 4730 trepidis
3223 4660 3524 4730 pedibus
3554 4683 3568 4718 :

2067 4746 2356 4804 Gauderet
2383 4746 2552 4812 mihi,
2576 4747 2679 4817 qui
2702 4746 2976 4818 proprior
3007 4745 3248 4800 visurus
3272 4747 3581 4817 adesset,

2141 4833 2442 4890 Ridiculus
2481 4839 2727 4890 cunctas
2759 4837 3104 4888 concuteret
3129 4845 3390 4906 pueros.

2069 4921 2285 4978 Fistula
2306 4921 2354 4976 si
2379 4921 2570 4976 dulcis
2599 4921 2742 4977 mihi
2775 4921 3032 4976 trivisset
3061 4935 3198 4976 mea
3227 4921 3442 4988 labra,

2139 5011 2372 5067 Risibus
2402 5016 2458 5065 et
2486 5010 2643 5066 ludis
2675 5009 2882 5065 oscula
2917 5010 3330 5080 conciperem.

2067 5101 2370 5156 Veridicax
2397 5099 2594 5154 minor
2611 5104 2702 5154 est
2729 5099 2917 5164 vobis,
2941 5112 3129 5170 quam
3162 5099 3415 5164 lingula
3477 5101 3796 5178 menda'x,

2139 5188 2380 5257 Diligitis
2397 5189 2568 5258 jocoS
2592 5201 2665 5244 eu
2708 5200 2882 5255 mage
2903 5197 3099 5259 quam
3132 5189 3462 5248 metricae.

2069 5276 2292 5332 Ludere
2321 5275 2688 5331 carminibus
2719 5275 2931 5330 melius
2961 5287 3232 5346 namque
3255 5289 3410 5333 esse
3429 5279 3734 5355 decrevi,

2139 5365 2280 5428 Quia
2305 5363 2529 5419 faciunt
2553 5362 2824 5417 animum
2849 5375 3118 5418 crescere
3149 5368 3209 5418 et
3237 5363 3633 5433 ingenium.

2066 5455 2180 5507 Vos
2212 5452 2424 5508 iterum
2453 5467 2667 5506 revoco
2705 5450 3056 5506 vocitamine
3087 5451 3265 5505 valde
3305 5457 3656 5523 preclaro.

2137 5538 2421 5596 Conﬂuite
2452 5539 2590 5607 huc,
2618 5537 2810 5610 pueri,
2828 5537 3036 5593 discite
3067 5543 3207 5610 quin
3228 5538 3438 5598 volui.

2064 5630 2192 5684 Non
2216 5642 2426 5682 omnes
2456 5625 2684 5692 odiunt,
2709 5625 2853 5698 quia
2884 5625 3133 5681 verbula
3173 5626 3344 5683 dura
3405 5630 3796 5708 loquunt',

2127 5713 2320 5784 Diligit
2339 5713 2505 5772 haud
2527 5713 2750 5785 omnis,
2777 5712 2975 5785 lepide
2999 5713 3108 5785 qni
3133 5711 3462 5787 loquitur.
