3888 6396
52 304 165 354 ¹301
1534 298 1956 355 POEMATIIZA.

3330 309 3465 360 I302

56 425 335 479 )ulciferis
365 442 467 479 vos
499 427 866 481 carminibus
898 443 1055 480 nunc
1091 444 1389 489 conerer
1418 432 1688 489 cunctos,
1733 431 1771 478 Α
1809 426 2097 479 Omnibus
2133 431 2183 479 et
2223 429 2495 479 miserere
2534 428 2663 485 tuis.
2700 444 2852 498 quos
2887 429 3175 486 siumuine
3213 430 3299 481 fus
3422 434 3465 486 Ο

106 515 346 569 Fortiter
374 519 428 568 et
455 515 667 581 clamo,
703 533 837 569 cum
868 516 1254 570 modulamen
1290 532 1422 569 aco.

56 602 193 655 laris
228 603 417 657 liliolis
450 604 865 657 Froumundus
900 605 1183 675 quicquid
1220 606 1460 663 amoris.

102 692 214 754 Qui
246 692 473 746 instatis
506 699 705 747 nostro
742 700 1001 765 tempore
1036 694 1146 747 sub
1172 694 1388 747 studio.

57 784 97 833 ‘c
136 783 397 851 primum
429 799 609 853 pono.
645 784 723 837 mi
758 785 933 838 frater
962 786 1218 838 amande
1253 786 1484 839 Georgi.

103 872 319 926 Venisti
353 880 594 944 propter
624 874 717 927 cui
750 873 1013 927 studium
1050 876 1260 943 patria.

55 962 241 1016 Illlt'CS
272 963 455 1031 filioli,
488 964 749 1018 studium
779 965 903 1032 jam
933 965 1135 1017 disi-ite
1160 963 1295 1017 lzeti.

102 1052 292 1117 Diligo
319 1069 422 1105 vos
454 1054 679 1122 animo,
710 1054 887 1107 corde
923 1054 1097 1107 simul
1132 1055 1338 1107 doceo.

47 1141 77 1193 ii
111 1141 288 1195 dictis
322 1142 681 1196 delectantes
722 1160 828 1195 vos
862 1159 1149 1205 guoscere
1180 1158 1437 1213 possem.

97 1230 235 1283 Hzec
271 1230 399 1284 loca
424 1232 747 1295 gauderem
782 1232 1064 1302 prolicere
1098 1232 1169 1284 ad
1207 1231 1489 1301 requiem.

50 1320 121 1372 lia
159 1320 513 1375 confratres.
550 1327 843 1375 certemus
879 1322 1139 1375 carniue
1170 1321 1339 1374 metri
1377 1338 1386 1373 :

97 1408 219 1463 lloc
250 1410 490 1463 vincens
522 1411 736 1481 aliquis
769 1412 839 1465 sit
872 1412 1078 1464 melior
1106 1410 1364 1480 reliquis.

50 1498 232 1563 Zorde,
262 1500 464 1553 dolore
496 1518 689 1565 gemo,
726 1507 967 1573 propter
1003 1519 1103 1552 vos
1132 1500 1388 1570 denique
1420 1499 1594 1552 dicto.

92 1588 328 1641 I’sallite
364 1605 521 1643 nunc
556 1591 747 1643 Cllllt‘tl
782 1608 905 1647 vos,
938 1607 1103 1653 rogo,
1144 1588 1320 1641 filioli.

47 1692 340 1746 \pparens
376 1678 659 1731 Dominus
690 1683 901 1731 cuncto
939 1677 1313 1730 venerandus
1348 1677 1403 1728 in
1431 1676 1595 1741 orbe,

86 1769 219 1819 .lam
257 1768 517 1821 clemens
550 1784 733 1833 regno
768 1785 872 1821 vos
905 1768 1087 1821 societ
1127 1783 1361 1837 supero.

46 1859 225 1909 ’atres
263 1862 319 1911 et
350 1857 553 1911 fratres
585 1862 829 1911 cunctos
860 1858 1035 1911 simul
1070 1862 1121 1910 ct
1155 1856 1413 1909 seniores

90 1949 414 1999 tionservet
447 1947 734 2011 Christus,
769 1946 837 1999 sit
872 1947 1003 2017 pius
1031 1952 1083 1999 et
1118 1945 1373 1999 famulis.

48 2036 323 2097 ’erngero
353 2035 503 2089 Patri
539 2035 810 2089 dicamus
845 2035 1022 2089 corde
1058 2035 1316 2097 benigno
1353 2051 1363 2086 :

91 2123 300 2177 .\bbas
326 2125 402 2177 sis
436 2142 664 2195 sospes.
701 2130 969 2194 tempora
994 2124 1171 2185 longa
1202 2140 1468 2177 manens.

46 2216 77 2265 It
108 2214 311 2266 cuncti
342 2230 543 2267 secum
576 2213 943 2281 gratulemur
971 2229 1206 2283 semper
1237 2213 1292 2265 in
1324 2229 1539 2273 :evum,

89 2303 269 2365 Quod
302 2308 517 2373 prestel
550 2304 856 2363 Dominus,
878 2304 979 2373 qui
1010 2303 1155 2365 regit
1179 2318 1356 2355 omne
1388 2302 1680 2371 quodest.

46 2398 163 2445 lum
230 2392 459 2458 relegis,
515 2396 699 2459 Pater,
754 2393 879 2446 haec
957 2393 1165 2446 iterum
1232 2409 1335 2443 vos
1412 2391 1686 2461 alloquor

1437 2480 1680 2550 lipsum,

90 2568 329 2621 Doctior
361 2567 421 2622 in
452 2568 668 2631 verbis,
701 2569 871 2623 altior
902 2569 957 2621 in
993 2568 1233 2621 meritis.

790 2678 914 2729 XXI.

44 2764 208 2817 ’ro/Je
237 2766 417 2831 [(10an
448 2768 717 2833 prauum,
754 2768 905 2819 male
931 2765 1189 2833 patratis
1215 2780 1453 2831 ριιήίιηι
1485 2778 1683 2831 crs/Ie-

627 2858 905 2909 I‘lam/um
938 2872 1071 2907 esse.

43 2942 71 2994 ii
106 2958 215 2995 nos
245 2943 575 3013 tardamus,
612 2961 731 2998 non
764 2944 997 2998 tardant
1032 2949 1301 3013 tempora
1331 2947 1548 2996 ilOstI‘a.

44 3032 219 3085 lelicit
250 3048 428 3085 omne
455 3034 619 3103 quod
652 3039 737 3087 est
767 3033 878 3086 sub
910 3033 1068 3085 curvi
1103 3031 1359 3085 culmine
1392 3030 1544 3083 cu'li.

41 3124 114 3173 ist
142 3121 403 3175 hominis
432 3124 605 3175 flatus
635 3123 917 3193 perdurat
946 3138 1183 3191 semper
1216 3121 1269 3174 in
1306 3138 1520 3173 aevum.

41 3214 129 3263 ieu
158 3211 316 3264 male
346 3229 449 3265 seu
468 3212 617 3266 bene
642 3229 799 3267 nunc
823 3217 1147 3283 Operantur
1178 3228 1430 3283 corpora
1454 3214 1675 3277 nostra,

42 3303 130 3351 Iov
162 3299 327 3370 quod
363 3300 615 3372 quisque
649 3302 803 3363 facit,
828 3300 1033 3371 recipit
1063 3300 1185 3353 sine
1211 3299 1493 3371 temporis
1525 3315 1673 3352 (evo.

42 3390 79 3440 ,Tt
113 3389 273 3442 bona
307 3396 635 3460 captemus,
672 3390 982 3453 faciamus,
1020 3390 1285 3460 priemia.
1314 3389 1495 3459 justa,

764 3490 930 3542 XXII.

226 3578 323 3630 Ad
354 3578 810 3646 illeginhelmmn
844 3578 1128 3631 adversus
1157 3576 1455 3645 superbos.

42 3667 303 3719 'urritum
334 3673 512 3738 caput
540 3667 768 3720 extollis
801 3684 979 3736 super
1012 3667 1230 3719 aethera
1259 3671 1491 3721 cuncta.

77 3754 262 3809 Altius
286 3755 601 3825 abjetibus,
634 3756 896 3810 calcibus
928 3762 1085 3811 astra
1121 3756 1275 3809 teris.

42 3845 301 3899 lontibus
336 3845 580 3899 excelsis
608 3845 893 3899 excelsior
923 3844 1048 3916 ipse
1080 3844 1320 3910 videris,

76 3938 317 3989 Pectore
351 3939 412 3989 tu
436 3951 592 3989 caeco
624 3935 855 3990 stultior
882 3952 941 3987 es
971 3933 1202 3988 cuculo.

42 4040 135 4093 με
173 4024 335 4078 volat
360 4026 592 4096 pennis,
648 4026 747 4078 sed
784 4030 843 4079 tu
899 4040 1141 4096 quoque
1184 4038 1417 4094 serpere
1453 4020 1666 4075 nescis.

73 4117 339 4185 Tempus
366 4119 419 4169 et
444 4115 571 4185 ipse
601 4119 773 4177 tenet,
812 4119 1081 4185 tempora
1112 4113 1275 4167 nulla
1308 4118 1487 4166 tenes.

41 4203 159 4265 iuid
185 4204 291 4257 tibi
314 4204 622 4258 consimile
646 4209 735 4259 est
761 4221 958 4258 rerum
985 4203 1216 4271 subtus,
1234 4219 1398 4272 rogo,
1424 4201 1671 4255 cerium?

77 4292 323 4347 Stultior
348 4311 410 4348 es
439 4295 665 4348 cunctis
698 4292 968 4348 folliculis
996 4292 1220 4345 vacuis.

51 4383 100 4437 ie
135 4384 381 4437 retrahit
413 4383 641 4449 ﬂatum,
666 4384 941 4456 quotiens
973 4382 1257 4436 efflaverit
1286 4381 1487 4435 illum:

67 4476 153 4526 Tu
188 4478 401 4527 ventus
426 4473 659 4544 penitus
690 4472 1035 4527 ﬂaminibus
1060 4487 1304 4525 vacuus.

42 4578 75 4614 u
109 4562 219 4615 tibi
248 4578 508 4629 magnus
541 4562 666 4630 erit,
702 4578 923 4633 parvus
948 4560 1093 4615 mihi
1124 4576 1387 4631 namque
1416 4558 1662 4631 putaris,

70 4655 133 4705 Et
160 4651 311 4705 mihi
343 4652 444 4723 qui
476 4651 809 4723 quondam,
864 4665 1101 4721 semper
1132 4648 1244 4702 eris
1286 4648 1662 4713 Meginhahn.

42 4742 195 4811 icipe
224 4757 385 4794 nunc
416 4740 707 4795 humilem
740 4741 905 4795 terris
930 4741 1059 4809 jam
1090 4740 1293 4791 sistere
1325 4738 1556 4805 callem,

64 4835 193 4884 Non
226 4831 443 4901 poteris
478 4830 793 4885 modulum
826 4831 1055 4885 vincere
1090 4845 1467 4901 corporeum.

64 4921 119 4973 Si
156 4920 400 4991 poteris,
425 4921 649 4975 celsum
684 4921 957 4992 nunquid
986 4921 1070 4974 vis
1104 4919 1389 4973 scandere
1422 4918 1669 4973 cwlum‘?

62 5013 215 5075 Non,
250 5026 418 5079 rogo,
453 5014 543 5065 sta
577 5010 762 5075 terris,
802 5026 873 5064 ne
909 5011 1149 5083 capiare
1186 5008 1379 5063 malis.

760 5110 933 5163 XXIII.

44 5200 85 5252 d
120 5198 429 5253 Christum
460 5201 833 5254 Servatorem
868 5201 1077 5253 mundi
1125 5199 1196 5253 de
1228 5198 1384 5253 caede
1423 5198 1529 5250 SS.
1582 5197 1675 5251 In-

677 5307 711 5343 n
721 5306 858 5343 ocen
869 5297 886 5343 ι
896 5306 1013 5343 um.

41 5383 273 5437 [sontes
304 5378 559 5439 Domini.
592 5378 765 5433 nobis
802 5379 1146 5447 succurrite,
1182 5383 1349 5433 sanet
1663 5372 1677 5421 I

41 5488 107 5523 os
142 5468 433 5535 gravibus
466 5468 593 5521 vitis
626 5485 732 5539 per
765 5469 975 5523 Christi
1011 5469 1216 5523 solvite
1248 5484 1425 5522 nome
1635 5470 1673 5519 .\’

42 5559 246 5629 uscipe
282 5562 345 5611 tu
369 5556 693 5611 dominans
726 5562 1097 5623 sanctorum,
1131 5558 1367 5629 suscipe
1402 5572 1545 5610 voce
1644 5560 1677 5610 S

60 5704 135 5768 ('2)
174 5705 239 5749 Ἀ
254 5719 350 5769 ιμα
386 5699 761 5767 sanguinem.

3454 523 3463 548 ἶ

1810 517 2025 583 Nempe
2060 516 2355 567 palemis-ti
2392 516 2712 585 splendens
2746 515 2803 569 in
2833 532 3068 569 carcere
3104 516 3262 570 lumc
3427 523 3435 573 ἰ

1806 604 2049 656 'l‘raxisti
2086 605 2156 655 «ie
2195 611 2377 657 ωσι-ιιι
2416 612 2563 659 luns.
2598 622 2757 657 mors
2786 610 3020 659 mortua
3052 606 3244 660 dormi

1812 696 1885 744 lix
1918 710 2039 762 quo
2068 702 2253 746 limric
2291 704 2383 746 tua,
2421 695 2687 748 rcscrasti
2719 696 2937 755 gaudia
2969 696 3045 750 vit

1808 782 2123 847 Sanguinis
2154 788 2392 843 eil'usor.
2430 800 2741 853 sz-‘vusque
2774 785 3047 837 inimicus
3083 787 3310 841 llcrode

1808 872 2129 924 Destruittu'
2161 890 2259 942 per
2290 878 2337 925 te
2367 874 2574 929 \irtus.
2606 873 2918 927 fortissime
2956 874 3092 928 Davi
3424 877 3467 927 υ

1806 958 2160 1029 tltvorostis
2197 967 2315 1014 erat
2355 963 2567 1015 volitan
2603 962 2766 1015 omni
2798 979 3039 1033 quoqu"
3070 970 3203 1018 vent
3423 969 3465 1021 Ο

1806 1050 2062 1109 Μιηηέίικ,
2093 1054 2151 1102 ut
2185 1051 2460 1103 fremit-us
2492 1051 2739 1121 cupiens
2763 1051 2853 1105 leo
2877 1052 3123 1121 perdere
3157 1053 3387 1108 tlhristu
3420 1057 3467 1109 Μ

1809 1142 2099 1191 Innomos
2130 1157 2345 1210 pueros
2381 1140 2682 1194 sternebat
2706 1157 2951 1211 corpore
2980 1157 3087 1195 nec
3452 1148 3467 1197 ι

1808 1232 1931 1281 Non
1966 1233 2159 1281 tamen
2190 1230 2477 1283 extinctos
2508 1229 2742 1283 inclusit
2775 1234 2991 1285 tartara
3025 1232 3222 1285 daauo
3426 1237 3464 1287 Ν

1810 1323 1866 1370 lu
1902 1319 2191 1385 gremium
2223 1319 2347 1371 m-li
2384 1319 2534 1371 vexit
2569 1320 2673 1371 sed
2707 1320 2896 1383 gratia
2923 1338 3121 1375 summ
3451 1328 3465 1377 I

1808 1408 2057 1461 Nomina
2081 1409 2303 1461 habens
2319 1409 2375 1461 in
2399 1410 2583 1462 fronte
2604 1410 2925 1476 sua,l’atris
2954 1427 3195 1482 quoque
3213 1427 3390 1466 nomc
3423 1416 3463 1467 N

1806 1502 2041 1561 tlmucs,
2077 1504 2127 1549 et
2162 1499 2421 1551 clamant
2458 1498 2825 1552 modulando
2856 1500 3117 1553 carmine
3150 1501 3360 1571 pulchr
3421 1504 3463 1557 Ο

1808 1585 2052 1643 Ηυωιη),
2091 1586 2191 1655 qui
2224 1586 2418 1639 lui-tus
2454 1586 2863 1655 lacrymantur
2891 1588 3145 1657 conjuge
3175 1593 3313 1643 Jaco
3429 1594 3465 1645 Β

1806 1679 1865 1728 In
1900 1676 2128 1745 superis
2162 1676 2349 1745 plorat
2382 1676 2545 1745 pueri
2576 1694 2683 1729 ceu
2706 1682 2894 1730 mater
2921 1677 3083 1732 ablat

1804 1763 1915 1819 Sed
1948 1764 2131 1817 nimio
2162 1780 2277 1817 non
2310 1763 2431 1817 vult
2464 1765 2622 1818 luctu
2653 1782 2881 1819 cessare
2912 1766 3249 1837 deplangcn

1803 1858 1948 1907 Sunt
1979 1854 2139 1925 quia,
2176 1854 2274 1907 scd
2308 1870 2425 1907 non
2460 1860 2547 1907 est
2572 1854 2682 1907 illis
2708 1856 3000 1923 regressio
3030 1855 3172 1909 tristi

1807 1945 1867 1995 Ut
1902 1943 2139 1996 veniant
2171 1942 2381 1995 iterum
2408 1944 2723 2008 mundum,
2750 1944 2851 2014 qui
2879 1944 3151 2015 planctus
3179 1945 3239 1999 in
3274 1963 3340 1999 us

1802 2031 2069 2085 Cosmica
2099 2036 2311 2086 cuncta
2345 2036 2607 2099 manent,
2636 2033 2867 2087 detersa
2902 2034 3108 2099 tristia,
3141 2034 3296 2089 done

1802 2121 2219 2191 Cunctipotcns
2256 2122 2497 2175 veniens
2527 2138 2635 2176 nos
2668 2138 2877 2175 omnes
2909 2122 3129 2189 colligit
3157 2122 3259 2176 illu

1804 2211 1985 2263 livida
2016 2228 2115 2263 vos
2149 2212 2331 2264 sancti
2366 2212 2586 2264 clamat
2616 2228 2752 2265 mea
2786 2212 3073 2282 palpebra
3104 2215 3199 2265 flet

1803 2304 2103 2353 Hectorem
2136 2300 2368 2367 mundi,
2400 2300 2675 2370 precibus
2707 2316 2876 2365 rogo,
2907 2301 3118 2355 flectite
3154 2317 3356 2373 sempc

1799 2392 1914 2442 liex
1950 2390 2078 2443 forti
2106 2393 2239 2443 .lt'Stl
2274 2390 2569 2453 dominas,
2610 2390 2908 2447 miserere.
2940 2407 3227 2460 prccamu

1802 2478 1979 2549 lmpie
2007 2478 2169 2549 quod
2204 2479 2381 2543 gessit
2412 2479 2788 2532 iVi-omundus
2822 2494 3069 2549 corpore
3106 2480 3222 2533 fact

1794 2566 1990 2620 'l‘olhte
2022 2573 2356 2637 peccatum,
2386 2582 2539 2635 quos
2569 2565 2831 2619 Christus
2860 2566 3151 2633 sanguine
3186 2566 3327 2621 tinxi
3417 2572 3457 2623 Τ

1798 2656 2126 2709 liudochias
2160 2655 2413 2725 osoplon
2443 2655 2835 2725 stephanosas
2870 2654 3044 2725 Kyrie
3079 2656 3265 2710 Christ
3416 2661 3453 2712 E

1797 2749 2039 2799 Sanctos
2072 2745 2383 2811 innocuos,
2413 2744 2515 2814 qui
2548 2748 2789 2797 cantant
2822 2743 3090 2798 carmina
3122 2743 3285 2798 laudi
3419 2748 3453 2801 S

1796 2840 1939 2889 Ante
1954 2837 2233 2889 thronum
2254 2834 2483 2888 Domini
2502 2839 2743 2889 cantant
2762 2834 2872 2887 sibi
2888 2835 3157 2889 carmina
3175 2834 3385 2905 pulchr
3407 2840 3453 2891 Α

1794 2928 2065 2978 Nostrum
2082 2925 2314 2978 vindica
2331 2941 2463 2977 ema
2479 2928 2489 2991 ξ
2503 2927 2553 2993 2)
2569 2923 2890 2994 splendens
2908 2924 2980 2978 de
2994 2924 3389 2979 luminelume
3408 2929 3448 2980 Ν

1793 3015 2169 3068 tionfratrum
2198 3030 2485 3068 numerus
2504 3014 2729 3067 dictum
2750 3014 3211 3085 est,requieseile
3227 3014 3384 3069 done
3413 3017 3451 3069 (Σ

3428 523 3463 573 Ν

3444 612 3469 663 Γ

3430 702 3467 752 Ε

3433 792 3468 840 S

3428 1772 3463 1826 S

3428 1862 3462 1914 S

3420 1950 3461 2002 U

3422 2040 3460 2091 ti‘.

3422 2130 3460 2179 tl

3419 2217 3459 2269 U

3419 2307 3459 2357 Β

3418 2396 3459 2447 R

3440 2486 3455 2535 l

1721 3134 1759 3185 ρ
1790 3106 2046 3173 Tempus
2060 3103 2256 3157 adhuc
2274 3102 2745 3167 modicum,cum
2764 3105 2879 3157 Rex
2898 3102 3251 3157 fortissimus
3268 3106 3397 3158 asta
3413 3106 3453 3158 T

1794 3192 2061 3246 Insontes
2092 3192 2344 3255 Domini,
2380 3192 2553 3245 nobis
2587 3192 2933 3257 succurrite,
2967 3194 3145 3247 Sanct
3434 3196 3449 3246 l

2538 3300 2723 3353 XXIV.

2280 3388 2673 3455 Epitaphium
2708 3390 2989 3442 [till/reri;

1793 3478 1909 3531 lloc
1939 3478 2171 3547 requies
2203 3476 2429 3529 tumulo
2464 3475 2873 3529 membrorum
2908 3475 3063 3529 facto
3102 3474 3376 3544 Hihkero,

1860 3565 2143 3619 Conditur
2173 3564 2231 3617 in
2262 3563 2509 3630 tumulo,
2543 3564 2644 3633 qui
2672 3563 2895 3633 placuit
2924 3563 3168 3634 populo.

1785 3655 2061 3710 Carmina
2091 3652 2481 3715 conciuimus,
2519 3652 2625 3705 sed
2658 3652 2891 3706 ﬂetibus
2916 3669 3021 3707 ora
3046 3652 3337 3721 rigamus,

1860 3743 2155 3797 Solvimus
2192 3741 2456 3796 ofﬁcium
2486 3741 2706 3796 funeris
2734 3745 2913 3813 atque
2945 3757 3211 3813 precum.

1785 3832 2130 3899 Plangimus
2160 3832 2483 3887 incassum.
2534 3834 2805 3902 repetunt
2852 3830 2999 3885 dum
3054 3829 3327 3886 membra
3353 3847 3443 3885 ses

3123 3920 3440 3992 [pulcrum.

1859 4016 1921 4065 l*t
1947 4012 2091 4083 quid
2125 4012 2181 4065 id
2215 4028 2344 4065 esse
2380 4011 2589 4077 gemis,
2626 4029 2843 4084 corpus
2875 4017 2929 4065 et
2960 4011 3119 4065 unde
3153 4011 3305 4079 geris

1785 4105 1932 4156 Mors
1961 4105 2163 4155 manet
2192 4101 2247 4155 in
2286 4102 2425 4169 vita,
2462 4101 2682 4171 geritur
2710 4102 2851 4174 quia
2882 4118 3129 4173 corpore
3163 4101 3371 4156 cincta.

1856 4192 2100 4246 Pulvera
2126 4196 2457 4263 portamus,
2497 4192 2711 4245 vermis
2739 4198 2793 4245 et
2820 4208 2957 4245 esca
2999 4208 3230 4259 sumus,

1784 4281 2073 4335 tlarnibus
2101 4280 2157 4333 in
2194 4296 2424 4333 vermes
2458 4280 2732 4334 resolutis
2764 4280 3013 4351 pulvera
3041 4279 3247 4334 ventis.

1854 4374 2170 4440 Nunquam
2198 4368 2314 4422 vita
2348 4373 2568 4433 manet,
2604 4385 2764 4422 mors
2796 4368 2908 4421 nisi
2940 4385 3078 4422 cum
3102 4366 3312 4421 veniet.

1704 4488 1747 4539 Ι)
1785 4458 1885 4512 Hic
1919 4458 2112 4521 cogita
2140 4456 2272 4527 plus
2304 4456 2691 4525 gaudendum
2720 4457 2793 4509 de
2822 4462 3008 4511 morte
3046 4458 3217 4511 beata
3246 4474 3257 4510 :

1855 4550 2073 4617 llospes
2106 4546 2299 4599 adisse
2336 4545 2447 4599 tuis
2480 4562 2583 4599 cur
2614 4544 2802 4613 tremis
2831 4545 3105 4617 hospitiis
3133 4550 3159 4598 ?

1778 4638 2039 4707 Corpora
2088 4634 2236 4687 dum
2278 4636 2551 4705 pereunt,
2600 4634 2833 4688 animas
2883 4638 3023 4689 tunc
3072 4638 3256 4689 morte
3301 4637 3439 4687 bea-

3245 4724 3261 4793 i
3268 4722 3436 4788 bunt,

1850 4816 2009 4867 Tunc
2042 4812 2257 4867 animm
2289 4816 2581 4877 crescunt,
2615 4812 2816 4867 ossula
2843 4812 2989 4867 dum
3018 4818 3284 4883 pereunt.

1781 4903 1996 4970 Quinta
2020 4902 2158 4956 Idus
2188 4902 2340 4956 Junii
2374 4902 2615 4973 perfecit
2646 4907 2915 4972 tempora
2942 4902 3114 4955 Szecli.

1856 4996 2120 5047 Fratrum
2150 4998 2343 5046 turma
2372 4996 2549 5062 petat,
2585 4991 2821 5062 spiritus
2850 4996 2907 5045 ut
2942 4992 3150 5046 valeat.

2532 5109 2690 5163 XXV.

1796 5201 2003 5253 Versus
2032 5199 2095 5252 in
2138 5198 2356 5251 librum
2386 5197 2463 5267 (3)
2490 5198 2888 5253 Dictamz'num
2920 5198 3001 5253 ad
3028 5214 3087 5253 se
3125 5198 3437 5252 collectum

1786 5293 1923 5354 Quae
1956 5286 2101 5341 mihi
2132 5286 2375 5341 dictanti
2409 5288 2697 5341 concessit
2726 5287 2915 5353 gratia
2948 5287 3156 5343 Christi

1785 5375 2058 5431 Versibus
2082 5364 2181 5431 aut
2208 5375 2444 5441 chartis,
2468 5376 2525 5430 in
2558 5392 2773 5447 corpus
2804 5380 3024 5432 vertere
3056 5377 3341 5447 scriptum

1788 5465 2040 5531 Decrevi,
2074 5464 2304 5536 quoties
2336 5465 2449 5519 hoc
2480 5482 2726 5536 possum
2757 5466 2907 5520 ferre
2936 5471 3277 5539 peraptum,

1788 5557 2041 5608 Mortuus
2074 5557 2136 5606 ut
2168 5540 2407 5606 tandem
2432 5553 2663 5607 Domini
2696 5553 2785 5607 vel
2815 5553 3098 5609 laudibus
3121 5555 3367 5621 addam,

70 5764 152 5838 β’)
192 5763 543 5827 Ουὶιιωθῐώ·
574 5785 647 5825 eo
677 5768 903 5838 codice,
934 5786 1117 5846 quem
1150 5772 1263 5827 sub
1293 5767 1534 5826 nomine
1574 5765 1933 5824 Froumundi
1958 5765 2248 5823 hactenus
2279 5763 2474 5821 citavi.
