3888 6404
372 271 505 326 1303

1370 279 1771 333 FROL'IL'NDI
1814 276 2224 332 C(ENOBlT/E
2261 281 2773 339 TEGEBNSESSIS

3699 274 3831 328 130i

369 397 514 448 Cum
545 409 666 447 non
698 393 906 462 lingua
950 402 1141 462 sonat,
1177 413 1311 468 quae
1339 404 1518 454 restat
1547 398 1736 452 littera
1765 401 2008 470 pangat,
2035 400 2100 453 A'
2119 402 2422 458 Eternum
2449 420 2674 460 numen
2704 418 3052 459 sermonum
3076 402 3178 456 dat
3207 401 3324 456 sibi
3353 401 3624 454 ﬂumen

370 482 610 536 lntirma
650 482 696 536 si
729 482 960 546 fuerint,
993 499 1112 538 non
1137 490 1274 539 sunt
1296 486 1636 558 spernanda
1664 486 1901 554 legenti,

371 574 516 626 Cum
549 570 746 624 nullus
773 586 969 625 sermo
999 572 1225 627 Christo
1250 590 1311 628 se
1341 575 1650 630 subtrahat
1677 575 1856 640 almo,

371 658 681 722 Omnibus,
722 663 785 712 ut
816 659 938 712 vult
967 659 1116 730 ipse,
1160 661 1347 731 dabit,
1391 680 1502 718 nec
1528 680 1779 736 corpora
1808 663 2011 729 cernit,

369 749 550 802 Pana
576 745 810 816 replens
838 749 1092 816 magnis,
1125 755 1180 804 et
1210 749 1381 806 fortia
1411 754 1634 824 spernit
1665 753 1724 808 in
1754 753 1904 808 altis.

368 835 490 888 Hoc
515 833 732 904 placuit
757 842 997 906 propter
1025 838 1202 892 nullis
1229 855 1325 894 me
1355 857 1598 912 parcere
1630 841 1846 906 verbis,

370 923 520 988 Quin
552 921 844 977 scribatur
864 925 1046 990 enim,
1077 927 1364 1000 quicquid
1391 945 1510 984 non
1545 930 1794 984 mittitur
1822 929 1944 1000 igni

367 1015 481 1066 Aut
511 1028 689 1066 cursu
722 1011 894 1067 celeri
925 1019 1285 1086 transportet
1315 1019 1557 1073 nuntius
1579 1019 1728 1074 orbi.

1102 1138 1288 1194 XXVI.

471 1225 678 1279 Versus
719 1225 1030 1294 Uda/peni
1053 1229 1114 1281 in
1145 1229 1398 1285 codicem
1425 1232 1802 1287 Psalmorum
1829 1235 1925 1302 (4).

377 1331 545 1384 Hunc
576 1345 687 1396 ego
718 1331 1086 1387 Psalmorum
1119 1335 1315 1390 studui
1347 1338 1718 1393 conscribere
1743 1338 1961 1393 librum

377 1418 747 1490 L'dalpertus,
781 1425 843 1474 ut
886 1421 980 1475 hic
1012 1437 1224 1492 pascas
1269 1425 1535 1481 animam
1588 1443 1829 1499 quoque
1867 1427 2018 1481 Heil-

1855 1517 2016 1586 :wih.

375 1598 641 1661 Ornavil,
673 1605 736 1650 ut
764 1600 934 1664 potui
957 1615 979 1652 .·
1007 1601 1202 1656 decuit
1231 1605 1317 1658 sic
1342 1605 1651 1660 nobilitari

373 1686 656 1740 Psallerii
680 1686 1001 1753 dominam,
1032 1691 1194 1744 colui
1213 1693 1391 1747 simul
1421 1699 1474 1748 el
1503 1710 1867 1764 generosam.

375 1774 470 1828 His
500 1773 716 1828 leviora
746 1774 888 1830 facis
913 1793 1192 1834 curarum
1223 1781 1491 1852 pondera
1523 1783 1754 1856 scriptis

375 1865 440 1917 Et
467 1863 750 1918 meditare
781 1865 914 1936 piis,
945 1883 1079 1938 quae
1112 1875 1339 1925 restant
1370 1873 1590 1939 gaudia
1622 1873 1808 1928 caelis.

377 1952 475 2004 His
511 1951 700 2019 magis
727 1952 963 2008 insistas
995 1957 1221 2027 cupias,
1249 1975 1433 2030 quam
1463 1959 1682 2014 femina
1708 1961 1878 2030 jocis.

374 2043 504 2094 Haec
553 2041 766 2095 iterum
820 2046 998 2114 atque
1054 2045 1268 2102 iterum
1325 2063 1560 2120 semper
1605 2049 1906 2105 mediteris
1962 2051 2022 2106 in

1782 2140 2020 2208 :tevum.

376 2215 602 2272 Gaudia
622 2223 781 2272 certa
807 2224 1073 2288 manent,
1091 2237 1466 2296 quaecunque
1489 2225 1614 2280 haec
1641 2232 1879 2298 pectora
1905 2227 2026 2282 vol-

1841 2319 2021 2386 [vent,

381 2395 478 2448 llis
511 2394 748 2450 inimica
773 2401 942 2468 potes
976 2414 1258 2469 superare
1290 2405 1595 2474 sequentia
1625 2405 1796 2460 vires.

1090 2506 1300 2562 XXVII.

375 2590 670 2658 Apologia
723 2592 801 2654 f5)
843 2607 960 2660 pro
1001 2593 1208 2649 schola
1270 2596 1740 2670 Wirlzburgensi
1782 2604 2022 2674 ejusque

457 2679 741 2746 magistro
762 2679 1047 2735 adversus
1076 2685 1388 2752 quemdam
1420 2688 1930 2746 calumniatorem.

374 2785 598 2838 Nomen
627 2787 691 2839 ut
716 2783 1044 2841 herbarum
1073 2791 1229 2843 tenet
1267 2791 1392 2846 hzec
1419 2793 1559 2848 urbs
1590 2795 2016 2864 proﬁcuarum,

373 2871 659 2935 Qualibus
688 2871 902 2927 imbuti
929 2881 1208 2946 reparant
1239 2895 1347 2934 sua
1369 2882 1640 2938 membra
1671 2883 1867 2953 saluti,

375 2960 465 3015 Sic
499 2960 896 3030 perfectorum
924 2964 1172 3032 genitrix
1205 2973 1290 3021 est
1319 2968 1769 3042 discipulorum.

373 3047 595 3101 Profert
622 3047 956 3104 doctrinam
983 3053 1124 3122 quia
1156 3055 1472 3112 stultorum
1493 3060 1874 3116 medicinam.

372 3135 484 3188 Per
513 3135 824 3206 proprium
853 3153 1073 3194 nomen
1097 3148 1386 3200 monstrat
1413 3145 1696 3203 divinitus
1725 3165 1923 3206 omen.

369 3221 551 3277 Posse
583 3239 756 3278 suum
785 3224 1040 3282 fructum
1068 3229 1190 3284 vitii
1217 3231 1512 3303 depellere
1536 3235 1784 3300 luctum,

373 3310 644 3366 Germine
667 3313 936 3368 radicum
964 3317 1129 3386 quod
1151 3318 1262 3374 fert
1285 3320 1452 3376 vicus
1477 3321 1804 3391 inimicum,

372 3399 500 3452 Vim
523 3399 745 3470 pellens
775 3402 989 3472 morbi,
1012 3404 1160 3461 dum
1189 3414 1404 3464 cuncto
1429 3411 1662 3482 proﬁcit
1680 3411 1829 3468 orbi.

375 3487 659 3542 Sordibus
691 3489 879 3546 inflati
904 3509 1042 3548 cum
1073 3495 1315 3552 stultitia
1343 3500 1604 3566 cruciati,

373 3579 563 3630 lnstar
588 3576 832 3649 leprosi,
865 3596 969 3635 seu
998 3582 1100 3654 qui
1125 3583 1350 3653 degunt
1378 3587 1585 3656 vitiosi,

373 3666 492 3718 Huc
523 3664 920 3735 adducantur,
942 3670 1231 3742 quoniam
1261 3674 1474 3730 melius
1499 3685 1862 3736 renovantur

374 3751 734 3824 Doctiloquis
807 3755 1026 3823 verbis,
1080 3774 1266 3829 quam
1338 3763 1612 3820 membra
1677 3767 2020 3825 salubribus

1798 3858 2016 3915 herbis.

378 3927 640 3983 Summis
670 3928 927 3985 archivis
956 3933 1165 4004 epulas
1195 3938 1500 4008 acquirere
1531 3943 1713 3999 silvis.
1774 3859 1790 3928 [

376 4013 490 4100 rice
517 4026 639 4100 non
656 4012 925 4100 perfectae
947 4019 1192 4074 scrutari
1215 4019 1459 4079 dindina
1476 4026 1811 4100 [dindyma]
1827 4036 2018 4088 sectae.

381 4093 623 4161 Wangia
651 4111 756 4150 cur
780 4095 1016 4168 largues
1047 4102 1292 4159 stolidas
1323 4093 1619 4166 servando
1646 4093 2024 4184 phalanges?

378 4183 618 4235 Nostros
656 4191 984 4242 conventus
1017 4190 1193 4247 adeat
1221 4197 1321 4250 tua
1342 4197 1518 4254 stulta
1541 4199 1843 4269 juventus.

379 4271 569 4362 Quam
602 4271 719 4327 sint
759 4273 1032 4332 limantes
1081 4296 1294 4338 aurum
1335 4285 1492 4341 velut
1539 4287 1677 4357 igne
1701 4289 2022 4362 probantes

377 4359 566 4414 Nostri
594 4363 832 4418 rectoris
861 4381 1086 4423 normae
1116 4385 1238 4426 non
1263 4373 1394 4428 vilis
1423 4375 1688 4447 honoris,

379 4447 649 4504 Ecclesiae
668 4467 970 4510 summam
985 4471 1168 4528 quem
1185 4461 1483 4518 cernimus
1504 4481 1635 4520 esse
1652 4467 2016 4526 columnam.

493 4552 672 4608 quem
716 4541 1003 4610 procedit,
1047 4546 1391 4622 quicunque
1429 4551 1702 4610 docendo
1745 4555 2019 4628 placebit.

377 4625 652 4698 Princeps
681 4629 1026 4703 primatum,
1058 4635 1161 4706 qui
1185 4639 1395 4708 pandit
1420 4641 1623 4699 abdita
1652 4625 1878 4712 vat—um,

379 4714 574 4769 Mundi
613 4722 964 4776 cunctorum
1013 4726 1376 4785 transcendit
1422 4730 1661 4787 culmen
1703 4732 2022 4791 honorum.

379 4806 526 4859 Nam
556 4807 778 4863 meritis
808 4809 1037 4868 nullum
1067 4813 1318 4873 similem
1355 4819 1466 4876 fert
1493 4821 1758 4876 mundus
1788 4823 2026 4880 homul-

1854 4912 2023 4983 [lum.

379 4984 508 5052 lpse
537 4989 851 5054 poetarum
879 4987 1061 5060 fulget
1089 4991 1272 5049 decus
1296 4998 1776 5066 omnigenarum.

379 5072 633 5142 Imperio
661 5075 868 5132 Christi
892 5079 1264 5140 moderando
1289 5089 1522 5156 sceptra
1548 5087 1834 5158 magistri.

379 5161 591 5216 Praeter
620 5163 932 5238 Scriptura:
955 5169 1222 5227 studium
1247 5173 1392 5228 nihil
1423 5180 1509 5230 est
1542 5175 1653 5232 sibi
1681 5193 1858 5242 curae,

382 5247 579 5334 Cultor
597 5252 820 5309 virtutis
848 5263 1070 5326 manet,
1103 5263 1453 5334 aeternaeque
1479 5263 1705 5323 salutis.

382 5332 508 5426 Vim
533 5336 710 5396 talem
740 5345 954 5398 mentis
983 5347 1146 5404 dono
1177 5355 1331 5407 tenet
1355 5332 1814 5426 Omnipotentis,

379 5422 666 5484 Doctrina;
697 5431 859 5487 rivus
884 5433 1012 5492 ﬂuit
1038 5438 1089 5509 ej
1101 5455 1167 5494 us
1195 5445 1432 5513 pectore
1455 5422 1647 5503 vivus.

453 5599 506 5666 (4

456 5673 490 5733 (ξ

485 5674 507 5720 Ei

514 5600 530 5669 )
560 5604 771 5658 Extant
820 5604 880 5660 in
907 5611 1019 5664 eod
1049 5615 1181 5672 cod.

510 5673 528 5738 )
561 5672 640 5724 Ex
671 5672 804 5728 cod.
832 5675 1210 5754 Froumundi,
1237 5689 1342 5745 etsi
1389 5689 1468 5746 ob
1495 5706 1738 5760 manus,
1769 5706 1904 5761 quia
1933 5698 2022 5753 ta-

2121 491 2216 545 Est
2244 500 2664 548 ornamentum
2695 493 2869 548 nobis
2895 493 3074 560 hujus
3102 491 3602 552 documentum,

2121 581 2189 634 L't
2217 583 2380 636 verni
2407 584 2585 638 ﬂores
2605 583 2700 638 cui
2730 587 3004 637 crescunt
3031 596 3272 652 semper
3299 579 3626 634 honores.

2121 669 2375 724 lndoctis
2407 670 2610 726 lumen
2642 689 2778 727 cum
2811 671 2938 737 fert,
2969 687 3077 725 seu
3103 668 3322 725 mentis
3355 680 3688 730 acumen,

2119 759 2548 816 Grammaticas
2575 767 2792 833 partes,
2817 777 2887 815 ac
2916 765 3161 816 cunctas
3186 758 3438 814 instruit
3468 760 3683 811 artes.

2120 849 2405 920 Tempore
2435 857 2746 916 nocturno,
2779 866 2973 922 neque
3001 849 3124 904 vult
3155 863 3396 904 cessare
3425 845 3714 910 diurno,

2123 937 2284 991 Dicta
2310 939 2632 1008 peritorum
2657 939 3020 1012 depromens
3049 937 3621 1008 ortographorum.

2125 1023 2312 1080 Tante
2342 1027 2564 1098 pastori
2591 1044 2904 1100 nunquam
2935 1033 3072 1082 sunt
3095 1026 3318 1097 scripta
3350 1022 3599 1087 labori,

2121 1115 2241 1169 Ceu
2265 1115 2403 1169 solis
2433 1115 2632 1172 lumen
2666 1117 2774 1172 sibi
2798 1118 2900 1172 sed
2933 1122 3094 1190 patet
3123 1130 3307 1171 omne
3338 1112 3691 1176 volumen,

2123 1203 2366 1271 Ingenio
2392 1205 2688 1262 mundum
2713 1205 2936 1262 faciens
2960 1221 3212 1261 vernare
3235 1201 3630 1260 rotundum.

2125 1295 2406 1348 Strenuus
2435 1301 2490 1350 et
2513 1297 2732 1367 justus,
2765 1298 3018 1366 gemmis
3046 1297 3278 1351 virtutis
3308 1298 3621 1357 onustus,

2126 1384 2232 1437 Dat
2261 1399 2485 1454 pernox
2511 1391 2703 1453 Argus
2729 1387 3073 1442 documenti
3100 1385 3327 1440 fercula
3355 1383 3621 1450 largus.

2126 1475 2276 1526 Cura
2306 1473 2504 1528 subtili
2533 1476 2773 1546 proprio
2805 1476 3068 1544 vigilabit
3094 1475 3255 1530 ovili.

2127 1561 2342 1614 Praeter
2369 1563 2705 1618 mercedem
2739 1564 2871 1619 licet
2894 1567 3025 1634 ejus
3052 1564 3255 1618 videre
3279 1561 3536 1616 sedem.

2129 1651 2368 1719 Propter
2391 1650 2652 1706 sollertes
2682 1669 2802 1707 non
2833 1669 3102 1724 unquam
3126 1651 3354 1723 spernit
3389 1651 3663 1704 inertes.

2049 1739 2091 1794 Β
2130 1737 2346 1792 Firmat
2371 1740 2709 1810 prudentes,
2741 1741 2886 1796 dum
2917 1743 3160 1813 corripit
3181 1741 3592 1813 insipientes.

2131 1827 2347 1882 Omnes
2375 1831 2680 1886 communi
2708 1835 2847 1886 voto
2880 1832 2992 1886 sibi
3018 1831 3339 1900 jungimur
3367 1829 3513 1883 uni.

2129 1917 2338 1986 Aiquat
2368 1917 2715 1988 Sampsonis
2743 1919 2915 1984 vires,
2945 1918 3155 1973 studiis
3182 1917 3582 1973 Salomonis.

2131 2005 2348 2074 Expers
2371 2004 2606 2060 fallendi
2630 2008 2894 2078 procedit
2914 2006 3044 2076 lege
3068 2005 3354 2061 docendi.

2129 2086 2241 2142 Sed
2269 2093 2472 2144 noster
2499 2095 2686 2145 enatus
2717 2091 2815 2146 tali
2846 2091 2920 2146 de
2949 2090 3218 2164 principe
3243 2089 3456 2156 laetus,

2133 2171 2371 2241 Sollers,
2401 2173 2714 2242 insomnis,
2763 2182 2933 2230 catus
2963 2175 3124 2230 hunc
3152 2173 3578 2228 venerabitur
3608 2172 3822 2227 omnis.

2131 2263 2448 2332 Nunquam
2479 2263 2777 2334 torpescit,
2803 2265 2976 2333 cujus
2999 2263 3105 2336 qui
3122 2264 3256 2332 jure
3287 2261 3602 2334 quiescit.

2130 2347 2280 2402 Talis
2309 2349 2620 2405 mandritae
2647 2351 2896 2406 verbum
2924 2351 3035 2406 fert
3065 2351 3290 2420 gaudia
3325 2351 3509 2415 vitae,

2130 2439 2370 2510 Propter
2392 2455 2575 2509 quem
2597 2446 2800 2508 gentes
2824 2441 2939 2496 huc
2961 2441 3213 2496 diversae
3243 2439 3615 2504 venientes,

2129 2529 2256 2581 Non
2294 2526 2429 2598 plus
2474 2527 2672 2596 vicini,
2719 2545 2906 2601 quam
2947 2534 3228 2602 quaerunt
3273 2529 3454 2583 hunc
3492 2527 3820 2600 peregrini.

2129 2616 2390 2670 Curritur
2412 2632 2447 2671 a
2478 2615 2664 2671 turbis
2691 2619 2858 2672 istius
2882 2618 3187 2674 mmnibus
3217 2617 3420 2672 urbis.

2131 2706 2292 2758 Hunc
2325 2704 2436 2758 sibi
2464 2705 2794 2773 ductorem,
2841 2707 2932 2762 vel
2982 2708 3250 2777 gliscunt
3298 2707 3820 2762 ammonitorem.

2128 2793 2421 2848 Nobilium
2453 2793 2647 2865 proles
2676 2795 2847 2866 cujus
2873 2813 3013 2852 cum
3043 2801 3244 2868 captet
3262 2811 3557 2859 amores,

2129 2883 2319 2937 Lectio
2349 2883 2558 2955 pupilli
2587 2900 2708 2938 non
2738 2884 2840 2940 ﬁet
2866 2885 3129 2942 dedecus
3161 2885 3262 2940 illi.

2129 2971 2381 3036 Quilibet
2410 2972 2662 3039 assistat,
2695 2973 2803 3028 sibi
2837 2974 3210 3046 proticiendo
3235 2973 3571 3046 patrissat.

2047 3081 2091 3138 ο
2129 3061 2331 3116 Nullus
2364 3062 2628 3117 mortalis
2657 3063 2838 3134 pollet
2869 3063 2953 3119 sic
2984 3062 3332 3119 artiﬁcialis.

2128 3149 2284 3202 Desit
2306 3149 2591 3220 perdocto
2620 3151 2714 3205 cui
2743 3150 2822 3205 nil
2850 3151 3165 3206 virtutibus
3196 3157 3359 3207 octo.

2128 3237 2228 3292 His
2256 3239 2620 3294 ornamentis
2648 3240 2889 3295 humilis
2917 3246 3032 3296 stat
3062 3241 3254 3310 gloria
3283 3241 3554 3296 mentis.

2129 3327 2292 3382 Vivat
2318 3327 2413 3383 hic
2441 3327 2762 3395 indemnis,
2789 3346 2930 3384 cum
2958 3331 3398 3386 commoditate
3437 3330 3746 3402 perennis

2127 3415 2416 3470 Virtutum
2449 3415 2659 3488 plenus
2680 3417 2771 3481 sit,
2803 3419 3198 3490 prosperitate
3230 3434 3528 3474 serenus.

2127 3503 2214 3558 Nil
2239 3509 2588 3560 eventorum
2618 3505 2713 3560 cui
2735 3506 2901 3577 quod
2933 3512 3174 3562 maneat
3199 3506 3604 3562 nociturum.

2127 3592 2408 3648 Tristibus
2438 3597 2670 3660 exutus,
2696 3594 2967 3650 laetemur
3002 3600 3058 3651 et
3088 3595 3365 3668 undique
3403 3601 3615 3652 tutus.

2128 3682 2354 3738 Gaudia
2376 3683 2602 3738 veracis
2632 3683 2744 3738 sibi
2773 3684 2888 3740 sint
2919 3685 3314 3741 celeberrima
3345 3686 3565 3758 pacis,

2127 3773 2232 3826 Per
2258 3787 2528 3826 summas
2557 3788 2755 3827 mesas
2781 3773 2913 3828 vita:
2943 3789 3055 3830 sua
3083 3773 3342 3846 prodeat
3367 3779 3562 3847 tetas,

2127 3861 2317 3932 Atque
2344 3861 2655 3916 senectutis
2680 3861 2795 3917 sint
2818 3866 3091 3935 tempora
3114 3862 3282 3919 dona
3312 3863 3573 3928 salutis,

2127 3947 2363 4004 Virtutis
2389 3948 2552 4004 mirae
2573 3949 2835 4006 caelestia
2857 3951 3078 4020 dignus
3099 3951 3252 4008 inire

2131 4036 2325 4092 Visitet
2344 4041 2626 4092 aeternam
2655 4037 2848 4094 lucem
2883 4040 3273 4113 requiemque
3305 4057 3704 4114 supernam.

2129 4125 2324 4180 Mundi
2355 4125 2622 4181 Salvator
2647 4126 2737 4182 sui
2765 4127 2897 4182 caeli
2936 4145 3076 4183 cum
3107 4127 3499 4184 dominator.

2131 4213 2420 4268 Omnibus
2450 4213 2510 4268 in
2537 4215 2722 4286 portis
2742 4221 2981 4288 rumpet
2999 4217 3332 4274 retinacula
3365 4219 3636 4287 mortis,

2130 4309 2210 4356 Ac
2240 4317 2346 4372 per
2365 4301 2628 4358 divinam
2659 4320 2865 4359 vocem
2895 4305 3112 4377 spoliat
3143 4305 3484 4364 Libitinam

2131 4395 2276 4446 Ante
2308 4407 2483 4446 suam
2514 4391 2719 4448 sedem
2747 4393 3046 4450 mandans
3076 4395 3413 4467 procedere.
3438 4397 3738 4470 plebem,

2130 4480 2240 4533 Pro
2272 4478 2494 4534 meritis
2517 4479 2650 4536 vitae
2681 4483 2820 4536 tunc
2845 4483 3130 4538 doctrinis
3153 4483 3475 4540 decorata:

2131 4567 2230 4622 Hic
2257 4583 2364 4624 ceu
2392 4567 2566 4636 lucet,
2598 4585 2702 4625 seu
2733 4587 2935 4626 secum
2965 4573 3189 4640 gaudia
3217 4573 3413 4630 ducet

2133 4657 2464 4729 Discipulos
2495 4664 2761 4726 cunctos,
2789 4661 2920 4730 ejus
2952 4662 3380 4718 moderamine
3418 4665 3719 4735 functos,

2134 4745 2428 4802 Pontiﬁcis
2459 4747 2700 4818 summi,
2732 4765 2913 4822 quem
2945 4755 3086 4805 tunc
3116 4756 3442 4808 sectantur
3479 4757 3758 4814 alumni.

2134 4838 2243 4890 Pro
2266 4835 2400 4908 quis
2423 4835 2662 4892 lucessit
2687 4837 2866 4894 stellis
2891 4855 3004 4911 par
3028 4855 3097 4895 ac
3128 4840 3501 4912 requiescit.

2133 4923 2370 4980 Talibus
2402 4925 2740 4993 augmentis
2769 4927 3041 4995 gaudens
3067 4927 3142 4982 de
3167 4929 3471 5003 quinque
3505 4937 3759 4993 talentis

2136 5015 2299 5066 Nunc
2329 5013 2762 5070 commendatis
2804 5014 2917 5069 sibi
2964 5019 3104 5071 tunc
3165 5019 3598 5096 Dominoque
3629 5027 3820 5082 relatis.

2136 5103 2179 5156 Ο
2209 5117 2360 5172 puer
2377 5101 2629 5168 insignis
2661 5117 2773 5158 nos
2801 5104 3134 5160 ascendens
3160 5106 3327 5162 velut
3368 5109 3593 5182 ignis,

2135 5188 2246 5253 Qui
2273 5189 2536 5260 primum
2563 5189 2716 5245 ﬁctis
2739 5190 2901 5246 hunc
2929 5192 3123 5248 rosisti
3146 5193 3526 5257 maledictis

2133 5279 2208 5332 Te
2235 5292 2296 5332 se
2324 5277 2631 5334 doctorem
2656 5279 3012 5336 blaterando
3037 5287 3238 5338 tenere
3279 5287 3596 5358 priorem

2137 5366 2254 5419 Hoc
2280 5381 2418 5422 cum
2442 5366 2662 5439 dixisti,
2691 5368 3058 5440 permultum
3085 5369 3456 5446 desipuisti,

2139 5453 2382 5508 Doctum
2414 5453 2714 5510 Platonem
2738 5457 3022 5528 ponendo
3051 5458 3186 5530 posi
3213 5461 3634 5527 Labeonem.

2133 5643 2272 5706 men
2317 5630 2673 5706 perantiqua
2739 5636 2846 5701 est,
2890 5633 3330 5706 diversitatem,
3391 5659 3544 5704 non
3597 5651 3805 5706 omnis:

2136 5700 2360 5757 certum
2391 5700 2484 5770 sit,
2515 5700 2610 5758 cui
2633 5702 2748 5758 hoc
2763 5700 2988 5775 peema
3017 5700 3471 5773 tribuendum.
