3944 6386
93 276 236 335 1305

1625 276 2045 331 POEMATICA.

3411 290 3430 339 I
3443 288 3545 341 306

88 399 258 451 Tunc
289 396 520 452 utinam
552 400 756 452 mutus
795 397 1012 468 fueras,
1044 397 1199 454 hanc
1226 399 1473 470 quando
1503 399 1756 455 locutus.
1804 404 1845 454 A
1883 402 2100 456 Ponere
2154 403 2508 473 legitimum.
2555 406 2770 470 Nescis,
2825 407 2969 477 quia
3027 407 3289 462 carmine
3346 410 3548 480 rhyth-

90 485 336 541 Cunctis
362 487 653 555 ostendis,
686 487 789 541 sed
826 487 1002 542 talem
1033 504 1171 544 cum
1201 489 1608 560 reprehendis,

87 578 298 630 Temet
321 571 684 631 mendosum
712 575 935 630 laesisse
962 593 1173 632 canem
1206 577 1522 647 furiosum,

89 668 282 719 Mente
308 664 478 736 quod
509 664 725 720 insana
752 664 898 719 ferat
926 665 1217 721 iracunda
1251 667 1458 734 Diana,

91 753 391 808 Sordibus
419 752 666 808 imbutae
701 771 808 808 seu
840 760 894 810 te
928 756 1140 810 mentis
1175 756 1328 811 male
1363 760 1498 811 tutae

89 842 330 897 Collum
361 848 724 910 maternum,
758 843 847 899 vel
877 845 1237 913 confregisse
1271 851 1609 918 paternum.

87 933 173 984 Tu
206 930 403 986 cultor
433 930 591 986 furni
625 936 825 986 teneas
859 938 1077 987 sortem
1111 933 1407 999 taciturni,

89 1018 356 1074 Moribus
386 1019 760 1089 immundus,
792 1021 1042 1076 sordens
1075 1022 1242 1089 vitiis,
1277 1022 1657 1088 furibundus,

89 1108 326 1180 Turpis,
362 1108 775 1180 blasphemus,
811 1110 1089 1166 vitiorum
1124 1116 1378 1167 stercore
1412 1111 1649 1184 plenus,

93 1198 388 1254 Sensibus
420 1203 474 1254 et
501 1215 712 1267 vanus,
744 1201 906 1274 quod
945 1200 1196 1256 turberis
1227 1203 1382 1257 male
1416 1219 1621 1258 sanus.

90 1291 153 1341 In
185 1304 445 1345 numero
477 1288 617 1353 cleri
645 1290 723 1344 sis
753 1290 1160 1362 indignusque
1194 1292 1398 1358 teneri,

91 1381 207 1431 Aut
241 1377 368 1432 fore
397 1383 450 1432 te
478 1378 692 1445 furem,
726 1379 889 1451 quod
922 1395 1043 1434 non
1077 1396 1187 1448 ego
1221 1381 1416 1436 dicere
1444 1397 1646 1436 curem

94 1470 213 1520 Hoc
246 1466 356 1520 sed
387 1467 672 1522 dicebant
702 1468 782 1536 hi,
815 1469 958 1540 quia
986 1472 1087 1523 tua
1116 1470 1335 1541 scripta
1365 1470 1672 1539 videbant,

90 1555 254 1610 Talia
285 1559 339 1610 te
375 1555 562 1610 fatum
593 1562 837 1628 propter
868 1561 1302 1630 propriumque
1336 1564 1588 1626 reatum,

92 1644 388 1709 Quatinus
411 1645 474 1699 in
505 1661 686 1717 pmna
719 1646 801 1700 sis
831 1653 1074 1718 propter
1101 1646 1212 1702 tale
1247 1663 1482 1718 poema.

3258 485 3472 566 (mum,

1878 582 2339 637 Crammaticam
2388 590 2607 640 metam
2642 591 2692 640 te
2723 585 2992 656 linquere
3042 602 3220 641 cerno
3253 588 3545 658 poetam?

1877 671 2191 730 Pauperies
2216 688 2376 728 rana:
2407 674 2715 746 quondam
2743 675 2842 744 jus
2872 676 3050 747 cmpit
3073 675 3251 730 inane

1881 759 2112 829 Dicens,
2147 761 2418 818 divinam
2451 781 2511 818 se
2540 768 2687 819 teirc
2720 765 2856 819 feris
2888 764 3272 820 medicinam.

1883 852 2150 921 Increpat
2180 851 2269 905 his
2300 853 2490 925 culpis
2521 854 2677 909 hanc
2709 854 2810 909 sed
2844 853 3101 909 versutia
3131 854 3360 927 vulpis:

1881 940 1960 992 Me
1990 954 2109 993 non
2137 939 2456 1006 frustraris,
2490 943 2633 1014 quia
2666 947 2717 998 te
2751 943 3052 998 medicum
3083 943 3408 998 meditaris.

1878 1028 1952 1106 Te
1985 1028 2106 1081 fore
2137 1029 2490 1085 mendosam
2525 1031 2646 1086 scio
2674 1047 2780 1103 per
2809 1030 3026 1103 pellem
3055 1030 3450 1098 maeulosam,

1880 1116 2131 1171 Maxima
2165 1122 2214 1172 te
2240 1119 2425 1190 pestis
2455 1121 2620 1192 quod
2648 1126 2838 1186 vexet,
2873 1137 3007 1174 sum
3034 1119 3137 1176 tibi
3166 1120 3345 1174 testis.

1881 1205 2140 1260 Primum
2171 1207 2440 1263 solamen
2475 1209 2574 1264 tibi
2607 1211 2807 1281 profer
2835 1209 2924 1265 vel
2956 1209 3354 1276 medicamen,

1882 1293 2030 1347 Artis
2057 1310 2233 1366 opem
2264 1296 2440 1351 nobis
2470 1299 2719 1369 posthac
2748 1297 3030 1353 adhibeto
3061 1297 3289 1353 Peonis.

1883 1384 1970 1437 Sic
2002 1385 2372 1450 emendator,
2410 1387 2492 1441 sic
2525 1403 2586 1440 es
2617 1387 2737 1441 vitii
2768 1387 3101 1442 comitator.

1879 1473 2135 1528 Vocibus
2167 1475 2446 1545 inmanis,
2479 1477 2763 1532 doctrinae
2801 1494 3046 1549 prorsus
3074 1475 3288 1543 inanis,

1880 1562 2113 1618 Crimen
2146 1564 2436 1636 culpabis,
2473 1566 2575 1620 sed
2606 1583 2747 1621 mox
2779 1565 3270 1638 exemplificabis,

1879 1653 2047 1716 Quod
2079 1669 2180 1707 cor
2201 1670 2320 1708 non
2352 1654 2520 1714 celat,
2553 1657 2843 1726 quoniam
2874 1655 3173 1725 Scriptura
3205 1652 3443 1707 revelat.

96 1736 263 1788 Hunc
327 1733 583 1806 culpans
638 1752 897 1800 naevum,
944 1734 1048 1807 qui
1111 1737 1359 1791 conterit
1425 1752 1603 1790 omne
1663 1752 1768 1808 per
1879 1742 2155 1796 Versibus
2181 1743 2394 1798 oblatis
2426 1745 2844 1807 mendacibus,
2878 1743 3286 1798 inmodulatis.

1452 1826 1691 1880 laevum.

95 1914 245 1967 Sunt
275 1917 600 1967 assertores
633 1912 769 1967 huic
800 1929 1012 1968 omnes
1042 1913 1368 1969 inferiores.

93 2004 261 2054 Hunc
291 2006 454 2056 sator
482 2000 728 2067 irarum,
761 2001 1094 2056 destructor
1128 2002 1528 2058 amicitiarum

96 2094 534 2152 Demonstrato,
567 2096 734 2160 togas
760 2107 866 2146 cur
895 2108 1004 2147 nos
1031 2092 1333 2164 deponere
1365 2108 1568 2162 cogas,

95 2180 276 2234 Nobis
307 2180 571 2247 immitis,
602 2181 1007 2236 transmittens
1037 2183 1248 2237 nuntia
1274 2182 1391 2236 litis

94 2275 178 2323 An
213 2286 328 2324 nos
357 2269 643 2325 mellitam
671 2271 864 2325 nescis
895 2271 986 2326 hic
1018 2270 1237 2326 ducere
1270 2271 1476 2335 vitam,

99 2358 372 2430 Undique
401 2363 668 2430 pacatos,
701 2364 756 2413 et
785 2359 858 2414 de
889 2359 1065 2414 nullis
1093 2362 1453 2432 superatos?

96 2450 168 2501 'Iâ€˜e
199 2446 436 2501 nullum
470 2447 721 2502 verbum
749 2448 935 2502 nostri
967 2448 1231 2503 turbaret
1259 2449 1568 2515 acerbum,

102 2535 157 2589 Si
185 2541 248 2589 tu
280 2550 600 2601 cessasses,
633 2536 798 2606 quod
827 2535 964 2592 talia
991 2552 1112 2590 non
1142 2536 1484 2604 rogitasses.

104 2623 391 2678 Funditus
422 2623 638 2678 invitos
672 2625 794 2678 scio
820 2639 932 2678 nos
963 2639 1233 2695 pugnare
1262 2625 1498 2695 petitos.

108 2715 185 2767 Ex
219 2713 335 2767 hoc
363 2729 487 2768 non
519 2712 694 2768 latres
725 2713 886 2781 rixis,
907 2713 1011 2768 sed
1041 2713 1273 2768 reddito
1302 2719 1518 2783 grates,

103 2801 274 2866 Quod
307 2817 431 2856 non
463 2801 714 2856 rixando
743 2802 958 2873 loquor
981 2803 1130 2869 haec,
1157 2803 1263 2856 sed
1294 2802 1689 2858 consiliando.

107 2892 200 2943 Est
231 2889 336 2944 tibi
367 2889 690 2944 discrimen
718 2895 989 2946 nostrum
1017 2891 1359 2960 contingere
1390 2891 1595 2958 limen,

100 2979 530 3049 Gymnasiique
556 2978 754 3034 locum
782 2995 1012 3048 nugace
1045 2980 1351 3034 notamine
1379 2996 1619 3034 vocum.

105 3069 160 3121 Id
193 3085 382 3140 quare
415 3068 654 3137 gliscas,
687 3069 853 3140 quod
893 3069 1090 3124 adhuc
1131 3068 1504 3125 lacrimando
1545 3070 1764 3138 gemis-

1551 3163 1695 3229 Icas,

103 3251 348 3319 Semper
374 3247 644 3316 deflebis,
679 3248 724 3301 si
758 3264 867 3302 nos
898 3248 1231 3319 pugnando
1264 3248 1550 3304 movebis.

103 3338 190 3390 Vis
217 3353 325 3409 per
356 3337 701 3392 conflictum
733 3336 870 3391 belli
903 3342 1136 3404 tergum
1164 3337 1307 3392 dare
1340 3339 1587 3406 victum,

102 3430 211 3481 Aut
235 3431 372 3498 post
399 3425 776 3497 procinctum
807 3425 1060 3480 manicis
1093 3430 1145 3480 te
1185 3425 1434 3481 reddere
1478 3427 1763 3481 vinctum.

104 3519 502 3584 Congressum
529 3514 668 3570 belli
694 3514 968 3586 deponas
991 3514 1193 3586 pullus
1219 3515 1408 3582 aselii,

107 3603 211 3667 Qui
243 3603 370 3657 vice
402 3603 702 3675 praedonis
733 3602 945 3657 catulis
979 3603 1059 3656 sis
1092 3603 1297 3674 praeda
1327 3602 1540 3658 leonis.

108 3692 161 3747 Si
186 3708 359 3763 prece
389 3692 696 3764 persistas,
731 3697 932 3764 partes
963 3692 1262 3748 ducamur
1290 3691 1350 3746 in
1378 3695 1544 3758 istas,

110 3783 172 3835 Ut
199 3781 408 3836 videas
437 3780 664 3836 bellum
701 3786 752 3835 te
785 3779 1121 3852 despoliare
1163 3781 1481 3846 misellum,

107 3872 162 3924 In
194 3886 424 3925 morem
456 3870 675 3924 vermis
708 3868 964 3940 pedibus
996 3869 1276 3924 sternaris
1305 3869 1569 3924 inermis.

103 3962 247 4015 Pace
276 3953 602 4026 corcuaris,
637 3975 825 4031 quam
855 3963 914 4014 tu
948 3975 1225 4014 sermone
1259 3961 1553 4030 sequaris,

105 4052 325 4104 Mecum
354 4049 586 4104 sensisti
618 4048 722 4119 qui
752 4048 951 4103 nobile
983 4048 1210 4117 dogma
1242 4049 1532 4116 magistri,

107 4140 211 4203 Qui
246 4157 358 4194 nos
390 4139 694 4201 informat,
729 4137 956 4192 ratione
986 4138 1212 4192 facetus
1243 4139 1517 4193 adornat.

106 4230 267 4284 Hunc
300 4229 445 4300 quia
471 4227 748 4283 laudasti.
783 4243 879 4281 me
907 4243 1201 4298 perquam
1231 4227 1568 4282 ltetiticasli.

109 4321 254 4373 Inter
282 4334 395 4372 nos
426 4318 528 4372 ira:
560 4316 750 4387 fugiat
779 4315 1084 4372 discordia
1109 4317 1274 4370 dirae.

111 4407 382 4477 Expertes
417 4405 552 4460 belli
577 4420 687 4458 nos
716 4405 924 4473 simus,
951 4420 1156 4459 amore
1185 4404 1418 4473 gemelli
1449 4423 1460 4459 :

110 4495 318 4549 FLBdllS
352 4494 591 4549 Davidis
626 4510 886 4560 mecum,
919 4495 1309 4565 Jonatlueque
1340 4493 1588 4548 subibis.

110 4585 191 4638 Nil
220 4589 458 4639 nosmet
489 4599 716 4637 saevum
749 4582 1065 4636 conturbet
1091 4598 1252 4636 nunc
1288 4583 1434 4654 etin
1464 4598 1684 4635 (evrum.

109 4674 347 4729 Multum
375 4674 686 4738 mirantur,
708 4688 851 4726 nam
884 4672 1026 4727 talia
1055 4671 1158 4742 qui
1187 4672 1589 4743 speculantur.

113 4764 274 4833 Sunt,
305 4763 409 4835 qui
436 4778 574 4817 cum
605 4761 746 4816 rixis
774 4761 948 4816 nobis
980 4761 1041 4814 in
1074 4760 1326 4832 pignore
1353 4760 1486 4814 lixis

112 4853 327 4905 Omnes
357 4850 635 4905 devinces
669 4850 767 4904 tibi
801 4853 1194 4920 conspectum
1226 4849 1351 4904 fore
1379 4849 1574 4914 lineis,

110 4942 294 4996 Iudex
325 4941 558 4996 subtilis
587 4940 719 4996 licet
751 4941 899 4996 assis
929 4940 1041 4994 ï¬‚os
1065 4939 1343 5010 juvenilis

113 5030 456 5100 Spernendo
480 5029 691 5098 falsos,
719 5045 977 5101 suprave
1004 5028 1258 5084 modum
1287 5027 1443 5083 male
1476 5028 1678 5090 falsos,

117 5119 172 5171 Id
200 5119 460 5174 retinens
489 5123 741 5185 certum,
775 5122 1023 5173 cunctos
1057 5133 1344 5190 superare
1374 5116 1682 5180 disertum,

116 5207 286 5263 Nobis
317 5207 507 5264 tutelae
539 5208 645 5281 qui
675 5207 778 5263 dat
803 5208 989 5262 decus
1024 5212 1204 5279 atque
1230 5206 1504 5278 loquelae.

115 5297 230 5366 Dic,
257 5315 364 5353 cur
387 5298 702 5354 baccharis
731 5297 928 5365 nobis,
958 5297 1062 5369 qui
1091 5296 1249 5351 bella
1280 5296 1527 5351 minaris
1549 5297 1575 5351 ?

113 5388 318 5442 Pacem
348 5387 709 5460 spernendo,
743 5403 884 5442 cum
919 5385 1113 5442 Martis
1144 5402 1348 5441 amore
1380 5385 1633 5440 furendo

115 5477 491 5549 Dompositor
520 5476 694 5532 metri
722 5481 966 5550 propter
994 5476 1313 5533 mendacia
1343 5476 1473 5532 tetri
1497 5479 1524 5531 á¼±)

114 5565 282 5620 Musae
311 5566 585 5637 sylvestri
611 5565 844 5622 discors
875 5565 1104 5620 ratione
1135 5564 1394 5638 pedestri

114 5653 380 5710 Turbatis
412 5657 638 5710 Musam
669 5654 952 5722 fallendo,
981 5655 1196 5724 fugans
1227 5657 1602 5721 Arethusam,

119 5742 354 5813 Syllaba
383 5745 551 5818 quod
580 5749 749 5801 muta
781 5748 1077 5802 monstrat
1104 5745 1331 5800 ratione
1360 5745 1559 5800 locuta

1879 1834 2002 1885 Non
2031 1832 2397 1888 ostendisses
2430 1839 2482 1888 te
2515 1834 2780 1900 stultum,
2815 1834 2863 1887 si
2891 1833 3197 1901 tacuisses,

1877 1923 2299 1994 Sermonisque
2330 1929 2471 1978 nota
2497 1925 2846 1979 monstraris
2873 1940 3032 1978 nunc
3060 1922 3262 1977 idiota.

1878 2015 1991 2065 Nos
2023 2027 2142 2066 non
2174 2013 2511 2080 contristas,
2543 2029 2760 2086 pugnae
2792 2013 2939 2068 dum
2970 2012 3082 2068 tela
3106 2012 3430 2078 ministras,

1878 2101 2078 2155 Praelia
2106 2118 2214 2156 ceu
2239 2118 2496 2171 magnus
2528 2103 2702 2158 nobis
2729 2102 3061 2159 minitando
3089 2107 3404 2173 tyrannus.

1880 2193 1942 2244 Et
1968 2190 2132 2261 quod
2163 2207 2282 2245 non
2314 2191 2502 2246 audes
2531 2191 2776 2259 dictatu,
2807 2192 3042 2246 volvere
3075 2191 3324 2259 gaudes.

1879 2279 2056 2333 Nobis
2086 2279 2348 2334 divinam
2378 2297 2701 2351 poscamus
2728 2295 2908 2351 opem
2933 2279 3056 2334 fore
3087 2278 3369 2351 primam.

1877 2367 2120 2433 Christe,
2146 2368 2225 2422 tui
2255 2367 2390 2422 eleri
2422 2374 2682 2423 turmam
2713 2368 2960 2436 dignare
2997 2367 3163 2422 tueri.

1878 2457 2266 2512 Sanctificans
2294 2458 2532 2525 signum
2559 2458 2750 2512 crucis
2782 2457 2918 2511 hinc
2941 2457 3104 2523 fuget
3124 2470 3303 2510 omne
3334 2452 3542 2519 malig-

3275 2544 3443 2611 [num
3456 2583 3468 2594 .

1875 2637 1993 2689 Rex
2047 2633 2467 2688 Constantinus
2518 2649 2703 2705 quam
2763 2633 2944 2687 sensit
3001 2631 3059 2685 in
3121 2629 3360 2697 agmine
3420 2627 3540 2699 priâ€”

3283 2720 3467 2786 ['mus.

1877 2816 1988 2867 Nec
2020 2827 2141 2866 non
2173 2811 2245 2866 de
2279 2811 2442 2865 crelis
2474 2811 2762 2879 suffragia
2793 2811 2908 2865 sint
2937 2809 3252 2865 Michaelis.

1877 2900 2099 2956 Nostris
2133 2899 2324 2954 tutelis
2356 2900 2427 2954 sit
2450 2899 2797 2971 praesidium
2829 2897 3137 2953 Gabrielis.

1879 2993 1990 3043 Nos
2019 2989 2368 3060 corruptelis
2401 3005 2618 3043 manus
2649 2988 2859 3060 eripiat
2892 2987 3228 3059 Raphaelis.

1830 3117 1840 3130 Î·
1877 3077 2137 3146 Angelici
2169 3077 2325 3131 cives
2355 3093 2567 3131 omnes
2601 3076 2775 3130 nobis
2805 3076 2941 3130 date
2968 3075 3146 3129 vires.

1823 3149 1842 3166 â·â¸
1877 3165 2120 3220 Auxiliis
2145 3165 2363 3220 dandis
2391 3181 2747 3220 veneremur
2777 3180 2948 3220 sacra
2976 3163 3248 3219 Joannis.

1881 3259 1941 3309 In
1974 3271 2179 3327 pugna
2211 3255 2380 3310 metri
2411 3255 2666 3326 petimus
2698 3254 3036 3309 munimina
3067 3254 3236 3308 Petri.

1879 3345 1980 3398 Cui
2014 3360 2262 3399 consors
2295 3343 2446 3399 aulas
2479 3343 2611 3398 ÏÎ±Î¹Î™á½¶
2642 3360 2754 3398 nos
2781 3347 3046 3413 protege,
3074 3341 3274 3396 Paule.

1879 3433 2075 3487 Gratia
2107 3433 2295 3487 levitae
2332 3433 2615 3503 Stephani
2645 3431 2743 3486 det
2769 3431 2990 3500 gaudia
3021 3430 3176 3498 vitae,

1880 3521 2212 3592 Auxiliique
2244 3537 2460 3576 manus
2493 3521 2692 3574 tendat
2722 3522 2775 3572 S.
2812 3517 3101 3573 Kilianus.

1879 3615 2028 3666 Cum
2058 3609 2223 3680 pacis
2252 3608 2457 3680 palma
2483 3609 2793 3679 proprium
2821 3605 3103 3661 defendat
3133 3604 3398 3673 agalma.

1877 3699 2058 3753 Testis
2090 3697 2328 3752 divinus
2361 3695 2464 3752 fiat
2494 3695 2674 3751 tutela
2706 3695 3003 3760 Quirinus.

1879 3787 2037 3841 Assis
2065 3785 2340 3839 Ambrosi
2375 3784 2570 3839 fautor
2600 3783 2738 3837 belli
2766 3781 3057 3850 generosi.

1884 3878 2092 3931 Sancte
2129 3890 2342 3944 regens
2372 3875 2575 3928 hastas
2614 3873 2973 3944 Hieronyme
3017 3871 3325 3943 poscimus
3367 3875 3544 3924 astes.

1882 3968 1996 4019 Nos
2023 3964 2389 4032 Augustinus
2420 3962 2706 4018 defendat
2730 3962 2930 4016 rhetor
2963 3962 3222 4033 opimus.

1884 4058 2096 4109 Doctor
2127 4054 2388 4122 Gregori,
2424 4053 2505 4108 da
2535 4069 2609 4108 ne
2640 4052 2756 4108 sint
2783 4051 2941 4108 bella
2970 4051 3182 4106 dolori.

1884 4145 2154 4211 Protegat
2182 4141 2438 4197 invictus
2467 4158 2578 4196 nos
2611 4143 2670 4196 in
2698 4156 2905 4212 pugna
2936 4139 3309 4194 Benedictus.

1879 4232 2174 4287 Tumbam
2207 4231 2529 4286 Burchardi
2562 4246 2909 4301 quaeramus
2941 4245 3063 4282 non
3097 4244 3271 4299 prece
3306 4228 3478 4281 tardi.

1884 4325 2284 4391 Doctoresque
2317 4321 2472 4374 sales
2497 4336 2612 4390 ope
2645 4320 2760 4373 sint
2791 4319 2883 4372 hic
2918 4317 3300 4388 prodigiales.

1884 4410 2081 4465 Sancti
2115 4425 2220 4462 seu
2250 4407 2446 4462 cuncti
2475 4406 2650 4460 nobis
2682 4405 2973 4460 succurite
2996 4404 3186 4474 juncti

1883 4495 2229 4550 Iâ€™rzâ€˜estando
2262 4495 2471 4549 castris
2499 4493 2716 4547 nostris
2747 4497 3014 4547 tutamen
3048 4492 3125 4545 ab
3152 4491 3348 4546 astris.

1885 4588 2013 4638 Haec
2046 4599 2155 4637 nos
2187 4588 2519 4645 cantemus,
2556 4584 2796 4636 Martem
2842 4579 3218 4649 nihilumque
3250 4579 3550 4634 timemus.

1883 4676 1973 4729 Sic
2006 4691 2116 4728 nos
2152 4672 2409 4744 parmati
2443 4676 2674 4726 stamus
2701 4685 2972 4742 pugnare
3001 4669 3215 4740 parati.

1884 4763 2060 4818 Nobis
2090 4761 2368 4816 admittas
2401 4759 2677 4832 quamvis
2708 4764 2769 4813 tu
2797 4757 2954 4812 mille
2987 4755 3228 4825 sagittas
3253 4774 3265 4810 :

1885 4854 1998 4906 Nos
2027 4849 2451 4920 impugnando
2487 4848 2689 4903 venias
2719 4847 2852 4902 licet
2877 4850 3079 4917 utpote
3111 4843 3363 4914 grando.

1884 4941 1998 4996 Sed
2029 4945 2233 4995 tamen
2264 4939 2492 4994 attritos
2523 4937 2805 4992 bellando
2836 4941 2970 4990 tuos
2999 4934 3312 5007 parasitos,

1884 5029 2114 5084 Viribus
2143 5029 2402 5083 extensis
2435 5030 2713 5099 penetrat
2745 5025 3073 5081 Saxonicus
3100 5024 3276 5087 ensis,

1885 5119 2126 5174 Noricus
2156 5124 2206 5172 et
2238 5120 2461 5171 Sucvus
2489 5116 2737 5187 cupiunt
2765 5115 3129 5184 conjungere
3157 5112 3373 5167 fredus.

1883 5211 1957 5262 'Iâ€˜e
1991 5223 2112 5262 non
2147 5211 2470 5272 sectantur,
2502 5203 2607 5259 sed
2637 5203 2812 5259 nobis
2841 5201 3223 5270 auxiliantur,

1886 5297 1996 5362 Qui
2026 5312 2148 5351 non
2184 5295 2521 5360 formident,
2549 5293 2695 5365 quin
2729 5297 2779 5346 te
2813 5290 3108 5345 vincendo
3137 5289 3448 5345 trucident.

1887 5387 2060 5451 Quod
2090 5399 2406 5456 nunquam
2435 5382 2646 5449 credis,
2671 5382 2787 5435 nisi
2818 5397 2956 5435 cum
2988 5380 3274 5435 certando
3302 5379 3556 5435 videbis.

1890 5481 1951 5530 In
1977 5490 2162 5544 regno
2192 5472 2422 5544 primos
2451 5470 2649 5526 nescis
2677 5470 2772 5524 hic
2803 5485 2931 5524 esse
2963 5469 3220 5537 Latinos,

1888 5568 2076 5618 Nosve
2105 5560 2424 5633 coequales
2457 5559 2774 5614 miraberis
2799 5574 2929 5613 esse
2961 5557 3222 5614 sodales.

1891 5654 2018 5707 Istic
2048 5651 2324 5716 dicendo,
2356 5665 2461 5704 seu
2494 5652 2702 5704 contra
2733 5653 2788 5703 te
2815 5648 3136 5705 veniendo.

1891 5749 1971 5797 Ac
2000 5742 2175 5797 nobis
2205 5741 2394 5794 dones
2420 5743 2482 5794 in
2514 5737 2763 5794 circuitu
2787 5737 3084 5808 regiones,
