3944 6412
365 308 502 364 4307
1441 296 1841 364 EBERHARDI
1873 307 2167 363 ABBATIS
2202 300 2743 367 TEGERNSENSIS.
3678 306 3847 363 1308

360 437 630 500 Quarum
662 432 911 491 formosi
940 436 1081 491 sunt
1108 434 1202 489 hic
1225 434 1477 503 juvenes
1500 433 1792 503 generosi.
2140 432 2318 489 Velox
2347 438 2411 491 ut
2441 439 2654 491 ventus
2687 433 2849 505 fuget
2878 434 3075 490 omnis
3100 446 3319 506 nempe
3346 432 3660 502 juventus,

358 527 443 580 Tu
471 524 624 598 petis
654 529 898 581 econtra
928 524 1029 579 sed
1064 523 1395 595 spiritualia
1426 527 1716 578 monstra.
2142 525 2397 589 Quando
2430 529 2755 587 truncatur,
2786 524 3060 599 quisquis
3091 522 3195 579 tibi
3225 520 3625 577 collateratur.

361 616 582 685 Expers
608 617 728 669 stas
760 612 902 668 artis
933 611 1180 667 credens
1211 610 1303 667 his
1327 612 1530 683 jurgia
1560 612 1774 669 Martis.
2141 613 2443 668 Perfossus
2474 615 2651 669 costis
2685 612 3084 670 moribundus
3114 611 3367 667 vinceris
3398 610 3587 665 hostis

361 700 461 755 His
492 700 636 773 quia
658 698 933 768 conﬁdis,
966 698 1040 755 de
1067 714 1277 772 pugna
1300 699 1491 756 victus
1523 700 1737 756 abibis.
2139 704 2314 758 Terra
2361 702 2710 775 procumbis
2745 702 3058 758 referendo
3094 702 3163 773 [f.
3192 700 3541 771 reserando]
3582 700 3845 755 viscera

358 792 488 844 Jam
520 793 582 844 tu
608 788 944 859 cognoscis,
972 788 1139 862 quod
1168 805 1280 845 nos
1310 806 1435 845 non
1464 791 1658 845 vicere
1688 790 1904 863 possis.
3491 792 3505 859 [
3516 788 3750 845 lumbis

358 876 705 933 Praesidium
736 882 941 950 gentes
973 895 1111 935 cum
1141 877 1284 935 dent
1315 879 1642 936 simulacra
1674 879 1955 949 colentes,
2141 882 2445 935 Postremo
2476 878 2688 946 fessus,
2724 878 2979 935 telorum
3011 876 3244 934 turbine
3278 892 3526 950 pressas

360 970 549 1023 lnstar
571 967 829 1039 jumenti
854 967 1148 1039 fugientes
1169 970 1268 1040 jus
1298 968 1665 1025 documenti.
2143 972 2348 1023 Noster
2373 969 2667 1042 captivus,
2701 985 2775 1024 ne
2804 967 2882 1024 sis
2910 971 3049 1040 post
3068 967 3197 1021 haec
3230 965 3533 1035 fugitivus,

358 1060 507 1114 Cum
536 1062 775 1132 reputes
797 1058 962 1115 vivos
993 1058 1067 1115 de
1100 1075 1425 1127 congressu
1454 1058 1757 1129 fugitivos,
2143 1058 2321 1113 Nobis
2347 1057 2620 1127 infestus,
2653 1057 2818 1112 nulla
2847 1056 3075 1113 ratione
3104 1055 3417 1119 molestus,

358 1148 575 1203 Inferni
603 1146 772 1204 divos
805 1164 911 1204 cur
940 1149 1177 1221 optabis
1204 1148 1522 1216 redivivos,
2144 1147 2386 1203 Ducaris
2415 1148 2594 1203 frenis
2626 1147 2979 1203 constrictus
3010 1146 3133 1202 sive
3163 1145 3413 1202 catenis.

360 1238 521 1303 Quos
550 1237 643 1292 lex
674 1236 937 1293 Plutonis
968 1238 1283 1295 damnavit
1313 1240 1481 1295 fauce
1513 1237 1811 1295 draconis.
2142 1239 2386 1293 Carcere
2418 1236 2735 1292 conclusus
2765 1236 3195 1309 plangens,aut
3216 1236 3509 1308 compede
3540 1238 3776 1290 trusus.

358 1328 487 1382 Non
515 1332 831 1383 resonante
858 1326 990 1401 lyra
1021 1328 1191 1399 cujus
1224 1328 1582 1384 mulcebitur
1612 1328 1720 1395 ira,
2139 1328 2269 1381 Jam
2302 1342 2412 1381 nos
2442 1326 2624 1394 irrita,
2653 1342 2775 1397 quo
2798 1325 2879 1380 sic
2912 1327 3116 1397 pereat
3142 1329 3245 1379 tua
3283 1323 3419 1378 vita.

355 1415 649 1488 Quicquid
688 1417 783 1471 hic
819 1421 1109 1489 acceptat,
1141 1417 1363 1473 nullius
1398 1418 1526 1487 jam
1563 1432 1733 1491 prece
1770 1415 2032 1472 reddat?
2142 1414 2351 1470 Desine
2382 1431 2543 1470 nunc
2574 1414 2673 1469 irae
2698 1413 2789 1469 vel
2826 1418 3045 1469 nostrae
3076 1413 3304 1468 damna
3334 1411 3553 1468 subire.

360 1505 621 1573 Surgens
650 1504 724 1561 de
759 1506 968 1561 tumba
998 1510 1051 1561 te
1082 1522 1204 1562 non
1235 1507 1373 1576 tegit
1400 1506 1665 1561 Herculis
1692 1506 1929 1562 umbra.
2142 1503 2285 1559 Utile
2301 1503 2641 1572 cognoscis,
2672 1502 2721 1557 si
2749 1502 2916 1575 pacis
2947 1518 3200 1557 munera
3230 1500 3449 1574 poscis.

357 1592 526 1647 Hunc
552 1593 656 1648 tibi
689 1594 1023 1649 semideum
1052 1594 1174 1650 scio
1201 1611 1322 1650 non
1351 1600 1634 1667 prsestare
1663 1598 1956 1665 tropzeum
2142 1596 2219 1647 Ne
2252 1594 2456 1648 venias
2486 1592 2731 1665 duplex,
2766 1592 2870 1647 sed
2919 1592 3086 1647 trade
3118 1607 3338 1646 manus
3369 1591 3483 1646 cito
3532 1588 3835 1663 supplex.

357 1682 583 1736 Rursus
607 1678 954 1755 iniquorum
986 1683 1194 1738 crescit
1222 1683 1454 1738 cultura
1480 1683 1751 1738 deorum.
2143 1683 2482 1755 Suscipiens
2511 1684 2666 1746 regis
2697 1682 2885 1737 nostri
2916 1680 3335 1736 moderamina
3364 1678 3535 1749 legis,

359 1768 424 1824 Id
456 1769 503 1824 si
536 1774 597 1825 tu
625 1770 835 1837 credis,
873 1788 1119 1844 prorsus
1160 1772 1386 1828 ratione
1415 1772 1668 1837 carebis,
2070 1801 2109 1853 Β
2140 1773 2288 1825 Cum
2320 1770 2558 1843 penitus
2590 1770 2743 1825 vires
2772 1769 2971 1825 desint
2999 1769 3061 1824 in
3091 1768 3270 1824 corde
3297 1767 3494 1823 viriles

354 1855 608 1924 Jungere
636 1857 882 1926 gentiles
914 1858 1122 1915 Christi
1156 1859 1293 1915 velit
1328 1866 1387 1915 ut
1418 1861 1533 1915 sibi
1560 1860 1753 1915 miles.
2050 1910 2057 1913 .
2136 1862 2335 1914 Temet
2369 1859 2597 1914 tutandi
2621 1858 2714 1913 vel
2738 1874 2849 1913 nos
2874 1858 3125 1929 inquam
3154 1855 3504 1929 superandi,

360 1945 679 2017 Nunquam
711 1946 958 2004 certabit
989 1948 1153 2004 socio
1182 1950 1499 2005 conamine
1535 1948 1740 2005 David.
2139 1949 2390 2005 Stultitia
2420 1954 2664 2021 captum
2697 1948 2799 2015 sic,
2833 1947 2912 2002 ad
2941 1946 3315 2019 nihilumque
3347 1946 3683 2012 redactum,

359 2032 674 2091 Herculeas
696 2052 937 2109 pugnas
968 2037 1145 2094 nullis
1173 2039 1453 2111 precibus
1486 2038 1593 2094 sibi
1620 2039 1865 2109 jungas.
2141 2038 2268 2092 Istic
2298 2041 2589 2107 aegrotum
2618 2036 2899 2092 volumus
2932 2040 2985 2091 te
3017 2049 3252 2091 sumere
3283 2040 3495 2107 potum

360 2121 705 2180 Christicola
736 2127 889 2182 servi
920 2126 1151 2197 fugiant
1180 2125 1241 2183 in
1272 2144 1465 2198 agone
1493 2127 1773 2199 protervi,
2140 2126 2423 2183 Funditus
2448 2125 2698 2181 insontis
2729 2125 2916 2181 nostri
2943 2124 3016 2179 de
3042 2125 3290 2180 ﬂumine
3322 2122 3500 2179 fontis

359 2210 565 2267 Cultus
594 2219 863 2270 atrorum
897 2215 1083 2272 sortiti
1112 2214 1574 2272 daemoniorum.
2141 2220 2360 2288 Expers
2386 2219 2474 2270 est
2505 2214 2654 2270 fellis
2687 2214 2873 2270 nimia
2898 2213 3215 2269 dulcedine
3243 2212 3454 2268 mellis.

359 2298 471 2363 Qui
497 2300 642 2356 dum
675 2302 978 2371 vivebant,
1010 2320 1133 2360 non
1165 2321 1434 2377 unquam
1468 2303 1565 2359 lite
1594 2302 1900 2370 carebant,
2140 2306 2312 2360 Istinc
2344 2305 2391 2359 si
2419 2304 2603 2359 discis
2632 2303 2830 2359 statim
2862 2320 3044 2359 sensu
3073 2301 3391 2376 resipiscis.

358 2390 474 2443 Nec
500 2397 756 2461 possunt
778 2393 953 2463 jungi
981 2394 1163 2459 socio,
1196 2410 1317 2450 non
1347 2392 1586 2466 agmine
1616 2393 1799 2463 fungi.
2141 2400 2309 2451 Recte
2340 2393 2575 2449 vivendi
2604 2393 2829 2465 potaris
2860 2396 2918 2448 et
2946 2394 3174 2461 dogma
3211 2391 3518 2464 loquendi.

358 2477 478 2532 Has
508 2478 644 2535 belli
674 2487 862 2537 sortes
894 2483 1016 2539 scio
1047 2500 1169 2540 non
1202 2484 1429 2540 sociare
1458 2484 1751 2539 cohortes.
2139 2490 2270 2541 Haec
2303 2485 2349 2539 si
2377 2483 2733 2553 contemnis,
2764 2500 2869 2539 seu
2895 2486 3191 2538 nostrates
3223 2480 3635 2555 reprehendis,

360 2567 519 2630 Quas
542 2566 590 2623 si
620 2571 930 2642 conducis,
960 2572 1218 2627 tenebris
1248 2573 1358 2629 das
1390 2572 1598 2628 munia
1628 2572 1795 2627 lucis.
2140 2574 2423 2631 Herculea
2446 2573 2600 2629 fibra
2630 2589 2903 2629 crescens
2935 2572 3253 2628 siccabitur
3284 2570 3498 2644 hydra,

356 2654 596 2712 Talibus
621 2656 855 2729 offensi,
887 2661 981 2716 vel
1012 2660 1289 2718 coelicolm
1317 2660 1681 2735 reprehensi.
2139 2669 2217 2721 De
2248 2664 2544 2736 nobisque
2574 2660 2729 2719 mori
2757 2661 2861 2718 tibi
2888 2677 3049 2717 nunc
3080 2665 3382 2729 continget
3411 2659 3647 2716 honori.

356 2746 432 2798 Te
461 2760 584 2800 non
612 2754 931 2816 sectantur,
960 2750 1065 2806 sed
1096 2750 1417 2806 nobiscum
1450 2750 1829 2806 comitantur.
2138 2758 2252 2809 Nos
2283 2769 2405 2809 non
2437 2752 2734 2817 devinces,
2768 2750 2903 2806 licet
2930 2750 3143 2806 inferni
3176 2748 3280 2805 tibi
3310 2748 3590 2822 princeps

359 2836 602 2891 Tutores
626 2839 833 2909 nostri,
867 2856 1021 2913 quos
1051 2846 1114 2896 tu
1141 2857 1261 2896 non
1292 2857 1561 2913 quaerere
1587 2840 1763 2895 nosti.
2138 2843 2437 2898 lnfernum
2465 2842 2717 2913 linquat,
2756 2839 2839 2895 sic
2872 2839 3218 2895 auxiliando
3249 2837 3636 2911 propinquat.

362 2922 477 2977 Sed
503 2925 844 2983 seductores
876 2928 1161 3001 sequeris,
1194 2927 1357 3002 quod
1387 2928 1708 3001 postmodo
1735 2927 1952 3000 plores,
2137 2930 2387 2985 Perdere
2415 2927 2725 3001 compellis
2754 2945 2865 2983 nos
2896 2933 2970 2994 te,
3004 2927 3337 2999 pugnando
3367 2926 3622 2998 repellis.

360 3009 518 3065 Vivis
551 3013 815 3071 defuncti
847 3018 897 3072 si
928 3016 1041 3072 sint
1071 3018 1395 3073 certamine
1418 3017 1630 3087 juncti.
2140 3024 2217 3075 Ex
2245 3020 2359 3075 hoc
2390 3019 2664 3081 desistas,
2702 3017 2820 3073 ulla
2849 3017 3078 3073 ratione
3108 3017 3371 3071 resistas.

363 3098 527 3156 Hanc
552 3109 924 3160 armaturam
955 3106 1077 3161 scio
1108 3123 1229 3161 non
1261 3107 1436 3161 nobis
1467 3108 1824 3161 nocituram.
2067 3160 2104 3178 η
2138 3107 2267 3163 istic
2300 3107 2713 3178 prtescriptum
2737 3105 2979 3160 metrico
3006 3104 3419 3160 modulamine
3444 3103 3699 3160 dictum.

362 3188 393 3240 J
398 3203 495 3244 am
529 3188 841 3261 denatura,
872 3193 984 3249 nisi
1009 3192 1323 3250 discedant
1353 3211 1462 3250 sua
1487 3196 1645 3265 jura.
2065 3160 2105 3213 Ο
2138 3200 2284 3254 Cum
2307 3211 2520 3268 precor
2541 3196 2672 3266 ejus
2696 3211 2896 3267 opem,
2920 3209 3029 3249 nec
3051 3209 3173 3248 non
3197 3192 3537 3248 venerabile
3557 3209 3826 3261 nomen,

366 3276 480 3333 Sed
511 3295 617 3333 cur
646 3279 731 3335 vis
755 3287 990 3352 aeostes,
1023 3280 1298 3355 proprios
1325 3283 1617 3339 dimittere
1647 3287 1851 3355 postes
1873 3282 1901 3336 ‘?
2134 3286 2214 3339 De
2246 3286 2418 3355 cujus
2445 3284 2621 3339 donis
2655 3282 2904 3339 modulo
2934 3283 3151 3351 fungor
3186 3282 3453 3344 rationis.

364 3364 470 3420 Hic
500 3369 561 3421 tu
589 3369 829 3441 pervilis
857 3371 1075 3427 nostris
1110 3371 1472 3443 superabere
1499 3371 1634 3444 pilis
2137 3372 2395 3429 Credens
2426 3372 2675 3428 dicentis
2704 3372 2787 3426 sic
2819 3372 3123 3443 scripturae
3150 3371 3548 3427 documentis.

366 3459 520 3512 Istuc
550 3459 731 3528 ceriti,
760 3459 1010 3530 nugacis
1042 3458 1245 3534 nilque
1276 3461 1446 3534 periti
2138 3462 2385 3518 Nomine
2412 3462 2657 3529 signetis
2689 3460 2924 3517 Domini
2954 3477 3083 3532 vos,
3116 3454 3407 3533 quicquid
3434 3461 3639 3530 agetis.

362 3546 419 3600 Si
449 3551 551 3603 tua
580 3549 927 3620 procedant,
962 3555 1018 3607 et
1046 3566 1157 3606 nos
1185 3550 1454 3607 convicia
1479 3551 1722 3621 laedant,
2137 3550 2315 3607 Nobis
2340 3552 2620 3607 ductores
2653 3550 2820 3605 verbi
2846 3550 2994 3605 dum
3024 3566 3209 3622 posco
3242 3549 3456 3605 Satoris

365 3638 560 3692 Fortes
590 3634 861 3705 athletas,
896 3638 1237 3711 poterisque
1267 3638 1469 3695 videre
1495 3644 1724 3712 poetas.
2135 3646 2361 3710 Agrum
2392 3641 2666 3696 divinum
2693 3638 3031 3713 plantantes
3062 3636 3287 3695 semine
3318 3634 3602 3713 primum.

362 3728 704 3799 Numquam
730 3729 1026 3799 cedentes,
1055 3746 1193 3785 cum
1223 3734 1285 3785 tu
1312 3718 1599 3799 fugiendo
1626 3729 1865 3785 clientes

360 3813 510 3871 Alvo
539 3816 733 3874 divisa
761 3834 972 3891 pereas
1001 3820 1268 3876 nostrata
1297 3820 1516 3876 sarissa
1546 3819 1694 3887 lead.
1722 3819 1951 3891 sarisa].
2122 3874 2123 3879 η
2694 3819 2951 3890 (Cretera
2978 3818 3172 3875 deesse
3193 3818 3516 3887 videntur.)

374 3992 2409 4026 ω

1737 4147 1876 4187 ANTE
1909 4147 2116 4187 MEDIUM
2144 4147 2427 4187 SECULUM.

1447 4318 2733 4465 EBEBHARDUS

1665 4580 1889 4635 ABBAS
1945 4580 2484 4635 TEGERNSENSIS.

1223 4868 2076 4993 EBERHARDI
2154 4872 2932 4996 EPISTOL/E.

1126 5101 1342 5174 (Edidit
1370 5104 1434 5158 Β.
1466 5103 1527 5155 Ρ.
1562 5104 1784 5173 ΡΕΖΙΓΒ,
1822 5102 2162 5160 Thesaurus
2191 5104 2480 5162 Anecdot.
2514 5121 2674 5176 nov.,

1467 5103 1527 5155 P.
1562 5104 1784 5173 Pezu's,
1822 5102 2162 5160 Thesaurus
2191 5104 2480 5162 Anecdot.
2514 5121 2674 5176 nov.,
2708 5107 2772 5175 V,
2804 5122 2845 5176 ι,
2877 5108 3024 5175 135.)

1178 5417 1197 5470 l
2050 5417 2096 5468 Α
2201 5416 2360 5471 Sicut
2387 5415 2571 5470 Jacob
2599 5415 2806 5471 revixit
2830 5431 2969 5470 cum
2994 5415 3214 5487 Ioseph
3244 5414 3438 5469 vivere
3462 5413 3800 5479 audivit,ita

357 5511 456 5566 Ad
483 5512 735 5579 fratrem
768 5534 959 5587 suum,
1002 5538 1171 5593 quem
1204 5518 1405 5577 adhuc
1455 5524 1649 5577 υίυρνρ
1694 5521 1937 5593 gaudet,
1967 5529 2019 5577 ρι
2130 5509 2340 5560 nostra
2368 5505 2485 5559 vita
2508 5510 2643 5577 post
2667 5505 2914 5560 mentita
2944 5503 3155 5560 funera
3184 5507 3380 5593 vestra
3407 5503 3622 5572 grandi
3650 5519 3797 5571 gau-

975 5592 1056 5646 ad
1083 5604 1143 5647 se
1170 5593 1407 5647 invitat.
2131 5594 2231 5649 dio
2252 5593 2566 5649 hilarescit.
2594 5596 2662 5649 Ut
2690 5594 3006 5666 quondam
3032 5592 3496 5667 spopondimus.
3520 5593 3579 5648 in
3604 5599 3800 5651 vestra

430 5672 817 5739 Enznmnmrs,
856 5675 1065 5732 Christi
1096 5677 1462 5737 famulorum
1510 5698 1738 5750 servus,
1769 5682 2022 5739 dilectis-
2132 5682 2445 5738 dilectione
2468 5686 2810 5738 constanter
2830 5682 3029 5739 adhuc
3054 5681 3461 5738 indubitanter
3481 5698 3796 5754 permane-

360 5757 520 5811 simo
553 5756 736 5814 fratri.
2133 5772 2672 5846 mus,nimiumque
2686 5772 3104 5832 desideramus
3115 5789 3225 5829 vos
3245 5772 3444 5830 videre
3459 5771 3667 5830 inloco
3677 5786 3798 5847 quo
