3980 6422
357 364 453 443 231

1663 363 1719 417 S.
1765 359 2053 416 HENRICI
2092 360 2164 415 1M
2175 359 2564 415 PERATORIS

3770 366 3871 417 232

354 485 647 557 pertinere
678 500 794 540 non
830 484 1104 540 creditur.
1143 484 1214 538 Ut
1233 499 1371 552 ergo
1401 483 1512 537 ista
1541 482 1804 537 dubietas
1836 482 1906 536 ab
1932 497 2058 536 om-
2091 487 2134 537 A
2175 480 2349 535 dubio
2372 486 2687 536 censeatur.
2726 482 3090 554 QuaprOpter
3119 499 3242 552 nos,
3300 482 3620 555 utriusque,
3674 485 3871 539 videli-

357 575 529 628 nibus
550 574 777 645 penitus
809 573 1126 635 auferatur,
1162 588 1269 626 nos
1300 572 1461 625 illam
1509 570 1627 626 divi
1677 571 1844 626 Marci
1903 568 2068 641 [Mar-

357 660 532 733 ciani]
554 661 1026 715 constitutionem
1056 660 1135 713 ita
1164 658 1532 729 interpertari
1591 659 1973 726 decrevimus,
2002 662 2068 712 ut

361 750 431 805 ad
452 750 713 804 omnium
734 748 1112 802 Ecclesiarum
1141 746 1373 802 clericos
1401 746 1748 817 generaliter
1776 744 2064 818 pertinere

351 838 658 909 judicetur.
695 838 833 892 Nam
872 852 1003 890 cum
1043 836 1209 890 divus
1258 835 1615 890 Justinianus
1639 836 1770 904 jure
1815 834 2063 888 decrevit

352 931 408 980 et
437 943 686 981 canones
718 928 950 980 Patrum
983 925 1099 979 vim
1133 925 1325 994 legum
1356 924 1567 978 habere
1593 928 1876 994 oporteat,
1909 929 1967 977 et
2002 922 2060 977 in

363 1013 656 1068 nonnullis
704 1015 935 1067 Patrum
995 1012 1309 1065 canonibus
1370 1009 1691 1081 reperiatur
1749 1014 1813 1064 ut
1868 1009 2060 1064 clerici

347 1102 545 1172 jurare
584 1117 699 1155 non
748 1102 1018 1166 audeant,
1069 1099 1308 1169 dignum
1370 1105 1457 1153 est
1505 1103 1569 1152 ut
1596 1103 1748 1153 totus
1781 1098 2058 1153 clericalis

356 1190 500 1245 ordo
531 1205 562 1243 a
590 1188 920 1260 praestando
965 1187 1348 1258 jurejurando
1405 1187 1683 1241 immunis
1710 1202 1831 1241 esse
1857 1188 2056 1259 procul

2173 574 2261 622 cet
2292 568 2500 623 divime
2535 574 2592 623 et
2616 569 2906 636 humanae,
2939 570 3081 641 legis
3144 570 3465 626 intentione
3507 577 3745 638 servata,
3777 573 3873 625 de-

2173 657 2464 712 cernimus
2492 662 2553 711 ut
2570 674 2686 712 non
2717 658 3168 729 episcopus,non
3189 659 3384 727 abbas,
3408 676 3525 714 non
3556 661 3872 731 presbyter,

2172 761 2291 799 non
2321 746 2716 816 cujuscunque
2748 745 2967 800 ordinis
2997 746 3256 812 clericus,
3294 764 3409 801 non
3431 748 3639 820 aliquis
3673 765 3871 803 mona-

2171 834 2310 888 chus
2341 835 2431 889 vel
2490 834 2965 901 sanctimonialis,
2996 834 3057 890 in
3088 852 3430 908 quacunque
3462 838 3870 904 controversia,

2169 922 2288 976 sive
2318 922 2625 987 criminati,
2660 923 2775 976 sive
2803 923 2976 990 civili,
3032 924 3436 994 jusjurandum
3495 927 3876 995 compellatur

2168 1010 2425 1081 qualibet
2452 1010 2674 1065 ratione
2718 1012 2933 1077 subire,
2973 1012 3073 1066 sed
3135 1013 3251 1066 suis
3309 1013 3529 1068 idoneis
3588 1015 3875 1069 advocatis

2166 1099 2274 1155 hoc
2306 1099 2560 1155 officium
2595 1100 2761 1155 liceat
2792 1100 3077 1173 delegare.

1895 1430 2318 1490 DUBIA.

459 1608 556 1709 Β.
642 1607 1190 1711 HEINRIGI
1280 1607 1957 1711 SENTENTIA
2043 1609 2189 1713 DE
2276 1608 2856 1712 GONJUGIO
2935 1606 3737 1712 CLERIGORUM.

1781 1780 1982 1859 (Anno
2028 1783 2205 1856 1019,
2253 1780 2466 1858 Mart.)

350 1924 703 1980 Proferimus
758 1939 885 1978 eam
920 1939 989 1977 ex
1018 1923 1213 1979 codice
1260 1922 1401 1977 bibl.
1461 1921 1678 1976 ducalis
1708 1921 2162 1991 Guelferbytanae
2193 1921 2345 1975 inter
2375 1920 2856 1976 Helmstadienses
2886 1937 2941 1974 n.
2976 1924 3042 1975 32
3070 1921 3130 1976 in
3172 1921 3268 1975 fol.
3324 1921 3495 1985 mbr.,
3553 1921 3645 1975 cui
3692 1937 3871 1975 manu

426 1996 620 2049 saeculi
647 1995 994 2065 xxinscripta
1018 1995 1281 2065 habetur,
1308 1993 1457 2046 unde
1511 1998 1567 2065 ct
1621 1992 1882 2045 Maderus
1927 2007 2055 2065 eam
2101 1992 2161 2045 in
2208 1992 2444 2065 Autiqq.
2502 1991 3007 2065 Brunsvicensibus
3049 1992 3322 2065 vulgavit.
3356 1994 3499 2047 Cum
3530 1997 3722 2065 tamen
3754 2009 3873 2065 non

473 2083 532 2119 ro
564 2065 761 2119 charta
790 2062 943 2135 justa
962 2065 1144 2117 forma
1168 2063 1414 2135 insigni,
1435 2062 1534 2135 sed
1565 2062 1977 2135 progmemoria
2008 2068 2231 2135 tantum
2256 2063 2338 2115 rei
2372 2068 2571 2135 gestus.
2606 2062 2874 2135 defuncto
2919 2063 3039 2132 jam
3075 2064 3337 2117 Heinrico
3367 2062 3707 2135 conscripta,
3770 2064 3875 2135 has

473 2083 532 2119 ro
564 2082 761 2119 cnarta
790 2082 1144 2135 jusialorma
1176 2082 1414 2131 insigni,
1435 2082 1534 2116 seu
1565 2082 1670 2132 pro
1698 2082 1977 2115 memoria
2008 2082 2231 2116 tantum
2256 2082 2338 2115 rei
2372 2082 2571 2131 gesue.
2606 2082 2874 2116 uequcw
2919 2082 3039 2132 jam
3075 2082 3337 2117 ueinrico
3367 2082 3707 2132 cuiuscripia,
3771 2082 3873 2116 na—

425 2082 615 2190 benda
642 2136 732 2200 sit,
768 2150 894 2187 eam
922 2135 1028 2187 hoc
1057 2134 1421 2204 potissimum
1453 2134 1577 2186 loco
1599 2133 1812 2186 referre
1856 2133 2276 2187 constituimus.
2308 2138 2473 2187 Anno
2503 2134 2565 2186 in
2612 2133 2808 2186 charta
2838 2132 3085 2186 indicato
3136 2136 3291 2196 1025,
3333 2134 3523 2187 obitus
3549 2134 3873 2187 Bernwardi

432 2206 685 2261 anterior
715 2203 1067 2270 adversatur,
1091 2205 1170 2257 ita
1199 2210 1263 2257 ut
1291 2220 1412 2258 rem
1452 2210 1508 2257 et
1544 2204 1603 2257 in
1635 2209 1917 2256 conventu
1961 2203 2225 2273 Papiensi
2256 2209 2577 2269 tractatam,
2602 2219 2755 2256 anno
2785 2204 2920 2257 1019
2989 2220 3103 2274 quo
3125 2204 3421 2258 Heinricus
3450 2221 3642 2258 mense
3674 2205 3877 2257 Martio

432 2277 705 2330 Goslariie.
744 2280 998 2328 moratus
1027 2282 1132 2341 est,
1170 2274 1574 2344 assignandum
1612 2274 1966 2328 duxerimus.
2014 2275 2303 2345 Subjicere
2334 2275 2466 2328 licet
2488 2290 2555 2327 ex
2582 2275 2783 2328 eodem
2816 2274 3007 2328 codice
3042 2274 3363 2329 Bernwardi
3408 2275 3877 2329 constitutionem

427 2347 565 2400 anni
597 2347 733 2401 1020
757 2362 932 2400 manu
971 2345 1167 2399 saeculi
1196 2361 1249 2399 XI
1274 2350 1562 2399 exaratam
1596 2346 1723 2412 (96).

426 2530 737 2586 Architecti
785 2530 1081 2586 catholicae
1138 2531 1433 2600 doctrinae,
1492 2549 1622 2603 qua:
1653 2532 1918 2587 sectanda
1965 2533 2052 2587 fo-
2086 2534 2127 2588 Β
2166 2548 2491 2603 scoparum,
2526 2531 2763 2587 Geronis
2822 2531 3090 2586 videlicet
3119 2532 3648 2602 Partlienopolitani
3679 2536 3875 2590 archi-

356 2624 484 2673 rent
510 2619 645 2673 ﬁdei
677 2619 838 2689 quasi
867 2619 1245 2673 fundamenta
1284 2620 1554 2683 iocantes,
1597 2619 1708 2673 hoc
1765 2620 2060 2674 evidenter

358 2712 678 2760 noscuntur
721 2706 1014 2777 probasse,
1067 2706 1184 2760 sive
1234 2707 1517 2777 gregatim
1563 2723 1659 2761 seu
1723 2707 2055 2778 separatim,

353 2801 418 2850 ut
468 2795 785 2866 gloriemur
813 2795 872 2850 in
932 2796 1100 2850 laude
1145 2796 1375 2851 Christi.
1412 2797 1556 2866 Ergo
1610 2813 1762 2851 anno
1803 2799 1963 2864 1025,
1996 2797 2056 2850 in

352 2884 689 2939 consistorio
745 2884 927 2955 regali
974 2884 1207 2939 Goslare
1274 2884 1663 2955 prteminenti,
1698 2885 1758 2939 in
1804 2884 2058 2939 iecclesia

352 2974 566 3029 scilicet
602 2974 839 3028 australi
878 2973 1045 3028 lateri
1101 2973 1302 3028 eodem
1335 2974 1669 3043 adherente,
1728 2974 1965 3028 collecta
1988 2974 2053 3027 ti-

351 3062 567 3117 delium
621 3062 1064 3129 coadunatione,
1127 3062 1493 3133 propositum
1552 3067 1637 3117 est
1690 3062 2055 3116 tractandum

352 3151 626 3222 quodque
645 3150 911 3205 utilitatis
938 3150 1207 3205 salutare.
1236 3150 1410 3220 Cujus
1451 3156 1762 3205 conventus
1782 3150 2057 3221 primatui

355 3238 631 3292 Henricus
662 3239 761 3309 qui
792 3243 930 3293 tunc
950 3238 1208 3310 tenporis
1237 3238 1321 3293 rei
1363 3239 1605 3310 publicae
1660 3239 2055 3297 monarchiam

354 3331 631 3382 streunue
661 3325 1022 3397 gubernabat
1052 3326 1357 3394 assederat,
1389 3332 1446 3382 et
1482 3327 1898 3399 constipatione
1929 3327 2054 3398 epi-

425 3450 539 3518 (96)
602 3450 662 3504 In
712 3448 948 3504 nomine
1013 3454 1221 3504 sancta:
1303 3450 1616 3506 Trinitatis.
1686 3451 2057 3505 Bernwardus

355 3526 564 3574 sanctae
627 3520 1166 3575 Hildinishemensis
1218 3521 1440 3576 eclesiae
1495 3522 1732 3576 humilis
1782 3522 2044 3590 antistes,

355 3591 844 3663 omnibusrbonaa
895 3592 1322 3663 cooperationis
1376 3593 1649 3647 fratribus
1674 3593 2054 3663 patribusque

353 3661 707 3731 reverendis,
756 3662 969 3732 gaudia
1004 3661 1227 3734 salutis
1278 3668 1335 3717 et
1391 3664 1563 3734 pacis.
1624 3661 2057 3733 Legumlato’res

353 3737 686 3814 sanxerunt,
714 3748 819 3813 per
880 3732 1167 3804 synodum
1191 3739 1248 3814 et
1277 3732 1530 3814 publica
1589 3732 1830 3814 concilia
1878 3741 2056 3814 status

2167 2622 2439 2693 episcOpi,
2485 2626 2541 2676 et
2589 2620 2863 2675 Unowani
2895 2620 3217 2675 Bremeusis
3274 2621 3715 2695 archiepiscopi,
3760 2628 3876 2678 Ar-

2165 2712 2304 2766 nolti
2356 2726 2587 2782 quoque
2637 2710 3143 2774 Halverstedensis,
3204 2714 3260 2763 et
3304 2711 3593 2766 Benuonis
3639 2713 3879 2767 Slaven-

2167 2800 2241 2854 sis
2298 2799 2429 2870 (97),
2485 2798 2810 2853 Thioderici
2867 2799 3172 2852 Mindensis
3248 2802 3377 2868 (98),
3426 2805 3481 2854 et
3549 2800 3880 2855 Thioderici

2165 2885 2782 2958 Mimigardivordensis
2831 2884 2962 2957 (99),
3006 2891 3064 2940 et
3115 2886 3424 2940 Ekkibardi
3478 2888 3881 2957 Sleswigensis

2166 2975 2439 3046 episcopi,
2497 2974 2894 3028 circumfultus
2971 2973 3249 3045 undique,
3322 2975 3524 3044 fasque
3591 2976 3880 3047 nefasque

2164 3080 2331 3134 aequa
2376 3063 2769 3117 trutinationis
2815 3063 2978 3117 lance
3028 3064 3323 3132 pensabat.
3361 3065 3400 3118 E
3462 3064 3672 3135 quibus
3732 3081 3880 3119 vero

2166 3154 2317 3207 inter
2361 3151 2691 3222 questiones
2722 3152 2864 3205 citra
2912 3153 3179 3223 ultraque
3218 3152 3444 3206 habitas
3502 3152 3884 3207 Bernwardus

2165 3245 2377 3293 sanctae
2402 3239 2940 3294 Hildinishemensis
2980 3241 3251 3294 azcclesiaa
3281 3242 3392 3311 piae
3431 3240 3727 3295 memorie
3762 3258 3883 3295 an-

2164 3328 2326 3383 tistes
2359 3344 2532 3399 quem
2563 3326 2708 3382 tanti
2740 3328 2956 3398 negotii
2987 3328 3342 3400 principatus
3365 3329 3664 3398 attinebat,
3679 3330 3878 3400 cujus-

2165 3450 2456 3505 cotidiana
2489 3450 2733 3522 servitus
2782 3451 2941 3505 domi
2981 3451 3234 3522 forisque
3266 3450 3556 3513 indicitur,
3586 3451 3739 3505 unde
3775 3467 3881 3504 no-

2163 3522 2251 3576 bis
2281 3537 2515 3592 quoque
2568 3521 2759 3575 debita
2806 3521 3155 3576 victualium’
3179 3523 3525 3592 compendia
3552 3538 3882 3592 procuren-

2165 3599 2278 3646 tur.
2314 3593 2449 3646 Saut
2480 3598 2759 3661 prmterea
2781 3593 3048 3646 nonnulli
3082 3594 3418 3647 clericorum
3452 3592 3883 3646 sanctimonia-

2165 3663 2426 3732 liumque
2461 3662 2714 3734 regulari
2744 3664 3175 3717 conversatione
3197 3663 3475 3732 insigniti,
3504 3680 3650 3734 quos
3679 3663 3885 3733 singu-

2168 3735 2248 3805 los
2273 3733 2332 3786 in
2358 3733 2652 3803 publicum
2684 3735 2964 3802 gregatim
3010 3735 3260 3804 prodire,
3303 3740 3359 3788 et
3405 3733 3643 3805 provida
3691 3734 3886 3787 imbe-

353 3808 562 3876 sanctae
595 3804 815 3876 eclesia:
841 3821 1088 3875 quaeque
1114 3805 1291 3876 ordiri
1332 3806 1516 3870 utilia,
1572 3805 1925 3876 perindeque
1957 3805 2052 3873 jus
2092 3806 2132 3860 C
2164 3804 2397 3876 cillioris
2446 3804 2575 3876 vita:
2623 3805 3029 3876 consideratio,
3073 3810 3128 3859 et
3185 3804 3469 3871 legittima
3512 3805 3883 3876 Acoenobialis

353 3874 552 3945 fasque
583 3875 850 3943 probare,
875 3891 1039 3945 aeque
1070 3875 1375 3929 salubriter
1397 3874 1600 3929 cuncta
1633 3876 1883 3945 disponi.
1913 3877 2055 3929 llinc

351 3943 529 4013 igitur
575 3961 727 3998 anno
786 3943 962 4009 102οξ
996 3962 1048 3998 νι
1097 3946 1229 3999 ldus
1280 3946 1540 4000 Octobris
1588 3946 1682 4015 (a),
1724 3943 1962 3999 _saniori
1994 3953 2059 3999 ut

353 4030 552 4085 remur
579 4019 803 4067 utentes
833 4015 1096 4079 consilio,
1130 4016 1345 4085 ubique
1382 4018 1635 4069 locorum
1667 4032 1767 4069 nos
1795 4016 2059 4070 videlicet

353 4084 784 4157 respicientium
800 4085 1220 4157 adinventionis
1237 4084 1447 4140 nostrae
1460 4085 1794 4157 subsignare
1816 4087 2053 4156 dignum

354 4154 623 4227 duximus
653 4155 1008 4227 memoriale,
1039 4161 1119 4227 fut
1157 4156 1217 4209 in
1262 4157 1508 4210 invicem
1556 4154 1649 4227 pie
1710 4154 2055 4211 condescen-

352 4225 570 4297 dentes,
595 4225 654 4278 in
681 4226 887 4297 timore
918 4226 1126 4281 Christi
1172 4232 1400 4281 nosmet
1454 4225 1609 4297 ipsos
1652 4233 2058 4297 supportemus

352 4296 677 4350 unanimes.
738 4296 877 4349 Nam
929 4296 988 4350 in
1040 4296 1489 4366 przesentiarum’
1530 4298 1675 4351 bene
1706 4296 2058 4352 eo’mmeritis

352 4366 499 4437 proh
520 4366 686 4439 dolor
706 4367 1067 4439 exigentibus
1098 4369 1304 4438 culpis,
1334 4369 1479 4422 nihil
1511 4367 1676 4438 pensi
1708 4385 1895 4439 neque
1928 4385 2055 4422 mo-

352 4438 758 4509 deratihabet,
789 4437 1018 4508 quantis
1048 4437 1216 4492 malis
1264 4440 1448 4508 magis
1496 4437 1888 4509 inagisque'in
1936 4440 2059 4493 dies

352 4507 683 4578 periclitans
724 4507 977 4563 mundus
1034 4510 1386 4563 succumbat.
1430 4507 1783 4578 Unde'ergo
1837 4514 1902 4563 ut
1953 4526 2058 4579 pro

352 4594 518 4647 posse
544 4579 851 4633 criminum
901 4584 1232 4634 nostrorum
1272 4580 1696 4650 aliquantulum
1728 4580 1889 4633 oneri
1919 4596 2060 4649 par-

355 4664 572 4721 camus,
599 4650 827 4721 publice
856 4650 1245 4720 privatimque
1280 4651 1698 4721 constituimus,
1733 4656 1795 4703 ut
1812 4657 2060 4721 quatuor

354 4718 929 4791 annigte’mporibiis
988 4718 1193 4790 legalis
1248 4721 1453 4791 synodi
1504 4720 1642 4774 scita
1701 4718 2061 4775 decernenda

353 4788 753 4856 condictisfab
777 4788 1289 4845 omnibus—nostrai
1340 4790 1556 4845 scilicet
1613 4791 1852 4845 diocesis
1881 4792 2060 4861 septis

352 4861 680 4943 congyratis
703 4861 760 4914 in
791 4876 1133 4943 consensum
1146 4862 1672 4943 participatumque
1694 4862 1837 4943 tant‘i
1867 4863 2059 4943 operis

350 4929 606 5003 undique
645 4931 1037 5003 conveniatur,
1062 4929 1270 5002 quibus
1296 4929 1374 4986 id_
1394 4929 1605 5003 negotii
1625 4934 1754 5002 jure
1794 4929 2054 4986 debétur.

353 4999 651 5073 Salubrius
699 5000 854 5054 enim
904 4999 1229 5073 fortiusque
1281 4999 1931 5073 hujusmodi'decretum
1964 5003 2058 5057 di-

352 5072 767 5153 noscitur,cum
812 5072 1217 5153 astipulatione
1246 5072 1632 5153 plurimorum
1679 5074 2055 5144 depromitur,
2086 5086 2131 5140 ι)

355 5143 482 5215 Non
522 5147 718 5215 tamen
749 5158 948 5215 omnes
1000 5143 1064 5196 in
1098 5160 1295 5215 unum
1351 5144 1699 5215 singillatim,
1741 5143 2057 5215 conrogare

354 5212 737 5295 decernimus,
774 5213 913 5295 dum
944 5214 1305 5295 multimodis
1331 5212 1817 5295 praepedientibus
1876 5212 2059 5295 causis

351 5284 683 5337 nullatenus
713 5284 820 5338 hoc
858 5284 1173 5354 ﬁeriposse
1195 5302 1308 5339 non
1330 5284 1698 5355 ignOremus;
1761 5285 2060 5354 praesertin

352 5369 482 5426 cum
533 5356 789 5426 humana
849 5354 1131 5425 fragilitas
1185 5354 1507 5410 necessario
1566 5356 1774 5426 exigat,
1828 5362 1890 5409 ut
1940 5372 2059 5409 sua:

266 5448 270 5452 ~
356 5424 618 5497 utilitatis
648 5425 866 5497 artibus
891 5424 1138 5497 quisque
1183 5427 1384 5481 diatim
1418 5424 1709 5494 inserviet,
1764 5428 1921 5480 velut
1949 5427 2056 5480 sci-

354 5494 489 5549 licet
516 5496 812 5566 rusticani,
857 5494 1068 5568 quibus
1132 5513 1237 5567 per
1272 5499 1428 5552 varia
1485 5498 1747 5552 laborum
1789 5497 2055 5552 exercitia

424 5616 503 5686 (a)
536 5617 608 5672 Μ.
642 5618 749 5673 XX.
788 5620 878 5673 VI.
911 5620 1001 5675 ID.
1041 5620 1236 5675 OCTB.
1271 5622 1464 5676 codem.

2166 3874 2762 3944 propositidissuadet
2803 3876 3100 3941 districtio,
3149 3876 3363 3930 nedum
3416 3874 3555 3929 foris
3607 3875 3775 3945 quasi
3808 3892 3883 3928 ex

2167 3945 2564 4014 hujuscemodi
2619 3950 2831 3998 statuto
2871 3953 3277 4015 pervagantur,
3333 3946 3400 4000 ab
3451 3945 3659 3999 usitato
3691 3946 3885 3999 animi

2169 4017 2357 4086 rigore
2387 4015 2953 4086 procliviusdeviare
2984 4024 3283 4086 cogantur,
3311 4017 3453 4086 quin
3482 4016 3674 4086 potius
3702 4016 3886 4069 solito

2170 4034 2357 4086 rigore
2387 4034 2697 4085 proclivius
2725 4034 2953 4069 ueVIare
2984 4034 3283 4086 cogantur,
3355 4034 3453 4070 uin
3482 4034 3674 4086 ponus
3702 4034 3886 4069 souto

2170 4086 2410 4140 Deitatis
2439 4085 2668 4139 servitio
2701 4085 2969 4140 insudare
2991 4088 3272 4141 nitantur.
3305 4034 3523 4151 auibus
3552 4087 3726 4140 etiam
3759 4087 3889 4139 sol-

2166 4157 2323 4237 licita
2351 4156 2873 4237 circumspectione
2900 4157 3250 4237 praemonui,
3286 4157 3346 4211 in
3400 4173 3706 4237 commune
3738 4173 3892 4227 per-

2169 4228 2499 4292 suademus,
2531 4227 2612 4280 uti
2649 4228 2708 4280 in
2768 4227 3020 4281 definitis
3070 4229 3271 4283 diebus
3320 4228 3721 4298 unusquisque
3770 4244 3891 4298 pro

2168 4298 2499 4352 diversitate
2532 4314 2698 4351 sexus
2723 4303 2778 4351 et
2797 4298 3000 4366 aetatis,
3044 4299 3219 4352 sacris
3262 4299 3590 4352 orationum
3628 4299 3888 4351 oblatio-

2168 4384 2427 4439 numque
2458 4385 2579 4421 sese
2608 4369 2874 4441 studeant
2896 4370 3224 4441 mancipare
3247 4369 3468 4435 ofﬁciis,
3521 4369 3664 4441 illud
3697 4384 3890 4439 quam

2173 4438 2422 4493 maxime
2468 4455 2713 4493 summa:
2753 4438 3035 4493 divinitati
3066 4438 3197 4494 cum
3227 4446 3345 4493 tota
3395 4440 3629 4509 spiritus
3657 4438 3894 4493 contri-

2170 4510 2329 4564 tione
2360 4509 2770 4579 supplicantes,
2814 4511 3085 4580 quatinus
3142 4515 3265 4580 ipse
3322 4510 3627 4563 conventui
3674 4516 3892 4564 nostro

2172 4580 2370 4635 adesse
2398 4581 2690 4647 dignetur,
2737 4582 2835 4650 qui
2892 4581 3117 4634 duobus
3175 4581 3392 4651 quippe
3446 4586 3544 4634 aut
3596 4580 3783 4634 tribus
3815 4582 3890 4635 in

2172 4652 2408 4704 nomine
2438 4668 2541 4704 suo
2564 4652 2927 4721 congregatis
2946 4668 3005 4705 se
3050 4652 3303 4705 medium
3332 4651 3637 4721 pollicetur
3666 4666 3683 4720 ;
3724 4652 3895 4720 ejus-

2168 4738 2284 4792 que
2315 4721 2892 4803 condonantcgratia
2922 4722 3036 4775 tale
3060 4722 3204 4803 quid
3237 4738 3307 4803 es
3359 4726 3583 4803 nostro“
3609 4723 3893 4803 consultu

2173 4791 2522 4862 emergatur,
2553 4794 2706 4862 quod
2740 4798 2796 4846 et
2830 4791 3198 4861 praesentium
3231 4792 3401 4846 saluti
3441 4791 3792 4862 proﬁcuum,
3822 4799 3896 4847 et

2171 4864 2497 4916 futurorum
2538 4862 2845 4916 imitationi
2875 4879 2995 4916 esse
3023 4863 3502 4934 queatidoneum,
3521 4862 3895 4934 insuperque

2172 4949 2261 4987 res
2288 4933 2521 5003 publica
2548 4934 2693 4986 bene
2724 4933 3110 5004 strennueque
3131 4939 3382 5004 regatur,
3416 4937 3609 4987 sancta
3640 4933 3894 5004 quoque

2172 5005 2376 5057 eclesia
2406 5004 2588 5075 beata:
2619 5004 2999 5074 gloriosusque
3018 5004 3115 5057 Dei
3140 5004 3435 5074 genitricis
3490 5004 3643 5075 hunc
3691 5020 3895 5075 usque

2171 5074 2646 5129 tuitiouimunita
2675 5075 3050 5144 adaugeatur,
3084 5075 3210 5144 ipsa
3230 5075 3549 5144 eademque
3597 5074 3668 5127 ab
3726 5074 3891 5129 infe-

2171 5148 2415 5199 statione
2436 5145 2659 5199 inimici
2688 5145 3260 5216 ministrantiumque
3318 5145 3449 5216 sibi,
3511 5160 3895 5216 paganorum

2171 5216 2495 5270 scilicetseu
2530 5216 2816 5269 malorum
2889 5215 3360 5285 christianorum,
3410 5215 3738 5270 incursione
3780 5232 3894 5270 us-

2172 5303 2284 5358 que
2316 5302 2546 5358 quaque
2580 5286 2940 5358 defendatur.

2247 5356 2357 5425 (97)
2390 5357 2436 5410 i.
2477 5373 2527 5409 e.
2556 5356 3087 5427 Aldemburgensis.

2245 5430 2361 5495 (98)
2381 5427 2530 5481 sedit
2566 5426 2701 5480 inde
2727 5426 2797 5479 ab
2827 5442 2880 5481 a.
2924 5428 3246 5482 1018-1022.
3274 5427 3437 5483 Febr.
3466 5431 3549 5483 19.

2241 5501 2348 5567 (99)
2382 5497 2535 5552 Obiit
2568 5513 2613 5550 a.
2651 5498 2807 5560 1022,
2833 5498 2885 5552 d.
2910 5500 2998 5551 23.
3021 5499 3260 5554 Jannar.
