3944 6386
54 307 213 361 1309

1612 298 1978 362 EPISTOLE.

3366 286 3504 372 1316

38 442 227 483 nunc
257 427 559 499 degimus.
604 428 894 494 Quocirca
922 430 1202 503 petimus,
1244 431 1291 485 si
1322 429 1549 502 absque
1590 442 1728 483 con-
1763 430 1809 481 Α
1845 433 2057 503 ctaque
2100 434 2581 503 congregatione,
2608 451 2989 510 quaecunque
3019 453 3344 511 possumus
3370 455 3501 498 ora-

53 532 261 572 sensu
288 518 539 574 fratrum
563 523 894 574 vestrorum
922 518 999 575 ad
1028 534 1139 576 nos
1166 522 1368 575 venire
1390 534 1511 573 non
1534 517 1727 588 vultis,

41 624 86 662 a
125 607 362 663 cunctis
390 606 674 663 fratribus
719 606 1022 665 licentiam
1060 609 1273 682 petatis
1302 610 1375 664 de
1396 613 1601 663 nostro
1626 622 1730 661 no-

38 696 247 764 mine,
270 701 334 752 ut
359 696 681 753 nobiscum
712 696 1153 771 aliquantulum
1182 698 1464 771 temporis
1490 712 1731 752 manere

38 784 325 857 possitis,
358 790 421 842 ut
463 784 537 841 de
581 790 776 842 vestro
819 786 1010 843 vivere
1058 792 1289 844 tantum
1330 786 1729 857 gaudeamus,

38 879 361 942 quantum
402 874 600 931 mmsti
636 875 881 943 fuimus,
908 893 1049 934 cum
1080 894 1186 933 vos
1228 878 1288 933 in
1324 877 1485 934 Italia
1525 875 1731 932 defun-

39 968 228 1021 ctum
261 981 393 1019 esse
420 963 783 1021 audivimus.
868 1040 912 1093 Π

36 1143 157 1198 Ad
190 1144 541 1216 Udalricum
574 1146 862 1200 comitem.
904 1148 1096 1216 Rogat
1149 1162 1221 1199 ne
1260 1148 1530 1216 graviter
1566 1146 1729 1214 ferat

121 1214 292 1289 quod
320 1229 384 1289 eo
410 1231 528 1270 non
557 1216 926 1289 interrogato
956 1214 1346 1289 Sigillarde
1380 1217 1730 1271 monasterii

122 1288 230 1339 sui
254 1286 611 1341 advocatum
639 1286 945 1355 delegerit,
974 1286 1083 1342 etc.

124 1374 526 1439 Esrznnmnus,
573 1373 937 1431 famulorum
990 1375 1085 1431 Dei
1131 1376 1454 1431 vilissimus
1498 1392 1724 1445 servus,

34 1462 287 1517 domno
320 1462 519 1518 comiti
551 1464 955 1534 0.[On.\meo,
979 1481 1078 1521 seu
1104 1466 1410 1533 Ummmol
1440 1464 1726 1520 devotum

35 1551 390 1617 servitium,
435 1552 767 1626 jugemque
815 1554 1160 1611 instantiam
1202 1555 1616 1627 precaminum
1665 1556 1724 1610 in

34 1640 318 1697 (Ihristo.

123 1731 274 1794 Quia
321 1731 562 1788 aliunde
606 1746 728 1787 non
758 1732 1053 1789 habemus
1092 1736 1215 1789 tam
1242 1736 1485 1790 firmum
1542 1733 1725 1789 suffu-

32 1820 220 1887 gium
239 1820 391 1876 sicut
408 1821 468 1876 in
490 1820 685 1891 vobis,
702 1820 923 1892 jugiter
943 1823 1275 1878 insistimus
1293 1822 1721 1877 succlamando

32 1926 155 1963 vos
192 1907 378 1965 modo
422 1915 759 1983 opportune
793 1912 1093 1967 interdum
1134 1912 1493 1984 importune.
1541 1916 1719 1967 Jussu

31 1998 263 2054 domui
312 2000 500 2055 nostri
532 2000 723 2070 ducis,
757 2000 1005 2058 consilio
1046 2002 1443 2057 monarchicm
1477 2017 1720 2067 congre—

33 2089 327 2156 gationis,
349 2090 751 2162 petitioneque
778 2094 955 2146 totius
976 2091 1211 2147 familiae
1238 2091 1412 2147 nobis
1435 2091 1717 2161 subjectae

36 2178 435 2243 Sigihardum
500 2179 916 2235 constituimus
976 2180 1151 2236 nobis
1219 2181 1598 2236 advocatum.
1656 2183 1719 2235 Et

31 2266 191 2337 quia
241 2283 350 2322 vos
385 2282 506 2322 non
538 2267 725 2323 luistis
755 2285 895 2324 cum
940 2269 1113 2335 duce,
1144 2275 1243 2325 aut
1278 2270 1335 2325 in
1375 2269 1470 2325 tali
1516 2269 1718 2324 vicini-

36 2360 185 2421 tate,
208 2354 277 2409 iIt
296 2354 472 2410 vestri
494 2352 795 2412 licentiam
816 2362 1014 2429 petere
1036 2374 1376 2431 possemus,
1402 2373 1720 2429 precamur

39 2460 122 2497 ne
176 2443 357 2499 nobis
387 2442 734 2501 irascamini
765 2462 948 2519 super
975 2446 1090 2503 hoc
1131 2448 1390 2517 negotio,
1424 2448 1527 2502 sed
1580 2462 1718 2502 cum

30 2537 244 2586 vestra
290 2532 363 2587 sit
413 2533 622 2601 gratia.
659 2536 915 2589 Petimus
959 2536 1133 2591 etiam
1185 2552 1293 2607 per
1340 2535 1717 2590 clementiam

32 2626 337 2691 vestram,
366 2621 572 2693 jubete
613 2628 810 2679 vestro
837 2623 1003 2681 militi
1036 2627 1319 2690 Pennoni,
1355 2630 1415 2679 ut
1459 2624 1718 2679 famulos

32 2714 93 2763 et
122 2709 380 2766 ancillas
429 2710 622 2766 Sancti
675 2711 923 2783 Quirini,
954 2729 1091 2785 qua:
1138 2713 1215 2768 ad
1246 2729 1357 2767 nos
1398 2711 1715 2785 pertinent,

32 2797 216 2854 nobis
248 2792 480 2856 reddat.
518 2800 574 2857 Si
616 2798 713 2857 ille
743 2800 886 2858 dicit
930 2818 1043 2858 nos
1092 2801 1313 2858 habere
1358 2803 1592 2875 aliquos
1640 2800 1716 2875 de

32 2904 149 2941 suo
177 2887 494 2957 beneﬁcio,
517 2888 825 2945 reddimus
857 2890 967 2946 sibi
1006 2888 1275 2945 libenter.
1310 2873 1518 2946 Vestro
1546 2873 1716 2945 iniliti

35 2977 350 3033 \Volfoldo
392 2979 761 3052 praecepistis
809 2987 874 3036 ut
921 2981 1096 3036 nobis
1139 2981 1412 3036 redderet
1452 2981 1712 3036 decima-

31 3068 264 3122 tionem
297 3068 377 3123 ad
409 3070 815 3139 lsmanninga,
847 3072 1009 3142 quod
1045 3071 1245 3126 adhuc
1276 3069 1464 3126 noluit
1494 3070 1704 3125 facere.

1840 518 1999 576 tione
2031 527 2087 578 et
2116 523 2523 581 famulamine.

1913 612 2184 667 Libenter
2214 614 2292 669 ad
2322 630 2430 670 vos
2479 615 2841 682 veniremus,
2879 616 3235 691 priusquam
3265 616 3340 673 de
3387 617 3501 675 hac

1840 701 2081 768 regione
2121 702 2198 757 ab
2238 703 2417 759 aliam
2462 705 2805 776 pergeretis,
2840 709 2895 761 et
2936 710 3001 761 ut
3046 703 3500 763 dilectissimum

1839 789 2159 846 dominum
2197 793 2408 849 merito
2447 793 2760 864 debemus,
2784 793 3144 861 videremus,
3169 798 3348 870 atque
3378 794 3499 852 col-

1838 879 2239 952 loqueremur.
2291 881 2403 939 Sed
2442 883 2640 940 adhuc
2678 883 2823 939 nihil
2857 882 3153 940 habemus
3195 901 3318 959 prae
3367 882 3498 942 ma-

1837 968 2038 1039 nibus,
2068 970 2233 1041 quod
2282 971 2451 1026 vobis
2498 972 2569 1027 sit
2623 971 3043 1041 honorificum,
3094 972 3491 1041 offerendum,

1838 1062 1942 1112 aut
1972 1059 2145 1113 nobis
2176 1059 2563 1116 fructiferum.
2601 1061 2851 1135 Impedit
2880 1062 3061 1117 etiam
3093 1078 3188 1117 me
3218 1062 3498 1135 frequens

1836 1148 2103 1220 corporis
2181 1148 2490 1219 aegritudo,
2576 1154 2631 1205 et
2718 1150 3048 1223 improvisa
3136 1156 3498 1225 praaparatio

1837 1236 2106 1308 equitum
2134 1237 2224 1292 vel
2255 1254 2550 1311 equorum
2601 1237 2680 1294 ad
2727 1255 2863 1294 eam
2910 1236 3287 1311 repentinam
3336 1240 3500 1313 equi-

1836 1323 2145 1380 tationem.

1911 1416 1979 1467 Ut
2005 1414 2181 1468 nobis
2213 1414 2491 1470 comitem
2540 1415 2877 1471 Udalricum
2911 1421 3109 1472 vestra
3139 1416 3498 1490 potestativa

1838 1518 2022 1557 manu
2054 1503 2413 1558 advocatum
2440 1504 2782 1559 monasterii
2813 1504 2983 1576 detis,
3010 1506 3069 1559 in
3096 1505 3373 1578 praesenti
3404 1522 3496 1562 ro—

1838 1608 2075 1657 gamus.
2112 1594 2408 1657 Quantam
2450 1593 2763 1665 penuriam
2808 1592 3012 1648 fratres
3060 1594 3386 1668 patiuntur,
3415 1595 3495 1652 ad

1836 1680 1965 1735 illos
2000 1681 2201 1752 palam
2231 1682 2426 1737 dicere
2456 1682 2764 1737 erubesco.
2800 1682 2977 1739 Vobis
3009 1700 3271 1756 namque
3305 1689 3493 1742 totum

1762 1783 1802 1835 Β
1834 1776 1898 1825 ut
1926 1776 2015 1825 est
2047 1770 2223 1825 timeo
2254 1771 2533 1841 profiteri.
2565 1773 2677 1827 Sed
2708 1772 2781 1827 de
2812 1772 2903 1826 his
2933 1770 3106 1827 nobis
3139 1771 3495 1829 subvenien-

1832 1861 1977 1915 dum
2048 1860 2229 1915 solius
2292 1861 2391 1915 Dei
2450 1861 2748 1931 singulare
2807 1863 3103 1934 vestrique
3175 1868 3493 1935 paternum

1830 1949 2250 2021 praestolamur
2281 1949 2577 2006 solatium.
2631 2024 2674 2075 ν

1828 2110 1927 2164 Ad
1960 2110 2343 2165 Theomonem
2369 2125 2469 2165 seu
2496 2112 2833 2165 Diemonem
2862 2113 3152 2177 comitem,
3177 2118 3240 2168 ut
3262 2128 3491 2168 monas-

1903 2182 2041 2235 terii
2080 2182 2311 2250 praedia
2357 2181 2437 2236 ad
2478 2181 2727 2236 Hatlam
2782 2183 2897 2236 sita
2939 2188 3250 2251 protegere
3297 2198 3368 2239 ac
3418 2185 3493 2239 ab

1900 2253 2121 2322 iniquis
2151 2254 2527 2307 invasoribus
2557 2253 2876 2321 defendere
2903 2253 3205 2321 dignetur.

1900 2344 2187 2396 Tneouom
2218 2342 2563 2397 venerando
2592 2341 2813 2408 comiti,
2848 2344 2933 2408 E.,
2966 2341 3160 2397 abbas
3186 2341 3490 2411 indignus,

1831 2430 2083 2485 salutem
2112 2431 2171 2484 in
2201 2431 2474 2486 Domino.

1901 2522 2223 2587 Rogamus,
2248 2520 2329 2574 mi
2352 2519 2618 2589 domine,
2642 2525 2708 2575 ut
2726 2520 2960 2592 pietatis
2981 2524 3190 2575 vestrae
3212 2519 3490 2576 solatium

1826 2608 2047 2664 habere
2078 2609 2380 2681 possimus
2407 2610 2469 2664 in
2498 2610 2782 2664 omnibus
2812 2610 3064 2679 negotiis
3093 2607 3331 2664 nostris.
3359 2608 3489 2672 Quo

1830 2698 2043 2754 solatio
2071 2698 2334 2753 maxime
2365 2698 2704 2767 indigemus
2735 2699 2795 2753 in
2824 2698 2917 2753 his
2946 2698 3091 2753 locis
3120 2697 3341 2769 quibus
3378 2710 3490 2750 vos

1826 2791 2178 2859 potestatem
2208 2785 2459 2841 habetis.
2486 2786 2787 2859 Quidquid
2818 2786 2979 2842 enim
3003 2786 3080 2843 ad
3114 2784 3279 2841 Halla
3307 2784 3490 2841 habe-

1825 2892 1962 2931 mus
1992 2876 2051 2930 in
2080 2875 2323 2939 familia,
2359 2882 2462 2931 aut
2489 2876 2549 2931 in
2575 2876 2702 2931 aliis
2734 2876 2933 2943 rebus,
2968 2876 3082 2931 cito
3111 2873 3488 2955 distermina-

1822 2964 2001 3029 bitur,
2034 2968 2091 3019 et
2119 2964 2496 3019 abstrahatur
2525 2964 2602 3020 ab
2632 2964 2906 3032 inimicis,
2938 2964 3053 3019 nisi
3092 2980 3197 3019 vos
3244 2967 3488 3035 propter

1824 3058 2012 3110 Deum
2037 3060 2094 3111 et
2120 3060 2397 3112 sanctum
2423 3055 2734 3121 Quirinum
2760 3056 2875 3110 hoc
2899 3054 3235 3111 defendatis
3266 3058 3323 3109 et
3347 3068 3485 3108 con-

33 3156 262 3211 ldcirco
305 3158 521 3213 iterum
567 3158 902 3232 iterumque
953 3174 1274 3232 precamur
1323 3165 1385 3215 ut
1424 3161 1705 3215 nuntium

1890 3143 2150 3213 idicatis,
2211 3144 2376 3216 quod
2436 3144 2696 3217 petimus
2753 3148 2818 3198 ut
2869 3143 3097 3199 faciatis
3141 3142 3487 3214 ubicunque

34 3251 304 3301 vestrum
335 3262 476 3303 cum
505 3249 616 3305 isto
656 3250 934 3321 prtesenti
963 3252 1175 3307 nuntio
1209 3255 1412 3306 nostro
1439 3249 1703 3317 mittatis,

31 3336 134 3405 qui
164 3335 282 3390 hoc
314 3336 367 3391 ei
397 3352 433 3393 a
460 3337 631 3394 vobis
663 3339 910 3396 ﬁrmiter
938 3340 1242 3413 praecipiat
1267 3342 1326 3395 ut
1356 3340 1529 3395 nobis
1555 3339 1707 3395 deci-

33 3425 365 3482 mationem
397 3425 627 3485 reddat.
658 3428 872 3484 Valete.

828 3521 917 3574 ΙΙΙ.

30 3603 131 3657 Ad
182 3604 630 3677 Gudehardum,
672 3612 735 3661 ut
788 3606 1043 3677 videtur,
1096 3607 1368 3662 abbatem
1418 3607 1702 3662 Nideral—

193 3674 347 3744 tah.,
381 3677 481 3730 cui
497 3678 760 3745 fratrem
792 3674 1121 3748 Eginonem
1158 3677 1549 3732 commendat.

102 3762 321 3820 Abbati
352 3768 439 3829 G.,
464 3765 832 3821 monachicae
857 3767 986 3826 vitae
1019 3767 1310 3841 provisori
1333 3762 1702 3835 doctissimo,

32 3856 89 3907 Ε.
125 3852 303 3909 vestri
335 3854 580 3909 servitor
606 3855 881 3923 devotus,
914 3856 1244 3930 fratresque
1277 3850 1387 3911 sibi
1430 3854 1703 3926 subjecti,

26 3939 330 4016 quidquid
364 3940 468 3998 ﬁlii
498 3941 886 3999 dilectissimo
921 3944 1094 4000 Patri.

99 4031 475 4086 (lonfratrem
509 4037 785 4089 nostrum
818 4033 1167 4104 Eginonem,
1201 4048 1382 4105 quem
1417 4030 1704 4102 gremiolo

27 4119 267 4176 vilitatis
299 4110 542 4188 nostrae,
576 4123 775 4194 prout,
805 4123 1116 4195 potuimus
1146 4120 1451 4177 modicum
1480 4125 1706 4193 tempo-

27 4210 104 4262 ris
144 4206 278 4263 vice
326 4213 517 4265 vestra
564 4208 1001 4279 nutriebamus,
1047 4211 1233 4266 modo
1279 4211 1357 4266 ab
1403 4227 1473 4266 eo
1518 4206 1709 4279 rogati

26 4294 576 4354 remittimusillum
614 4303 823 4354 vestras
864 4299 1221 4373 paternitati.
1252 4302 1471 4356 Omnes
1518 4318 1552 4356 a
1596 4299 1710 4355 mi-

26 4390 193 4443 nimo
209 4386 409 4459 usque
431 4380 509 4443 ad
526 4388 861 4446 maximum
884 4388 1140 4465 pedibus
1168 4390 1377 4445 vestris
1404 4388 1708 4462 provoluti

26 4478 315 4557 petimus,
364 4479 797 4552 supplicamus,
848 4482 908 4535 ut
965 4496 1126 4550 eum,
1159 4479 1272 4535 hoc
1340 4485 1432 4534 est
1481 4479 1705 4535 medie-
1746 4491 1782 4542 ι)

26 4574 209 4623 tatem
269 4567 468 4623 cordis
518 4568 724 4638 nostri,
755 4564 1101 4626 charitative
1144 4567 1483 4641 suscipiatis
1525 4568 1585 4623 in
1627 4569 1709 4624 lo-

25 4674 167 4712 cum
196 4672 353 4712 vera;
398 4657 725 4727 ﬁliationis,
754 4673 828 4713 ne
859 4658 1027 4715 aliter
1057 4658 1214 4714 circa
1261 4674 1402 4713 eum
1447 4656 1705 4713 exterius

25 4747 243 4817 agatis,
272 4763 455 4821 quem
486 4747 753 4821 quotidie
785 4748 1031 4805 interius
1064 4748 1292 4806 Christo
1328 4752 1443 4803 Deo
1491 4764 1703 4823 parere

26 4851 149 4891 non
205 4835 470 4891 cessatis.
507 4835 563 4892 Si
606 4824 834 4908 aliquid
888 4835 1083 4892 delicti
1138 4835 1197 4891 in
1243 4853 1352 4891 vos
1399 4836 1702 4893 commisit

25 4926 211 4982 verbo
242 4924 335 4979 vel
363 4924 540 4985 facto.
570 4929 637 4980 ut
663 4941 774 4981 nos
804 4926 1043 4996 fragiles
1092 4924 1356 4998 quotidie
1404 4925 1695 4996 solemus,

26 5021 219 5071 totum
246 5018 364 5071 Deo
389 5013 689 5087 nobisque
714 5014 928 5071 dimitti
949 5031 1268 5087 precamur
1294 5032 1306 5068 :
1342 5019 1417 5081 et,
1452 5014 1499 5069 si
1530 5015 1701 5070 mini-

25 5121 118 5160 me
149 5104 319 5174 digni
360 5120 570 5159 sumus
597 5120 708 5176 pro
748 5120 819 5159 eo
849 5105 1168 5177 impetrare
1207 5104 1373 5177 quod
1417 5105 1695 5175 petimus,

26 5196 240 5250 iterum
273 5210 411 5250 cum
443 5199 641 5250 vestra
681 5193 920 5250 licentia
950 5195 1011 5250 in
1043 5194 1470 5250 fraternitatem
1514 5193 1701 5249 liben-

25 5290 108 5339 ter
134 5283 522 5355 suscipimus.

815 5374 901 5428 IV.

25 5463 112 5517 Ad
141 5464 495 5519 Heinricum
526 5462 789 5517 Boiariae
821 5462 1049 5517 ducem.
1082 5461 1159 5517 Se
1187 5462 1540 5529 inﬁrmitate
1576 5478 1701 5517 cor-

82 5536 251 5603 poris
283 5534 569 5603 impediri
599 5548 713 5603 quo
744 5534 940 5588 minus
970 5532 1052 5587 ad
1075 5549 1204 5587 eum
1246 5534 1691 5601 proficiscatur,

92 5620 429 5677 rogareque
481 5611 544 5659 ut
601 5604 953 5659 Udalricum
1012 5604 1277 5658 comitem
1322 5606 1417 5658 sui
1463 5619 1695 5658 monas-

91 5678 230 5733 terii
253 5676 618 5733 advocatum
651 5676 1006 5741 constituat,
1043 5679 1153 5729 etc.

91 5766 319 5824 Seniori
336 5768 565 5833 nostro,
588 5764 817 5822 domno
843 5763 982 5820 duci
1004 5765 1092 5832 H.,
1106 5762 1299 5820 abbas
1324 5766 1384 5819 E.
1410 5778 1447 5819 δ,
1467 5778 1531 5817 se
1548 5777 1691 5821 cun-

1822 3232 2082 3303 possitis.
2112 3231 2328 3287 Valete.

2614 3319 2699 3375 VI.

1815 3411 1913 3489 Ad
1954 3410 2359 3489 eumdemt‘ut
2386 3412 2773 3489 prmentiurn
2832 3411 3102 3489 latorem
3130 3407 3485 3489 autoaliguo

1890 3483 2132 3537 honesto
2190 3482 2393 3549 ofﬁcio
2449 3483 2780 3545 munerari,
2827 3487 2931 3537 aut
3005 3480 3191 3535 eidem
3249 3480 3481 3534 ueniam

1890 3553 2075 3607 alium
2104 3553 2421 3609 Dominum
2453 3551 2797 3606 demerendi
2823 3551 2971 3606 dare
2998 3565 3073 3607 ne
3098 3555 3407 3620 gravetur.

1890 3645 1975 3711 E.,
2009 3640 2135 3694 solo
2166 3639 2411 3694 nomine
2440 3638 2777 3693 monachus
2812 3637 3126 3703 vocitatus,
3157 3636 3358 3693 comiti
3388 3639 3478 3706 D.,

1817 3728 2205 3786 dilectissimo
2236 3727 2710 3796 consanguineo,
2745 3725 2999 3783 salutem
3029 3725 3089 3781 in
3121 3724 3369 3782 Christo.

1894 3823 2004 3874 lste
2022 3822 2225 3872 noster
2236 3816 2468 3872 amicus
2484 3815 2784 3888 vestrique
2802 3814 3045 3873 servitor
3056 3812 3483 3870 devotusvenit

1818 3907 1895 3962 ad
1918 3921 2432 3978 nos,conquerens
2449 3904 2595 3961 nihil
2612 3921 2672 3959 se
2690 3920 2965 3976 unquam
2976 3903 3155 3973 digne
3174 3901 3481 3958 laborasse

1815 3997 1875 4052 in
1902 4000 2094 4052 vestro
2120 3995 2359 4051 servitio
2381 3999 2484 4051 aut
2502 3994 2683 4051 vestri
2703 3998 3179 4063 antecessorum,
3197 3996 3377 4065 atque
3395 3991 3483 4048 id-

1819 4088 1973 4141 ('lt‘CO
1999 4085 2141 4140 dicit
2166 4102 2229 4141 se
2261 4084 2459 4141 adhuc
2488 4099 2687 4140 carere
2716 4082 3029 4139 beneficio.
3054 4084 3291 4145 Fatetur
3312 4097 3485 4139 nam-

1819 4189 1936 4247 que
1962 4175 2240 4230 libentius
2263 4190 2325 4228 se
2345 4173 2516 4228 vobis
2540 4172 2686 4228 velle
2716 4172 3052 4228 ministrare
3068 4186 3257 4242 quam
3279 4169 3483 4242 aliquo

1822 4264 2051 4320 homini
2073 4263 2208 4328 alio,
2234 4264 2277 4318 si
2310 4262 2359 4317 ei
2383 4262 2475 4316 vel
2496 4261 2764 4331 aliquam
2790 4259 3093 4315 modicam
3114 4256 3346 4313 faciatis
3367 4257 3482 4312 mi-

1821 4352 2228 4409 sericordiam.
2253 4350 2357 4408 Cui
2376 4350 2634 4423 petimus
2656 4353 2719 4403 ut
2745 4347 2974 4420 aliquid
2998 4346 3203 4407 auxilii
3229 4345 3480 4415 faciatis,

1821 4443 1904 4497 vel
1928 4444 1987 4497 in
2007 4439 2299 4495 beneficio
2316 4443 2418 4493 aut
2432 4437 2493 4493 in
2511 4437 2714 4508 aliquo
2730 4436 2970 4506 negotio
2986 4434 3099 4490 sibi
3119 4434 3476 4493 necessario.

1820 4532 1991 4596 Quod
2014 4531 2063 4584 si
2084 4544 2205 4584 non
2230 4527 2427 4595 vultis,
2451 4541 2770 4582 monemus
2800 4530 2979 4596 atque
3008 4539 3295 4594 rogamus
3325 4526 3390 4579 ut
3414 4520 3481 4578 ll-

1816 4621 1941 4675 lum
2002 4635 2141 4674 cum
2199 4618 2459 4687 gratiosa
2530 4614 2769 4671 licentia
2834 4618 3031 4669 vestra
3108 4612 3295 4668 alium
3367 4612 3479 4668 sibi

1815 4709 2132 4766 dominum
2163 4706 2512 4779 conquirere
2542 4703 2921 4778 permittatis.

2587 4796 2699 4848 Vll.

1814 4888 1911 4943 Ad
1936 4888 2014 4942 Η.
2056 4888 2322 4943 Remittit
2352 4888 2405 4942 ei
2435 4885 2752 4957 quemdam
2778 4884 3058 4957 fratrem,
3092 4888 3146 4939 et
3194 4887 3260 4937 ut
3296 4883 3479 4950 hujus

2006 4959 2351 5027 diligentem
2384 4954 2593 5013 curam
2625 4956 2860 5023 habeat,
2892 4954 3277 5010 adhortatur.

1887 5048 1977 5118 H.,
2012 5048 2173 5104 fama
2217 5047 2392 5102 totius
2436 5045 2719 5102 bonitatis
2762 5044 2987 5117 ubique
3036 5043 3382 5113 diffamatm,
3415 5045 3476 5100 E.

1812 5137 2139 5209 fratresque
2166 5137 2277 5191 sibi
2309 5135 2583 5207 subjecti,
2618 5134 2873 5191 salutem
2896 5133 2960 5188 in
2991 5133 3238 5190 Christo.

1884 5212 2143 5283 Fratrem
2163 5243 2348 5299 quem
2368 5226 2544 5282 nobis
2570 5224 2973 5294 commisistis,
2992 5223 3266 5279 misimus
3282 5223 3481 5294 vobis,

1809 5333 1931 5373 non
1963 5316 2132 5389 quod
2163 5332 2272 5371 nos
2305 5315 2518 5371 taedeat
2547 5331 2658 5387 pro
2694 5315 2794 5370 illo
2822 5314 3050 5384 labore,
3072 5312 3167 5368 vel
3203 5330 3339 5386 quas
3369 5313 3482 5369 sibi

1810 5411 1950 5461 sunt
1970 5404 2324 5471 necessaria,
2345 5405 2403 5458 in
2422 5408 2719 5475 quantum
2743 5402 3101 5470 sufﬁcimus,
3123 5402 3479 5460 ministrare.

1808 5498 1938 5550 Jam
1963 5497 2123 5550 enim
2147 5493 2443 5548 habemus
2464 5491 2787 5562 probatum
2804 5490 2969 5561 quod
2992 5490 3298 5547 studiosus
3321 5496 3410 5547 est
3428 5495 3486 5547 et

1807 5601 2001 5657 capax
2032 5585 2111 5639 ad
2156 5581 2529 5638 discendum.
2568 5579 2791 5635 Idcirco
2837 5579 3167 5635 suademus
3208 5585 3275 5637 ut
3324 5580 3481 5636 circa

1805 5688 1945 5726 eum
1976 5672 2057 5728 ita
2082 5672 2332 5727 ﬁdeliter
2362 5668 2684 5742 peragatis,
2710 5668 2861 5724 sicut
2888 5668 3055 5724 illum
3082 5669 3145 5724 in
3174 5669 3357 5724 ﬁdem
3385 5683 3481 5746 ve_

1802 5766 1985 5819 stram
2024 5760 2387 5833 suscepistis,
2417 5772 2492 5812 ne
2539 5761 2731 5814 vester
2753 5757 2948 5829 labor,
2973 5758 3098 5814 imo
3146 5760 3202 5813 et
3246 5759 3452 5812 noster
