3836 6432
373 278 503 333 1311

1239 280 1634 336 EBERHARDI
1660 278 1954 353 ABBATIS
1982 278 2495 337 TEGERNSENSIS
2526 280 2895 337 EPISTOLE.
3691 277 3805 329 13ίέ

369 404 761 457 consumatur
788 402 1081 471 inutiliter,
1128 408 1228 459 aut
1266 420 1401 476 spes
1450 418 1658 459 eorum
1706 402 1811 474 qui
1853 402 2019 458 illum
2047 408 2091 458 A
2122 408 2239 459 tate
2268 404 2613 477 conspicuo,
2647 408 2825 477 atque
2862 403 3089 459 cunctis
3117 399 3556 459 dilectissimis
3592 397 3809 454 confra-

369 487 679 555 miserunt,
713 495 991 546 cassetur.
1024 490 1079 546 Si
1120 495 1322 545 vestrae
1349 489 1671 545 voluntatis
1704 489 1929 561 aliquid
1962 489 2021 544 in

370 591 443 632 eo
470 592 795 648 possumus
820 577 1085 648 implere,
1118 578 1314 633 adhuc
1345 594 1455 650 pro
1481 594 1552 634 eo
1586 578 2025 648 infatigabiliter

369 664 758 736 libenterque,
787 670 851 721 ut
871 666 1182 739 coepimus,
1212 667 1579 724 laboramus.
1615 668 1741 724 Alia
1790 667 2025 723 servitia

371 767 493 824 prae
515 752 795 807 manibus
833 770 955 809 non
983 755 1279 812 habemus
1307 776 1319 824 ;
1352 757 1628 829 quamvis
1666 756 1915 827 indigni,
1943 761 2027 812 ta-

370 855 511 896 men
538 842 892 899 memoriam
922 844 1097 899 vestri
1143 845 1394 901 facimus
1440 846 1658 917 jugiter
1698 846 1758 901 in
1805 845 2024 901 nostris

372 927 762 985 orationibus.
797 931 989 987 Valete
1019 932 1079 988 in
1112 933 1356 989 Christo.

1127 1026 1260 1079 Vlll.

371 1105 491 1181 ΑιίΔ
513 1106 937 1181 Engelbertum
980 1111 1052 1181 (l)
1100 1126 1188 1180 ep.
1235 1113 1692 1181 Frisz‘ngensem,
1742 1112 1813 1167 de
1860 1112 2023 1167 obitu

449 1176 680 1245 Οερενιὶ
704 1176 999 1251 monachi,
1030 1176 1199 1251 quem
1224 1176 1496 1251 prec-ibas
1517 1176 1732 1252 juvari
1756 1188 1949 1252 rogat.

450 1264 673 1319 Seniori
697 1271 900 1322 nostro
938 1268 1177 1325 antistiti
1210 1273 1293 1338 E.,
1324 1271 1617 1343 quidquid
1660 1270 1871 1326 dilecto
1913 1270 2021 1326 do-

377 1350 540 1406 mino
565 1351 858 1410 subditus.

450 1442 644 1495 Frater
687 1446 886 1497 noster
930 1446 1019 1513 0.,
1049 1446 1359 1518 presbyter
1404 1452 1460 1503 et
1501 1448 1836 1503 monachus
1881 1448 2025 1503 obiit

374 1542 478 1582 vui
507 1528 590 1583 Id.
623 1529 836 1601 Aprilis
862 1548 875 1585 :
908 1549 1018 1604 pro
1047 1534 1217 1604 cujus
1236 1536 1439 1607 requie
1464 1552 1668 1607 preces
1689 1552 1794 1607 per
1820 1541 2025 1592 sancta

375 1615 509 1672 loca
536 1617 822 1691 episc0pii
866 1621 1043 1677 vestri
1089 1623 1384 1695 praecipite
1428 1624 1640 1689 facere,
1674 1630 1735 1678 ut
1782 1625 2024 1680 conﬁdi-

377 1721 514 1760 mus
538 1710 751 1762 vestrae
781 1707 999 1780 pietati.

1155 1805 1237 1856 ΙΧ.

380 1901 478 1954 Ad
503 1902 834 1982 ,[ξιέίξιὴατη,
870 1906 1162 1982 illastrem
1206 1910 1515 1982 feminam,
1547 1927 1721 1980 quam
1751 1918 1920 1982 rogat
1959 1919 2022 1966 ut

452 1972 695 2098 afﬂictis
726 1976 1057 2032 valetudini
1081 1972 1215 2033 sua!
1240 1972 1589 2036 medicinam
1620 1972 1927 2039 eousulvere
1954 1998 2026 2036 ne

452 2057 634 2098 orave
664 2060 756 2098 ur.

451 2057 756 2109 gravetur.

455 2132 698 2186 Domnte
728 2132 924 2202 dignae
953 2136 1250 2209 totiusque
1278 2142 1615 2195 reverentia;
1653 2158 1789 2197 cum
1820 2142 2029 2197 sancti-

381 2220 498 2273 tate
532 2218 959 2290 amplectendae
995 2227 1256 2292 .lrmrum,
1292 2230 1653 2285 Eaenumnrs
1681 2231 2026 2286 ﬁdelissima

384 2322 524 2361 cum
552 2308 834 2363 orationis
860 2311 1172 2368 devotione
1204 2316 1494 2372 servitutis
1522 2321 1847 2375 notamina.

456 2396 668 2450 Vestrae
699 2397 929 2467 pietatis
959 2402 1210 2468 gratiam
1241 2420 1388 2458 sano
1425 2410 1479 2461 et
1506 2407 1735 2477 integro
1778 2425 1873 2464 me
1920 2410 2026 2464 ha-

386 2482 524 2537 bere
563 2483 848 2554 profectu,
891 2487 1123 2544 dulcius
1173 2492 1365 2558 melle,
1414 2495 1713 2568 satiusque
1760 2496 1908 2552 lacte
1958 2513 2026 2552 os

386 2586 591 2639 meum,
634 2572 1001 2642 jucundatur
1066 2585 1262 2645 gustu.
1321 2583 1454 2652 Spei
1520 2585 1635 2639 mei
1701 2587 2027 2641 anchoram

386 2658 661 2729 specitico
686 2662 857 2732 quasi
901 2665 1230 2720 munimine
1255 2668 1315 2722 in
1349 2686 1454 2724 vos
1502 2687 1639 2726 cum
1686 2673 2025 2738 extendam,

384 2747 555 2818 quasi
603 2763 794 2804 essem
842 2750 901 2805 in
951 2752 1050 2807 illo
1103 2754 1444 2813 ﬁrmissimo
1486 2764 1542 2814 et
1598 2760 2028 2829 inextinguibili

384 2834 725 2906 Babyloniae
756 2839 920 2904 turri,
951 2856 987 2896 a
1015 2842 1305 2915 cujusque
1334 2845 1742 2918 impugnantis
1788 2849 2029 2904 incursu

383 2919 481 2978 mé
534 2924 712 2980 credo
771 2928 1082 2984 tuendum.
1145 2932 1589 2990 lnﬁrmitatibus
1661 2938 2027 3009 periculosis,

385 3010 529 3081 quia
557 3028 792 3089 semper
841 3018 1163 3074 conturbor
1193 3024 1477 3093 corporis,
1510 3024 1772 3096 aliquam
1824 3027 1901 3080 ad
1950 3042 2033 3079 re—

386 3185 503 3241 fole
541 3188 902 3246 nutrimento
945 3210 1082 3248 cum
1123 3195 1253 3250 aliis
1298 3198 1634 3269 pigmentis,
1669 3218 1909 3256 necesse
1958 3204 2034 3257 ad

383 3275 499 3329 hoc
524 3275 839 3348 habendis,
867 3295 1095 3350 precor,
1128 3285 1501 3342 mittendam.
1548 3290 1805 3353 Qualiter
1834 3296 2033 3346 autem

387 3363 520 3434 ipsa
549 3364 712 3434 potio
739 3368 977 3427 qualive
1023 3373 1296 3427 cautione
1336 3375 1407 3428 sit
1450 3376 1817 3448 accipienda,
1850 3384 1905 3434 et
1941 3380 2033 3434 vel

390 3450 661 3520 sursum,’
684 3454 775 3509 vel
818 3456 1098 3514 deorsum
1148 3462 1219 3516 sit
1265 3466 1610 3531 eructanda,
1647 3466 1850 3522 litteris
1894 3470 2034 3524 assi-

390 3544 565 3608 gnate
602 3561 614 3608 ;
661 3548 717 3598 et
757 3545 803 3599 si
842 3547 1074 3604 sanitati
1114 3552 1403 3617 restituor,
1444 3554 1618 3609 veluti
1659 3558 1935 3629 proprius
1974 3559 2033 3612 in

387 3630 778 3701 postmodum
821 3641 1031 3707 vester,
1072 3639 1294 3709 scitote,
1333 3642 1476 3713 quia
1514 3644 1783 3700 existam.
1826 3649 1903 3700 De
1942 3663 2031 3701 re-

388 3715 565 3772 nibus
593 3718 770 3774 etiam
801 3737 988 3777 cervae
1021 3730 1121 3779 aut
1153 3726 1264 3781 tale
1297 3729 1464 3799 quid,
1491 3730 1548 3784 in
1579 3747 1701 3802 quo
1729 3732 2034 3804 pinguedo

389 3806 739 3875 continetur,
768 3811 994 3866 mittere
1023 3812 1368 3882 dignemini.
1392 3818 1535 3888 quia
1560 3835 1807 3876 maceras
1838 3825 2033 3877 carnis

390 3890 607 3947 duritia
630 3893 692 3948 in
721 3895 987 3952 dentium
1018 3916 1290 3957 meorum
1315 3920 1540 3975 morsu,
1562 3910 1735 3963 etiam
1766 3910 2033 3966 tritorum

391 3979 538 4034 nihil
589 3980 752 4037 aliud
799 3991 887 4039 est
929 3988 1043 4042 nisi
1096 3990 1385 4047 molestia.
1438 3996 1771 4063 Quomodo,
1805 3998 1851 4052 si
1906 3999 2031 4055 fieri

392 4068 601 4139 possit,
635 4073 698 4124 ut
755 4078 931 4142 potus
980 4076 1266 4134 confectio
1318 4086 1451 4136 ante
1501 4084 2033 4154 Quadragesimam

392 4155 606 4224 veniat,
638 4158 941 4231 deprecor.
974 4165 1185 4222 Valete.
1972 4164 1979 4170 ’

391 4330 827 4423 Adhlftqonem
858 4340 1144 4423 deponam
1180 4258 1821 4423 gat/uhtwangenscm,
1854 4367 1892 4423 a
1921 4368 2034 4423 quo

2128 491 2318 547 tribus
2344 495 2403 548 E.
2436 494 2590 566 proh
2619 493 2851 566 pudor!
2882 492 2946 549 in
2974 492 3203 549 cunctis
3235 490 3648 556 exorbitans,
3679 487 3810 543 inse»

2128 579 2375 637 lubilem
2403 581 2634 638 nodum
2657 582 3023 639 intemerata:
3053 580 3418 638 dilectionis.

2202 724 2350 789 Quia
2394 724 2870 797 unumquodque
2917 724 3096 795 igitur
3138 722 3471 792 negotium
3519 723 3594 775 in
3637 718 3809 790 seipse

2128 812 2441 884 imbecille,
2485 813 2712 883 indiget
2765 812 3004 869 alterius
3060 810 3550 878 sustentamine,
3610 807 3809 863 idcirco

2128 905 2337 956 vestrae
2364 900 2544 957 solitae
2568 901 2802 975 pietatis
2827 900 2996 957 haud
3018 900 3267 970 ignarus
3296 913 3542 972 precor
3573 896 3811 952 subnixe

2130 993 2195 1044 ut
2222 989 2530 1046 salaminis
2551 989 2964 1058 recordemini,
2989 989 3156 1057 mihi,
3170 988 3575 1062 priusquam
3598 1001 3641 1041 a
3666 987 3812 1040 νοω

2128 1078 2525 1145 recessissem,
2580 1078 2879 1151 promissi,
2934 1077 3100 1150 quod
3166 1076 3385 1143 modo,
3446 1079 3531 1130 ut
3584 1073 3812 1146 implere

2129 1165 2476 1235 dignemini,
2508 1166 2803 1222 submisse
2843 1165 3101 1238 postulo.
3135 1164 3514 1221 Admodum
3559 1178 3809 1233 namque

2130 1269 2463 1325 expavesco
2492 1254 2639 1310 dum
2670 1271 2910 1311 mecum
2937 1253 3178 1310 revolvo
3207 1252 3365 1326 quid
3404 1251 3699 1307 debeam
3728 1266 3811 1322 pre

2128 1348 2269 1398 voto
2315 1343 2481 1415 quod
2526 1343 2587 1398 in
2644 1343 2872 1399 cunctis
2924 1358 3022 1398 me
3083 1357 3325 1398 servare
3385 1341 3541 1411 jam
3599 1339 3811 1394 dudum

2132 1431 2451 1503 spopondi,
2481 1432 2762 1504 quamvis
2793 1436 3015 1500 coacte,
3049 1447 3124 1487 ne
3154 1430 3361 1487 mollis
3393 1434 3463 1486 et
3494 1427 3812 1484 dissolutus

2130 1519 2190 1575 in
2231 1524 2392 1576 tanto
2433 1536 2612 1593 opere
2660 1521 2924 1592 habitus,
2952 1520 3224 1577 divinam
3269 1517 3708 1592 aliquomodo
3753 1518 3815 1572 in~

2131 1625 2365 1664 curram
2391 1609 2703 1666 offensam.
2751 1613 2992 1682 Propter
3029 1610 3146 1664 hoc
3173 1608 3342 1664 enim
3395 1623 3589 1663 nunc
3617 1605 3813 1661 sudan-

2130 1697 2278 1753 dum
2324 1699 2474 1755 foret
2528 1699 2605 1754 ad
2650 1699 3016 1772 placandam
3065 1698 3345 1754 divinam
3390 1697 3810 1753 clementiam.

2131 1788 2293 1859 quia,
2325 1804 2460 1860 quae
2490 1788 2785 1844 inhianter
2830 1792 2887 1845 et
2920 1788 3216 1844 indefesse
3252 1803 3494 1857 rogare
3528 1786 3743 1851 debui,
3772 1794 3811 1838 ut

2134 1878 2336 1941 nostis,
2388 1894 2525 1932 cum
2578 1877 2865 1945 maxima,
2915 1878 3071 1933 eheu
3112 1878 3125 1932 Ξ
3178 1876 3713 1932 recrastinatione
3763 1892 3809 1928 ac

2132 1965 2598 2022 recalcitratione
2624 1966 2892 2022 refutavi.
2924 1969 3307 2039 Quapropter
3346 1964 3549 2021 vestri
3577 1964 3810 2020 fulcimi-

2133 2055 2224 2109 nis
2254 2059 2431 2126 atque
2460 2055 2765 2124 oraminis,
2798 2071 2907 2110 nec
2937 2070 3060 2111 non
3090 2054 3381 2122 aliorum,
3420 2069 3621 2126 aeque
3653 2056 3812 2109 Deum

2136 2143 2466 2198 timentium
2498 2143 2638 2198 satis
2661 2142 2920 2213 indigeo,
2944 2160 3020 2199 ne
3047 2143 3194 2198 mihi
3223 2158 3356 2199 non
3387 2142 3661 2199 eveniat
3678 2143 3813 2214 quosi

2135 2246 2305 2285 sacra
2347 2232 2638 2303 scriptura
2683 2231 2992 2288 clamitat:
3048 2231 3199 2297 Quia
3249 2246 3368 2287 nec
3426 2229 3687 2287 calidus
3729 2245 3809 2283 nec

2135 2317 2383 2386 frigidus
2421 2319 2679 2389 haberis,
2712 2319 2816 2375 sed
2864 2319 3101 2392 tepidus
3144 2317 3571 2375 solummodo
3622 2317 3809 2388 dijudi-

2137 2407 2311 2472 caris,
2338 2407 2560 2462 idcirco
2590 2408 2664 2463 de
2695 2424 2796 2463 ore
2824 2423 2961 2464 meo
2993 2407 3317 2464 evomeris.
3352 2406 3606 2463 Valete.

2923 2553 3006 2605 XI.

2138 2690 2235 2743 Ad
2287 2691 2637 2745 Heinricum
2692 2706 2908 2760 regem.
2963 2691 3261 2759 Implorat
3320 2692 3469 2759 ejus
3534 2690 3809 2746 auxilium

2208 2766 2417 2816 contra
2432 2763 2715 2830 quosdam
2738 2764 2841 2832 qui
2865 2768 3092 2817 certum
3110 2761 3193 2817 ad
3221 2762 3439 2817 lacum
3467 2763 3811 2832 Tegernsen.

2209 2846 2324 2886 sem
2360 2833 2549 2887 locum
2575 2833 2689 2886 sibi
2715 2834 2961 2901 auferre
2987 2833 3350 2887 moliuntur.

2212 2959 2278 3008 tl.
2306 2957 2487 3024 regali
2519 2956 2669 3011 solio
2698 2957 3075 3027 dignissimo,
3109 2959 3197 3023 E.,
3230 2957 3695 3026 Tegernsensis
3723 2973 3811 3011 me

2092 3090 2104 3105 ,
2144 3044 2386 3099 nasterii
2412 3044 2623 3109 abbas,
2659 3052 2854 3101 vestra
2885 3045 3077 3114 gratia
3106 3044 3523 3115 subrogatus,
3546 3045 3809 3119 quidqu

386 3096 653 3154 medium
682 3102 939 3172 potionis
962 3108 1816 3184 confectionem,adjunctoque
1847 3113 2034 3168 corio-
2067 3096 2105 3140 ίλ

2145 3134 2349 3186 servus
2379 3133 2439 3187 in
2470 3132 2698 3203 regales
2730 3124 3331 3189 amministrationes.

2214 3258 2359 3310 Cum
2402 3255 2669 3331 undique
2708 3256 3091 3313 inimicorum
3137 3257 3522 3327 stringimur
3573 3273 3809 3330 persecu-

2145 3343 2420 3406 tionibus,
2453 3342 2685 3399 nullum
2710 3345 2770 3400 in
2801 3345 2893 3400 his
2923 3344 3236 3414 omnibus,
3270 3350 3427 3416 post
3482 3347 3708 3414 Deum,
3734 3345 3811 3399 nis.

2142 3431 2218 3487 ad
2264 3448 2370 3485 vos
2415 3432 2744 3502 sufugium
2788 3447 3122 3506 speramus.
3160 3433 3397 3489 Idcirco
3451 3433 3810 3490 laboramus,

2141 3526 2198 3575 et
2242 3521 2302 3575 in
2346 3520 2625 3576 omnibus
2669 3521 3003 3591 deficimus,
3053 3522 3200 3595 quia
3253 3538 3389 3577 non
3443 3523 3759 3579 habemus
3796 3538 3812 3574 ἀ

2141 3608 2360 3679 quibus
2408 3608 2657 3667 fideliter
2698 3627 2791 3665 res
2832 3610 3103 3666 Ecclesiae
3144 3609 3447 3666 defensas
3492 3611 3811 3667 videamus.

2144 3699 2186 3752 Ο
2235 3714 2421 3768 quam
2471 3716 2692 3770 magna
2739 3698 2953 3768 regalis
3002 3699 3313 3771 potentia!
3355 3699 3524 3757 Dicit
3568 3706 3807 3756 tantum-

2144 3784 2283 3849 Fiat,
2316 3790 2372 3840 et
2400 3793 2755 3859 perpetuum
2785 3791 2890 3843 est.
2925 3789 3061 3844 Ilth
3106 3791 3310 3843 vestra
3352 3787 3457 3843 vis
3513 3789 3808 3863 imperiali;

2143 3873 2503 3928 auctoritatis
2556 3876 2631 3931 ad
2680 3892 2811 3945 nos,
2862 3890 3204 3947 precamur,
3251 3891 3470 3949 usque
3521 3879 3807 3950 pertingat

2146 3963 2244 4016 Est
2290 3961 2457 4017 locus
2507 3980 2685 4036 super
2727 3964 2889 4019 littus
2920 3964 3356 4033 Tegernsensis
3407 3968 3643 4037 stagni
3689 3968 3809 4022 situs.

2142 4067 2322 4123 quem
2367 4055 2568 4125 Poppo
2616 4059 2673 4109 et
2715 4054 3047 4122 Piligrimus
3096 4053 3279 4109 frater
3332 4055 3514 4126 ejus,
3550 4058 3811 4129 simulqut

2143 4146 2333 4196 mater
2372 4141 2608 4198 illorum
2649 4143 2991 4199 abstrahere
3039 4143 3261 4214 injuste
3308 4162 3350 4200 a
3383 4145 3606 4205 domo
3654 4148 3743 4203 Dei
3778 4148 3809 4199 i2

2144 4245 2284 4310 suos
2334 4246 2479 4284 usus
2526 4231 2929 4287 haereditarios
2982 4232 3274 4288 nituntur.
3337 4235 3477 4291 Sed
3532 4250 3811 4310 precamu

2144 4305 2210 4373 ut
2260 4324 2460 4374 vestro
2514 4320 2803 4392 imperiali
2858 4321 3035 4391 jussu
3102 4321 3223 4376 hoc
3295 4322 3725 4391 interdicatis,
3770 4342 3809 4377 nr

462 4403 751 4489 su/I‘ragio
778 4403 1418 4489 orationumhaliisque
1447 4403 2026 4489 maritatae/licitis,
2063 4428 2104 4480 D
2145 4406 2305 4461 falSiS
2362 4413 2465 4463 δυῖ
2519 4425 2651 4464 001T
2656 4410 2809 4482 “Pus
2866 4412 3125 4482 Ρθοιωίθο
3172 4410 3528 4481 judiCibUS
3586 4433 3625 4472 τι
3678 4416 3809 4471 dom"?

462 4488 593 4542 qum
620 4477 863 4534 abeunti
887 4482 999 4536 sibi
1025 4477 1365 4556 addixerat,
1390 4490 1602 4557 juvarz'
1624 4477 1909 4558 postulat.

464 4563 694 4619 Domno
719 4572 776 4620 et
802 4571 1122 4626 venerabili
1156 4575 1216 4626 W
1240 4590 1365 4629 com
1390 4576 1639 4647 decano,
1662 4580 1827 4635 omni
1865 4580 2032 4638 boni-

2142 4495 2243 4549 Dei
2294 4496 2675 4553 abstrahatur
2733 4498 3090 4571 priusquam
3139 4499 3202 4554 in
3252 4506 3628 4573 praesentia
3681 4508 3810 4559 vestr:

2141 4583 2220 4653 dij
2230 4583 2515 4640 udicetur.

467 4742 540 4810 (1)
570 4745 653 4797 lta
682 4743 926 4814 quidem
953 4721 1225 4817 conjicio,
1259 4752 1486 4806 tametsi
1520 4753 1722 4809 Catall.
1751 4772 1886 4827 epp.
1921 4758 2058 4813 Fris.
2090 4763 2147 4813 et
2172 4758 2311 4814 abb.
2339 4762 2612 4829 Tegerns.
2647 4764 2812 4835 apud
2839 4763 3030 4819 Hund.
3069 4779 3202 4819 non
3236 4767 3406 4823 satis
3440 4775 3740 4829 annuam.
