3944 6400
98 381 3523 413 ———————————————-——_———

1471 597 1606 634 ANTE
1648 595 1852 634 MEDIUM

1895 596 2156 634 Sr‘l-ZCULl'M
2167 623 2178 634 .

1227 765 2422 913 PEBINGERUS

1415 1006 1646 1060 ABBAS
1688 1007 2225 1062 TEGERNSENSIS.

974 1372 1784 1492 PEBINGERI
1883 1371 2650 1490 EPISTOLﬁ.

302 1600 523 1668 (Edidit
555 1603 616 1655 Β.
651 1603 708 1655 Ρ.
745 1599 1082 1656 Beruardus
1115 1603 1328 1663 Puzuzs,
1361 1602 1697 1657 Thesaurus
1728 1601 2013 1656 Anecdot.
2049 1617 2181 1655 nov.
2219 1604 2279 1669 V,
2314 1619 2348 1666 ι,
2387 1606 2505 1672 Hi,
2538 1619 2607 1656 ex
2649 1602 2853 1657 codice
2885 1603 3318 1674 Tegernsensi.)

1604 1747 1876 1760 w-

909 1910 948 1964 Ι.

91 2017 195 2073 Ad
219 2018 560 2072 Diemonem
592 2019 856 2072 comitem
889 2035 900 2070 :
947 2034 1006 2072 se
1031 2024 1314 2086 paratum
1349 2033 1468 2071 esse
1496 2016 1576 2070 ad
1620 2015 1759 2068 reci-

161 2089 453 2158 piendum
489 2089 860 2154 Wezitinum,
898 2090 1066 2144 modo
1095 2089 1388 2160 quaedam,
1422 2088 1534 2142 sibi
1562 2102 1759 2141 recens

166 2160 400 2227 abluta,
429 2162 726 2215 restituat.

168 2269 402 2320 Domno
440 2267 504 2319 D.
539 2264 738 2320 comiti
787 2265 1153 2325 venerando,
1209 2266 1268 2317 P.
1307 2263 1502 2319 Sancti
1536 2262 1759 2328 Quirini

92 2372 327 2422 servus,
360 2355 676 2427 czeterique
715 2355 927 2410 fratres
975 2355 1259 2410 devotum
1313 2355 1640 2422 servitium,
1676 2369 1759 2406 sc-

90 2443 426 2515 dulamque
457 2443 788 2499 orationem
820 2442 879 2497 in
912 2442 1159 2499 Christo.

169 2536 236 2589 Ut
263 2532 440 2588 nobis
468 2532 822 2604 promisistis
866 2532 940 2587 de
985 2532 1181 2587 amico
1227 2537 1429 2586 nostro
1463 2531 1758 2595 Wezilino,

89 2621 286 2695 parati
317 2638 530 2677 sumus
558 2621 861 2693 suscipere
893 2621 972 2676 ad
1019 2620 1285 2689 Egilinga
1314 2625 1532 2675 statuto
1561 2620 1676 2684 die,
1702 2619 1760 2674 id

90 2717 184 2766 est
222 2715 392 2766 sexta
423 2710 586 2776 feria,
617 2727 752 2783 quae
797 2725 956 2764 nunc
999 2715 1085 2764 est
1127 2709 1420 2780 proxima.
1457 2708 1626 2773 Quod
1666 2707 1760 2762 ille

91 2800 236 2857 dicit
262 2801 418 2855 duos
445 2815 634 2872 equos
665 2799 776 2854 sibi
808 2799 1071 2854 redditos
1099 2815 1230 2853 esse
1261 2815 1370 2870 pro
1401 2815 1508 2853 suo
1543 2814 1683 2865 uno,
1707 2803 1763 2852 et

92 2890 207 2946 hoc
250 2905 363 2945 nos
416 2888 792 2952 conﬁtemur,
848 2887 951 2942 sed
1006 2893 1253 2958 uterque
1302 2892 1422 2941 tam
1469 2886 1762 2958 pretiosus

94 2984 219 3035 erat
248 2984 313 3034 ut
356 2995 521 3032 suus.
558 2977 670 3033 Sed
702 2977 776 3031 de
827 2977 936 3031 illis
986 2954 1270 3040 tacemiis,
1305 2975 1552 3047 aliisque
1583 2975 1762 3030 rebus

96 3083 278 3140 supra
303 3066 558 3122 modum
589 3070 645 3120 et
673 3065 1154 3120 irrationabiliter
1182 3064 1317 3118 hinc
1346 3065 1482 3119 inde
1513 3063 1760 3120 distrac-

95 3157 166 3212 tis
216 3155 278 3210 in
333 3152 616 3219 denariis,
649 3153 709 3208 in
759 3154 1046 3219 vestibus,
1080 3153 1136 3207 in
1179 3153 1378 3207 bubus
1426 3158 1482 3207 et
1525 3152 1760 3220 ovibus,

1799 1913 1844 1962 Α
1874 1909 1998 1964 dire
2027 1906 2329 1976 dignatur,
2356 1918 2545 1974 usque
2573 1902 2720 1957 dum
2752 1902 3031 1957 audimus
3055 1902 3220 1974 quod
3250 1919 3389 1958 cum
3421 1917 3526 1974 pa-

1870 2013 1934 2052 ce
1961 1992 2320 2050 revertimini
2352 1991 2426 2046 ad
2460 1990 2722 2062 propria.

2649 2097 2740 2152 IIl.

1869 2193 1968 2247 Ad
1994 2192 2067 2246 A.
2102 2188 2708 2257 archipresbytermn.
2744 2188 2932 2256 Rogat
2967 2193 3028 2241 ut
3064 2189 3421 2257 Tagininum
3452 2189 3531 2244 ad

1979 2261 2374 2318 restituendas
2406 2259 2664 2313 decimas
2695 2259 2775 2313 ad
2807 2259 3169 2313 Esinhusum
3203 2259 3431 2328 adigat.

1945 2365 2025 2428 P.,
2058 2359 2296 2414 abbatis
2344 2356 2586 2411 nomine
2634 2355 2937 2424 indignus,
2979 2355 3206 2411 domno
3239 2359 3305 2412 A.
3339 2357 3531 2412 archi-

1870 2450 2242 2522 presbytero,
2273 2445 2568 2518 quidquid
2601 2450 2688 2499 est
2711 2444 3015 2499 charitatis
3047 2444 3103 2499 in
3139 2446 3386 2501 Christo.

1945 2541 2108 2609 Saepe
2139 2537 2365 2591 dictum
2413 2539 2500 2588 est
2552 2533 2721 2588 vobis
2773 2533 2848 2587 de
2896 2533 3291 2589 decimatione
3342 2532 3530 2588 nostri

1870 2624 2218 2681 monasterii
2267 2623 2344 2679 ad
2397 2623 2779 2692 Ezinhusum,
2811 2638 2996 2693 quam
3026 2623 3347 2690 Tagininus
3401 2620 3530 2676 tulit

1870 2715 2044 2770 nobis
2078 2731 2183 2786 per
2215 2713 2368 2767 duos
2399 2727 2610 2766 annos.
2649 2715 2757 2765 Isto
2789 2726 2950 2766 anno
2980 2710 3301 2780 abnegavit
3339 2727 3403 2767 se
3434 2726 3530 2766 co-

1869 2821 1998 2859 ram
2047 2803 2221 2858 nobis
2265 2807 2588 2871 nostroque
2637 2799 2950 2868 advocato,
2984 2804 3046 2854 ut
3074 2799 3356 2872 deinceps
3393 2815 3530 2854 eam

1872 2892 1984 2947 sibi
2030 2908 2152 2946 non
2205 2893 2536 2960 usurparet.
2573 2887 2686 2943 Sed
2718 2887 2916 2942 fefellit
2944 2903 3075 2952 nos,
3109 2892 3164 2943 et
3193 2887 3375 2944 habet
3399 2889 3530 2958 jam

1870 2998 2030 3037 nunc
2063 2979 2298 3035 tertium
2329 2993 2560 3033 annum
2603 2976 2888 3031 ablatam.
2923 2976 3213 3041 Quocirca
3243 2992 3532 3046 rogamus

1871 3072 2152 3144 pietatem
2184 3074 2437 3124 vestram
2486 3073 2551 3121 ut
2580 3067 2692 3121 hoc
2723 3066 3050 3135 corrigatis,
3083 3066 3236 3122 sicut
3263 3066 3424 3122 scitis
3453 3065 3535 3121 illi

1872 3166 2080 3216 contra
2113 3163 2298 3215 Deum
2330 3173 2463 3212 esse
2507 3155 2930 3221 necessarium,
2963 3155 3263 3227 nobisque
3292 3155 3432 3212 utile
3459 3155 3537 3210 ad

97 3246 406 3318 multoque
439 3259 628 3315 grano
656 3260 794 3298 cum
825 3243 1166 3312 multigenis
1195 3242 1462 3297 victimis.
1487 3242 1635 3297 Nihil
1661 3243 1762 3297 hO-
1803 3260 1841 3312 Β
1870 3249 2268 3305 ministerium
2297 3261 2655 3320 pauperuln,
2689 3244 2906 3300 Valete,

97 3353 229 3392 rum
261 3333 614 3406 repetimus,
645 3333 748 3387 sed
778 3332 1076 3387 damnum
1105 3331 1488 3396 sustinemus,
1515 3336 1571 3386 et
1598 3348 1768 3402 roga-

98 3441 231 3484 mus
260 3439 370 3478 vos
402 3437 515 3495 pro
567 3436 772 3476 amore
830 3420 928 3475 Dei
969 3424 1024 3475 et
1055 3425 1243 3475 sancti
1277 3419 1501 3485 Quirini
1534 3425 1596 3475 ut
1640 3421 1764 3475 haec

98 3513 300 3567 omnia
356 3511 614 3568 tractetis
669 3509 1004 3564 secundum
1055 3515 1318 3564 vestram
1373 3508 1763 3578 nobilitatem,

98 3606 486 3672 nostramque
518 3599 951 3666 necessitatem,
979 3602 1035 3652 et
1076 3597 1340 3668 jubeatis
1389 3596 1565 3652 nobis
1598 3597 1767 3652 reddi

99 3690 243 3746 alios
268 3705 480 3762 equos,
499 3705 653 3760 quos
685 3703 869 3760 supra
891 3686 1019 3742 illos
1047 3686 1201 3740 duos
1228 3686 1365 3740 hinc
1396 3685 1579 3740 habet
1604 3685 1769 3741 abla-

97 3784 208 3836 tos.
246 3783 494 3852 Insuper
537 3777 737 3843 etiam,
787 3781 1113 3848 postquam
1157 3775 1250 3830 ille
1292 3775 1430 3829 hinc
1475 3774 1762 3842 discessit,

99 3875 235 3926 sunt
263 3868 482 3925 nostris
514 3866 756 3922 famulis
801 3872 916 3922 tres
951 3864 1089 3938 equi
1120 3864 1276 3920 furto
1308 3863 1546 3934 sublati,
1578 3881 1766 3936 quam

99 3958 504 4032 suspicionem
536 3955 762 4012 habent
804 3955 862 4010 in
910 3953 1076 4009 illum
1116 3958 1172 4009 et
1221 3953 1540 4009 Pezilinum
1585 3970 1765 4009 suum

98 4048 447 4105 consocium
476 4045 728 4119 quidam
773 4062 844 4100 ex
871 4044 1108 4112 nostris,
1141 4048 1197 4099 et
1226 4043 1406 4099 etiam
1437 4043 1766 4115 provincia-

96 4138 178 4194 les
226 4137 444 4193 clerici.
487 4137 648 4201 Ouos
696 4151 885 4206 equos
935 4133 1114 4189 etiam
1163 4133 1424 4205 petimus
1479 4136 1544 4187 ut
1589 4132 1765 4187 nobis

97 4225 457 4301 praecipiatis
486 4223 756 4291 reddere,
792 4227 894 4278 aut
932 4221 1116 4291 digno
1163 4221 1391 4292 judicio
1436 4237 1655 4291 negare
1702 4238 1764 4276 se

97 4333 214 4373 non
248 4315 475 4371 habere
504 4312 599 4368 vel
628 4312 849 4369 tollere.

896 4421 962 4476 ΙΙ.

94 4533 195 4588 Ad
234 4533 297 4585 V.
332 4531 718 4599 abbatissam,
750 4529 917 4598 apud
961 4543 1142 4599 quam
1186 4543 1246 4582 se
1289 4531 1558 4599 excusat,
1609 4526 1770 4596 quod

2668 3354 2751 3406 IV.

1913 3446 2010 3501 Ad
2037 3447 2106 3500 R.
2139 3445 2521 3500 abbatissam.
2550 3442 2676 3521 Car
2694 3441 2950 3564 petitum
2985 3441 3205 3495 vitrum
3235 3441 3501 3495 nondum

2571 3525 2772 3564 miseri
2817 3553 2828 3563 .

2571 3525 2795 3565 miserit
2817 3525 2828 3563 Ξ

1947 3609 2027 3671 Ρ.,
2053 3604 2144 3659 sui
2175 3601 2448 3658 vocabuli
2481 3599 2726 3654 minime
2749 3598 2989 3668 dignus,
3013 3597 3332 3654 abbatissa:
3355 3599 3539 3655 Β.ἀο-

1873 3697 2052 3752 minae
2069 3693 2397 3767 perdignae,
2413 3689 2788 3746 sedulitatem
2809 3687 3094 3743 orationis
3112 3687 3533 3744 devotissimaa.

1947 3782 2120 3848 Quod
2138 3781 2309 3837 vobis
2341 3781 2539 3837 adhuc
2568 3795 2692 3835 non
2716 3778 2995 3835 dedimus
3017 3778 3257 3849 vitrum,
3281 3783 3346 3834 ut
3364 3793 3538 3849 roga-

1877 3872 2006 3944 stis,
2033 3887 2156 3927 non
2177 3870 2285 3926 fuit
2304 3870 2482 3942 culpa
2510 3873 2728 3924 nostrae
2759 3867 3109 3936 tenacitatis,
3129 3867 3234 3924 sed
3263 3867 3539 3924 nondum

1875 3962 2120 4035 aliquod
2148 3965 2550 4034 praeparatum
2583 3959 2935 4015 habuimus.
2969 3961 3136 4014 Nunc
3165 3957 3327 4014 enim
3353 3958 3543 4031 quoti-

1875 4050 1969 4106 die
2001 4049 2330 4106 insistimus
2355 4049 2548 4106 eidem
2579 4048 2766 4120 operi,
2789 4052 2844 4104 et
2873 4064 3011 4104 cum
3036 4048 3152 4104 hoc
3175 4047 3540 4120 perﬁcimus,

1877 4141 2076 4198 statim
2124 4146 2259 4214 post
2288 4141 2508 4197 festum
2544 4142 2597 4196 S.
2635 4122 2885 4195 Andreze
2916 4139 3205 4195 mittimus
3235 4139 3410 4194 vobis
3437 4155 3545 4211 per

1877 4231 2120 4286 nuntios
2145 4233 2404 4285 nostros.
2433 4228 2489 4283 Si
2516 4227 2764 4299 aliquod
2793 4227 3160 4297 adjutorium
3192 4225 3364 4281 nobis
3391 4226 3545 4282 face-

1875 4337 1938 4376 re
1970 4319 2142 4375 vultis
2171 4319 2250 4373 ad
2279 4321 2551 4372 nostrum
2597 4316 2820 4371 victum
2868 4315 3150 4372 frumenti
3180 4314 3273 4370 vel
3301 4313 3541 4370 alterius

1877 4408 2067 4478 grani,
2097 4405 2270 4462 valde
2303 4420 2514 4459 sumus
2542 4401 2883 4458 necessarii.
2917 4401 3130 4458 Valete.

2672 4513 2737 4568 V.

162 4605 382 4674 petitos
432 4617 608 4672 equos
657 4597 1052 4665 nOn’misez‘it,
1084 4605 1138 4654 et
1179 4599 1301 4654 alia
1334 4597 1605 4668 quaedam
1638 4613 1767 4652 τηα-
1808 4616 1849 4670 C
1877 4606 1974 4661 Ad
2003 4604 2354 4662 Heinricum
2382 4618 2597 4672 regem.
2637 4602 2710 4674 Ut
2736 4616 2796 4656 se
2820 4600 3164 4674 abqinjariis
3186 4605 3242 4656 et
3257 4615 3538 4669 persecu-

168 4675 428 4730 nuscula
457 4674 658 4728 mittit.

168 4779 620 4836 Venerabilibus
650 4777 710 4834 in
741 4777 970 4835 Christo
1017 4775 1382 4832 dominabus
1413 4777 1476 4830 V.
1509 4774 1769 4830 abbatis-

95 4890 198 4939 sae,
234 4886 303 4926 ac
353 4872 412 4925 Β,
448 4867 658 4924 Christi
711 4867 983 4935 agnellze,
1030 4869 1112 4933 P.,
1165 4864 1462 4938 quidquid
1506 4864 1769 4921 tantillus

95 4966 221 5016 tam
251 4958 450 5028 dignis
479 4957 776 5030 personis.

167 5053 296 5106 Non
328 5047 638 5104 modicum
668 5047 944 5103 dolemus
973 5044 1141 5118 quod
1180 5042 1327 5099 nihil
1375 5041 1674 5098 habemus
1706 5050 1770 5099 ut

93 5138 424 5214 petitionis,
455 5138 580 5194 imo
608 5137 789 5193 vestri
839 5134 1121 5209 praecepti
1172 5133 1542 5190 voluntatem
1575 5131 1768 5187 facere

92 5228 445 5304 possimus;
489 5227 634 5300 quia
668 5227 870 5282 nullus
900 5241 1092 5296 equus
1141 5223 1200 5278 in
1241 5226 1446 5278 nostra
1492 5221 1769 5277 inventus

93 5324 185 5376 est
215 5322 528 5392 potestate,
547 5316 797 5390 quando
829 5315 1004 5371 nobis
1035 5312 1398 5370 commissus
1429 5315 1517 5367 est
1546 5310 1655 5367 iste
1685 5310 1769 5366 lo-

93 5425 220 5476 cus,
250 5407 366 5464 nisi
397 5407 732 5464 admodum
763 5404 962 5479 pauci,
996 5408 1052 5460 et
1079 5403 1196 5476 ipsi
1224 5401 1568 5459 nutabundi
1597 5406 1652 5458 et
1679 5417 1768 5456 se-

94 5498 410 5571 gnipedes.
443 5496 668 5554 Indicia
694 5501 897 5553 tamen
925 5495 1180 5551 facimus
1203 5492 1296 5549 his
1321 5491 1522 5565 parvis
1549 5508 1768 5548 munu-

96 5590 302 5657 sculis,
334 5593 568 5662 quanto
617 5586 898 5643 citissime
927 5600 1278 5659 possumus,
1311 5583 1479 5656 quod
1509 5586 1768 5636 vestram

91 5682 472 5738 voluntatem
513 5679 860 5752 implemus.
900 5674 1194 5733 Sedulitas
1238 5672 1523 5730 orationis
1553 5673 1768 5726 nostrae

93 5770 418 5832 comitatur
445 5767 555 5824 iter
583 5771 868 5834 vestrum,
901 5768 1198 5841 quantum
1228 5778 1339 5821 nos
1384 5763 1538 5817 Deus
1583 5773 1766 5815 exau~

2191 4678 2349 4731 tione
2378 4673 2677 4730 Diemonis
2708 4672 2934 4728 comitis
2965 4672 3222 4727 etiberet.

1951 4772 2177 4830 Seniori
2208 4789 2319 4828 suo
2350 4775 2438 4838 H.,
2472 4769 2764 4826 exercitus
2812 4767 3122 4826 Christiani
3169 4766 3400 4824 ductori
3428 4783 3537 4823 no-

1875 4863 2189 4928 bilissimo,
2241 4865 2322 4930 P.,
2366 4860 2604 4917 abbatis
2651 4857 2945 4915 vocabulo
2999 4856 3243 4913 minime
3296 4856 3536 4928 dignus,

1877 4970 2015 5009 cum
2079 4951 2544 5021 congregatione
2609 4949 2722 5005 sibi
2785 4947 3131 5016 commissa,
3191 4945 3539 5003 sedularum

1876 5059 2126 5116 precum
2149 5039 2541 5096 devotissima
2569 5037 2796 5095 munia.

1952 5130 2073 5187 Sub
2094 5145 2282 5185 manu
2297 5132 2509 5184 vestrae
2525 5127 2887 5183 defensionis
2909 5125 2986 5182 ob
3013 5124 3425 5197 elemosynam
3441 5140 3539 5180 ve-

1880 5218 1981 5274 stri
2011 5219 2300 5273 hactenus
2323 5217 2498 5273 valde
2525 5216 2773 5289 pacitice
2801 5215 3057 5271 viximus
3085 5233 3097 5281 ;
3128 5213 3234 5270 sed
3253 5213 3357 5287 qui
3378 5229 3541 5271 nunc

1877 5325 1987 5365 nos
2009 5311 2217 5364 contra
2233 5323 2341 5364 vos
2367 5310 2676 5378 Deumque
2696 5306 3079 5371 insectantur,
3103 5303 3326 5360 diutius
3349 5303 3542 5361 celare

1877 5415 2001 5454 non
2021 5399 2644 5470 possumus.Domnus
2668 5398 2871 5450 Diemo
2893 5393 3544 5451 comesinimicabiliter

1875 5486 2255 5561 persequitur
2280 5502 2413 5541 nos.
2443 5483 2634 5542 Habet
2661 5484 2838 5540 nobis
2859 5482 3118 5558 denique
3148 5489 3418 5542 nostram
3437 5501 3544 5550 na-

1876 5577 1994 5632 vim
2019 5575 2305 5642 ablatam,
2325 5591 2447 5647 qua
2468 5573 2790 5630 debuimus
2816 5572 3100 5630 fratribus
3126 5573 3346 5631 nostris
3367 5571 3543 5630 vecti-

1878 5683 2012 5723 care
2047 5666 2274 5736 vinum,
2302 5670 2359 5720 et
2383 5663 2962 5737 legumina,aliaque
2981 5665 3340 5722 necessaria.
3367 5663 3542 5719 Plura

1877 5756 2056 5814 etiam
2101 5754 2247 5811 retia
2275 5753 2460 5812 habet
2487 5753 2662 5811 nobis
2703 5753 2870 5821 tulta,
2902 5753 3296 5828 victimasque
3325 5755 3381 5807 et
3409 5765 3540 5820 gra-
