3944 6396
443 250 577 303 1315
1314 248 1683 302 PERINGERI
1730 242 2018 298 ABBATIS
2055 240 2576 296 TEGERNSENSIS
2616 241 2996 298 EPISTOLE.
3739 243 3879 296 i3i6

438 386 611 443 num,
638 372 809 444 quod
837 371 1023 428 nostri
1052 370 1390 427 debuerunt
1432 369 1730 424 seminare
1759 368 1819 423 in
1862 380 2096 435 agrum.
2136 369 2177 419 Α
2209 378 2413 432 regem
2444 380 2566 419 non
2597 379 2925 436 possumus
2954 364 3140 433 adire,
3167 362 3427 420 sufﬁciat
3448 362 3645 429 nobis,
3670 377 3885 436 preca-

442 464 690 535 lnsuper
712 461 1038 529 infringens
1059 458 1463 514 domunculas
1490 473 1800 513 servorum
1821 456 1875 510 vi
1902 454 2103 525 diripit

441 549 518 605 ab
544 550 629 605 eis
652 549 856 605 omnia
873 565 1007 621 quae
1026 548 1267 603 habent.
1304 547 1452 602 Nihil
1477 548 1560 602 eis
1587 552 1675 601 est
1702 544 1920 617 peculii
1937 541 2103 618 quod

439 637 535 694 ille
579 653 699 693 non
738 637 950 708 jubeat
995 635 1355 709 perscrutari
1404 642 1461 691 et
1507 635 1647 692 tolli.
1690 634 1842 700 Quid
1871 632 2104 689 multa?

441 725 557 782 Nisi
587 740 806 781 manus
833 728 1032 780 vestra
1057 724 1412 779 extendatur
1437 724 1753 797 protectrix
1782 738 1965 795 super
1989 737 2101 777 nos

438 818 495 869 et
522 830 618 870 res
645 818 902 879 nostras,
925 813 1173 886 ipseque
1195 829 1232 869 a
1252 813 1424 868 vobis
1446 814 1755 869 exterritus
1780 810 2102 885 prohibea-

437 908 533 960 tur
564 903 666 960 tali
695 903 941 974 ﬂagitio,
975 903 1069 958 ille
1102 902 1264 958 solus
1296 908 1572 958 sanctum
1604 904 1806 958 locum
1837 900 2104 973 corporis

438 995 494 1049 S.
521 993 746 1060 Quirini
774 993 880 1049 dat
903 992 1274 1049 exterminio.
1299 996 1616 1049 Precamur
1644 997 1707 1048 ut
1731 991 1811 1051 illi
1836 989 2103 1048 statuatis

438 1082 600 1140 diem
625 1098 750 1156 quo
778 1082 954 1139 nobis
981 1087 1038 1138 et
1060 1082 1265 1138 navim
1297 1087 1353 1138 et
1383 1082 1529 1137 retia
1556 1081 1787 1138 reddat.

1227 1210 1313 1262 Vl.

436 1316 538 1370 Ad
551 1315 817 1371 eumdem
837 1315 909 1370 de
919 1314 1332 1384 persecutione
1350 1330 1420 1369 ac
1436 1315 1823 1370 insectatione
1842 1314 1909 1368 P.
1933 1313 2104 1370 comi-

513 1389 585 1441 tis
612 1387 993 1456 aliorumque
1014 1386 1503 1441 adversarorium
1519 1386 1791 1456 graviter
1806 1386 2098 1456 queritur.

513 1493 739 1551 Seniori
765 1509 875 1548 suo
916 1495 1004 1560 H.,
1031 1492 1157 1563 regi
1186 1492 1548 1559 victorioso.,
1587 1496 1665 1559 P.,
1695 1492 1875 1548 vestri
1907 1508 2103 1548 servo-

437 1601 574 1641 rum
606 1583 851 1640 ultimus
877 1582 1209 1656 fratresque
1241 1582 1355 1639 sibi
1386 1583 1659 1654 subjecti.

510 1671 915 1729 Devotissimis
964 1671 1337 1727 orationibus
1375 1688 1486 1745 pro
1516 1671 1689 1727 vobis
1715 1672 1938 1743 jugiter
1962 1670 2103 1725 insi-

441 1763 677 1820 stimus.
712 1765 865 1818 Dum
893 1778 1004 1817 vos
1050 1761 1311 1834 denique
1342 1761 1628 1817 laboratis
1676 1762 1738 1816 in
1781 1762 1922 1828 lato,
1955 1760 2107 1816 sicut

441 1851 749 1918 condecet,
781 1866 1121 1921 regno,nos
1153 1850 1371 1906 servuli
1394 1851 1569 1905 vestri
1596 1850 1842 1906 minime
1872 1849 2104 1922 requie-

441 1942 667 1997 scimus
694 1940 754 1996 in
787 1944 989 1996 vestro
1037 1941 1288 2010 gremio,
1321 1939 1434 1995 sub
1466 1945 1723 2011 augusto
1762 1938 2105 1995 monasterii

440 2031 722 2088 claustro.
761 2032 987 2087 Cuncta
1032 2038 1299 2102 namque
1331 2029 1585 2085 aedificia
1610 2029 1889 2085 videmus
1936 2029 2107 2084 mise-

440 2119 705 2176 rabiliter
758 2118 1025 2192 collapsa
1078 2122 1491 2190 vetustateque
1536 2124 1916 2190 consumpta,
1964 2118 2108 2189 quia

436 2210 505 2266 P.
538 2223 743 2265 comes
772 2206 921 2263 tollit
948 2222 1135 2280 Opera
1167 2207 1415 2279 singulis
1445 2207 1619 2263 annis
1649 2207 1723 2263 de
1752 2210 2106 2276 Wormgou-

440 2314 536 2369 ve,
568 2312 703 2370 quae
735 2296 865 2353 sola
914 2312 1099 2369 opera
1147 2296 1362 2352 beatus
1394 2300 1562 2369 pater
1592 2301 1784 2352 vester
1815 2296 2111 2352 concessit

441 2387 521 2445 ad
540 2386 744 2443 locum
772 2385 1021 2457 singulis
1048 2387 1225 2442 annis
1253 2385 1671 2441 renovandum
1695 2405 1707 2453 ;
1740 2387 1901 2459 quod
1928 2386 2108 2442 etiam

442 2475 775 2550 permansit
830 2491 1021 2548 usque
1075 2474 1153 2531 ad
1201 2474 1484 2530 abbatem
1538 2477 1597 2529 E.
1650 2474 2109 2545 [Eberhardum]

453 2567 683 2623 domno
729 2568 938 2621 nostro
986 2564 1123 2619 duci
1178 2565 1486 2637 conquesti
1519 2581 1731 2619 sumus
1780 2565 1852 2619 de
1883 2564 2110 2620 eisdem

442 2655 750 2729 operibus,
784 2659 842 2711 et
881 2654 975 2710 ille
1007 2654 1291 2727 praecepit
1323 2655 1383 2709 P.
1416 2669 1492 2709 ne
1546 2654 1654 2709 sibi
1709 2670 1780 2710 ea
1824 2654 2107 2725 deinceps

444 2748 785 2817 usurparet,
817 2744 982 2817 quod
1014 2758 1406 2816 nequaquam
1436 2744 1676 2815 profuit.

512 2834 603 2891 Ad
632 2835 760 2891 hinc
800 2834 980 2890 etiam
1025 2833 1277 2889 nimiam
1328 2833 1804 2905 persecutionem
1846 2832 2111 2905 patimur

438 2931 789 2982 nostrorum
820 2923 1180 2990 concivium,
1214 2923 1484 2995 priorum
1529 2922 1747 2978 scilicet
1790 2922 2110 2977 advocato-

440 3029 599 3083 rum,
631 3014 757 3086 qui,
788 3013 1055 3069 maxima
1084 3012 1174 3066 ira
1202 3016 1258 3066 et
1286 3011 1427 3066 odio
1458 3017 1661 3066 contra
1714 3028 1825 3066 nos
1854 3012 2107 3083 permoti

442 3077 611 3175 quod
638 3077 876 3174 penitus
909 3107 1046 3156 sunt
1076 3100 1292 3173 privati
1341 3100 1520 3155 rebus
1566 3077 1931 3164 monasterii,
1964 3100 2109 3155 nihil
2137 3077 2181 3132 ο

442 3190 605 3249 aliud
636 3190 877 3246 student
926 3205 1066 3244 cum
1096 3187 1402 3258 omnibus,
1435 3188 1656 3261 quibus
1690 3195 1963 3261 possunt,
1996 3189 2107 3244 nisi

441 3295 554 3335 nos
580 3277 850 3351 pessimo
882 3276 1023 3331 vitio
1046 3275 1379 3343 criminari,
1409 3281 1465 3331 et
1512 3275 1626 3332 hoc
1677 3277 1839 3348 apud
1880 3278 2104 3349 episco-

441 3383 553 3440 pos
598 3370 655 3421 et
682 3364 1005 3438 principes,
1042 3368 1103 3419 ut
1154 3363 1281 3418 haec
1330 3365 1543 3419 eadem
1591 3365 1839 3421 infamia
1888 3366 1966 3422 ad
2004 3383 2108 3420 vos

440 3468 635 3529 usque
664 3454 992 3527 perveniat.
1028 3452 1201 3518 Quod
1230 3467 1553 3524 precamur
1580 3458 1826 3526 propter
1858 3452 1957 3509 Dei
1996 3454 2106 3508 mi-

442 3543 852 3611 sericordiam,
910 3541 1212 3615 vestrique
1258 3540 1695 3615 elemosynam,
1741 3559 1816 3598 ne
1872 3542 2108 3597 illorum

437 3633 733 3691 voluntati
777 3631 1173 3698 satisfaciatis,
1211 3631 1387 3686 nobis
1438 3631 1748 3687 inferendo
1788 3631 1973 3687 ullam
2024 3649 2109 3687 re-

438 3724 752 3797 pentinam
782 3722 1173 3791 calumniam,
1208 3721 1315 3776 sed
1348 3722 1656 3777 reservatis
1707 3727 1907 3778 vestro
1946 3722 2106 3793 judi-

440 3812 552 3882 cio,
583 3816 688 3868 aut
716 3810 894 3867 vestri
922 3810 1191 3866 ﬁdelium
1217 3810 1666 3883 episcoporum,
1688 3811 1781 3865 vel
1814 3811 2108 3867 abbatum

437 3901 524 3957 rei
551 3901 858 3957 veritatem
887 3899 950 3955 in
979 3899 1155 3957 nobis
1188 3899 1682 3956 examinandam.
1718 3901 1935 3956 Valete.

1218 4028 1332 4083 γη.

440 4134 539 4190 Ad
561 4134 640 4189 H.
673 4133 884 4191 ducem
916 4134 1199 4190 Boiariar.
1230 4124 1425 4203 Rogat
1450 4139 1515 4190 ut
1540 4136 1811 4204 quaedam
1845 4134 2000 4192 hoba
2031 4136 2111 4191 ad

512 4207 707 4333 aequm
738 4204 1095 4276 Sciphusam
1114 4207 1423 4276 pertinens
1457 4222 1562 4262 suo
1592 4209 1952 4263 monasterio
1982 4208 2111 4263 red-

555 4292 591 4334 a
624 4292 718 4331 ur.

510 4377 743 4431 Domno
775 4376 839 4431 H.
872 4375 1194 4434 Christiani
1224 4376 1485 4447 agminis
1531 4375 1766 4433 ductori
1808 4375 2108 4434 nobilissi-

438 4480 562 4531 mo,
595 4464 683 4532 P.,
716 4460 912 4520 vester
942 4464 1207 4520 famulus
1241 4482 1379 4521 cum
1410 4465 1711 4522 fratribus.

510 4552 610 4609 Die
636 4557 939 4625 noctuque
974 4557 1161 4611 Deum
1193 4571 1304 4628 pro
1332 4555 1519 4611 salute
1542 4559 1742 4610 vestra
1765 4555 1986 4625 jugiter
2013 4571 2108 4610 ex-

438 4657 705 4699 oramus.
731 4641 1247 4715 Augustissimum
1268 4659 1473 4714 regem
1504 4644 1801 4700 seniorem
1832 4648 2107 4699 nostrum

438 4734 508 4790 Η.
541 4731 892 4804 rogavimus
921 4732 1099 4788 nobis
1148 4748 1187 4788 a
1236 4749 1299 4788 se
1346 4732 1596 4788 concedi
1645 4732 1977 4806 quemdam
2019 4732 2106 4788 lo-

437 4836 598 4888 cum,
631 4820 925 4894 Sciphusa
953 4820 1358 4891 nominatum,
1382 4821 1456 4877 de
1484 4821 1733 4878 abbatia
1755 4822 1944 4877 nostri
1975 4838 2105 4877 mo-

436 4909 700 4967 nasterii.
735 4910 929 4976 Quam
974 4909 1324 4984 petitionem
1368 4912 1499 4983 ipse
1538 4910 1795 4983 benigne
1824 4910 2104 4983 suscepit,

438 5004 497 5055 et
527 4998 705 5071 jussit
752 5002 818 5054 ut
863 4997 1178 5069 diligenter
1222 5015 1361 5056 cum
1410 4999 1634 5056 nuntiis
1682 5000 2104 5070 inveniremus,

438 5088 585 5165 quid
635 5093 692 5145 et
722 5093 1021 5163 quantum
1064 5088 1290 5160 fuisset,
1324 5089 1493 5163 quod
1529 5089 1899 5161 rogavimus.
1935 5090 2106 5157 Quod

439 5193 579 5233 cum
603 5176 974 5246 fecissemus,
998 5176 1309 5234 retulimus
1326 5178 1451 5249 regi
1467 5178 1796 5249 veritatem,
1820 5194 2110 5251 paucum-

438 5278 557 5339 que
600 5267 714 5323 sibi
758 5269 1094 5334 videbatur,
1126 5267 1302 5324 nobis
1348 5285 1491 5324 vero
1544 5268 1819 5325 multum.
1858 5272 2109 5341 Insuper

441 5354 865 5425 adjunximus:
901 5380 929 5407 «
950 5356 1209 5424 Quidam
1242 5358 1504 5415 famulus
1533 5358 1740 5415 matris
1764 5363 1967 5414 vestrae
1998 5359 2104 5415 ha-

441 5440 543 5498 bet
592 5460 777 5502 unam
826 5447 1050 5504 hobam
1097 5447 1170 5504 de
1220 5448 1437 5504 eodem
1465 5448 1597 5505 loco
1628 5448 1689 5504 in
1719 5447 2104 5515 beneficium,

443 5531 590 5605 quid
616 5533 835 5603 jubetis
867 5552 1046 5611 super
1072 5552 1227 5594 eam.
1248 5568 1315 5578 —-
1346 5541 1481 5595 Post
1510 5539 1715 5605 vitam,
1740 5538 1952 5611 inquit,
1977 5554 2106 5593 ma-

443 5618 548 5673 tris
602 5632 773 5691 meae,
826 5627 954 5691 stet,
1009 5629 1066 5679 et
1115 5625 1437 5681 famulatur
1487 5626 1697 5682 domui
1745 5626 2106 5700 famulisque

448 5706 505 5761 S.
538 5706 783 5771 Quirini.
814 5728 841 5755 »
875 5710 940 5763 Et
967 5710 1111 5781 quia
1138 5711 1240 5769 illa
1269 5713 1446 5771 beata
1483 5715 1613 5788 jam
1636 5714 1802 5787 obiit,
1831 5720 1889 5772 et
1917 5715 2103 5773 modo

2214 470 2368 522 inur,
2396 454 2559 525 quod
2588 454 2715 509 vice
2748 454 2902 521 regis
2928 454 2989 509 in
3022 454 3133 509 hac
3165 452 3358 525 patria
3384 468 3570 521 regno
3584 446 3885 522 'fungimi-

2214 541 2294 609 ni,
2325 543 2712 615 tirmeturque
2735 559 2771 598 a
2801 542 2967 598 vobis
2995 542 3193 612 regale
3219 541 3609 614 promissum,
3631 547 3689 597 et
3708 541 3886 613 jube-

2214 636 2266 685 te
2331 632 2507 686 nobis
2570 632 2738 687 reddi
2804 631 3154 705 praedictam
3226 631 3485 699 hobam,
3556 632 3707 687 sicut
3774 648 3883 686 rex

2211 725 2516 779 statuerat.

2975 810 3111 866 Vlll.

2282 917 2381 971 Ad
2411 918 2831 974 Gutscalchum
2862 920 3201 988 episcopum
3229 917 3690 987 Frisingensem.
3733 918 3814 972 Se

2463 992 2655 1058 petita
2688 992 2846 1046 vitra
2875 996 3006 1059 post
3032 990 3273 1046 Pascha
3302 991 3641 1044 missurum.

2285 1096 2348 1149 G.
2370 1096 2637 1167 pontiﬁci
2659 1096 3038 1167 dignissimo,
3065 1100 3148 1164 P.,
3178 1096 3356 1152 vestri
3376 1096 3652 1163 devotus,
3677 1098 3741 1151 ut
3762 1112 3893 1151 me-

2212 1182 2323 1238 rito
2348 1184 2647 1264 proprius;

2283 1273 2353 1329 Mi
2382 1272 2627 1330 domine
2652 1273 3012 1341 venerande,
3037 1273 3204 1347 quod
3232 1274 3307 1330 de
3338 1273 3485 1329 vitro
3515 1272 3765 1346 petistis,
3792 1272 3892 1327 vel

2216 1362 2430 1430 magis,
2462 1367 2525 1419 ut
2553 1362 2743 1429 decet,
2773 1363 3015 1434 jubetis,
3048 1380 3210 1419 nunc
3262 1363 3547 1437 temporis
3599 1368 3891 1436 paratum

2214 1462 2335 1505 non
2362 1450 2678 1506 habemus.
2702 1452 2819 1508 Sed
2850 1452 3133 1525 quamvis
3156 1453 3343 1508 victus
3367 1452 3542 1508 nobis
3569 1451 3894 1507 incumbat

2214 1540 2558 1611 necessitas,
2591 1540 2789 1596 statim
2838 1545 2975 1614 post
3025 1541 3255 1597 Pascha
3296 1545 3534 1597 nostros
3573 1540 3894 1597 vitreariOs

2207 1628 2495 1700 jubemus
2526 1629 2720 1685 eidem
2750 1630 3018 1685 insistere
3045 1630 3232 1702 operi,
3258 1634 3315 1685 et
3338 1628 3635 1703 quidquid
3667 1628 3893 1684 exinde

2136 1726 2177 1780 Β
2214 1718 2332 1781 ﬁet,
2353 1723 2582 1789 quanto
2616 1718 2897 1773 citissime
2927 1735 3277 1790 possumus,
3302 1734 3410 1791 per
3437 1723 3713 1773 nostrum
3735 1733 3895 1773 nun-

2216 1806 2363 1863 tium
2394 1807 2565 1862 vobis
2591 1807 2946 1863 denuntiare
2972 1823 3096 1863 non
3121 1807 3457 1863 tardamus.
3492 1806 3709 1863 Valete.

3008 1956 3092 2009 IX.

2285 2057 2384 2115 Ad
2412 2059 2679 2118 comitem
2731 2060 2800 2117 F.
2837 2058 2912 2115 Ut
2931 2065 3288 2118 conventum
3324 2059 3406 2115 ad
3424 2060 3661 2129 Pipuch
3690 2076 3819 2121 non

2822 2132 2979 2187 nihil
3004 2132 3272 2200 cii/ferat.

2290 2238 2520 2292 Domno
2572 2239 2629 2293 F.
2665 2237 2870 2294 comiti
2914 2237 3389 2305 venerabillimo,
3438 2239 3500 2294 Ρ.
3546 2242 3892 2310 cunctaque

2217 2326 2602 2397 congregatio
2635 2328 2691 2383 S.
2725 2326 2973 2397 Quirini,
3002 2327 3278 2384 sedulam
3328 2327 3661 2384 orationem
3705 2327 3891 2383 devo-

2217 2417 2463 2485 tamque
2497 2414 2861 2473 servitutem.

2289 2505 2509 2560 Omnes
2556 2505 2776 2577 pariter
2806 2506 3063 2578 pedibus
3094 2505 3303 2562 vestris
3335 2504 3635 2579 provoluti
3682 2521 3889 2577 preca-

2217 2609 2354 2648 mur
2375 2593 2536 2665 piam
2560 2594 2976 2666 paternitatem
2992 2600 3255 2655 vestram
3286 2599 3348 2651 ut
3370 2594 3695 2652 concilium
3715 2594 3887 2667 quod

2218 2682 2394 2738 vultis
2424 2683 2502 2739 ad
2549 2683 2801 2756 Pipurcli
2836 2685 3057 2741 habere
3104 2702 3211 2758 pro
3259 2685 3570 2741 communi
3612 2688 3797 2751 terra,
3831 2684 3890 2739 in

2218 2771 2481 2827 triduum
2531 2772 2839 2843 differatis,
2880 2778 2938 2830 et
2980 2774 3290 2830 dimittatis
3335 2790 3526 2847 usque
3573 2773 3724 2831 dum
3779 2789 3889 2831 nos-

2216 2860 2529 2916 vobiscum
2560 2861 2901 2934 loquamur.
2938 2863 3133 2921 Valete
3164 2864 3223 2919 in
3256 2863 3503 2921 Christo.

3029 3009 3067 3062 Χ

2218 3112 2316 3167 Ad
2352 3112 2727 3181 Egitbertum
2773 3116 3110 3183 episcopum
3150 3116 3615 3184 Frisingensem.
3650 3116 3739 3170 De
3764 3119 3887 3183 [ra-

2289 3184 2482 3238 tribus
2525 3186 2881 3257 quibusdam
2912 3188 3100 3241 sacris
3131 3187 3443 3240 ordinibus
3475 3186 3819 3241 initiandis.

2292 3288 2514 3345 Seniori
2544 3306 2652 3345 suo
2682 3293 2739 3346 Ε.
2774 3290 2963 3347 infula
2992 3288 3334 3364 pontiﬁcale
3363 3290 3593 3348 coalitus
3621 3291 3886 3355 indusia-

2220 3383 2298 3445 to,
2332 3380 2415 3449 P.,
2450 3377 2686 3434 abbatis
2715 3379 2960 3435 nomine
3010 3379 3256 3437 minime
3307 3380 3554 3450 dignus,
3586 3380 3885 3455 quidquid

2216 3465 2466 3523 domino
2496 3483 2719 3522 servus.

2291 3556 2347 3613 Si
2377 3554 2734 3626 dignemini,
2763 3556 2843 3612 mi
2876 3557 3139 3623 domine,
3172 3574 3415 3613 necesse
3454 3557 3764 3614 habemus
3798 3575 3882 3614 or-

2216 3645 2425 3702 dinare
2470 3646 2771 3718 quosdam
2824 3646 3067 3701 fratrum
3119 3652 3464 3703 nostrorum
3510 3647 3571 3703 in
3615 3648 3881 3704 ministe-

2215 3734 2372 3791 rium
2424 3734 2657 3791 Uomini
2707 3735 2785 3791 ad
2832 3735 3016 3791 altare
3071 3738 3124 3792 S.
3180 3736 3360 3792 Patris
3402 3736 3586 3792 nostri
3638 3735 3879 3802 Quirini,

2216 3841 2319 3880 eos
2346 3823 2617 3881 videlicet
2646 3825 2720 3881 de
2750 3842 3012 3898 quorum
3042 3826 3163 3881 vita
3197 3826 3387 3882 securi
3422 3843 3449 3881 s
3480 3842 3654 3894 unus,
3688 3831 3757 3882 ut
3786 3827 3882 3881 hu-

2216 3929 2435 3969 manus
2464 3913 2720 3987 probare
2749 3919 2944 3986 potest
2974 3915 3207 3971 oculus.
3243 3919 3391 3971 Nam
3422 3916 3651 3987 priores
3678 3916 3881 3972 fratres

2216 4001 2403 4058 nimio
2458 4002 2711 4060 confecti
2758 4004 2924 4060 senio
2966 4004 3097 4075 jam
3144 4003 3479 4061 lassescunt
3525 4004 3797 4061 invalidi.
3832 4004 3880 4059 Si

2212 4092 2457 4164 jubetis,
2486 4091 2590 4148 ubi
2624 4092 2715 4148 vel
2744 4092 3017 4165 quando,
3048 4092 3213 4166 loqui
3258 4095 3576 4151 vobiscum
3607 4094 3878 4150 desidero

2217 4198 2327 4256 pro
2349 4182 2529 4238 variis
2554 4181 3012 4239 necessitatibus
3041 4182 3200 4239 intus
3234 4187 3291 4240 et
3319 4182 3460 4240 foris
3488 4182 3665 4239 nobis
3692 4181 3879 4243 immi-

2217 4270 2518 4327 nentibus.

3009 4361 3093 4419 XI.

2244 4468 2341 4523 Ad
2372 4467 2721 4524 Udalricum
2755 4470 3043 4524 comitem.
3071 4470 3196 4524 Pro
3228 4470 3601 4525 restitutione
3629 4486 3849 4536 rerum,

2431 4539 2643 4610 quibus
2671 4541 2935 4609 famulos
2962 4555 3099 4595 suos
3128 4541 3336 4596 Penno
3359 4542 3665 4611 spoliavit.

2289 4649 2521 4702 Domno
2547 4649 2609 4701 V.
2636 4648 2837 4703 comiti
2868 4647 3269 4716 nobilissimo,
3304 4651 3390 4719 P.,
3412 4665 3751 4723 omnesque
3775 4650 3875 4707 fra-

2216 4739 2352 4803 tres,
2387 4734 2633 4793 devotas
2665 4736 2985 4793 orationes.

2288 4825 2461 4893 Quod
2512 4826 2876 4899 prascepistis
2930 4844 3111 4901 super
3158 4844 3362 4887 servos
3410 4833 3669 4898 nostros,
3728 4846 3869 4903 quos

2218 4919 2416 4972 Penno
2447 4918 2701 4988 propriis
2731 4917 2912 4973 rebus
2943 4918 3240 4990 spoliavit,
3268 4919 3415 4977 nihil
3435 4920 3673 4994 penitus
3706 4920 3869 4978 nobis

2214 5005 2454 5081 profuit,
2487 5005 2595 5061 sed
2622 5006 2830 5078 objicit
2858 5006 3034 5065 nobis
3059 5024 3222 5065 nunc
3249 5009 3385 5080 hoc,
3414 5025 3576 5069 nunc
3601 5009 3752 5068 illud
3778 5023 3869 5084 per

2213 5094 2412 5152 varias
2460 5094 3039 5153 circumlocutiones.
3093 5096 3334 5156 Multam
3384 5114 3649 5171 namque
3698 5098 3868 5175 pudet

2215 5200 2327 5240 nos
2358 5187 2415 5240 et
2445 5183 2621 5240 taedet
2649 5184 2815 5258 quod
2845 5202 3002 5259 saepe
3053 5186 3270 5260 saepius
3326 5192 3571 5261 propter
3616 5189 3734 5247 hoc
3772 5202 3865 5243 vos

2215 5272 2628 5330 acclamamus
2656 5291 2667 5329 :
2701 5273 2847 5347 quia
2878 5277 3065 5331 Deum
3095 5291 3220 5332 non
3260 5275 3425 5333 timet
3453 5275 3515 5333 in
3544 5276 3743 5347 nobis,
3772 5290 3864 5332 nec

2215 5362 2523 5418 hominem
2556 5368 2791 5420 veretur
2821 5363 2881 5420 in
2911 5363 3109 5436 nobis,
3136 5370 3199 5422 ut
3227 5365 3409 5424 faciat
3437 5366 3603 5441 quod
3628 5366 3714 5425 illi
3738 5382 3863 5441 prae-

2216 5451 2475 5524 cepistis.
2528 5456 2741 5508 lterum
2792 5456 2970 5526 atque
3018 5453 3234 5511 iterum
3283 5471 3624 5528 precamur,
3675 5454 3860 5514 dilecte

2216 5541 2432 5613 senior,
2458 5540 2665 5612 jubete
2695 5539 2777 5596 illi
2817 5557 2999 5614 super
3028 5541 3163 5611 hoc,
3196 5544 3341 5617 quia
3366 5561 3474 5601 vos
3510 5544 3762 5602 multum
3787 5541 3858 5599 in-

2214 5628 2609 5689 honoramus,
2630 5633 2686 5683 et
2706 5628 3047 5700 spernimus
3075 5629 3123 5684 si
3146 5630 3375 5687 damno
3401 5631 3537 5687 duci
3566 5633 3643 5690 de
3674 5625 3854 5693 vestris

2215 5716 2565 5777 hominibus
2594 5718 3037 5792 querimoniam
3070 5719 3345 5781 facimus.
3375 5720 3593 5781 Valete.
