3944 6438
141 299 282 350 1317
1028 299 1392 350 ELLINGERI
1432 299 1727 350 ABBATlS
1767 299 2283 355 TEGERNSENSIS
2333 301 2707 357 ΕΡΙΞΤΟΙΛΕ.
3452 309 3587 362 1318

1849 424 1893 472 Α
1925 423 2173 478 vitorem
2207 429 2498 492 nostrum,
2529 442 2632 497 per
2661 442 2844 497 quem
2876 426 3050 482 nobis
3079 427 3339 497 jusserat
3369 429 3586 501 hyper-

1027 295 1392 350 ELLINGERI
1432 295 1727 350 ABBATlS
1767 297 2283 382 TEGERN-SENSIS
2333 301 2707 357 EPlSTOLzE.

925 419 1034 472 ΧΙΙ.

135 509 241 564 Ad
271 509 337 563 R.
374 506 672 574 abbatem,
729 521 898 575 quem
950 514 1122 577 rogat
1176 514 1240 562 ut
1294 510 1528 578 longius
1569 509 1734 578 apud
1759 526 1818 563 se

527 597 656 662 ejus
682 609 917 649 servum
954 597 1211 652 retinere
1245 599 1439 653 liccat.

220 690 449 741 homno
483 684 689 740 abbati
723 687 783 739 ll.
829 688 886 740 Ρ.
921 685 1112 740 abbas
1159 687 1465 756 indignus,
1523 687 1817 761 quidquid

139 780 338 830 vester
369 774 644 829 devotus.

219 864 466 918 Nuntius
495 880 531 918 a
561 862 732 918 vobis
760 863 979 918 missus
1011 863 1170 918 venit
1210 863 1286 920 ad
1331 865 1660 936 quemdam
1705 881 1818 918 ser-

141 1038 2398 1071 ῌ

1925 509 2134 577 bolice,
2163 518 2226 568 ut
2259 516 2318 568 R.
2355 530 2564 567 servus
2597 520 2790 570 vester
2819 516 3099 572 citissime
3152 517 3229 572 ad
3275 534 3382 572 vos
3433 519 3590 578 veni-

1926 605 2028 654 rct.
2077 599 2188 654 Sed
2243 600 2640 672 deprecamur
2694 619 2768 656 ne
2816 603 2876 658 in
2929 605 3195 661 maxima
3240 606 3591 664 necessitate

1927 704 2064 742 eum
2117 705 2152 743 a
2199 689 2374 743 nobis
2425 690 2658 758 tollatis,
2705 692 2849 762 quia
2900 692 2948 746 si
2991 709 3151 748 nunc
3191 693 3410 749 deserit
3438 712 3592 766 opus

1927 775 2092 846 quod
2143 777 2321 848 θηερῆ
2373 778 2578 832 omnia
2623 795 2807 850 opera
2854 781 3131 851 praasenti
3177 782 3321 836 anni
3352 783 3589 853 penitus

1927 865 2226 920 habemus
2258 866 2506 937 perdita.
2545 867 2758 923 Valete.

2401 1044 3572 1068 ῃ

1424 1195 1598 1237 ANTE
1643 1195 1913 1238 MEDIUM
1962 1195 2292 1240 SECULUM
2307 1225 2318 1237 .

1198 1373 2560 1522 ELLENGERUS

1476 1633 1704 1685 ABBAS
1743 1633 2014 1686 TEGERN
2027 1633 2150 1687 SEN
2163 1635 2284 1688 SIS.

1054 1905 1318 2024 ELL
1339 1907 1365 2021 Ι
1389 1906 1472 2022 Ν
1493 1910 1574 2024 tl
1598 1907 1840 2025 ΕΒΙ
1938 1907 2168 2025 EPI
2185 1907 2446 2027 8T0
2459 1907 2706 2026 L/E.

656 2119 872 2188 (Edidit
906 2122 964 2174 lt.
1001 2122 1057 2174 P.
1096 2122 1310 2187 l’emrs,
1351 2119 1683 2174 Thcsaurus
1714 2120 2002 2174 Anecdot.
2036 2136 2168 2175 nov.
2206 2123 2266 2184 V,
2295 2138 2330 2185 ι,
2368 2125 2488 2188 llil,
2521 2137 2593 2175 ex
2623 2120 2757 2176 cod.
2790 2123 3093 2190 Tcgerns.)

151 2495 251 2550 Ad
308 2493 763 2550 Froumundum
824 2495 1180 2548 monachum
1231 2496 1699 2562 Tcgernseuscm.
1749 2496 1828 2547 lie

226 2585 454 2653 opt-imo
482 2598 586 2637 suo
608 2598 750 2652 erga
783 2583 1048 2637 emndem
1082 2585 1302 2648 (minio,
1351 2591 1403 2638 et
1442 2584 1652 2638 ordine
1693 2600 1824 2652 pre-

226 2673 498 2739 sbyterii,
533 2687 700 2741 quem
727 2673 1118 2726 Fraumundo
1145 2675 1518 2742 gratulatur.

229 2767 523 2817 tlomarco
554 2763 910 2822 l’aormxno,
945 2777 1108 2814 more
1158 2761 1440 2816 rosulenti
1490 2761 1826 2832 splemloris

156 2853 217 2906 iu
249 2850 480 2906 cunctis
515 2850 782 2912 emerito,
817 2852 1179 2914 ELLINUL‘IH'S,
1214 2851 1487 2904 omnium
1513 2850 1824 2904 hominum

157 2939 442 3010 extimus,
471 2937 767 3010 quidquid
795 2937 856 2992 in
887 2938 1116 2994 tLliristo
1147 2939 1420 3010 adoptari
1451 2943 1644 3011 potest
1673 2939 1825 2992 festi-

159 3029 313 3084 vius.

232 3122 384 3174 Cum
414 3115 611 3184 igitur,
663 3132 698 3169 ο
729 3114 937 3170 dilecte
991 3119 1292 3183 magister,
1353 3116 1563 3171 intimo
1611 3118 1828 3172 allec-tu

161 3206 362 3261 cordis
391 3204 710 3260 meditarer
739 3208 800 3258 ut
828 3204 1030 3275 aliqua
1074 3205 1616 3276 irreprehensibilia
1671 3207 1829 3262 dicta

162 3299 374 3350 vestrae
403 3293 830 3349 benevolentiae
864 3295 1362 3365 composuisscm,
1396 3300 1451 3349 et
1481 3296 1712 3350 inscitia
1744 3314 1829 3350 se-

163 3384 282 3438 mel
313 3389 370 3437 et
401 3399 558 3454 saepe
590 3382 904 3453 impediret
943 3382 1108 3454 quod
1165 3383 1535 3438 voluntatem
1580 3384 1826 3440 delecta-

160 3479 267 3540 ret,
299 3478 442 3528 tunc
469 3473 717 3527 demum
743 3472 1026 3539 conﬁsus,
1058 3472 1393 3543 baculoque
1426 3474 1599 3527 vestri
1624 3475 1831 3529 secreti

163 3562 534 3626 consolatus,
569 3561 826 3633 speravi,
857 3577 1233 3632 quamquam
1264 3562 1829 3635 suntvitupcranda,

165 3658 368 3708 tamen
428 3666 548 3705 non
609 3666 740 3704 esse
801 3667 837 3705 a
881 3649 1052 3704 vobis
1104 3650 1499 3722 propalanda,
1535 3652 1677 3722 quia
1710 3668 1830 3706 non

1864 2407 1902 2458 B
1932 2405 2094 2460 calce
2126 2405 2404 2474 abjicere,
2437 2422 2542 2478 per
2572 2407 2748 2462 devia
2779 2406 3056 2462 vitiorum
3081 2408 3358 2472 errando,
3381 2409 3598 2466 divinte

1936 2510 2161 2564 pascua
2194 2495 2620 2566 custodiasque
2649 2495 2812 2563 legis.
2863 2497 3111 2567 Insuper
3158 2497 3404 2568 quidem
3459 2515 3596 2554 cum

1935 2584 2177 2639 easdem
2205 2584 2411 2650 gliscat
2440 2585 2796 2654 paenitentiae
2844 2585 3298 2642 medicamentis
3345 2604 3455 2643 ceu
3494 2587 3600 2644 hu-

1936 2673 2114 2726 meris
2144 2673 2221 2726 ad
2252 2671 2404 2727 ovile
2437 2673 2642 2727 matris
2679 2672 2984 2727 Eccclesize
3023 2679 3348 2745 reportare,
3406 2674 3598 2730 ferina

1935 2761 2014 2817 ita
2043 2760 2328 2816 exardent
2359 2761 2540 2828 rabie,
2593 2761 2873 2815 dentibus
2915 2761 3150 2818 invidiae
3191 2762 3351 2820 hunc
3380 2763 3599 2820 dilace-

1937 2867 2084 2912 rare.
2120 2855 2180 2904 ut
2202 2866 2504 2905 aerumnas
2534 2850 2806 2920 desperet
2836 2850 3042 2905 mortis
3068 2867 3129 2905 se
3157 2867 3336 2921 posse
3378 2851 3598 2908 talibus

1936 2935 2197 2991 devitarc
2229 2937 2473 3002 insidiis,
2510 2937 2621 2992 nisi
2664 2937 2714 2992 ei
2747 2938 3106 3009 quantocius
3152 2939 3346 3008 inesse
3390 2940 3597 2995 vestris

1937 3024 2265 3089 dignemini
2313 3025 2623 3097 praesidiis.
2668 3029 2783 3081 Nos
2833 3027 3093 3098 denique
3150 3027 3597 3099 intercapedine

1939 3118 2021 3169 tot
2047 3114 2316 3170 locorum
2347 3115 2717 3183 elongantes,
2773 3115 3064 3187 quoniam
3123 3116 3355 3171 nullum
3401 3117 3454 3172 ei
3497 3117 3600 3172 ad-

1938 3204 2290 3259 miniculum
2325 3205 2588 3276 prteberc
2620 3205 2954 3272 valeamus,
3010 3206 3069 3260 in
3125 3222 3341 3262 manus
3391 3212 3602 3262 vestrm

1939 3297 2214 3364 potentiae
2269 3311 2408 3348 eum
2462 3300 2519 3350 et
2571 3295 2682 3350 hoc
2738 3295 3262 3360 commendamus,
3308 3301 3606 3368 quatenus

1940 3383 2398 3438 misericorditer
2456 3383 2641 3454 ipsius
2699 3384 2975 3455 querelas
3027 3384 3385 3456 suscipiatis,
3427 3390 3608 3456 atque

1939 3472 2269 3544 episcopali
2298 3473 2581 3527 eumdem
2608 3473 2960 3529 auctoritate
2981 3490 3092 3544 pro
3126 3473 3370 3529 nomine
3399 3474 3610 3530 Christi

1941 3561 2297 3623 defendatis.
2334 3578 2445 3616 nec
2480 3561 2930 3630 consentiendo,
2976 3561 3321 3633 iniquorum
3380 3562 3610 3633 peccati

1941 3650 2369 3704 ott‘endiculum
2401 3655 2608 3706 vestrm
2635 3649 2883 3722 aliquod
2915 3650 3324 3706 sanctimoniae
3365 3651 3606 3720 ingera-

163 3740 673 3814 prmsumptionis,
710 3740 811 3793 sed
843 3739 1173 3794 dilectionis
1205 3746 1342 3794 sunt
1372 3740 1608 3796 indicia.
1639 3741 1751 3797 Sed
1773 3746 1833 3795 ut
1871 3755 1910 3806 C
1943 3740 2012 3795 tis
2044 3739 2395 3811 periculum.

164 3847 236 3886 ex
261 3831 374 3885 hoe
405 3829 574 3884 nulla
601 3828 963 3896 ambiguitas
990 3828 1220 3895 subeat,
1276 3832 1424 3900 quin
1459 3830 1633 3885 vestri
1663 3847 1835 3885 amor

164 3920 282 3976 mei
313 3919 525 3974 intima
555 3917 811 3975 cubiculi
839 3934 1078 3989 semper
1126 3924 1355 3982 exurat,
1411 3925 1467 3974 ct
1515 3919 1588 3975 de
1643 3926 1837 3974 vestra

163 4008 560 4082 prosperitate
593 4024 827 4062 summe
860 4009 1136 4077 gaudeat,
1157 4008 1524 4064 omnimodis
1543 4009 1830 4081 deposco.

165 4103 367 4171 Nuper
408 4113 550 4152 vero
581 4097 869 4170 comperi,
929 4097 1094 4168 quod
1149 4113 1244 4152 me
1289 4099 1505 4152 aﬁ'ectu
1550 4099 1836 4155 animavit

163 4185 489 4243 inedicibili
539 4185 811 4240 videlicet
860 4202 964 4239 vos
1020 4185 1141 4240 fore
1184 4191 1530 4257 promotum
1580 4187 1657 4242 ad
1683 4188 1838 4243 ordi-

163 4293 310 4332 nem
368 4274 741 4347 presbyterii.
802 4276 931 4340 Qua
979 4273 1051 4328 de
1101 4291 1162 4329 re
1195 4276 1349 4329 ﬂexo
1381 4275 1604 4348 poplite
1633 4276 1836 4346 flagito

164 4368 469 4438 quatenus
497 4364 611 4418 mei
639 4363 830 4418 inﬁmi
871 4364 1164 4419 memoria
1203 4365 1367 4436 apud
1424 4381 1531 4419 vos
1577 4371 1834 4431 maneat,

169 4457 232 4509 ut
259 4452 439 4508 vestri
482 4452 647 4524 apud
695 4469 790 4507 me
841 4452 1071 4507 ﬁrmius
1121 4453 1426 4507 inluereat.
1487 4453 1623 4508 Hrec
1679 4455 1839 4510 enim

166 4541 346 4598 valde
377 4541 699 4606 lietiﬁcant,
733 4557 866 4614 qum
896 4541 1074 4596 verba
1109 4541 1458 4613 prophetica
1505 4548 1788 4599 resonant
1821 4561 1832 4596 :

168 4636 284 4690 Cor
314 4631 636 4688 contritum
679 4636 736 4688 et
772 4632 1152 4688 humiliatum
1202 4634 1356 4690 Deus
1413 4647 1535 4687 non
1588 4634 1828 4704 spernit.

169 4722 388 4779 Valete.

168 4902 270 4957 Ad
293 4901 692 4971 Egilbertum,
723 4907 784 4956 ut
820 4901 1072 4967 videtur,
1106 4902 1445 4969 episcopum
1481 4902 1829 4973 Frisingen-

245 5006 386 5047 sem.
438 4992 632 5060 Rogat
685 4994 751 5044 ut
807 4990 1121 5061 quemdam
1185 4995 1482 5059 pastorem
1547 4992 1831 5049 adversus

247 5080 445 5135 ovium
475 5094 726 5134 suarum
759 5079 1018 5146 injurias
1050 5085 1103 5134 et
1135 5079 1384 5135 insidias
1417 5085 1676 5134 tueatur.

248 5167 398 5231 Quia
426 5167 646 5224 notitiae
675 5168 992 5224 innotescit
1030 5174 1246 5224 nostrae
1294 5168 1704 5224 excellentiam
1750 5186 1848 5225 ve-

175 5262 310 5314 strw
339 5257 664 5314 sanctitatis
687 5274 936 5324 omnem
963 5258 1127 5314 viam
1152 5259 1291 5314 odio
1320 5259 1543 5314 habere
1572 5257 1850 5330 iniquita-

175 5350 270 5412 tis,
305 5348 384 5403 ob
416 5348 474 5403 id
498 5348 875 5404 conducibile
905 5348 1189 5404 duximus
1221 5365 1449 5405 errores
1480 5348 1652 5404 vobis
1698 5349 1846 5421 pali-

176 5439 382 5505 ﬁcare,
413 5453 572 5511 quos
601 5442 835 5494 constat
863 5438 1042 5493 vestri
1067 5454 1386 5495 censuram
1417 5438 1848 5494 moderaminis

175 5530 538 5600 respectare.
596 5531 708 5584 Iste
753 5543 895 5584 vero
939 5533 1166 5600 pastor,
1219 5529 1604 5602 praesentium
1650 5533 1851 5585 vector

177 5617 536 5688 litterarum,
567 5616 954 5690 inprresentia
980 5617 1165 5673 nostri
1197 5617 1401 5673 effudit
1435 5634 1681 5674 suarum
1708 5634 1850 5688 que-

178 5706 507 5763 rimoniam
532 5706 933 5772 miseriarum,
975 5707 1274 5779 quasdam
1305 5707 1516 5763 dolens
1565 5723 1707 5762 oves
1738 5707 1852 5763 sibi

181 5812 220 5853 a
278 5799 476 5854 vestra
523 5795 934 5854 dominatione
979 5795 1285 5852 commissi
1329 5796 1544 5868 gregis,
1585 5795 1852 5853 funditus

2729 3831 2818 3884 lll.

1947 3920 2044 3974 Ad
2077 3921 2143 3973 D.
2177 3920 2533 3987 episcopum.
2570 3919 2856 3984 Queritur
2879 3919 2950 3974 ob
2997 3919 3294 3987 praedium
3344 3920 3420 3974 ab
3477 3922 3606 3988 ejus

2088 4008 2339 4062 subditis
2372 4012 2672 4063 vastatum
2703 4014 2755 4062 et
2783 4009 3004 4077 injuste
3036 4007 3464 4064 abatienatum.

2021 4101 2250 4153 Domno
2283 4100 2346 4152 D.
2380 4096 2783 4169 pontiﬁcalem
2814 4097 3121 4153 decoranti
3170 4099 3454 4154 thronum
3503 4098 3614 4152 vir-

1949 4192 2163 4255 tutum,
2201 4189 2259 4241 E.
2294 4201 2417 4242 una
2447 4203 2585 4241 cum
2611 4185 2914 4258 subjectis,
2945 4202 3273 4258 perennem
3321 4204 3460 4244 cum
3510 4188 3619 4243 Do-

1950 4276 2097 4332 mini
2128 4276 2531 4348 principatum
2559 4275 2778 4330 electis.

2024 4369 2091 4421 Ut
2121 4365 2470 4419 rescivimus
2495 4379 2624 4428 vos,
2648 4363 2978 4436 praesulum
3004 4363 3499 4433 reverentissime,
3529 4381 3622 4420 or-

1951 4455 2223 4510 dinatum
2254 4453 2378 4507 fore
2409 4452 2574 4507 istius
2605 4451 2926 4523 provinciae
2977 4456 3290 4519 rectorem,
3339 4452 3620 4524 speraba-

1953 4560 2108 4609 mus,
2137 4542 2299 4597 velut
2328 4546 2384 4596 et
2413 4540 2613 4596 adhuc
2645 4555 2786 4612 spes
2812 4545 3020 4596 nostra
3048 4545 3138 4596 est
3162 4541 3306 4608 ﬁxa,
3334 4540 3621 4597 divinitus

1950 4633 2261 4707 provisum
2304 4646 2435 4687 esse
2483 4646 2592 4685 vos
2615 4629 2873 4703 ophanis
2928 4629 3095 4686 haud
3149 4630 3348 4686 minus
3389 4633 3624 4702 patrem

1954 4728 2011 4779 et
2035 4723 2394 4793 adjutorem,
2425 4736 2613 4792 quam
2640 4710 2955 4776 monachis
2983 4734 3094 4792 pro
3122 4719 3254 4792 ipsa
3277 4719 3624 4778 excellentia

1953 4817 2166 4869 vestrae
2196 4809 2430 4884 pietatis
2456 4809 2695 4881 asylum
2727 4826 2797 4865 ac
2813 4809 3451 4866 defensOrem.Verum
3472 4824 3622 4880 prae-

1956 4902 2146 4970 dium,
2178 4900 2344 4974 quod
2371 4899 2641 4968 largitus,
2691 4903 2781 4954 est
2841 4903 3034 4956 Cassar
3079 4896 3382 4954 Heinricus
3439 4896 3619 4967 regiae

1957 4991 2299 5049 donationis
2325 4991 2531 5046 charta
2579 4988 2935 5045 stabiliendo
2983 4992 3187 5046 nostro
3232 4986 3617 5054 monasterio,

1884 5114 1926 5167 Β
1957 5087 2023 5139 ut
2052 5098 2088 5136 a
2117 5079 2488 5153 quibusdam
2517 5078 2838 5134 didicimus
2863 5078 2963 5134 vix
2988 5076 3310 5145 credendo,
3356 5091 3394 5133 a
3422 5080 3622 5133 vestro

1957 5173 2332 5228 devastatum
2392 5168 2566 5224 nobis
2623 5167 3000 5224 abalienatur
3056 5165 3327 5239 imperio.
3404 5164 3622 5223 Arbitri

1954 5277 2097 5318 vero
2155 5264 2332 5316 testes
2412 5257 2773 5314 adhibentur
2847 5255 2909 5311 in
2963 5256 3079 5311 hoc
3135 5255 3324 5310 fundo
3381 5254 3530 5311 nihil
3585 5272 3623 5312 a

1956 5349 2132 5406 nobis
2186 5364 2314 5404 esse
2364 5351 2744 5418 usurpatum,
2800 5345 2913 5402 nisi
2964 5343 3133 5417 quod
3186 5339 3438 5401 Cmsaris
3477 5360 3626 5418 pree-

1957 5442 2130 5510 cepto
2159 5437 2237 5492 ab
2269 5436 2416 5508 ipsis
2455 5440 2663 5491 nostro
2721 5433 2997 5490 coenobio
3047 5449 3187 5489 cum
3234 5434 3491 5492 termino
3536 5438 3627 5492 est

1957 5529 2505 5600 praemonstratum,
2537 5527 2716 5596 atque
2746 5523 2807 5579 in
2833 5523 3153 5596 praesentia
3195 5523 3374 5580 vestri
3424 5523 3626 5581 vestri-

1958 5632 2075 5689 que
2108 5615 2379 5670 advocati
2408 5613 2666 5682 legitime
2695 5611 3022 5668 ﬁrmatum.
3082 5614 3212 5679 Qua
3269 5613 3344 5670 de
3390 5629 3451 5670 re
3499 5607 3650 5686 qui?

1960 5706 2100 5762 dem
2132 5719 2515 5775 summopere
2543 5701 2946 5773 etﬂagitamus
2974 5718 3086 5776 pro
3115 5702 3361 5766 nomine
3393 5699 3624 5757 Domini

1962 5800 2142 5868 atque
2169 5810 2374 5853 amore
2409 5796 2465 5851 S.
2493 5791 2741 5864 Quirini,
2772 5807 2882 5850 nec
2910 5807 3036 5851 non
3060 5791 3140 5850 ob
3187 5795 3397 5862 vestrae
3431 5803 3622 5847 mme-
