  <div class='ocr_page' id='page_1' title='image "/cluster/home/n/w/nwhite01/storage/ocr_20150623/140-141/uc1.31175018559917/1235.png"; bbox 0 0 3836 6420; ppageno 0'>
   <div class='ocr_carea' id='block_1_1' title="bbox 412 254 3820 332">
    <p class='ocr_par' dir='ltr' id='par_1_1' title="bbox 412 254 3820 332">
     <span class='ocr_line' id='line_1_1' title="bbox 412 254 3820 332; baseline -0.004 -1"><span class='ocrx_word' id='word_1_1' title='bbox 412 266 546 332; x_wconf 64' lang='grc' dir='ltr'>ιδίθ</span> <span class='ocrx_word' id='word_1_2' title='bbox 1402 254 1411 265; x_wconf 83' lang='lat'><em>‘</em></span> <span class='ocrx_word' id='word_1_3' title='bbox 1468 260 1834 325; x_wconf 82' lang='lat' dir='ltr'>ELLINGERI</span> <span class='ocrx_word' id='word_1_4' title='bbox 1873 267 2163 323; x_wconf 80' lang='lat' dir='ltr'>ABBATIS</span> <span class='ocrx_word' id='word_1_5' title='bbox 2200 266 2739 326; x_wconf 85' lang='lat' dir='ltr'>TEGERNSENSIS.</span> <span class='ocrx_word' id='word_1_6' title='bbox 2850 266 2853 269; x_wconf 73' lang='lat'><em>‘</em></span> <span class='ocrx_word' id='word_1_7' title='bbox 3747 269 3820 317; x_wconf 68' lang='lat' dir='ltr'>is:</span> 
     </span>
    </p>
   </div>
   <div class='ocr_carea' id='block_1_2' title="bbox 405 382 3836 465">
    <p class='ocr_par' dir='ltr' id='par_1_2' title="bbox 405 382 3836 465">
     <span class='ocr_line' id='line_1_2' title="bbox 405 382 3836 465; baseline -0.004 -11"><span class='ocrx_word' id='word_1_8' title='bbox 405 398 575 454; x_wconf 92' lang='lat' dir='ltr'>dium</span> <span class='ocrx_word' id='word_1_9' title='bbox 614 396 849 463; x_wconf 66' lang='lat' dir='ltr'>animae,</span> <span class='ocrx_word' id='word_1_10' title='bbox 883 412 985 451; x_wconf 92' lang='lat' dir='ltr'>seu</span> <span class='ocrx_word' id='word_1_11' title='bbox 1015 399 1341 450; x_wconf 88' lang='lat' dir='ltr'>vestrorum</span> <span class='ocrx_word' id='word_1_12' title='bbox 1368 397 1706 465; x_wconf 89' lang='lat' dir='ltr'>parentum,</span> <span class='ocrx_word' id='word_1_13' title='bbox 1747 394 2045 463; x_wconf 84' lang='lat' dir='ltr'>quatenus</span> <span class='ocrx_word' id='word_1_14' title='bbox 2079 392 2125 445; x_wconf 83' lang='lat' dir='ltr'><strong>A</strong></span> <span class='ocrx_word' id='word_1_15' title='bbox 2156 405 2291 446; x_wconf 91' lang='lat' dir='ltr'>mus</span> <span class='ocrx_word' id='word_1_16' title='bbox 2352 392 2481 448; x_wconf 83' lang='lat' dir='ltr'>vitae</span> <span class='ocrx_word' id='word_1_17' title='bbox 2533 389 2798 449; x_wconf 85' lang='lat' dir='ltr'>alimenti</span> <span class='ocrx_word' id='word_1_18' title='bbox 2862 389 3290 445; x_wconf 87' lang='lat' dir='ltr'>ministerium.</span> <span class='ocrx_word' id='word_1_19' title='bbox 3364 385 3506 441; x_wconf 87' lang='lat' dir='ltr'>Sed</span> <span class='ocrx_word' id='word_1_20' title='bbox 3566 382 3734 439; x_wconf 84' lang='lat' dir='ltr'>dicat</span> <span class='ocrx_word' id='word_1_21' title='bbox 3773 387 3836 441; x_wconf 60' lang='lat' dir='ltr'>ai:-</span> 
     </span>
    </p>
   </div>
   <div class='ocr_carea' id='block_1_3' title="bbox 405 472 3836 557">
    <p class='ocr_par' dir='ltr' id='par_1_3' title="bbox 405 472 3836 557">
     <span class='ocr_line' id='line_1_3' title="bbox 405 472 3836 557; baseline -0.004 -14"><span class='ocrx_word' id='word_1_22' title='bbox 405 492 612 542; x_wconf 89' lang='lat' dir='ltr'>nostro</span> <span class='ocrx_word' id='word_1_23' title='bbox 642 499 1026 557; x_wconf 85' lang='lat' dir='ltr'>nequaquam</span> <span class='ocrx_word' id='word_1_24' title='bbox 1052 481 1414 537; x_wconf 89' lang='lat' dir='ltr'>monasterio</span> <span class='ocrx_word' id='word_1_25' title='bbox 1453 479 1809 552; x_wconf 67' lang='lat' dir='ltr'>praecipiatis</span> <span class='ocrx_word' id='word_1_26' title='bbox 1858 477 2045 533; x_wconf 91' lang='lat' dir='ltr'>ullum</span> <span class='ocrx_word' id='word_1_27' title='bbox 2157 479 2292 550; x_wconf 87' lang='lat' dir='ltr'>quis</span> <span class='ocrx_word' id='word_1_28' title='bbox 2324 495 2361 535; x_wconf 89' lang='lat' dir='ltr'>a</span> <span class='ocrx_word' id='word_1_29' title='bbox 2388 484 2591 536; x_wconf 88' lang='lat' dir='ltr'>nostra</span> <span class='ocrx_word' id='word_1_30' title='bbox 2621 478 2932 552; x_wconf 90' lang='lat' dir='ltr'>poscendo</span> <span class='ocrx_word' id='word_1_31' title='bbox 2960 476 3212 548; x_wconf 83' lang='lat' dir='ltr'>familia,</span> <span class='ocrx_word' id='word_1_32' title='bbox 3273 476 3346 531; x_wconf 93' lang='lat' dir='ltr'>in</span> <span class='ocrx_word' id='word_1_33' title='bbox 3402 472 3528 529; x_wconf 88' lang='lat' dir='ltr'>illo</span> <span class='ocrx_word' id='word_1_34' title='bbox 3590 488 3709 528; x_wconf 86' lang='lat' dir='ltr'>nos</span> <span class='ocrx_word' id='word_1_35' title='bbox 3751 474 3836 529; x_wconf 60' lang='lat' dir='ltr'>1m.</span> 
     </span>
    </p>
   </div>
   <div class='ocr_carea' id='block_1_4' title="bbox 406 562 3836 639">
    <p class='ocr_par' dir='ltr' id='par_1_4' title="bbox 406 562 3836 639">
     <span class='ocr_line' id='line_1_4' title="bbox 406 562 3836 639; baseline -0.004 -9"><span class='ocrx_word' id='word_1_36' title='bbox 406 575 531 630; x_wconf 91' lang='lat' dir='ltr'>ﬁeri</span> <span class='ocrx_word' id='word_1_37' title='bbox 561 574 1000 629; x_wconf 79' lang='lat' dir='ltr'>detrimentum.</span> <span class='ocrx_word' id='word_1_38' title='bbox 2155 568 2401 639; x_wconf 85' lang='lat' dir='ltr'>petitam</span> <span class='ocrx_word' id='word_1_39' title='bbox 2452 569 2623 625; x_wconf 86' lang='lat' dir='ltr'>vobis</span> <span class='ocrx_word' id='word_1_40' title='bbox 2670 567 3012 624; x_wconf 79' lang='lat' dir='ltr'>servitutem</span> <span class='ocrx_word' id='word_1_41' title='bbox 3041 581 3223 639; x_wconf 88' lang='lat' dir='ltr'>posse</span> <span class='ocrx_word' id='word_1_42' title='bbox 3252 563 3595 621; x_wconf 81' lang='lat' dir='ltr'>obtinere.</span> <span class='ocrx_word' id='word_1_43' title='bbox 3664 562 3836 617; x_wconf 67' lang='lat' dir='ltr'>ldcim</span> 
     </span>
    </p>
   </div>
   <div class='ocr_carea' id='block_1_5' title="bbox 2157 650 3836 725">
    <p class='ocr_par' dir='ltr' id='par_1_5' title="bbox 2157 650 3836 725">
     <span class='ocr_line' id='line_1_5' title="bbox 2157 650 3836 725; baseline -0.002 -15"><span class='ocrx_word' id='word_1_44' title='bbox 2157 655 2531 712; x_wconf 83' lang='lat' dir='ltr'>conducibile</span> <span class='ocrx_word' id='word_1_45' title='bbox 2558 662 2647 712; x_wconf 88' lang='lat' dir='ltr'>est</span> <span class='ocrx_word' id='word_1_46' title='bbox 2691 656 2772 712; x_wconf 90' lang='lat' dir='ltr'>ad</span> <span class='ocrx_word' id='word_1_47' title='bbox 2818 656 2881 711; x_wconf 88' lang='lat' dir='ltr'>id</span> <span class='ocrx_word' id='word_1_48' title='bbox 2917 655 3235 711; x_wconf 84' lang='lat' dir='ltr'>veritatem</span> <span class='ocrx_word' id='word_1_49' title='bbox 3263 650 3694 725; x_wconf 86' lang='lat' dir='ltr'>respondere</span> <span class='ocrx_word' id='word_1_50' title='bbox 3721 658 3836 722; x_wconf 60' lang='lat' dir='ltr'>qum</span> 
     </span>
    </p>
   </div>
   <div class='ocr_carea' id='block_1_6' title="bbox 792 699 3836 817">
    <p class='ocr_par' dir='ltr' id='par_1_6' title="bbox 792 699 3836 817">
     <span class='ocr_line' id='line_1_6' title="bbox 2159 699 3836 725; baseline -0.002 -12"><span class='ocrx_word' id='word_1_51' title='bbox 2159 699 2530 712; x_wconf 45' lang='lat' dir='ltr'>“sua..an</span> <span class='ocrx_word' id='word_1_52' title='bbox 2558 699 2647 712; x_wconf 67' lang='grc' dir='ltr'>νυ.</span> <span class='ocrx_word' id='word_1_53' title='bbox 2691 699 2772 712; x_wconf 65' lang='grc' dir='ltr'>ι...</span> <span class='ocrx_word' id='word_1_54' title='bbox 2818 699 2881 711; x_wconf 57' lang='grc' dir='ltr'>..ι</span> <span class='ocrx_word' id='word_1_55' title='bbox 2931 699 3235 711; x_wconf 54' lang='lat' dir='ltr'>mum“...</span> <span class='ocrx_word' id='word_1_56' title='bbox 3263 699 3692 725; x_wconf 63' lang='lat'>---,-__---</span> <span class='ocrx_word' id='word_1_57' title='bbox 3725 699 3836 722; x_wconf 56' lang='grc' dir='ltr'>η-..</span> 
     </span>
     <span class='ocr_line' id='line_1_7' title="bbox 792 699 3836 817; baseline -0.005 -8"><span class='ocrx_word' id='word_1_58' title='bbox 792 807 800 815; x_wconf 85' lang='grc'><em>,</em></span> <span class='ocrx_word' id='word_1_59' title='bbox 831 806 843 817; x_wconf 86' lang='grc'><em>,</em></span> <span class='ocrx_word' id='word_1_60' title='bbox 886 811 896 817; x_wconf 70' lang='grc'><strong><em>,</em></strong></span> <span class='ocrx_word' id='word_1_61' title='bbox 1290 805 1299 815; x_wconf 82' lang='lat'><em>_</em></span> <span class='ocrx_word' id='word_1_62' title='bbox 1664 804 1673 812; x_wconf 72' lang='grc'><em>,</em></span> <span class='ocrx_word' id='word_1_63' title='bbox 1928 816 1935 817; x_wconf 16' lang='grc' dir='ltr'>ί</span> <span class='ocrx_word' id='word_1_64' title='bbox 2010 816 2013 817; x_wconf 12' lang='grc' dir='ltr'><em>γ</em></span> <span class='ocrx_word' id='word_1_65' title='bbox 2156 743 2217 798; x_wconf 89' lang='lat' dir='ltr'>in</span> <span class='ocrx_word' id='word_1_66' title='bbox 2241 744 2517 816; x_wconf 88' lang='lat' dir='ltr'>proximo</span> <span class='ocrx_word' id='word_1_67' title='bbox 2547 743 2814 801; x_wconf 89' lang='lat' dir='ltr'>Paschali</span> <span class='ocrx_word' id='word_1_68' title='bbox 2845 748 3115 817; x_wconf 87' lang='lat' dir='ltr'>tempore</span> <span class='ocrx_word' id='word_1_69' title='bbox 3148 759 3260 815; x_wconf 92' lang='lat' dir='ltr'>per</span> <span class='ocrx_word' id='word_1_70' title='bbox 3287 745 3617 798; x_wconf 86' lang='lat' dir='ltr'>nostram</span> <span class='ocrx_word' id='word_1_71' title='bbox 3638 756 3836 801; x_wconf 58' lang='lat' dir='ltr'>magna»</span> 
     </span>
    </p>
   </div>
   <div class='ocr_carea' id='block_1_7' title="bbox 408 805 3836 904">
    <p class='ocr_par' dir='ltr' id='par_1_7' title="bbox 408 805 3836 904">
     <span class='ocr_line' id='line_1_8' title="bbox 408 805 3836 904; baseline -0.007 -40"><span class='ocrx_word' id='word_1_72' title='bbox 408 808 498 863; x_wconf 78' lang='lat' dir='ltr'>Ad</span> <span class='ocrx_word' id='word_1_73' title='bbox 525 809 624 875; x_wconf 89' lang='lat' dir='ltr'>N.,</span> <span class='ocrx_word' id='word_1_74' title='bbox 656 812 719 860; x_wconf 81' lang='lat' dir='ltr'>ut</span> <span class='ocrx_word' id='word_1_75' title='bbox 744 806 996 873; x_wconf 81' lang='lat' dir='ltr'>videtur,</span> <span class='ocrx_word' id='word_1_76' title='bbox 1029 805 1743 871; x_wconf 82' lang='lat' dir='ltr'>archiepiscopum,cujus</span> <span class='ocrx_word' id='word_1_77' title='bbox 1774 816 2044 901; x_wconf 79' lang='lat' dir='ltr'>aversum</span> <span class='ocrx_word' id='word_1_78' title='bbox 2154 805 2294 904; x_wconf 58' lang='lat' dir='ltr'>pelﬁe</span> <span class='ocrx_word' id='word_1_79' title='bbox 2322 832 2655 904; x_wconf 62' lang='lat' dir='ltr'>ﬂagitando</span> <span class='ocrx_word' id='word_1_80' title='bbox 2678 805 3038 903; x_wconf 63' lang='lat' dir='ltr'>legatione‘m</span> <span class='ocrx_word' id='word_1_81' title='bbox 3092 849 3129 887; x_wconf 62' lang='grc' dir='ltr'>ἃ</span> <span class='ocrx_word' id='word_1_82' title='bbox 3148 805 3423 888; x_wconf 58' lang='lat' dir='ltr'>‘nostris</span> <span class='ocrx_word' id='word_1_83' title='bbox 3477 828 3836 901; x_wconf 23' lang='lat' dir='ltr'>nequivimu‘.</span> 
     </span>
    </p>
   </div>
   <div class='ocr_carea' id='block_1_8' title="bbox 552 890 3836 994">
    <p class='ocr_par' dir='ltr' id='par_1_8' title="bbox 552 890 3836 994">
     <span class='ocr_line' id='line_1_9' title="bbox 552 890 3836 994; baseline -0.005 -5"><span class='ocrx_word' id='word_1_84' title='bbox 552 900 773 964; x_wconf 40' lang='lat' dir='ltr'>praeter</span> <span class='ocrx_word' id='word_1_85' title='bbox 800 908 959 961; x_wconf 67' lang='lat' dir='ltr'>Spem</span> <span class='ocrx_word' id='word_1_86' title='bbox 990 894 1251 947; x_wconf 56' lang='lat' dir='ltr'>animum</span> <span class='ocrx_word' id='word_1_87' title='bbox 1279 905 1634 959; x_wconf 56' lang='lat' dir='ltr'>recuperare</span> <span class='ocrx_word' id='word_1_88' title='bbox 1662 890 1900 959; x_wconf 42' lang='lat' dir='ltr'>satagit</span> <span class='ocrx_word' id='word_1_89' title='bbox 2154 890 2440 977; x_wconf 66' lang='lat' dir='ltr'>ministris</span> <span class='ocrx_word' id='word_1_90' title='bbox 2463 922 2653 978; x_wconf 91' lang='lat' dir='ltr'>ullum</span> <span class='ocrx_word' id='word_1_91' title='bbox 2679 890 3171 994; x_wconf 72' lang='lat' dir='ltr'>supplementum</span> <span class='ocrx_word' id='word_1_92' title='bbox 3217 918 3433 975; x_wconf 83' lang='lat' dir='ltr'>nostri</span> <span class='ocrx_word' id='word_1_93' title='bbox 3470 890 3750 972; x_wconf 75' lang='lat' dir='ltr'>ccenobii</span> <span class='ocrx_word' id='word_1_94' title='bbox 3791 920 3836 972; x_wconf 18' lang='lat' dir='ltr'>at!</span> 
     </span>
    </p>
   </div>
   <div class='ocr_carea' id='block_1_9' title="bbox 472 1006 3827 1088">
    <p class='ocr_par' dir='ltr' id='par_1_9' title="bbox 472 1006 3827 1088">
     <span class='ocr_line' id='line_1_10' title="bbox 472 1006 3827 1088; baseline -0.004 -15"><span class='ocrx_word' id='word_1_95' title='bbox 472 1028 526 1082; x_wconf 54' lang='lat' dir='ltr'>at</span> <span class='ocrx_word' id='word_1_96' title='bbox 566 1017 877 1073; x_wconf 86' lang='lat' dir='ltr'>Excellenti</span> <span class='ocrx_word' id='word_1_97' title='bbox 905 1016 1253 1088; x_wconf 86' lang='lat' dir='ltr'>pontiﬁcum</span> <span class='ocrx_word' id='word_1_98' title='bbox 1273 1014 1620 1083; x_wconf 85' lang='lat' dir='ltr'>dignitatem</span> <span class='ocrx_word' id='word_1_99' title='bbox 1643 1012 2045 1069; x_wconf 83' lang='lat' dir='ltr'>venerandam</span> <span class='ocrx_word' id='word_1_100' title='bbox 2154 1011 2667 1067; x_wconf 88' lang='lat' dir='ltr'>restaurationem.</span> <span class='ocrx_word' id='word_1_101' title='bbox 2703 1012 2782 1065; x_wconf 93' lang='lat' dir='ltr'>De</span> <span class='ocrx_word' id='word_1_102' title='bbox 2810 1014 3022 1067; x_wconf 80' lang='lat' dir='ltr'>caetero</span> <span class='ocrx_word' id='word_1_103' title='bbox 3051 1014 3342 1065; x_wconf 92' lang='lat' dir='ltr'>nostrum</span> <span class='ocrx_word' id='word_1_104' title='bbox 3398 1006 3715 1063; x_wconf 76' lang='lat' dir='ltr'>misimus</span> <span class='ocrx_word' id='word_1_105' title='bbox 3742 1007 3827 1061; x_wconf 68' lang='lat' dir='ltr'>illa</span> 
     </span>
    </p>
   </div>
   <div class='ocr_carea' id='block_1_10' title="bbox 403 1096 3836 1176">
    <p class='ocr_par' dir='ltr' id='par_1_10' title="bbox 403 1096 3836 1176">
     <span class='ocr_line' id='line_1_11' title="bbox 403 1096 3836 1176; baseline -0.005 -14"><span class='ocrx_word' id='word_1_106' title='bbox 403 1104 808 1162; x_wconf 70' lang='lat' dir='ltr'>sanctimoniae</span> <span class='ocrx_word' id='word_1_107' title='bbox 864 1120 968 1176; x_wconf 91' lang='lat' dir='ltr'>per</span> <span class='ocrx_word' id='word_1_108' title='bbox 1021 1102 1442 1157; x_wconf 88' lang='lat' dir='ltr'>sublimitatem</span> <span class='ocrx_word' id='word_1_109' title='bbox 1503 1113 1555 1165; x_wconf 46' lang='grc' dir='ltr'><strong>ξ</strong></span> <span class='ocrx_word' id='word_1_110' title='bbox 1604 1106 1940 1174; x_wconf 89' lang='lat' dir='ltr'>postremus</span> <span class='ocrx_word' id='word_1_111' title='bbox 1985 1100 2047 1154; x_wconf 90' lang='lat' dir='ltr'>in</span> <span class='ocrx_word' id='word_1_112' title='bbox 2151 1099 2451 1167; x_wconf 90' lang='lat' dir='ltr'>nuntium,</span> <span class='ocrx_word' id='word_1_113' title='bbox 2502 1104 2800 1172; x_wconf 86' lang='lat' dir='ltr'>quatenus</span> <span class='ocrx_word' id='word_1_114' title='bbox 2851 1103 3056 1154; x_wconf 91' lang='lat' dir='ltr'>nostro</span> <span class='ocrx_word' id='word_1_115' title='bbox 3124 1096 3473 1171; x_wconf 65' lang='lat' dir='ltr'>praecipiat</span> <span class='ocrx_word' id='word_1_116' title='bbox 3551 1098 3836 1168; x_wconf 61' lang='lat' dir='ltr'>praeposit.</span> 
     </span>
    </p>
   </div>
   <div class='ocr_carea' id='block_1_11' title="bbox 401 1185 3836 1262">
    <p class='ocr_par' dir='ltr' id='par_1_11' title="bbox 401 1185 3836 1262">
     <span class='ocr_line' id='line_1_12' title="bbox 401 1185 3836 1262; baseline -0.003 -12"><span class='ocrx_word' id='word_1_117' title='bbox 401 1194 607 1251; x_wconf 90' lang='lat' dir='ltr'>ordine</span> <span class='ocrx_word' id='word_1_118' title='bbox 633 1194 920 1248; x_wconf 85' lang='lat' dir='ltr'>abbatum</span> <span class='ocrx_word' id='word_1_119' title='bbox 952 1191 1201 1246; x_wconf 74' lang='lat' dir='ltr'>C(BleSUS</span> <span class='ocrx_word' id='word_1_120' title='bbox 1231 1191 1381 1246; x_wconf 66' lang='lat' dir='ltr'>aulae</span> <span class='ocrx_word' id='word_1_121' title='bbox 1410 1195 1703 1246; x_wconf 87' lang='lat' dir='ltr'>senatum.</span> <span class='ocrx_word' id='word_1_122' title='bbox 2154 1203 2366 1259; x_wconf 88' lang='lat' dir='ltr'>parare</span> <span class='ocrx_word' id='word_1_123' title='bbox 2398 1188 2742 1262; x_wconf 89' lang='lat' dir='ltr'>hospitium,</span> <span class='ocrx_word' id='word_1_124' title='bbox 2774 1204 2885 1245; x_wconf 91' lang='lat' dir='ltr'>nec</span> <span class='ocrx_word' id='word_1_125' title='bbox 2910 1204 3035 1244; x_wconf 91' lang='lat' dir='ltr'>non</span> <span class='ocrx_word' id='word_1_126' title='bbox 3064 1203 3252 1244; x_wconf 92' lang='lat' dir='ltr'>omne</span> <span class='ocrx_word' id='word_1_127' title='bbox 3284 1185 3485 1259; x_wconf 89' lang='lat' dir='ltr'>quod</span> <span class='ocrx_word' id='word_1_128' title='bbox 3544 1187 3741 1258; x_wconf 89' lang='lat' dir='ltr'>possit</span> <span class='ocrx_word' id='word_1_129' title='bbox 3767 1187 3836 1240; x_wconf 76' lang='lat' dir='ltr'>in-</span> 
     </span>
    </p>
   </div>
   <div class='ocr_carea' id='block_1_12' title="bbox 473 1276 3185 1352">
    <p class='ocr_par' dir='ltr' id='par_1_12' title="bbox 473 1276 3185 1352">
     <span class='ocr_line' id='line_1_13' title="bbox 473 1276 3185 1352; baseline -0.002 -16"><span class='ocrx_word' id='word_1_130' title='bbox 473 1280 807 1352; x_wconf 73' lang='lat' dir='ltr'>Prteceptis,</span> <span class='ocrx_word' id='word_1_131' title='bbox 833 1279 1308 1351; x_wconf 82' lang='lat' dir='ltr'>patriarcharum</span> <span class='ocrx_word' id='word_1_132' title='bbox 1348 1276 1838 1345; x_wconf 86' lang='lat' dir='ltr'>reverentissime,</span> <span class='ocrx_word' id='word_1_133' title='bbox 1890 1292 2043 1331; x_wconf 90' lang='lat' dir='ltr'>sem-</span> <span class='ocrx_word' id='word_1_134' title='bbox 2152 1276 2377 1349; x_wconf 90' lang='lat' dir='ltr'>pendat</span> <span class='ocrx_word' id='word_1_135' title='bbox 2399 1277 2571 1334; x_wconf 90' lang='lat' dir='ltr'>vobis</span> <span class='ocrx_word' id='word_1_136' title='bbox 2602 1278 2926 1335; x_wconf 89' lang='lat' dir='ltr'>servitium.</span> <span class='ocrx_word' id='word_1_137' title='bbox 2960 1278 3185 1333; x_wconf 84' lang='lat' dir='ltr'>Valete.</span> 
     </span>
    </p>
   </div>
   <div class='ocr_carea' id='block_1_13' title="bbox 400 1363 3023 1442">
    <p class='ocr_par' dir='ltr' id='par_1_13' title="bbox 400 1363 3023 1442">
     <span class='ocr_line' id='line_1_14' title="bbox 400 1363 3023 1442; baseline -0.002 -17"><span class='ocrx_word' id='word_1_138' title='bbox 400 1385 505 1442; x_wconf 90' lang='lat' dir='ltr'>per</span> <span class='ocrx_word' id='word_1_139' title='bbox 534 1383 738 1440; x_wconf 89' lang='lat' dir='ltr'>parere</span> <span class='ocrx_word' id='word_1_140' title='bbox 769 1383 906 1422; x_wconf 91' lang='lat' dir='ltr'>cum</span> <span class='ocrx_word' id='word_1_141' title='bbox 938 1366 1299 1421; x_wconf 89' lang='lat' dir='ltr'>studuissem</span> <span class='ocrx_word' id='word_1_142' title='bbox 1330 1371 1534 1421; x_wconf 79' lang='lat' dir='ltr'>vestrae</span> <span class='ocrx_word' id='word_1_143' title='bbox 1566 1366 1626 1421; x_wconf 90' lang='lat' dir='ltr'>in</span> <span class='ocrx_word' id='word_1_144' title='bbox 1657 1365 1937 1420; x_wconf 89' lang='lat' dir='ltr'>omnibus</span> <span class='ocrx_word' id='word_1_145' title='bbox 1968 1363 2047 1419; x_wconf 89' lang='lat' dir='ltr'>al-</span> <span class='ocrx_word' id='word_1_146' title='bbox 2939 1369 3023 1421; x_wconf 89' lang='lat' dir='ltr'>Vl.</span> 
     </span>
    </p>
   </div>
   <div class='ocr_carea' id='block_1_14' title="bbox 400 1453 3836 1537">
    <p class='ocr_par' dir='ltr' id='par_1_14' title="bbox 400 1453 3836 1537">
     <span class='ocr_line' id='line_1_15' title="bbox 400 1453 3836 1537; baseline -0.002 -23"><span class='ocrx_word' id='word_1_147' title='bbox 400 1458 635 1525; x_wconf 89' lang='lat' dir='ltr'>mitatis,</span> <span class='ocrx_word' id='word_1_148' title='bbox 664 1456 845 1511; x_wconf 90' lang='lat' dir='ltr'>veluti</span> <span class='ocrx_word' id='word_1_149' title='bbox 873 1455 1020 1511; x_wconf 91' lang='lat' dir='ltr'>dum</span> <span class='ocrx_word' id='word_1_150' title='bbox 1051 1455 1203 1510; x_wconf 75' lang='lat' dir='ltr'>divae</span> <span class='ocrx_word' id='word_1_151' title='bbox 1233 1455 1479 1527; x_wconf 90' lang='lat' dir='ltr'>quidem</span> <span class='ocrx_word' id='word_1_152' title='bbox 1508 1453 1809 1510; x_wconf 68' lang='lat' dir='ltr'>memoriae</span> <span class='ocrx_word' id='word_1_153' title='bbox 1838 1458 2045 1508; x_wconf 78' lang='lat' dir='ltr'>vestrae</span> <span class='ocrx_word' id='word_1_154' title='bbox 2153 1455 2253 1510; x_wconf 84' lang='lat' dir='ltr'>Ad</span> <span class='ocrx_word' id='word_1_155' title='bbox 2282 1457 2568 1526; x_wconf 84' lang='lat' dir='ltr'>eumdem,</span> <span class='ocrx_word' id='word_1_156' title='bbox 2615 1456 2775 1526; x_wconf 81' lang='lat' dir='ltr'>forte</span> <span class='ocrx_word' id='word_1_157' title='bbox 2821 1457 3142 1537; x_wconf 81' lang='lat' dir='ltr'>Nitkerum</span> <span class='ocrx_word' id='word_1_158' title='bbox 3201 1455 3595 1524; x_wconf 82' lang='lat' dir='ltr'>episcopum</span> <span class='ocrx_word' id='word_1_159' title='bbox 3653 1454 3836 1509; x_wconf 49' lang='lat' dir='ltr'>Frisia</span> 
     </span>
    </p>
   </div>
   <div class='ocr_carea' id='block_1_15' title="bbox 398 1541 3836 1616">
    <p class='ocr_par' dir='ltr' id='par_1_15' title="bbox 398 1541 3836 1616">
     <span class='ocr_line' id='line_1_16' title="bbox 398 1541 3836 1616; baseline -0.002 -14"><span class='ocrx_word' id='word_1_160' title='bbox 398 1546 602 1602; x_wconf 88' lang='lat' dir='ltr'>matris</span> <span class='ocrx_word' id='word_1_161' title='bbox 628 1544 866 1601; x_wconf 88' lang='lat' dir='ltr'>obedivi</span> <span class='ocrx_word' id='word_1_162' title='bbox 887 1544 1190 1615; x_wconf 87' lang='lat' dir='ltr'>imperatis</span> <span class='ocrx_word' id='word_1_163' title='bbox 1220 1543 1382 1616; x_wconf 91' lang='lat' dir='ltr'>apud</span> <span class='ocrx_word' id='word_1_164' title='bbox 1410 1547 1634 1599; x_wconf 90' lang='lat' dir='ltr'>curtem</span> <span class='ocrx_word' id='word_1_165' title='bbox 1662 1541 1837 1611; x_wconf 89' lang='lat' dir='ltr'>regis,</span> <span class='ocrx_word' id='word_1_166' title='bbox 1858 1557 2045 1614; x_wconf 88' lang='lat' dir='ltr'>quan—</span> <span class='ocrx_word' id='word_1_167' title='bbox 2221 1544 2581 1612; x_wconf 86' lang='lat' dir='ltr'>gensem,cui</span> <span class='ocrx_word' id='word_1_168' title='bbox 2605 1544 2920 1613; x_wconf 86' lang='lat' dir='ltr'>quemdam</span> <span class='ocrx_word' id='word_1_169' title='bbox 2937 1543 3325 1600; x_wconf 81' lang='lat' dir='ltr'>commendat</span> <span class='ocrx_word' id='word_1_170' title='bbox 3354 1544 3485 1613; x_wconf 86' lang='lat' dir='ltr'>qui</span> <span class='ocrx_word' id='word_1_171' title='bbox 3517 1542 3836 1613; x_wconf 63' lang='lat' dir='ltr'>beneﬁcium</span> 
     </span>
    </p>
   </div>
   <div class='ocr_carea' id='block_1_16' title="bbox 398 1631 2747 1706">
    <p class='ocr_par' dir='ltr' id='par_1_16' title="bbox 398 1631 2747 1706">
     <span class='ocr_line' id='line_1_17' title="bbox 398 1631 2747 1706; baseline -0.002 -15"><span class='ocrx_word' id='word_1_172' title='bbox 398 1636 475 1691; x_wconf 91' lang='lat' dir='ltr'>do</span> <span class='ocrx_word' id='word_1_173' title='bbox 505 1652 541 1691; x_wconf 87' lang='lat' dir='ltr'>a</span> <span class='ocrx_word' id='word_1_174' title='bbox 569 1638 765 1690; x_wconf 86' lang='lat' dir='ltr'>vestra</span> <span class='ocrx_word' id='word_1_175' title='bbox 783 1633 1133 1706; x_wconf 89' lang='lat' dir='ltr'>paternitate</span> <span class='ocrx_word' id='word_1_176' title='bbox 1166 1633 1427 1703; x_wconf 84' lang='lat' dir='ltr'>ﬂagitavi</span> <span class='ocrx_word' id='word_1_177' title='bbox 1458 1632 1803 1688; x_wconf 88' lang='lat' dir='ltr'>missionem</span> <span class='ocrx_word' id='word_1_178' title='bbox 1841 1631 2043 1686; x_wconf 89' lang='lat' dir='ltr'>ac.be-</span> <span class='ocrx_word' id='word_1_179' title='bbox 2223 1633 2495 1687; x_wconf 75' lang='lat' dir='ltr'>amittere</span> <span class='ocrx_word' id='word_1_180' title='bbox 2522 1632 2747 1689; x_wconf 86' lang='lat' dir='ltr'>debeat.</span> 
     </span>
    </p>
   </div>
   <div class='ocr_carea' id='block_1_17' title="bbox 396 1719 3836 1793">
    <p class='ocr_par' dir='ltr' id='par_1_17' title="bbox 396 1719 3836 1793">
     <span class='ocr_line' id='line_1_18' title="bbox 396 1719 3836 1793; baseline -0.002 -13"><span class='ocrx_word' id='word_1_181' title='bbox 396 1724 829 1791; x_wconf 89' lang='lat' dir='ltr'>nedictionem;</span> <span class='ocrx_word' id='word_1_182' title='bbox 884 1723 1067 1778; x_wconf 88' lang='lat' dir='ltr'>miror</span> <span class='ocrx_word' id='word_1_183' title='bbox 1118 1738 1222 1777; x_wconf 91' lang='lat' dir='ltr'>cur</span> <span class='ocrx_word' id='word_1_184' title='bbox 1264 1738 1370 1793; x_wconf 88' lang='lat' dir='ltr'>per</span> <span class='ocrx_word' id='word_1_185' title='bbox 1418 1726 1644 1777; x_wconf 80' lang='lat' dir='ltr'>tantam</span> <span class='ocrx_word' id='word_1_186' title='bbox 1693 1737 1728 1776; x_wconf 90' lang='lat' dir='ltr'>a</span> <span class='ocrx_word' id='word_1_187' title='bbox 1756 1719 1923 1775; x_wconf 89' lang='lat' dir='ltr'>vobis</span> <span class='ocrx_word' id='word_1_188' title='bbox 1953 1719 2043 1775; x_wconf 90' lang='lat' dir='ltr'>di-</span> <span class='ocrx_word' id='word_1_189' title='bbox 2071 1735 2115 1787; x_wconf 81' lang='grc' dir='ltr'><strong>Β</strong></span> <span class='ocrx_word' id='word_1_190' title='bbox 2222 1732 2275 1784; x_wconf 64' lang='grc' dir='ltr'>ἦιὲ</span> <span class='ocrx_word' id='word_1_191' title='bbox 2314 1723 2544 1776; x_wconf 92' lang='lat' dir='ltr'>Domno</span> <span class='ocrx_word' id='word_1_192' title='bbox 2573 1725 2637 1777; x_wconf 90' lang='lat' dir='ltr'>N.</span> <span class='ocrx_word' id='word_1_193' title='bbox 2670 1720 3051 1777; x_wconf 86' lang='lat' dir='ltr'>desiderabili</span> <span class='ocrx_word' id='word_1_194' title='bbox 3072 1722 3465 1778; x_wconf 87' lang='lat' dir='ltr'>meritorum</span> <span class='ocrx_word' id='word_1_195' title='bbox 3491 1723 3836 1777; x_wconf 51' lang='lat' dir='ltr'>sanctuario.</span> 
     </span>
    </p>
   </div>
   <div class='ocr_carea' id='block_1_18' title="bbox 396 1807 3836 1882">
    <p class='ocr_par' dir='ltr' id='par_1_18' title="bbox 396 1807 3836 1882">
     <span class='ocr_line' id='line_1_19' title="bbox 396 1807 3836 1882; baseline -0.001 -14"><span class='ocrx_word' id='word_1_196' title='bbox 396 1813 616 1869; x_wconf 90' lang='lat' dir='ltr'>missus</span> <span class='ocrx_word' id='word_1_197' title='bbox 658 1812 769 1867; x_wconf 90' lang='lat' dir='ltr'>sim</span> <span class='ocrx_word' id='word_1_198' title='bbox 821 1811 1313 1879; x_wconf 81' lang='lat' dir='ltr'>indignationem.</span> <span class='ocrx_word' id='word_1_199' title='bbox 1361 1810 1623 1882; x_wconf 87' lang='lat' dir='ltr'>ldipsum</span> <span class='ocrx_word' id='word_1_200' title='bbox 1671 1808 1846 1879; x_wconf 80' lang='lat' dir='ltr'>igitur</span> <span class='ocrx_word' id='word_1_201' title='bbox 1896 1808 2042 1864; x_wconf 87' lang='lat' dir='ltr'>mihi</span> <span class='ocrx_word' id='word_1_202' title='bbox 2149 1808 2332 1879; x_wconf 89' lang='lat' dir='ltr'>digno</span> <span class='ocrx_word' id='word_1_203' title='bbox 2358 1807 2768 1881; x_wconf 88' lang='lat' dir='ltr'>apostolorum</span> <span class='ocrx_word' id='word_1_204' title='bbox 2792 1808 3032 1876; x_wconf 89' lang='lat' dir='ltr'>vicario,</span> <span class='ocrx_word' id='word_1_205' title='bbox 3066 1811 3154 1878; x_wconf 85' lang='lat' dir='ltr'>E.,</span> <span class='ocrx_word' id='word_1_206' title='bbox 3211 1813 3364 1882; x_wconf 90' lang='lat' dir='ltr'>post</span> <span class='ocrx_word' id='word_1_207' title='bbox 3431 1809 3644 1880; x_wconf 87' lang='lat' dir='ltr'>hujus</span> <span class='ocrx_word' id='word_1_208' title='bbox 3685 1809 3836 1864; x_wconf 59' lang='grc' dir='ltr'>θιδὼ</span> 
     </span>
    </p>
   </div>
   <div class='ocr_carea' id='block_1_19' title="bbox 396 1895 3336 1974">
    <p class='ocr_par' dir='ltr' id='par_1_19' title="bbox 396 1895 3336 1974">
     <span class='ocr_line' id='line_1_20' title="bbox 396 1895 3336 1974; baseline -0.002 -18"><span class='ocrx_word' id='word_1_209' title='bbox 396 1899 858 1974; x_wconf 88' lang='lat' dir='ltr'>improperando</span> <span class='ocrx_word' id='word_1_210' title='bbox 887 1899 1233 1968; x_wconf 88' lang='lat' dir='ltr'>objecerunt</span> <span class='ocrx_word' id='word_1_211' title='bbox 1264 1898 1379 1953; x_wconf 89' lang='lat' dir='ltr'>mei</span> <span class='ocrx_word' id='word_1_212' title='bbox 1406 1897 1744 1964; x_wconf 88' lang='lat' dir='ltr'>familiares,</span> <span class='ocrx_word' id='word_1_213' title='bbox 1791 1912 1913 1952; x_wconf 90' lang='lat' dir='ltr'>non</span> <span class='ocrx_word' id='word_1_214' title='bbox 1946 1912 2041 1952; x_wconf 90' lang='lat' dir='ltr'>so-</span> <span class='ocrx_word' id='word_1_215' title='bbox 2149 1896 2473 1952; x_wconf 88' lang='lat' dir='ltr'>incolatum</span> <span class='ocrx_word' id='word_1_216' title='bbox 2504 1895 2755 1951; x_wconf 68' lang='lat' dir='ltr'>caelestis</span> <span class='ocrx_word' id='word_1_217' title='bbox 2782 1896 2991 1968; x_wconf 72' lang='lat' dir='ltr'>patriae</span> <span class='ocrx_word' id='word_1_218' title='bbox 3023 1900 3336 1953; x_wconf 89' lang='lat' dir='ltr'>senatum.</span> 
     </span>
    </p>
   </div>
   <div class='ocr_carea' id='block_1_20' title="bbox 396 1984 3836 2058">
    <p class='ocr_par' dir='ltr' id='par_1_20' title="bbox 396 1984 3836 2058">
     <span class='ocr_line' id='line_1_21' title="bbox 396 1984 3836 2058; baseline -0.001 -14"><span class='ocrx_word' id='word_1_219' title='bbox 396 1989 522 2044; x_wconf 87' lang='lat' dir='ltr'>tum</span> <span class='ocrx_word' id='word_1_220' title='bbox 552 1988 656 2043; x_wconf 91' lang='lat' dir='ltr'>viri</span> <span class='ocrx_word' id='word_1_221' title='bbox 690 1988 1022 2058; x_wconf 65' lang='lat' dir='ltr'>saeculares,</span> <span class='ocrx_word' id='word_1_222' title='bbox 1064 1988 1167 2042; x_wconf 91' lang='lat' dir='ltr'>sed</span> <span class='ocrx_word' id='word_1_223' title='bbox 1198 1987 1372 2042; x_wconf 89' lang='lat' dir='ltr'>etiam</span> <span class='ocrx_word' id='word_1_224' title='bbox 1406 1985 1790 2053; x_wconf 66' lang='lat' dir='ltr'>ctenobiales,</span> <span class='ocrx_word' id='word_1_225' title='bbox 1851 1990 1912 2040; x_wconf 91' lang='lat' dir='ltr'>ut</span> <span class='ocrx_word' id='word_1_226' title='bbox 1940 1985 2042 2057; x_wconf 90' lang='lat' dir='ltr'>qui</span> <span class='ocrx_word' id='word_1_227' title='bbox 2220 1985 2600 2040; x_wconf 84' lang='lat' dir='ltr'>Praesentium</span> <span class='ocrx_word' id='word_1_228' title='bbox 2630 1984 2842 2041; x_wconf 88' lang='lat' dir='ltr'>allator</span> <span class='ocrx_word' id='word_1_229' title='bbox 2868 1984 3204 2041; x_wconf 89' lang='lat' dir='ltr'>litterarum</span> <span class='ocrx_word' id='word_1_230' title='bbox 3234 1990 3477 2041; x_wconf 67' lang='lat' dir='ltr'>vestrae</span> <span class='ocrx_word' id='word_1_231' title='bbox 3507 1986 3578 2041; x_wconf 89' lang='lat' dir='ltr'>in</span> <span class='ocrx_word' id='word_1_232' title='bbox 3614 2001 3836 2057; x_wconf 59' lang='lat' dir='ltr'>conspe</span> 
     </span>
    </p>
   </div>
   <div class='ocr_carea' id='block_1_21' title="bbox 396 2073 3836 2147">
    <p class='ocr_par' dir='ltr' id='par_1_21' title="bbox 396 2073 3836 2147">
     <span class='ocr_line' id='line_1_22' title="bbox 396 2073 3836 2147; baseline -0.001 -15"><span class='ocrx_word' id='word_1_233' title='bbox 396 2078 681 2132; x_wconf 88' lang='lat' dir='ltr'>hactenus</span> <span class='ocrx_word' id='word_1_234' title='bbox 710 2081 920 2131; x_wconf 83' lang='lat' dir='ltr'>vestrae</span> <span class='ocrx_word' id='word_1_235' title='bbox 952 2080 1227 2147; x_wconf 87' lang='lat' dir='ltr'>expertus</span> <span class='ocrx_word' id='word_1_236' title='bbox 1268 2091 1399 2130; x_wconf 88' lang='lat' dir='ltr'>sum</span> <span class='ocrx_word' id='word_1_237' title='bbox 1432 2075 1662 2147; x_wconf 71' lang='lat' dir='ltr'>pietatis</span> <span class='ocrx_word' id='word_1_238' title='bbox 1711 2073 2036 2129; x_wconf 85' lang='lat' dir='ltr'>adminicu-</span> <span class='ocrx_word' id='word_1_239' title='bbox 2149 2079 2247 2129; x_wconf 89' lang='lat' dir='ltr'>ctu</span> <span class='ocrx_word' id='word_1_240' title='bbox 2275 2073 2701 2129; x_wconf 89' lang='lat' dir='ltr'>dominationis</span> <span class='ocrx_word' id='word_1_241' title='bbox 2728 2073 2957 2146; x_wconf 90' lang='lat' dir='ltr'>aliquid</span> <span class='ocrx_word' id='word_1_242' title='bbox 2986 2073 3186 2130; x_wconf 89' lang='lat' dir='ltr'>valere</span> <span class='ocrx_word' id='word_1_243' title='bbox 3237 2089 3530 2146; x_wconf 84' lang='lat' dir='ltr'>sperans</span> <span class='ocrx_word' id='word_1_244' title='bbox 3588 2091 3742 2130; x_wconf 67' lang='lat' dir='ltr'>meae</span> <span class='ocrx_word' id='word_1_245' title='bbox 3768 2092 3836 2128; x_wconf 74' lang='lat' dir='ltr'>cu-</span> 
     </span>
    </p>
   </div>
   <div class='ocr_carea' id='block_1_22' title="bbox 395 2162 3836 2237">
    <p class='ocr_par' dir='ltr' id='par_1_22' title="bbox 395 2162 3836 2237">
     <span class='ocr_line' id='line_1_23' title="bbox 395 2162 3836 2237; baseline -0.001 -17"><span class='ocrx_word' id='word_1_246' title='bbox 395 2164 521 2220; x_wconf 92' lang='lat' dir='ltr'>lum</span> <span class='ocrx_word' id='word_1_247' title='bbox 578 2180 646 2219; x_wconf 90' lang='lat' dir='ltr'>ac</span> <span class='ocrx_word' id='word_1_248' title='bbox 699 2169 1053 2234; x_wconf 87' lang='lat' dir='ltr'>respectum,</span> <span class='ocrx_word' id='word_1_249' title='bbox 1105 2162 1357 2234; x_wconf 76' lang='lat' dir='ltr'>qualiter</span> <span class='ocrx_word' id='word_1_250' title='bbox 1406 2162 1465 2217; x_wconf 90' lang='lat' dir='ltr'>in</span> <span class='ocrx_word' id='word_1_251' title='bbox 1511 2166 1740 2217; x_wconf 82' lang='lat' dir='ltr'>tantum</span> <span class='ocrx_word' id='word_1_252' title='bbox 1780 2165 2042 2216; x_wconf 90' lang='lat' dir='ltr'>vestrum</span> <span class='ocrx_word' id='word_1_253' title='bbox 2146 2179 2368 2219; x_wconf 91' lang='lat' dir='ltr'>namen</span> <span class='ocrx_word' id='word_1_254' title='bbox 2390 2162 2824 2235; x_wconf 84' lang='lat' dir='ltr'>postulationis,</span> <span class='ocrx_word' id='word_1_255' title='bbox 2857 2163 3077 2219; x_wconf 83' lang='lat' dir='ltr'>obnixe</span> <span class='ocrx_word' id='word_1_256' title='bbox 3108 2163 3285 2220; x_wconf 90' lang='lat' dir='ltr'>haud</span> <span class='ocrx_word' id='word_1_257' title='bbox 3311 2165 3613 2221; x_wconf 83' lang='lat' dir='ltr'>cessavit</span> <span class='ocrx_word' id='word_1_258' title='bbox 3652 2165 3836 2237; x_wconf 61' lang='lat' dir='ltr'>depre-</span> 
     </span>
    </p>
   </div>
   <div class='ocr_carea' id='block_1_23' title="bbox 397 2249 3836 2324">
    <p class='ocr_par' dir='ltr' id='par_1_23' title="bbox 397 2249 3836 2324">
     <span class='ocr_line' id='line_1_24' title="bbox 397 2249 3836 2324; baseline 0 -17"><span class='ocrx_word' id='word_1_259' title='bbox 397 2252 861 2324; x_wconf 88' lang='lat' dir='ltr'>promeruissem</span> <span class='ocrx_word' id='word_1_260' title='bbox 913 2251 1280 2322; x_wconf 89' lang='lat' dir='ltr'>despectum.</span> <span class='ocrx_word' id='word_1_261' title='bbox 1342 2255 1465 2306; x_wconf 80' lang='lat' dir='ltr'>Non</span> <span class='ocrx_word' id='word_1_262' title='bbox 1496 2250 1705 2319; x_wconf 81' lang='lat' dir='ltr'>ignoro</span> <span class='ocrx_word' id='word_1_263' title='bbox 1733 2249 1955 2321; x_wconf 90' lang='lat' dir='ltr'>quippe</span> <span class='ocrx_word' id='word_1_264' title='bbox 1982 2250 2041 2304; x_wconf 91' lang='lat' dir='ltr'>in</span> <span class='ocrx_word' id='word_1_265' title='bbox 2149 2252 2270 2307; x_wconf 90' lang='lat' dir='ltr'>cari</span> <span class='ocrx_word' id='word_1_266' title='bbox 2298 2267 2433 2306; x_wconf 87' lang='lat' dir='ltr'>mea</span> <span class='ocrx_word' id='word_1_267' title='bbox 2462 2256 2671 2307; x_wconf 70' lang='lat' dir='ltr'>vestrae</span> <span class='ocrx_word' id='word_1_268' title='bbox 2699 2251 3041 2324; x_wconf 87' lang='lat' dir='ltr'>paternitati</span> <span class='ocrx_word' id='word_1_269' title='bbox 3069 2251 3389 2323; x_wconf 82' lang='lat' dir='ltr'>legatione</span> <span class='ocrx_word' id='word_1_270' title='bbox 3442 2269 3516 2309; x_wconf 89' lang='lat' dir='ltr'>se</span> <span class='ocrx_word' id='word_1_271' title='bbox 3548 2269 3836 2310; x_wconf 57' lang='lat' dir='ltr'>commas</span> 
     </span>
    </p>
   </div>
   <div class='ocr_carea' id='block_1_24' title="bbox 397 2338 3832 2414">
    <p class='ocr_par' dir='ltr' id='par_1_24' title="bbox 397 2338 3832 2414">
     <span class='ocr_line' id='line_1_25' title="bbox 397 2338 3832 2414; baseline 0 -18"><span class='ocrx_word' id='word_1_272' title='bbox 397 2340 733 2397; x_wconf 88' lang='lat' dir='ltr'>sanctuario</span> <span class='ocrx_word' id='word_1_273' title='bbox 759 2340 936 2396; x_wconf 82' lang='lat' dir='ltr'>vestri</span> <span class='ocrx_word' id='word_1_274' title='bbox 987 2340 1239 2412; x_wconf 86' lang='lat' dir='ltr'>pectoris</span> <span class='ocrx_word' id='word_1_275' title='bbox 1276 2339 1638 2395; x_wconf 78' lang='lat' dir='ltr'>reconditam</span> <span class='ocrx_word' id='word_1_276' title='bbox 1688 2354 1815 2393; x_wconf 86' lang='lat' dir='ltr'>esse</span> <span class='ocrx_word' id='word_1_277' title='bbox 1846 2338 2040 2394; x_wconf 89' lang='lat' dir='ltr'>omnis</span> <span class='ocrx_word' id='word_1_278' title='bbox 2148 2339 2296 2395; x_wconf 86' lang='lat' dir='ltr'>dari.</span> <span class='ocrx_word' id='word_1_279' title='bbox 2333 2342 2461 2404; x_wconf 88' lang='lat' dir='ltr'>Qua</span> <span class='ocrx_word' id='word_1_280' title='bbox 2489 2339 2562 2394; x_wconf 92' lang='lat' dir='ltr'>de</span> <span class='ocrx_word' id='word_1_281' title='bbox 2589 2356 2650 2395; x_wconf 90' lang='lat' dir='ltr'>re</span> <span class='ocrx_word' id='word_1_282' title='bbox 2681 2355 3049 2412; x_wconf 83' lang='lat' dir='ltr'>magnopere</span> <span class='ocrx_word' id='word_1_283' title='bbox 3075 2339 3353 2409; x_wconf 81' lang='lat' dir='ltr'>efﬂagito</span> <span class='ocrx_word' id='word_1_284' title='bbox 3393 2347 3674 2414; x_wconf 87' lang='lat' dir='ltr'>propter</span> <span class='ocrx_word' id='word_1_285' title='bbox 3712 2344 3832 2397; x_wconf 78' lang='lat' dir='ltr'>Chn-</span> 
     </span>
    </p>
   </div>
   <div class='ocr_carea' id='block_1_25' title="bbox 396 2428 3831 2501">
    <p class='ocr_par' dir='ltr' id='par_1_25' title="bbox 396 2428 3831 2501">
     <span class='ocr_line' id='line_1_26' title="bbox 396 2428 3831 2501; baseline -0.001 -16"><span class='ocrx_word' id='word_1_286' title='bbox 396 2430 649 2485; x_wconf 70' lang='lat' dir='ltr'>scientiaa</span> <span class='ocrx_word' id='word_1_287' title='bbox 706 2428 1093 2497; x_wconf 83' lang='lat' dir='ltr'>afﬂuentiam,</span> <span class='ocrx_word' id='word_1_288' title='bbox 1148 2430 1446 2501; x_wconf 85' lang='lat' dir='ltr'>hujnsque</span> <span class='ocrx_word' id='word_1_289' title='bbox 1501 2428 1697 2500; x_wconf 88' lang='lat' dir='ltr'>scripti</span> <span class='ocrx_word' id='word_1_290' title='bbox 1746 2445 1757 2482; x_wconf 90' lang='lat'><em>:</em></span> <span class='ocrx_word' id='word_1_291' title='bbox 1807 2430 2039 2495; x_wconf 80' lang='lat' dir='ltr'>Quanto</span> <span class='ocrx_word' id='word_1_292' title='bbox 2151 2428 2223 2483; x_wconf 89' lang='lat' dir='ltr'>sti</span> <span class='ocrx_word' id='word_1_293' title='bbox 2253 2444 2544 2491; x_wconf 88' lang='lat' dir='ltr'>amorem,</span> <span class='ocrx_word' id='word_1_294' title='bbox 2577 2428 2815 2500; x_wconf 89' lang='lat' dir='ltr'>meique</span> <span class='ocrx_word' id='word_1_295' title='bbox 2846 2428 3268 2484; x_wconf 89' lang='lat' dir='ltr'>famulaminis</span> <span class='ocrx_word' id='word_1_296' title='bbox 3301 2429 3393 2485; x_wconf 90' lang='lat' dir='ltr'>ob</span> <span class='ocrx_word' id='word_1_297' title='bbox 3430 2430 3831 2487; x_wconf 83' lang='lat' dir='ltr'>devotionem.</span> 
     </span>
    </p>
   </div>
   <div class='ocr_carea' id='block_1_26' title="bbox 393 2516 3827 2590">
    <p class='ocr_par' dir='ltr' id='par_1_26' title="bbox 393 2516 3827 2590">
     <span class='ocr_line' id='line_1_27' title="bbox 393 2516 3827 2590; baseline -0.001 -15"><span class='ocrx_word' id='word_1_298' title='bbox 393 2536 645 2590; x_wconf 87' lang='lat' dir='ltr'>magnus</span> <span class='ocrx_word' id='word_1_299' title='bbox 674 2535 752 2585; x_wconf 89' lang='lat' dir='ltr'>es,</span> <span class='ocrx_word' id='word_1_300' title='bbox 786 2520 1037 2574; x_wconf 75' lang='lat' dir='ltr'>humilia</span> <span class='ocrx_word' id='word_1_301' title='bbox 1069 2524 1124 2573; x_wconf 78' lang='lat' dir='ltr'>te</span> <span class='ocrx_word' id='word_1_302' title='bbox 1150 2519 1207 2572; x_wconf 87' lang='lat' dir='ltr'>in</span> <span class='ocrx_word' id='word_1_303' title='bbox 1237 2518 1523 2585; x_wconf 85' lang='lat' dir='ltr'>omnibus,</span> <span class='ocrx_word' id='word_1_304' title='bbox 1551 2516 1695 2571; x_wconf 90' lang='lat' dir='ltr'>inibi</span> <span class='ocrx_word' id='word_1_305' title='bbox 1712 2517 1912 2571; x_wconf 90' lang='lat' dir='ltr'>defore</span> <span class='ocrx_word' id='word_1_306' title='bbox 1934 2533 2037 2571; x_wconf 91' lang='lat' dir='ltr'>ne-</span> <span class='ocrx_word' id='word_1_307' title='bbox 2145 2522 2441 2588; x_wconf 90' lang='lat' dir='ltr'>quatenus</span> <span class='ocrx_word' id='word_1_308' title='bbox 2468 2516 2656 2588; x_wconf 90' lang='lat' dir='ltr'>ipsius</span> <span class='ocrx_word' id='word_1_309' title='bbox 2701 2516 3033 2587; x_wconf 82' lang='lat' dir='ltr'>dignemini</span> <span class='ocrx_word' id='word_1_310' title='bbox 3084 2517 3578 2590; x_wconf 88' lang='lat' dir='ltr'>querimoniam</span> <span class='ocrx_word' id='word_1_311' title='bbox 3627 2521 3827 2575; x_wconf 56' lang='lat' dir='ltr'>ausclt-</span> 
     </span>
    </p>
   </div>
   <div class='ocr_carea' id='block_1_27' title="bbox 393 2605 3831 2678">
    <p class='ocr_par' dir='ltr' id='par_1_27' title="bbox 393 2605 3831 2678">
     <span class='ocr_line' id='line_1_28' title="bbox 393 2605 3831 2678; baseline -0 -16"><span class='ocrx_word' id='word_1_312' title='bbox 393 2608 759 2677; x_wconf 84' lang='lat' dir='ltr'>gligentiam.</span> <span class='ocrx_word' id='word_1_313' title='bbox 790 2611 870 2662; x_wconf 88' lang='lat' dir='ltr'>Ex</span> <span class='ocrx_word' id='word_1_314' title='bbox 896 2607 1010 2662; x_wconf 93' lang='lat' dir='ltr'>hoc</span> <span class='ocrx_word' id='word_1_315' title='bbox 1040 2606 1248 2661; x_wconf 85' lang='lat' dir='ltr'>ditﬁdo</span> <span class='ocrx_word' id='word_1_316' title='bbox 1289 2611 1493 2661; x_wconf 72' lang='lat' dir='ltr'>vestrae</span> <span class='ocrx_word' id='word_1_317' title='bbox 1546 2606 1625 2661; x_wconf 93' lang='lat' dir='ltr'>ob</span> <span class='ocrx_word' id='word_1_318' title='bbox 1674 2605 2036 2673; x_wconf 83' lang='lat' dir='ltr'>magnitudi-</span> <span class='ocrx_word' id='word_1_319' title='bbox 2146 2610 2287 2675; x_wconf 88' lang='lat' dir='ltr'>tare,</span> <span class='ocrx_word' id='word_1_320' title='bbox 2320 2609 2376 2661; x_wconf 91' lang='lat' dir='ltr'>et</span> <span class='ocrx_word' id='word_1_321' title='bbox 2401 2605 2475 2660; x_wconf 90' lang='lat' dir='ltr'>ad</span> <span class='ocrx_word' id='word_1_322' title='bbox 2509 2605 2601 2660; x_wconf 91' lang='lat' dir='ltr'>sui</span> <span class='ocrx_word' id='word_1_323' title='bbox 2630 2605 2882 2661; x_wconf 91' lang='lat' dir='ltr'>senioris</span> <span class='ocrx_word' id='word_1_324' title='bbox 2912 2605 3259 2662; x_wconf 90' lang='lat' dir='ltr'>dominium</span> <span class='ocrx_word' id='word_1_325' title='bbox 3291 2606 3477 2663; x_wconf 90' lang='lat' dir='ltr'>illius</span> <span class='ocrx_word' id='word_1_326' title='bbox 3515 2608 3831 2678; x_wconf 56' lang='lat' dir='ltr'>subrogare</span> 
     </span>
    </p>
   </div>
   <div class='ocr_carea' id='block_1_28' title="bbox 391 2693 3833 2767">
    <p class='ocr_par' dir='ltr' id='par_1_28' title="bbox 391 2693 3833 2767">
     <span class='ocr_line' id='line_1_29' title="bbox 391 2693 3833 2767; baseline -0.001 -15"><span class='ocrx_word' id='word_1_327' title='bbox 391 2712 528 2752; x_wconf 90' lang='lat' dir='ltr'>nem</span> <span class='ocrx_word' id='word_1_328' title='bbox 560 2695 887 2767; x_wconf 90' lang='lat' dir='ltr'>majestatis</span> <span class='ocrx_word' id='word_1_329' title='bbox 914 2694 1194 2750; x_wconf 89' lang='lat' dir='ltr'>vilitatem</span> <span class='ocrx_word' id='word_1_330' title='bbox 1220 2711 1367 2749; x_wconf 77' lang='lat' dir='ltr'>meae</span> <span class='ocrx_word' id='word_1_331' title='bbox 1400 2693 1694 2749; x_wconf 87' lang='lat' dir='ltr'>annullari</span> <span class='ocrx_word' id='word_1_332' title='bbox 1724 2699 2039 2765; x_wconf 87' lang='lat' dir='ltr'>pauperta-</span> <span class='ocrx_word' id='word_1_333' title='bbox 2146 2695 2395 2750; x_wconf 70' lang='lat' dir='ltr'>miseriae</span> <span class='ocrx_word' id='word_1_334' title='bbox 2427 2700 2685 2750; x_wconf 90' lang='lat' dir='ltr'>vestrum</span> <span class='ocrx_word' id='word_1_335' title='bbox 2711 2699 3053 2767; x_wconf 83' lang='lat' dir='ltr'>praepotens</span> <span class='ocrx_word' id='word_1_336' title='bbox 3084 2695 3554 2767; x_wconf 86' lang='lat' dir='ltr'>patrocinium.</span> <span class='ocrx_word' id='word_1_337' title='bbox 3616 2701 3833 2753; x_wconf 51' lang='lat' dir='ltr'>Paterna:</span> 
     </span>
    </p>
   </div>
   <div class='ocr_carea' id='block_1_29' title="bbox 392 2782 3831 2856">
    <p class='ocr_par' dir='ltr' id='par_1_29' title="bbox 392 2782 3831 2856">
     <span class='ocr_line' id='line_1_30' title="bbox 392 2782 3831 2856; baseline 0 -16"><span class='ocrx_word' id='word_1_338' title='bbox 392 2785 483 2840; x_wconf 87' lang='lat' dir='ltr'>tis.</span> <span class='ocrx_word' id='word_1_339' title='bbox 516 2788 593 2840; x_wconf 90' lang='lat' dir='ltr'>De</span> <span class='ocrx_word' id='word_1_340' title='bbox 624 2789 834 2840; x_wconf 65' lang='lat' dir='ltr'>caetero</span> <span class='ocrx_word' id='word_1_341' title='bbox 867 2789 1001 2839; x_wconf 86' lang='lat' dir='ltr'>ante</span> <span class='ocrx_word' id='word_1_342' title='bbox 1054 2789 1260 2838; x_wconf 88' lang='lat' dir='ltr'>vestrae</span> <span class='ocrx_word' id='word_1_343' title='bbox 1314 2782 1738 2839; x_wconf 88' lang='lat' dir='ltr'>dominationis</span> <span class='ocrx_word' id='word_1_344' title='bbox 1785 2798 2033 2854; x_wconf 90' lang='lat' dir='ltr'>conspe-</span> <span class='ocrx_word' id='word_1_345' title='bbox 2143 2782 2388 2855; x_wconf 88' lang='lat' dir='ltr'>quidem</span> <span class='ocrx_word' id='word_1_346' title='bbox 2434 2784 2568 2853; x_wconf 90' lang='lat' dir='ltr'>jure</span> <span class='ocrx_word' id='word_1_347' title='bbox 2609 2782 2992 2850; x_wconf 89' lang='lat' dir='ltr'>beneﬁcium,</span> <span class='ocrx_word' id='word_1_348' title='bbox 3046 2784 3095 2839; x_wconf 92' lang='lat' dir='ltr'>si</span> <span class='ocrx_word' id='word_1_349' title='bbox 3149 2784 3275 2840; x_wconf 90' lang='lat' dir='ltr'>dici</span> <span class='ocrx_word' id='word_1_350' title='bbox 3328 2785 3435 2840; x_wconf 87' lang='lat' dir='ltr'>fas</span> <span class='ocrx_word' id='word_1_351' title='bbox 3473 2791 3603 2856; x_wconf 86' lang='lat' dir='ltr'>est,</span> <span class='ocrx_word' id='word_1_352' title='bbox 3660 2788 3831 2843; x_wconf 73' lang='lat' dir='ltr'>sibiu</span> 
     </span>
    </p>
   </div>
   <div class='ocr_carea' id='block_1_30' title="bbox 389 2869 3829 2942">
    <p class='ocr_par' dir='ltr' id='par_1_30' title="bbox 389 2869 3829 2942">
     <span class='ocr_line' id='line_1_31' title="bbox 389 2869 3829 2942; baseline -0.001 -14"><span class='ocrx_word' id='word_1_353' title='bbox 389 2878 569 2935; x_wconf 84' lang='lat' dir='ltr'>ctum.</span> <span class='ocrx_word' id='word_1_354' title='bbox 603 2873 651 2928; x_wconf 91' lang='lat' dir='ltr'>si</span> <span class='ocrx_word' id='word_1_355' title='bbox 680 2871 1045 2928; x_wconf 89' lang='lat' dir='ltr'>famulamen</span> <span class='ocrx_word' id='word_1_356' title='bbox 1085 2888 1286 2927; x_wconf 90' lang='lat' dir='ltr'>meum</span> <span class='ocrx_word' id='word_1_357' title='bbox 1336 2871 1507 2926; x_wconf 88' lang='lat' dir='ltr'>fuerit</span> <span class='ocrx_word' id='word_1_358' title='bbox 1554 2875 1887 2942; x_wconf 90' lang='lat' dir='ltr'>acceptum,</span> <span class='ocrx_word' id='word_1_359' title='bbox 1946 2871 2033 2925; x_wconf 90' lang='lat' dir='ltr'>di-</span> <span class='ocrx_word' id='word_1_360' title='bbox 2142 2869 2550 2926; x_wconf 59' lang='lat' dir='ltr'>haereditatem</span> <span class='ocrx_word' id='word_1_361' title='bbox 2581 2870 2886 2940; x_wconf 90' lang='lat' dir='ltr'>collatum,</span> <span class='ocrx_word' id='word_1_362' title='bbox 2918 2871 3263 2928; x_wconf 88' lang='lat' dir='ltr'>assiduisve</span> <span class='ocrx_word' id='word_1_363' title='bbox 3291 2889 3450 2929; x_wconf 89' lang='lat' dir='ltr'>cum</span> <span class='ocrx_word' id='word_1_364' title='bbox 3486 2875 3829 2930; x_wconf 52' lang='lat' dir='ltr'>muneribu:</span> 
     </span>
    </p>
   </div>
   <div class='ocr_carea' id='block_1_31' title="bbox 391 2956 3827 3033">
    <p class='ocr_par' dir='ltr' id='par_1_31' title="bbox 391 2956 3827 3033">
     <span class='ocr_line' id='line_1_32' title="bbox 391 2956 3827 3033; baseline -0 -18"><span class='ocrx_word' id='word_1_365' title='bbox 391 2962 653 3031; x_wconf 89' lang='lat' dir='ltr'>gnemini</span> <span class='ocrx_word' id='word_1_366' title='bbox 682 2962 954 3029; x_wconf 81' lang='lat' dir='ltr'>detegere</span> <span class='ocrx_word' id='word_1_367' title='bbox 985 2977 1133 3017; x_wconf 68' lang='lat' dir='ltr'>meae</span> <span class='ocrx_word' id='word_1_368' title='bbox 1156 2960 1433 3016; x_wconf 88' lang='lat' dir='ltr'>ruborem</span> <span class='ocrx_word' id='word_1_369' title='bbox 1452 2965 1629 3015; x_wconf 83' lang='lat' dir='ltr'>tantae</span> <span class='ocrx_word' id='word_1_370' title='bbox 1644 2958 2032 3028; x_wconf 90' lang='lat' dir='ltr'>confusionis,</span> <span class='ocrx_word' id='word_1_371' title='bbox 2141 2956 2218 3011; x_wconf 88' lang='lat' dir='ltr'>ab</span> <span class='ocrx_word' id='word_1_372' title='bbox 2249 2957 2546 3029; x_wconf 86' lang='lat' dir='ltr'>episcopis</span> <span class='ocrx_word' id='word_1_373' title='bbox 2573 2958 2873 3030; x_wconf 89' lang='lat' dir='ltr'>prioribus</span> <span class='ocrx_word' id='word_1_374' title='bbox 2903 2964 3363 3033; x_wconf 88' lang='lat' dir='ltr'>comparatum,</span> <span class='ocrx_word' id='word_1_375' title='bbox 3411 2968 3714 3018; x_wconf 87' lang='lat' dir='ltr'>vestrum</span> <span class='ocrx_word' id='word_1_376' title='bbox 3746 2964 3827 3017; x_wconf 60' lang='lat' dir='ltr'>Diei</span> 
     </span>
    </p>
   </div>
   <div class='ocr_carea' id='block_1_32' title="bbox 389 3044 3828 3141">
    <p class='ocr_par' dir='ltr' id='par_1_32' title="bbox 389 3044 3828 3141">
     <span class='ocr_line' id='line_1_33' title="bbox 389 3044 3828 3141; baseline 0 -38"><span class='ocrx_word' id='word_1_377' title='bbox 389 3048 609 3103; x_wconf 90' lang='lat' dir='ltr'>scilicet</span> <span class='ocrx_word' id='word_1_378' title='bbox 653 3049 983 3103; x_wconf 86' lang='lat' dir='ltr'>intimando</span> <span class='ocrx_word' id='word_1_379' title='bbox 1025 3049 1249 3104; x_wconf 90' lang='lat' dir='ltr'>fontem</span> <span class='ocrx_word' id='word_1_380' title='bbox 1293 3064 1612 3104; x_wconf 86' lang='lat' dir='ltr'>causamve</span> <span class='ocrx_word' id='word_1_381' title='bbox 1640 3048 1900 3120; x_wconf 69' lang='lat' dir='ltr'>praefatae</span> <span class='ocrx_word' id='word_1_382' title='bbox 1930 3048 2033 3102; x_wconf 89' lang='lat' dir='ltr'>de-</span> <span class='ocrx_word' id='word_1_383' title='bbox 2066 3087 2105 3141; x_wconf 62' lang='grc' dir='ltr'>ϐ</span> <span class='ocrx_word' id='word_1_384' title='bbox 2142 3044 2575 3101; x_wconf 90' lang='lat' dir='ltr'>adminiculum</span> <span class='ocrx_word' id='word_1_385' title='bbox 2606 3047 2801 3102; x_wconf 90' lang='lat' dir='ltr'>eidem</span> <span class='ocrx_word' id='word_1_386' title='bbox 2831 3047 3169 3116; x_wconf 77' lang='lat' dir='ltr'>auxiliatur,</span> <span class='ocrx_word' id='word_1_387' title='bbox 3213 3064 3252 3104; x_wconf 87' lang='lat' dir='ltr'>a</span> <span class='ocrx_word' id='word_1_388' title='bbox 3286 3066 3356 3105; x_wconf 90' lang='lat' dir='ltr'>se</span> <span class='ocrx_word' id='word_1_389' title='bbox 3387 3050 3693 3107; x_wconf 83' lang='lat' dir='ltr'>funditus</span> <span class='ocrx_word' id='word_1_390' title='bbox 3718 3051 3828 3105; x_wconf 74' lang='lat' dir='ltr'>alie-</span> 
     </span>
    </p>
   </div>
   <div class='ocr_carea' id='block_1_33' title="bbox 388 3132 3827 3204">
    <p class='ocr_par' dir='ltr' id='par_1_33' title="bbox 388 3132 3827 3204">
     <span class='ocr_line' id='line_1_34' title="bbox 388 3132 3827 3204; baseline 0.001 -16"><span class='ocrx_word' id='word_1_391' title='bbox 388 3134 724 3204; x_wconf 88' lang='lat' dir='ltr'>spectionis.</span> <span class='ocrx_word' id='word_1_392' title='bbox 789 3137 866 3188; x_wconf 85' lang='lat' dir='ltr'>Ex</span> <span class='ocrx_word' id='word_1_393' title='bbox 917 3135 1028 3189; x_wconf 91' lang='lat' dir='ltr'>hoc</span> <span class='ocrx_word' id='word_1_394' title='bbox 1072 3151 1214 3189; x_wconf 91' lang='lat' dir='ltr'>vero</span> <span class='ocrx_word' id='word_1_395' title='bbox 1262 3135 1504 3189; x_wconf 86' lang='lat' dir='ltr'>evidens</span> <span class='ocrx_word' id='word_1_396' title='bbox 1538 3134 1831 3204; x_wconf 91' lang='lat' dir='ltr'>judicium</span> <span class='ocrx_word' id='word_1_397' title='bbox 1860 3134 2035 3190; x_wconf 89' lang='lat' dir='ltr'>datur</span> <span class='ocrx_word' id='word_1_398' title='bbox 2070 3132 2104 3141; x_wconf 81' lang='grc'><strong><em>“</em></strong></span> <span class='ocrx_word' id='word_1_399' title='bbox 2140 3132 2268 3187; x_wconf 89' lang='lat' dir='ltr'>nari</span> <span class='ocrx_word' id='word_1_400' title='bbox 2296 3139 2545 3189; x_wconf 88' lang='lat' dir='ltr'>veretur.</span> <span class='ocrx_word' id='word_1_401' title='bbox 2581 3135 2888 3204; x_wconf 86' lang='lat' dir='ltr'>Sagacitas</span> <span class='ocrx_word' id='word_1_402' title='bbox 2918 3151 3063 3191; x_wconf 89' lang='lat' dir='ltr'>vero</span> <span class='ocrx_word' id='word_1_403' title='bbox 3094 3135 3271 3191; x_wconf 90' lang='lat' dir='ltr'>vobis</span> <span class='ocrx_word' id='word_1_404' title='bbox 3319 3137 3589 3194; x_wconf 79' lang='lat' dir='ltr'>ccelitus</span> <span class='ocrx_word' id='word_1_405' title='bbox 3638 3139 3827 3194; x_wconf 83' lang='lat' dir='ltr'>infusa.</span> 
     </span>
    </p>
   </div>
   <div class='ocr_carea' id='block_1_34' title="bbox 387 3222 3823 3295">
    <p class='ocr_par' dir='ltr' id='par_1_34' title="bbox 387 3222 3823 3295">
     <span class='ocr_line' id='line_1_35' title="bbox 387 3222 3823 3295; baseline 0.001 -18"><span class='ocrx_word' id='word_1_406' title='bbox 387 3237 484 3277; x_wconf 90' lang='lat' dir='ltr'>me</span> <span class='ocrx_word' id='word_1_407' title='bbox 512 3223 638 3277; x_wconf 88' lang='lat' dir='ltr'>haec</span> <span class='ocrx_word' id='word_1_408' title='bbox 667 3222 748 3278; x_wconf 89' lang='lat' dir='ltr'>ita</span> <span class='ocrx_word' id='word_1_409' title='bbox 777 3226 1087 3278; x_wconf 87' lang='lat' dir='ltr'>autumare</span> <span class='ocrx_word' id='word_1_410' title='bbox 1118 3222 1348 3295; x_wconf 87' lang='lat' dir='ltr'>absque</span> <span class='ocrx_word' id='word_1_411' title='bbox 1389 3222 1673 3288; x_wconf 86' lang='lat' dir='ltr'>falsitatis,</span> <span class='ocrx_word' id='word_1_412' title='bbox 1707 3223 1849 3295; x_wconf 89' lang='lat' dir='ltr'>quia</span> <span class='ocrx_word' id='word_1_413' title='bbox 1895 3239 2031 3279; x_wconf 91' lang='lat' dir='ltr'>cum</span> <span class='ocrx_word' id='word_1_414' title='bbox 2137 3222 2349 3292; x_wconf 89' lang='lat' dir='ltr'>poterit</span> <span class='ocrx_word' id='word_1_415' title='bbox 2378 3222 2639 3278; x_wconf 87' lang='lat' dir='ltr'>celeriter</span> <span class='ocrx_word' id='word_1_416' title='bbox 2666 3223 3034 3293; x_wconf 88' lang='lat' dir='ltr'>examinare,</span> <span class='ocrx_word' id='word_1_417' title='bbox 3094 3224 3265 3281; x_wconf 92' lang='lat' dir='ltr'>hunc</span> <span class='ocrx_word' id='word_1_418' title='bbox 3315 3225 3490 3282; x_wconf 88' lang='lat' dir='ltr'>nihil</span> <span class='ocrx_word' id='word_1_419' title='bbox 3546 3227 3615 3283; x_wconf 92' lang='lat' dir='ltr'>in</span> <span class='ocrx_word' id='word_1_420' title='bbox 3647 3228 3755 3284; x_wconf 83' lang='lat' dir='ltr'>hac</span> <span class='ocrx_word' id='word_1_421' title='bbox 3783 3243 3823 3280; x_wconf 70' lang='lat' dir='ltr'>ft</span> 
     </span>
    </p>
   </div>
   <div class='ocr_carea' id='block_1_35' title="bbox 386 3309 3270 3384">
    <p class='ocr_par' dir='ltr' id='par_1_35' title="bbox 386 3309 3270 3384">
     <span class='ocr_line' id='line_1_36' title="bbox 386 3309 3270 3384; baseline 0.001 -17"><span class='ocrx_word' id='word_1_422' title='bbox 386 3327 554 3367; x_wconf 90' lang='lat' dir='ltr'>meas</span> <span class='ocrx_word' id='word_1_423' title='bbox 614 3316 1053 3384; x_wconf 88' lang='lat' dir='ltr'>prosternerem</span> <span class='ocrx_word' id='word_1_424' title='bbox 1107 3327 1312 3384; x_wconf 92' lang='lat' dir='ltr'>preces</span> <span class='ocrx_word' id='word_1_425' title='bbox 1359 3316 1571 3367; x_wconf 81' lang='lat' dir='ltr'>vestrae</span> <span class='ocrx_word' id='word_1_426' title='bbox 1603 3311 1663 3366; x_wconf 92' lang='lat' dir='ltr'>in</span> <span class='ocrx_word' id='word_1_427' title='bbox 1715 3312 2034 3384; x_wconf 85' lang='lat' dir='ltr'>praesentia</span> <span class='ocrx_word' id='word_1_428' title='bbox 2136 3313 2342 3364; x_wconf 89' lang='lat' dir='ltr'>contra</span> <span class='ocrx_word' id='word_1_429' title='bbox 2367 3309 2603 3379; x_wconf 86' lang='lat' dir='ltr'>justitiae</span> <span class='ocrx_word' id='word_1_430' title='bbox 2630 3326 2909 3367; x_wconf 90' lang='lat' dir='ltr'>normam</span> <span class='ocrx_word' id='word_1_431' title='bbox 2938 3311 3270 3384; x_wconf 90' lang='lat' dir='ltr'>postulare.</span> 
     </span>
    </p>
   </div>
   <div class='ocr_carea' id='block_1_36' title="bbox 387 3398 3017 3471">
    <p class='ocr_par' dir='ltr' id='par_1_36' title="bbox 387 3398 3017 3471">
     <span class='ocr_line' id='line_1_37' title="bbox 387 3398 3017 3471; baseline 0 -16"><span class='ocrx_word' id='word_1_432' title='bbox 387 3398 726 3467; x_wconf 85' lang='lat' dir='ltr'>sanctitatis,</span> <span class='ocrx_word' id='word_1_433' title='bbox 757 3403 997 3471; x_wconf 91' lang='lat' dir='ltr'>propter</span> <span class='ocrx_word' id='word_1_434' title='bbox 1026 3398 1281 3455; x_wconf 89' lang='lat' dir='ltr'>ﬂebilem</span> <span class='ocrx_word' id='word_1_435' title='bbox 1322 3399 1501 3469; x_wconf 92' lang='lat' dir='ltr'>hujus</span> <span class='ocrx_word' id='word_1_436' title='bbox 1557 3399 1851 3455; x_wconf 91' lang='lat' dir='ltr'>combusti</span> <span class='ocrx_word' id='word_1_437' title='bbox 1899 3416 2030 3457; x_wconf 92' lang='lat' dir='ltr'>mo-</span> <span class='ocrx_word' id='word_1_438' title='bbox 2904 3402 3017 3456; x_wconf 84' lang='lat' dir='ltr'>VII.</span> 
     </span>
    </p>
   </div>
   <div class='ocr_carea' id='block_1_37' title="bbox 382 3486 3826 3561">
    <p class='ocr_par' dir='ltr' id='par_1_37' title="bbox 382 3486 3826 3561">
     <span class='ocr_line' id='line_1_38' title="bbox 382 3486 3826 3561; baseline 0.002 -16"><span class='ocrx_word' id='word_1_439' title='bbox 382 3490 620 3546; x_wconf 86' lang='lat' dir='ltr'>nasterii</span> <span class='ocrx_word' id='word_1_440' title='bbox 673 3491 1104 3557; x_wconf 90' lang='lat' dir='ltr'>necessitatem,</span> <span class='ocrx_word' id='word_1_441' title='bbox 1163 3490 1381 3546; x_wconf 90' lang='lat' dir='ltr'>nullius</span> <span class='ocrx_word' id='word_1_442' title='bbox 1434 3489 1637 3545; x_wconf 78' lang='lat' dir='ltr'>auxilii</span> <span class='ocrx_word' id='word_1_443' title='bbox 1676 3493 2029 3546; x_wconf 87' lang='lat' dir='ltr'>consecutus</span> <span class='ocrx_word' id='word_1_444' title='bbox 2133 3486 2231 3542; x_wconf 83' lang='lat' dir='ltr'>Ad</span> <span class='ocrx_word' id='word_1_445' title='bbox 2269 3488 2330 3543; x_wconf 88' lang='lat' dir='ltr'>V.</span> <span class='ocrx_word' id='word_1_446' title='bbox 2364 3489 2635 3545; x_wconf 85' lang='lat' dir='ltr'>abbatem</span> <span class='ocrx_word' id='word_1_447' title='bbox 2665 3504 2703 3544; x_wconf 89' lang='lat' dir='ltr'>a</span> <span class='ocrx_word' id='word_1_448' title='bbox 2727 3505 2843 3561; x_wconf 88' lang='lat' dir='ltr'>quo</span> <span class='ocrx_word' id='word_1_449' title='bbox 2884 3490 3115 3559; x_wconf 84' lang='lat' dir='ltr'>fratres</span> <span class='ocrx_word' id='word_1_450' title='bbox 3167 3498 3430 3549; x_wconf 84' lang='lat' dir='ltr'>revocat</span> <span class='ocrx_word' id='word_1_451' title='bbox 3494 3496 3578 3550; x_wconf 93' lang='lat' dir='ltr'>ob</span> <span class='ocrx_word' id='word_1_452' title='bbox 3632 3496 3826 3551; x_wconf 69' lang='lat' dir='ltr'>adcen-</span> 
     </span>
    </p>
   </div>
   <div class='ocr_carea' id='block_1_38' title="bbox 382 3578 3826 3654">
    <p class='ocr_par' dir='ltr' id='par_1_38' title="bbox 382 3578 3826 3654">
     <span class='ocr_line' id='line_1_39' title="bbox 382 3578 3826 3654; baseline 0.001 -21"><span class='ocrx_word' id='word_1_453' title='bbox 382 3593 515 3634; x_wconf 90' lang='lat' dir='ltr'>sum</span> <span class='ocrx_word' id='word_1_454' title='bbox 543 3578 1023 3652; x_wconf 85' lang='lat' dir='ltr'>propitiationem</span> <span class='ocrx_word' id='word_1_455' title='bbox 1051 3578 1146 3634; x_wconf 88' lang='lat' dir='ltr'>vel</span> <span class='ocrx_word' id='word_1_456' title='bbox 1175 3578 1541 3634; x_wconf 89' lang='lat' dir='ltr'>charitatem.</span> <span class='ocrx_word' id='word_1_457' title='bbox 2204 3582 2329 3632; x_wconf 85' lang='lat' dir='ltr'>tum</span> <span class='ocrx_word' id='word_1_458' title='bbox 2351 3579 2609 3647; x_wconf 82' lang='lat' dir='ltr'>episcopi</span> <span class='ocrx_word' id='word_1_459' title='bbox 2632 3579 3035 3651; x_wconf 80' lang='lat' dir='ltr'>Frisingensis</span> <span class='ocrx_word' id='word_1_460' title='bbox 3060 3579 3292 3651; x_wconf 82' lang='lat' dir='ltr'>iniquis</span> <span class='ocrx_word' id='word_1_461' title='bbox 3351 3598 3524 3654; x_wconf 82' lang='lat' dir='ltr'>erga</span> <span class='ocrx_word' id='word_1_462' title='bbox 3577 3600 3644 3641; x_wconf 86' lang='lat' dir='ltr'>se</span> <span class='ocrx_word' id='word_1_463' title='bbox 3692 3586 3826 3640; x_wconf 71' lang='lat' dir='ltr'>dela-</span> 
     </span>
    </p>
   </div>
   <div class='ocr_carea' id='block_1_39' title="bbox 1167 3665 2849 3756">
    <p class='ocr_par' dir='ltr' id='par_1_39' title="bbox 1167 3665 2849 3756">
     <span class='ocr_line' id='line_1_40' title="bbox 1167 3665 2849 3756; baseline 0.005 -44"><span class='ocrx_word' id='word_1_464' title='bbox 1167 3706 1229 3756; x_wconf 60' lang='lat' dir='ltr'>v_</span> <span class='ocrx_word' id='word_1_465' title='bbox 2205 3665 2459 3756; x_wconf 74' lang='lat' dir='ltr'>tionibus</span> <span class='ocrx_word' id='word_1_466' title='bbox 2490 3668 2849 3736; x_wconf 74' lang='lat' dir='ltr'>exasperati.</span> 
     </span>
    </p>
   </div>
   <div class='ocr_carea' id='block_1_40' title="bbox 1218 3748 3822 3835">
    <p class='ocr_par' dir='ltr' id='par_1_40' title="bbox 1218 3748 3822 3835">
     <span class='ocr_line' id='line_1_41' title="bbox 1218 3748 3822 3835; baseline 0.001 -20"><span class='ocrx_word' id='word_1_467' title='bbox 1218 3748 1510 3835; x_wconf 38' lang='lat' dir='ltr'>lnam.”</span> <span class='ocrx_word' id='word_1_468' title='bbox 1570 3808 1995 3835; x_wconf 29' lang='lat' dir='ltr'>mimum,“an</span> <span class='ocrx_word' id='word_1_469' title='bbox 2201 3755 2262 3809; x_wconf 88' lang='lat' dir='ltr'>V.</span> <span class='ocrx_word' id='word_1_470' title='bbox 2296 3754 2589 3811; x_wconf 89' lang='lat' dir='ltr'>abbatum</span> <span class='ocrx_word' id='word_1_471' title='bbox 2618 3756 2927 3813; x_wconf 87' lang='lat' dir='ltr'>decoranti</span> <span class='ocrx_word' id='word_1_472' title='bbox 2956 3756 3411 3817; x_wconf 87' lang='lat' dir='ltr'>sublimitatem</span> <span class='ocrx_word' id='word_1_473' title='bbox 3445 3778 3572 3835; x_wconf 87' lang='lat' dir='ltr'>per</span> <span class='ocrx_word' id='word_1_474' title='bbox 3600 3778 3822 3819; x_wconf 75' lang='lat' dir='ltr'>omnem</span> 
     </span>
    </p>
   </div>
   <div class='ocr_carea' id='block_1_41' title="bbox 375 3808 3818 3918">
    <p class='ocr_par' dir='ltr' id='par_1_41' title="bbox 375 3808 3818 3918">
     <span class='ocr_line' id='line_1_42' title="bbox 375 3808 3818 3918; baseline 0.011 -48"><span class='ocrx_word' id='word_1_475' title='bbox 375 3809 474 3865; x_wconf 83' lang='lat' dir='ltr'>Ad</span> <span class='ocrx_word' id='word_1_476' title='bbox 495 3808 2020 3918; x_wconf 29' lang='lat' dir='ltr'>:Aeri‘sfof‘uunilfgfff{tﬁff&#39;ff&#39;fjrisfﬁlgf’ffem’</span> <span class='ocrx_word' id='word_1_477' title='bbox 2129 3808 2413 3898; x_wconf 53' lang='lat' dir='ltr'>virtutem</span> <span class='ocrx_word' id='word_1_478' title='bbox 2442 3808 2882 3917; x_wconf 50' lang='lat' dir='ltr'>a&#39;agéciaiéi,‘</span> <span class='ocrx_word' id='word_1_479' title='bbox 2888 3808 2980 3918; x_wconf 57' lang='grc' dir='ltr'>ἐξ</span> <span class='ocrx_word' id='word_1_480' title='bbox 2996 3808 3272 3905; x_wconf 46' lang='lat' dir='ltr'>Iit-1;;</span> <span class='ocrx_word' id='word_1_481' title='bbox 3281 3808 3818 3910; x_wconf 48' lang='lat' dir='ltr'>Eﬁi‘s&#39;éafm</span> 
     </span>
    </p>
   </div>
   <div class='ocr_carea' id='block_1_42' title="bbox 496 3898 2809 4000">
    <p class='ocr_par' dir='ltr' id='par_1_42' title="bbox 496 3898 2809 4000">
     <span class='ocr_line' id='line_1_43' title="bbox 496 3898 2809 4000; baseline 0.006 -50"><span class='ocrx_word' id='word_1_482' title='bbox 496 3912 666 3968; x_wconf 86' lang='lat' dir='ltr'>quem</span> <span class='ocrx_word' id='word_1_483' title='bbox 690 3912 750 3952; x_wconf 89' lang='lat' dir='ltr'>se</span> <span class='ocrx_word' id='word_1_484' title='bbox 776 3898 849 3953; x_wconf 87' lang='lat' dir='ltr'>de</span> <span class='ocrx_word' id='word_1_485' title='bbox 871 3911 992 3952; x_wconf 80' lang='lat' dir='ltr'>non</span> <span class='ocrx_word' id='word_1_486' title='bbox 1023 3912 1289 3953; x_wconf 84' lang='lat' dir='ltr'>concesso</span> <span class='ocrx_word' id='word_1_487' title='bbox 1313 3898 1617 3966; x_wconf 84' lang='lat' dir='ltr'>frumento</span> <span class='ocrx_word' id='word_1_488' title='bbox 1647 3901 1911 3951; x_wconf 73' lang='lat' dir='ltr'>excusat.</span> <span class='ocrx_word' id='word_1_489' title='bbox 2131 3930 2355 4000; x_wconf 68' lang='lat' dir='ltr'>gaudia</span> 
     </span>
    </p>
   </div>
   <div class='ocr_carea' id='block_1_43' title="bbox 450 4018 3821 4092">
    <p class='ocr_par' dir='ltr' id='par_1_43' title="bbox 450 4018 3821 4092">
     <span class='ocr_line' id='line_1_44' title="bbox 450 4018 3821 4092; baseline 0.002 -17"><span class='ocrx_word' id='word_1_490' title='bbox 450 4019 871 4092; x_wconf 80' lang='lat' dir='ltr'>Amplectendo</span> <span class='ocrx_word' id='word_1_491' title='bbox 927 4019 1271 4076; x_wconf 90' lang='lat' dir='ltr'>meritorum</span> <span class='ocrx_word' id='word_1_492' title='bbox 1326 4019 1684 4086; x_wconf 88' lang='lat' dir='ltr'>sanctuario,</span> <span class='ocrx_word' id='word_1_493' title='bbox 1729 4018 2023 4088; x_wconf 89' lang='lat' dir='ltr'>condigne</span> <span class='ocrx_word' id='word_1_494' title='bbox 2200 4022 2348 4076; x_wconf 86' lang='lat' dir='ltr'>Cum</span> <span class='ocrx_word' id='word_1_495' title='bbox 2368 4023 2641 4076; x_wconf 89' lang='lat' dir='ltr'>nostrum</span> <span class='ocrx_word' id='word_1_496' title='bbox 2671 4026 2831 4078; x_wconf 90' lang='lat' dir='ltr'>esset</span> <span class='ocrx_word' id='word_1_497' title='bbox 2857 4022 3007 4079; x_wconf 91' lang='lat' dir='ltr'>velle</span> <span class='ocrx_word' id='word_1_498' title='bbox 3030 4028 3233 4081; x_wconf 89' lang='lat' dir='ltr'>vestro</span> <span class='ocrx_word' id='word_1_499' title='bbox 3259 4027 3658 4086; x_wconf 87' lang='lat' dir='ltr'>satisfacere</span> <span class='ocrx_word' id='word_1_500' title='bbox 3696 4031 3821 4085; x_wconf 77' lang='lat' dir='ltr'>desi-</span> 
     </span>
    </p>
   </div>
   <div class='ocr_carea' id='block_1_44' title="bbox 378 4108 3819 4182">
    <p class='ocr_par' dir='ltr' id='par_1_44' title="bbox 378 4108 3819 4182">
     <span class='ocr_line' id='line_1_45' title="bbox 378 4108 3819 4182; baseline 0.002 -19"><span class='ocrx_word' id='word_1_501' title='bbox 378 4108 700 4179; x_wconf 88' lang='lat' dir='ltr'>suhrogato</span> <span class='ocrx_word' id='word_1_502' title='bbox 758 4109 970 4165; x_wconf 88' lang='lat' dir='ltr'>Christi</span> <span class='ocrx_word' id='word_1_503' title='bbox 1013 4108 1254 4171; x_wconf 89' lang='lat' dir='ltr'>vicario,</span> <span class='ocrx_word' id='word_1_504' title='bbox 1288 4122 1343 4175; x_wconf 47' lang='lat' dir='ltr'>is</span> <span class='ocrx_word' id='word_1_505' title='bbox 1387 4108 1597 4165; x_wconf 89' lang='lat' dir='ltr'>Christi</span> <span class='ocrx_word' id='word_1_506' title='bbox 1649 4108 1837 4178; x_wconf 88' lang='lat' dir='ltr'>gratia</span> <span class='ocrx_word' id='word_1_507' title='bbox 1868 4124 2022 4164; x_wconf 63' lang='lat' dir='ltr'>cura;</span> <span class='ocrx_word' id='word_1_508' title='bbox 2127 4108 2311 4177; x_wconf 92' lang='lat' dir='ltr'>derio,</span> <span class='ocrx_word' id='word_1_509' title='bbox 2346 4110 2689 4182; x_wconf 90' lang='lat' dir='ltr'>repentinus</span> <span class='ocrx_word' id='word_1_510' title='bbox 2718 4112 2905 4167; x_wconf 89' lang='lat' dir='ltr'>nostri</span> <span class='ocrx_word' id='word_1_511' title='bbox 2934 4113 3217 4170; x_wconf 87' lang='lat' dir='ltr'>antistitis</span> <span class='ocrx_word' id='word_1_512' title='bbox 3250 4115 3599 4175; x_wconf 88' lang='lat' dir='ltr'>adventus</span> <span class='ocrx_word' id='word_1_513' title='bbox 3644 4126 3819 4176; x_wconf 57' lang='lat' dir='ltr'>nostra</span> 
     </span>
    </p>
   </div>
   <div class='ocr_carea' id='block_1_45' title="bbox 378 4195 3821 4272">
    <p class='ocr_par' dir='ltr' id='par_1_45' title="bbox 378 4195 3821 4272">
     <span class='ocr_line' id='line_1_46' title="bbox 378 4195 3821 4272; baseline 0.003 -20"><span class='ocrx_word' id='word_1_514' title='bbox 378 4197 641 4253; x_wconf 87' lang='lat' dir='ltr'>custodis</span> <span class='ocrx_word' id='word_1_515' title='bbox 670 4197 1008 4269; x_wconf 90' lang='lat' dir='ltr'>deputatus,</span> <span class='ocrx_word' id='word_1_516' title='bbox 1042 4196 1290 4253; x_wconf 80' lang='lat' dir='ltr'>ccelestis</span> <span class='ocrx_word' id='word_1_517' title='bbox 1321 4196 1543 4266; x_wconf 88' lang='lat' dir='ltr'>gaudia</span> <span class='ocrx_word' id='word_1_518' title='bbox 1571 4195 1884 4252; x_wconf 89' lang='lat' dir='ltr'>incolatus.</span> <span class='ocrx_word' id='word_1_519' title='bbox 2128 4196 2468 4269; x_wconf 89' lang='lat' dir='ltr'>publicatus</span> <span class='ocrx_word' id='word_1_520' title='bbox 2493 4200 2875 4268; x_wconf 88' lang='lat' dir='ltr'>monasterio,</span> <span class='ocrx_word' id='word_1_521' title='bbox 2907 4205 3150 4257; x_wconf 88' lang='lat' dir='ltr'>nostros</span> <span class='ocrx_word' id='word_1_522' title='bbox 3180 4201 3438 4272; x_wconf 86' lang='lat' dir='ltr'>fratres,</span> <span class='ocrx_word' id='word_1_523' title='bbox 3501 4214 3720 4264; x_wconf 86' lang='lat' dir='ltr'>vestro</span> <span class='ocrx_word' id='word_1_524' title='bbox 3746 4208 3821 4263; x_wconf 69' lang='lat' dir='ltr'>ad-</span> 
     </span>
    </p>
   </div>
   <div class='ocr_carea' id='block_1_46' title="bbox 445 4283 3819 4362">
    <p class='ocr_par' dir='ltr' id='par_1_46' title="bbox 445 4283 3819 4362">
     <span class='ocr_line' id='line_1_47' title="bbox 445 4283 3819 4362; baseline 0.002 -20"><span class='ocrx_word' id='word_1_525' title='bbox 445 4288 696 4343; x_wconf 90' lang='lat' dir='ltr'>Omnem</span> <span class='ocrx_word' id='word_1_526' title='bbox 741 4302 877 4359; x_wconf 79' lang='lat' dir='ltr'>quae</span> <span class='ocrx_word' id='word_1_527' title='bbox 921 4286 1135 4359; x_wconf 91' lang='lat' dir='ltr'>poterit</span> <span class='ocrx_word' id='word_1_528' title='bbox 1161 4285 1520 4341; x_wconf 90' lang='lat' dir='ltr'>devitionem</span> <span class='ocrx_word' id='word_1_529' title='bbox 1567 4284 1837 4357; x_wconf 89' lang='lat' dir='ltr'>impendi</span> <span class='ocrx_word' id='word_1_530' title='bbox 1881 4285 2021 4341; x_wconf 73' lang='lat' dir='ltr'>atfe-</span> <span class='ocrx_word' id='word_1_531' title='bbox 2125 4283 2314 4341; x_wconf 91' lang='lat' dir='ltr'>dictos</span> <span class='ocrx_word' id='word_1_532' title='bbox 2346 4286 2600 4353; x_wconf 88' lang='lat' dir='ltr'>servitio,</span> <span class='ocrx_word' id='word_1_533' title='bbox 2632 4288 2791 4357; x_wconf 86' lang='lat' dir='ltr'>cogit</span> <span class='ocrx_word' id='word_1_534' title='bbox 2814 4303 2925 4345; x_wconf 90' lang='lat' dir='ltr'>nos</span> <span class='ocrx_word' id='word_1_535' title='bbox 2954 4304 3207 4362; x_wconf 91' lang='lat' dir='ltr'>poscere</span> <span class='ocrx_word' id='word_1_536' title='bbox 3229 4296 3478 4350; x_wconf 77' lang='lat' dir='ltr'>nostrae</span> <span class='ocrx_word' id='word_1_537' title='bbox 3509 4298 3819 4353; x_wconf 81' lang='lat' dir='ltr'>remissum</span> 
     </span>
    </p>
   </div>
   <div class='ocr_carea' id='block_1_47' title="bbox 372 4364 3815 4482">
    <p class='ocr_par' dir='ltr' id='par_1_47' title="bbox 372 4364 3815 4482">
     <span class='ocr_line' id='line_1_48' title="bbox 372 4364 3815 4482; baseline -0 -52"><span class='ocrx_word' id='word_1_538' title='bbox 372 4373 549 4431; x_wconf 90' lang='lat' dir='ltr'>ctioni</span> <span class='ocrx_word' id='word_1_539' title='bbox 574 4374 749 4431; x_wconf 91' lang='lat' dir='ltr'>ullius</span> <span class='ocrx_word' id='word_1_540' title='bbox 778 4375 974 4445; x_wconf 87' lang='lat' dir='ltr'>amici,</span> <span class='ocrx_word' id='word_1_541' title='bbox 1007 4375 1377 4442; x_wconf 90' lang='lat' dir='ltr'>conﬁtemur,</span> <span class='ocrx_word' id='word_1_542' title='bbox 1422 4373 1627 4446; x_wconf 89' lang='lat' dir='ltr'>quoad</span> <span class='ocrx_word' id='word_1_543' title='bbox 1672 4374 2016 4443; x_wconf 81' lang='lat' dir='ltr'>vixerimus,</span> <span class='ocrx_word' id='word_1_544' title='bbox 2042 4427 2089 4482; x_wconf 66' lang='grc' dir='ltr'><strong>Β</strong></span> <span class='ocrx_word' id='word_1_545' title='bbox 2122 4371 2184 4428; x_wconf 92' lang='lat' dir='ltr'>in</span> <span class='ocrx_word' id='word_1_546' title='bbox 2237 4364 2715 4445; x_wconf 82' lang='lat' dir='ltr'>congregationis</span> <span class='ocrx_word' id='word_1_547' title='bbox 2760 4379 3123 4450; x_wconf 90' lang='lat' dir='ltr'>paupertati,</span> <span class='ocrx_word' id='word_1_548' title='bbox 3177 4379 3591 4454; x_wconf 86' lang='lat' dir='ltr'>priusquam</span> <span class='ocrx_word' id='word_1_549' title='bbox 3648 4392 3815 4442; x_wconf 67' lang='lat' dir='ltr'>vestr.</span> 
     </span>
    </p>
   </div>
   <div class='ocr_carea' id='block_1_48' title="bbox 371 4463 3821 4545">
    <p class='ocr_par' dir='ltr' id='par_1_48' title="bbox 371 4463 3821 4545">
     <span class='ocr_line' id='line_1_49' title="bbox 371 4463 3821 4545; baseline 0.002 -25"><span class='ocrx_word' id='word_1_550' title='bbox 371 4463 506 4520; x_wconf 88' lang='lat' dir='ltr'>totis</span> <span class='ocrx_word' id='word_1_551' title='bbox 536 4464 846 4521; x_wconf 87' lang='lat' dir='ltr'>annisibus</span> <span class='ocrx_word' id='word_1_552' title='bbox 877 4464 1092 4521; x_wconf 90' lang='lat' dir='ltr'>nostris</span> <span class='ocrx_word' id='word_1_553' title='bbox 1122 4481 1231 4538; x_wconf 92' lang='lat' dir='ltr'>par</span> <span class='ocrx_word' id='word_1_554' title='bbox 1260 4480 1393 4520; x_wconf 91' lang='lat' dir='ltr'>esse</span> <span class='ocrx_word' id='word_1_555' title='bbox 1426 4464 1595 4521; x_wconf 89' lang='lat' dir='ltr'>vobis</span> <span class='ocrx_word' id='word_1_556' title='bbox 1628 4463 1845 4531; x_wconf 92' lang='lat' dir='ltr'>addici,</span> <span class='ocrx_word' id='word_1_557' title='bbox 1876 4463 2018 4537; x_wconf 87' lang='lat' dir='ltr'>quia</span> <span class='ocrx_word' id='word_1_558' title='bbox 2042 4463 2088 4482; x_wconf 80' lang='lat'><strong><em>&quot;</em></strong></span> <span class='ocrx_word' id='word_1_559' title='bbox 2122 4463 2487 4535; x_wconf 90' lang='lat' dir='ltr'>promissum</span> <span class='ocrx_word' id='word_1_560' title='bbox 2513 4469 2667 4521; x_wconf 91' lang='lat' dir='ltr'>esset</span> <span class='ocrx_word' id='word_1_561' title='bbox 2692 4466 2983 4523; x_wconf 89' lang='lat' dir='ltr'>charitati.</span> <span class='ocrx_word' id='word_1_562' title='bbox 3019 4467 3239 4525; x_wconf 87' lang='lat' dir='ltr'>Delatae</span> <span class='ocrx_word' id='word_1_563' title='bbox 3271 4468 3594 4545; x_wconf 90' lang='lat' dir='ltr'>quidem,</span> <span class='ocrx_word' id='word_1_564' title='bbox 3657 4481 3721 4531; x_wconf 90' lang='lat' dir='ltr'>ut</span> <span class='ocrx_word' id='word_1_565' title='bbox 3761 4492 3821 4529; x_wconf 61' lang='lat' dir='ltr'>re</span> 
     </span>
    </p>
   </div>
   <div class='ocr_carea' id='block_1_49' title="bbox 374 4551 3822 4631">
    <p class='ocr_par' dir='ltr' id='par_1_49' title="bbox 374 4551 3822 4631">
     <span class='ocr_line' id='line_1_50' title="bbox 374 4551 3822 4631; baseline 0.004 -23"><span class='ocrx_word' id='word_1_566' title='bbox 374 4552 788 4610; x_wconf 58' lang='lat' dir='ltr'>muniﬁcentia</span> <span class='ocrx_word' id='word_1_567' title='bbox 816 4558 1028 4610; x_wconf 78' lang='lat' dir='ltr'>vestrae</span> <span class='ocrx_word' id='word_1_568' title='bbox 1056 4552 1401 4610; x_wconf 84' lang='lat' dir='ltr'>excellentia</span> <span class='ocrx_word' id='word_1_569' title='bbox 1430 4552 1721 4626; x_wconf 89' lang='lat' dir='ltr'>perdigna</span> <span class='ocrx_word' id='word_1_570' title='bbox 1763 4557 1852 4607; x_wconf 91' lang='lat' dir='ltr'>est</span> <span class='ocrx_word' id='word_1_571' title='bbox 1874 4552 2018 4608; x_wconf 89' lang='lat' dir='ltr'>inte-</span> <span class='ocrx_word' id='word_1_572' title='bbox 2124 4551 2430 4623; x_wconf 89' lang='lat' dir='ltr'>scivimus,</span> <span class='ocrx_word' id='word_1_573' title='bbox 2470 4554 2543 4609; x_wconf 92' lang='lat' dir='ltr'>de</span> <span class='ocrx_word' id='word_1_574' title='bbox 2574 4554 2687 4610; x_wconf 93' lang='lat' dir='ltr'>hoc</span> <span class='ocrx_word' id='word_1_575' title='bbox 2720 4555 2999 4612; x_wconf 75' lang='lat' dir='ltr'>coenobio</span> <span class='ocrx_word' id='word_1_576' title='bbox 3048 4556 3218 4614; x_wconf 74' lang='lat' dir='ltr'>falsae</span> <span class='ocrx_word' id='word_1_577' title='bbox 3271 4558 3519 4631; x_wconf 82' lang='lat' dir='ltr'>lingua</span> <span class='ocrx_word' id='word_1_578' title='bbox 3593 4566 3822 4623; x_wconf 84' lang='lat' dir='ltr'>adulan-</span> 
     </span>
    </p>
   </div>
   <div class='ocr_carea' id='block_1_50' title="bbox 369 4639 3823 4729">
    <p class='ocr_par' dir='ltr' id='par_1_50' title="bbox 369 4639 3823 4729">
     <span class='ocr_line' id='line_1_51' title="bbox 369 4639 3823 4729; baseline 0.003 -33"><span class='ocrx_word' id='word_1_579' title='bbox 369 4640 538 4697; x_wconf 88' lang='lat' dir='ltr'>rioris</span> <span class='ocrx_word' id='word_1_580' title='bbox 588 4658 693 4698; x_wconf 89' lang='lat' dir='ltr'>seu</span> <span class='ocrx_word' id='word_1_581' title='bbox 734 4642 1034 4699; x_wconf 86' lang='lat' dir='ltr'>exterioris</span> <span class='ocrx_word' id='word_1_582' title='bbox 1082 4647 1297 4698; x_wconf 88' lang='lat' dir='ltr'>cuncta</span> <span class='ocrx_word' id='word_1_583' title='bbox 1338 4641 1622 4698; x_wconf 88' lang='lat' dir='ltr'>famulicii</span> <span class='ocrx_word' id='word_1_584' title='bbox 1661 4640 2013 4713; x_wconf 90' lang='lat' dir='ltr'>frequentia.</span> <span class='ocrx_word' id='word_1_585' title='bbox 2121 4639 2271 4696; x_wconf 89' lang='lat' dir='ltr'>tium</span> <span class='ocrx_word' id='word_1_586' title='bbox 2297 4640 2757 4710; x_wconf 90' lang='lat' dir='ltr'>criminationes,</span> <span class='ocrx_word' id='word_1_587' title='bbox 2793 4644 3034 4715; x_wconf 88' lang='lat' dir='ltr'>ejudem</span> <span class='ocrx_word' id='word_1_588' title='bbox 3067 4646 3415 4705; x_wconf 86' lang='lat' dir='ltr'>adversum</span> <span class='ocrx_word' id='word_1_589' title='bbox 3446 4667 3587 4709; x_wconf 89' lang='lat' dir='ltr'>nos</span> <span class='ocrx_word' id='word_1_590' title='bbox 3622 4672 3823 4729; x_wconf 61' lang='lat' dir='ltr'>pursu-</span> 
     </span>
    </p>
   </div>
   <div class='ocr_carea' id='block_1_51' title="bbox 373 4727 3823 4803">
    <p class='ocr_par' dir='ltr' id='par_1_51' title="bbox 373 4727 3823 4803">
     <span class='ocr_line' id='line_1_52' title="bbox 373 4727 3823 4803; baseline 0.003 -17"><span class='ocrx_word' id='word_1_591' title='bbox 373 4732 581 4787; x_wconf 88' lang='lat' dir='ltr'>Verum</span> <span class='ocrx_word' id='word_1_592' title='bbox 604 4731 815 4803; x_wconf 90' lang='lat' dir='ltr'>ingerit</span> <span class='ocrx_word' id='word_1_593' title='bbox 840 4731 1015 4788; x_wconf 90' lang='lat' dir='ltr'>nobis</span> <span class='ocrx_word' id='word_1_594' title='bbox 1040 4731 1322 4787; x_wconf 87' lang='lat' dir='ltr'>ruborem</span> <span class='ocrx_word' id='word_1_595' title='bbox 1348 4730 1715 4786; x_wconf 88' lang='lat' dir='ltr'>confusionis</span> <span class='ocrx_word' id='word_1_596' title='bbox 1737 4730 1847 4785; x_wconf 88' lang='lat' dir='ltr'>has</span> <span class='ocrx_word' id='word_1_597' title='bbox 1873 4745 2015 4802; x_wconf 84' lang='lat' dir='ltr'>prae-</span> <span class='ocrx_word' id='word_1_598' title='bbox 2117 4727 2189 4783; x_wconf 89' lang='lat' dir='ltr'>lis</span> <span class='ocrx_word' id='word_1_599' title='bbox 2236 4730 2554 4786; x_wconf 91' lang='lat' dir='ltr'>nonnullas</span> <span class='ocrx_word' id='word_1_600' title='bbox 2602 4731 2810 4788; x_wconf 89' lang='lat' dir='ltr'>dolose</span> <span class='ocrx_word' id='word_1_601' title='bbox 2866 4734 3194 4791; x_wconf 89' lang='lat' dir='ltr'>conﬂando</span> <span class='ocrx_word' id='word_1_602' title='bbox 3242 4727 3671 4801; x_wconf 61' lang='lat' dir='ltr'>machinata:</span> <span class='ocrx_word' id='word_1_603' title='bbox 3720 4750 3823 4799; x_wconf 72' lang='lat' dir='ltr'>sun&#39;</span> 
     </span>
    </p>
   </div>
   <div class='ocr_carea' id='block_1_52' title="bbox 369 4815 3823 4903">
    <p class='ocr_par' dir='ltr' id='par_1_52' title="bbox 369 4815 3823 4903">
     <span class='ocr_line' id='line_1_53' title="bbox 369 4815 3823 4903; baseline 0.003 -29"><span class='ocrx_word' id='word_1_604' title='bbox 369 4820 585 4877; x_wconf 88' lang='lat' dir='ltr'>sentari</span> <span class='ocrx_word' id='word_1_605' title='bbox 612 4820 833 4878; x_wconf 89' lang='lat' dir='ltr'>litteras</span> <span class='ocrx_word' id='word_1_606' title='bbox 865 4824 1073 4877; x_wconf 78' lang='lat' dir='ltr'>vestrae</span> <span class='ocrx_word' id='word_1_607' title='bbox 1104 4820 1451 4893; x_wconf 89' lang='lat' dir='ltr'>conspectui</span> <span class='ocrx_word' id='word_1_608' title='bbox 1500 4818 1848 4875; x_wconf 90' lang='lat' dir='ltr'>dilectionis.</span> <span class='ocrx_word' id='word_1_609' title='bbox 1900 4822 2015 4875; x_wconf 90' lang='lat' dir='ltr'>Nos</span> <span class='ocrx_word' id='word_1_610' title='bbox 2116 4815 2575 4888; x_wconf 87' lang='lat' dir='ltr'>indignationes.</span> <span class='ocrx_word' id='word_1_611' title='bbox 2610 4821 2739 4885; x_wconf 87' lang='lat' dir='ltr'>Qua</span> <span class='ocrx_word' id='word_1_612' title='bbox 2770 4821 2843 4876; x_wconf 90' lang='lat' dir='ltr'>de</span> <span class='ocrx_word' id='word_1_613' title='bbox 2872 4837 2937 4877; x_wconf 90' lang='lat' dir='ltr'>re</span> <span class='ocrx_word' id='word_1_614' title='bbox 2966 4839 3349 4897; x_wconf 88' lang='lat' dir='ltr'>magnopere</span> <span class='ocrx_word' id='word_1_615' title='bbox 3376 4828 3787 4903; x_wconf 79' lang='lat' dir='ltr'>eﬂlagitamu</span> <span class='ocrx_word' id='word_1_616' title='bbox 3817 4874 3823 4884; x_wconf 89' lang='lat'>.</span> 
     </span>
    </p>
   </div>
   <div class='ocr_carea' id='block_1_53' title="bbox 366 4906 3823 4997">
    <p class='ocr_par' dir='ltr' id='par_1_53' title="bbox 366 4906 3823 4997">
     <span class='ocr_line' id='line_1_54' title="bbox 366 4906 3823 4997; baseline 0.004 -32"><span class='ocrx_word' id='word_1_617' title='bbox 366 4909 611 4981; x_wconf 89' lang='lat' dir='ltr'>quidem</span> <span class='ocrx_word' id='word_1_618' title='bbox 638 4910 812 4967; x_wconf 87' lang='lat' dir='ltr'>vestri</span> <span class='ocrx_word' id='word_1_619' title='bbox 839 4910 1307 4979; x_wconf 86' lang='lat' dir='ltr'>magnitudinem</span> <span class='ocrx_word' id='word_1_620' title='bbox 1338 4906 1611 4965; x_wconf 90' lang='lat' dir='ltr'>beneﬁcii</span> <span class='ocrx_word' id='word_1_621' title='bbox 1634 4906 1799 4997; x_wconf 82' lang='lat' dir='ltr'>haud</span> <span class='ocrx_word' id='word_1_622' title='bbox 1837 4923 2013 4997; x_wconf 85' lang='lat' dir='ltr'>posse</span> <span class='ocrx_word' id='word_1_623' title='bbox 2117 4907 2261 4979; x_wconf 87' lang='lat' dir='ltr'>quia</span> <span class='ocrx_word' id='word_1_624' title='bbox 2288 4907 2350 4962; x_wconf 91' lang='lat' dir='ltr'>in</span> <span class='ocrx_word' id='word_1_625' title='bbox 2373 4913 2635 4997; x_wconf 87' lang='lat' dir='ltr'>vestram</span> <span class='ocrx_word' id='word_1_626' title='bbox 2686 4910 3066 4983; x_wconf 89' lang='lat' dir='ltr'>peculiariter</span> <span class='ocrx_word' id='word_1_627' title='bbox 3106 4912 3609 4983; x_wconf 85' lang='lat' dir='ltr'>benignitatem</span> <span class='ocrx_word' id='word_1_628' title='bbox 3656 4939 3823 4997; x_wconf 70' lang='lat' dir='ltr'>spera-</span> 
     </span>
    </p>
   </div>
   <div class='ocr_carea' id='block_1_54' title="bbox 366 4995 3823 5087">
    <p class='ocr_par' dir='ltr' id='par_1_54' title="bbox 366 4995 3823 5087">
     <span class='ocr_line' id='line_1_55' title="bbox 366 4995 3823 5087; baseline 0.004 -32"><span class='ocrx_word' id='word_1_629' title='bbox 366 4999 719 5073; x_wconf 83' lang='lat' dir='ltr'>aequiperari</span> <span class='ocrx_word' id='word_1_630' title='bbox 774 4998 896 5055; x_wconf 89' lang='lat' dir='ltr'>ulla</span> <span class='ocrx_word' id='word_1_631' title='bbox 942 4999 1128 5056; x_wconf 89' lang='lat' dir='ltr'>nostri</span> <span class='ocrx_word' id='word_1_632' title='bbox 1186 4997 1535 5087; x_wconf 86' lang='lat' dir='ltr'>assiduitate</span> <span class='ocrx_word' id='word_1_633' title='bbox 1584 4995 1797 5087; x_wconf 84' lang='lat' dir='ltr'>servitii</span> <span class='ocrx_word' id='word_1_634' title='bbox 1842 4996 2011 5067; x_wconf 88' lang='lat' dir='ltr'>[fate-</span> <span class='ocrx_word' id='word_1_635' title='bbox 2114 5011 2283 5087; x_wconf 69' lang='lat' dir='ltr'>mus,</span> <span class='ocrx_word' id='word_1_636' title='bbox 2300 4996 2511 5052; x_wconf 89' lang='lat' dir='ltr'>vestris</span> <span class='ocrx_word' id='word_1_637' title='bbox 2541 5002 2840 5087; x_wconf 88' lang='lat' dir='ltr'>quatenus</span> <span class='ocrx_word' id='word_1_638' title='bbox 2857 5001 3380 5060; x_wconf 88' lang='lat' dir='ltr'>commendatitiis</span> <span class='ocrx_word' id='word_1_639' title='bbox 3421 5012 3627 5082; x_wconf 87' lang='lat' dir='ltr'>apud</span> <span class='ocrx_word' id='word_1_640' title='bbox 3654 4995 3823 5087; x_wconf 80' lang='lat' dir='ltr'>ipsum</span> 
     </span>
    </p>
   </div>
   <div class='ocr_carea' id='block_1_55' title="bbox 366 5083 3820 5176">
    <p class='ocr_par' dir='ltr' id='par_1_55' title="bbox 366 5083 3820 5176">
     <span class='ocr_line' id='line_1_56' title="bbox 366 5083 3820 5176; baseline 0.002 -33"><span class='ocrx_word' id='word_1_641' title='bbox 366 5090 541 5159; x_wconf 88' lang='lat' dir='ltr'>mur].</span> <span class='ocrx_word' id='word_1_642' title='bbox 575 5092 703 5156; x_wconf 85' lang='lat' dir='ltr'>Qua</span> <span class='ocrx_word' id='word_1_643' title='bbox 730 5090 804 5144; x_wconf 91' lang='lat' dir='ltr'>de</span> <span class='ocrx_word' id='word_1_644' title='bbox 831 5104 895 5144; x_wconf 91' lang='lat' dir='ltr'>re</span> <span class='ocrx_word' id='word_1_645' title='bbox 927 5088 1149 5145; x_wconf 93' lang='lat' dir='ltr'>scilicet</span> <span class='ocrx_word' id='word_1_646' title='bbox 1180 5088 1309 5158; x_wconf 90' lang='lat' dir='ltr'>ejus</span> <span class='ocrx_word' id='word_1_647' title='bbox 1342 5083 1746 5142; x_wconf 88' lang='lat' dir='ltr'>testimonium</span> <span class='ocrx_word' id='word_1_648' title='bbox 1769 5084 2011 5141; x_wconf 87' lang='lat' dir='ltr'>invoca-</span> <span class='ocrx_word' id='word_1_649' title='bbox 2114 5083 2341 5147; x_wconf 88' lang='lat' dir='ltr'>litteris,</span> <span class='ocrx_word' id='word_1_650' title='bbox 2401 5090 2506 5142; x_wconf 91' lang='lat' dir='ltr'>aut</span> <span class='ocrx_word' id='word_1_651' title='bbox 2559 5086 2962 5157; x_wconf 90' lang='lat' dir='ltr'>legationibus</span> <span class='ocrx_word' id='word_1_652' title='bbox 3008 5089 3071 5145; x_wconf 90' lang='lat' dir='ltr'>id</span> <span class='ocrx_word' id='word_1_653' title='bbox 3123 5088 3459 5152; x_wconf 82' lang='lat' dir='ltr'>efﬁciatur</span> <span class='ocrx_word' id='word_1_654' title='bbox 3495 5142 3514 5168; x_wconf 85' lang='lat'>,</span> <span class='ocrx_word' id='word_1_655' title='bbox 3601 5083 3820 5176; x_wconf 54' lang='lat' dir='ltr'>quantis</span> 
     </span>
    </p>
   </div>
   <div class='ocr_carea' id='block_1_56' title="bbox 364 5172 3824 5263">
    <p class='ocr_par' dir='ltr' id='par_1_56' title="bbox 364 5172 3824 5263">
     <span class='ocr_line' id='line_1_57' title="bbox 364 5172 3824 5263; baseline 0.003 -31"><span class='ocrx_word' id='word_1_656' title='bbox 364 5178 478 5248; x_wconf 88' lang='lat' dir='ltr'>tur,</span> <span class='ocrx_word' id='word_1_657' title='bbox 507 5178 611 5249; x_wconf 85' lang='lat' dir='ltr'>qui</span> <span class='ocrx_word' id='word_1_658' title='bbox 641 5182 992 5234; x_wconf 90' lang='lat' dir='ltr'>cunctorum</span> <span class='ocrx_word' id='word_1_659' title='bbox 1022 5180 1247 5233; x_wconf 87' lang='lat' dir='ltr'>secreta</span> <span class='ocrx_word' id='word_1_660' title='bbox 1276 5174 1544 5230; x_wconf 88' lang='lat' dir='ltr'>cordium</span> <span class='ocrx_word' id='word_1_661' title='bbox 1574 5173 1843 5261; x_wconf 85' lang='lat' dir='ltr'>rimatur,</span> <span class='ocrx_word' id='word_1_662' title='bbox 1865 5190 2012 5246; x_wconf 58' lang='lat' dir='ltr'>quo.</span> <span class='ocrx_word' id='word_1_663' title='bbox 2114 5173 2229 5229; x_wconf 89' lang='lat' dir='ltr'>hoc</span> <span class='ocrx_word' id='word_1_664' title='bbox 2281 5172 2652 5231; x_wconf 86' lang='lat' dir='ltr'>domicilium</span> <span class='ocrx_word' id='word_1_665' title='bbox 2712 5192 2821 5232; x_wconf 93' lang='lat' dir='ltr'>suo</span> <span class='ocrx_word' id='word_1_666' title='bbox 2878 5177 3159 5249; x_wconf 88' lang='lat' dir='ltr'>primitus</span> <span class='ocrx_word' id='word_1_667' title='bbox 3201 5178 3539 5251; x_wconf 80' lang='lat' dir='ltr'>ingressu</span> <span class='ocrx_word' id='word_1_668' title='bbox 3598 5172 3668 5247; x_wconf 75' lang='lat' dir='ltr'>in</span> <span class='ocrx_word' id='word_1_669' title='bbox 3710 5206 3824 5263; x_wconf 54' lang='lat' dir='ltr'>prce</span> 
     </span>
    </p>
   </div>
   <div class='ocr_carea' id='block_1_57' title="bbox 362 5260 3814 5353">
    <p class='ocr_par' dir='ltr' id='par_1_57' title="bbox 362 5260 3814 5353">
     <span class='ocr_line' id='line_1_58' title="bbox 362 5260 3814 5353; baseline 0.003 -32"><span class='ocrx_word' id='word_1_670' title='bbox 362 5265 527 5321; x_wconf 87' lang='lat' dir='ltr'>niam</span> <span class='ocrx_word' id='word_1_671' title='bbox 556 5265 614 5319; x_wconf 90' lang='lat' dir='ltr'>in</span> <span class='ocrx_word' id='word_1_672' title='bbox 639 5265 770 5320; x_wconf 92' lang='lat' dir='ltr'>loco</span> <span class='ocrx_word' id='word_1_673' title='bbox 801 5265 1027 5321; x_wconf 86' lang='lat' dir='ltr'>avobis</span> <span class='ocrx_word' id='word_1_674' title='bbox 1066 5262 1420 5336; x_wconf 63' lang='lat' dir='ltr'>praetitulato</span> <span class='ocrx_word' id='word_1_675' title='bbox 1474 5260 1794 5316; x_wconf 86' lang='lat' dir='ltr'>exhibendi</span> <span class='ocrx_word' id='word_1_676' title='bbox 1846 5262 2010 5318; x_wconf 88' lang='lat' dir='ltr'>nulla</span> <span class='ocrx_word' id='word_1_677' title='bbox 2113 5263 2438 5319; x_wconf 88' lang='lat' dir='ltr'>sentiarum</span> <span class='ocrx_word' id='word_1_678' title='bbox 2495 5264 2838 5337; x_wconf 90' lang='lat' dir='ltr'>illustratur,</span> <span class='ocrx_word' id='word_1_679' title='bbox 2898 5267 2991 5323; x_wconf 90' lang='lat' dir='ltr'>sui</span> <span class='ocrx_word' id='word_1_680' title='bbox 3044 5268 3295 5327; x_wconf 88' lang='lat' dir='ltr'>turbine</span> <span class='ocrx_word' id='word_1_681' title='bbox 3354 5276 3649 5337; x_wconf 87' lang='lat' dir='ltr'>terroris</span> <span class='ocrx_word' id='word_1_682' title='bbox 3676 5260 3729 5353; x_wconf 44' lang='lat'>,_</span> <span class='ocrx_word' id='word_1_683' title='bbox 3762 5295 3814 5333; x_wconf 68' lang='lat' dir='ltr'>ne</span> 
     </span>
    </p>
   </div>
   <div class='ocr_carea' id='block_1_58' title="bbox 363 5349 3817 5430">
    <p class='ocr_par' dir='ltr' id='par_1_58' title="bbox 363 5349 3817 5430">
     <span class='ocr_line' id='line_1_59' title="bbox 363 5349 3817 5430; baseline 0.005 -23"><span class='ocrx_word' id='word_1_684' title='bbox 363 5350 611 5407; x_wconf 88' lang='lat' dir='ltr'>facultas</span> <span class='ocrx_word' id='word_1_685' title='bbox 639 5351 909 5421; x_wconf 89' lang='lat' dir='ltr'>obsequii</span> <span class='ocrx_word' id='word_1_686' title='bbox 947 5349 1491 5409; x_wconf 88' lang='lat' dir='ltr'>acccommodatur.</span> <span class='ocrx_word' id='word_1_687' title='bbox 1540 5351 1807 5405; x_wconf 88' lang='lat' dir='ltr'>Vestram</span> <span class='ocrx_word' id='word_1_688' title='bbox 1837 5365 2008 5406; x_wconf 86' lang='lat' dir='ltr'>nam-</span> <span class='ocrx_word' id='word_1_689' title='bbox 2113 5349 2454 5408; x_wconf 80' lang='lat' dir='ltr'>diﬁ‘ametur</span> <span class='ocrx_word' id='word_1_690' title='bbox 2502 5353 2594 5408; x_wconf 90' lang='lat' dir='ltr'>vel</span> <span class='ocrx_word' id='word_1_691' title='bbox 2641 5355 2964 5427; x_wconf 90' lang='lat' dir='ltr'>quatiatur.</span> <span class='ocrx_word' id='word_1_692' title='bbox 3022 5359 3286 5430; x_wconf 88' lang='lat' dir='ltr'>Insuper</span> <span class='ocrx_word' id='word_1_693' title='bbox 3372 5349 3687 5427; x_wconf 76' lang='lat' dir='ltr'>vestram</span> <span class='ocrx_word' id='word_1_694' title='bbox 3744 5385 3817 5424; x_wconf 81' lang='lat' dir='ltr'>cu-</span> 
     </span>
    </p>
   </div>
   <div class='ocr_carea' id='block_1_59' title="bbox 362 5437 3811 5531">
    <p class='ocr_par' dir='ltr' id='par_1_59' title="bbox 362 5437 3811 5531">
     <span class='ocr_line' id='line_1_60' title="bbox 362 5437 3811 5531; baseline 0.003 -37"><span class='ocrx_word' id='word_1_695' title='bbox 362 5437 934 5531; x_wconf 80' lang='lat' dir='ltr'>queintimationem</span> <span class='ocrx_word' id='word_1_696' title='bbox 951 5457 1127 5515; x_wconf 89' lang='lat' dir='ltr'>super</span> <span class='ocrx_word' id='word_1_697' title='bbox 1142 5439 1258 5495; x_wconf 89' lang='lat' dir='ltr'>hoc</span> <span class='ocrx_word' id='word_1_698' title='bbox 1282 5437 1520 5507; x_wconf 89' lang='lat' dir='ltr'>negotio</span> <span class='ocrx_word' id='word_1_699' title='bbox 1538 5437 2005 5531; x_wconf 77' lang='lat' dir='ltr'>sirescissemus,</span> <span class='ocrx_word' id='word_1_700' title='bbox 2112 5438 2313 5531; x_wconf 86' lang='lat' dir='ltr'>pimus</span> <span class='ocrx_word' id='word_1_701' title='bbox 2367 5439 2717 5498; x_wconf 78' lang='lat' dir='ltr'>afﬁnitatem</span> <span class='ocrx_word' id='word_1_702' title='bbox 2771 5444 2886 5500; x_wconf 91' lang='lat' dir='ltr'>hoc</span> <span class='ocrx_word' id='word_1_703' title='bbox 2936 5444 3051 5500; x_wconf 90' lang='lat' dir='ltr'>sibi</span> <span class='ocrx_word' id='word_1_704' title='bbox 3092 5447 3457 5522; x_wconf 86' lang='lat' dir='ltr'>consiliari,</span> <span class='ocrx_word' id='word_1_705' title='bbox 3497 5464 3811 5531; x_wconf 69' lang='lat' dir='ltr'>pastorem.</span> 
     </span>
    </p>
   </div>
   <div class='ocr_carea' id='block_1_60' title="bbox 361 5524 3811 5618">
    <p class='ocr_par' dir='ltr' id='par_1_60' title="bbox 361 5524 3811 5618">
     <span class='ocr_line' id='line_1_61' title="bbox 361 5524 3811 5618; baseline 0.002 -36"><span class='ocrx_word' id='word_1_706' title='bbox 361 5524 897 5618; x_wconf 45' lang='lat' dir='ltr'>priusquam‘inde</span> <span class='ocrx_word' id='word_1_707' title='bbox 944 5545 1121 5585; x_wconf 91' lang='lat' dir='ltr'>omne</span> <span class='ocrx_word' id='word_1_708' title='bbox 1152 5528 1517 5618; x_wconf 71' lang='lat' dir='ltr'>frumentum</span> <span class='ocrx_word' id='word_1_709' title='bbox 1577 5526 1792 5618; x_wconf 76' lang='lat' dir='ltr'>auferri</span> <span class='ocrx_word' id='word_1_710' title='bbox 1827 5526 2007 5618; x_wconf 78' lang='lat' dir='ltr'>jussi-</span> <span class='ocrx_word' id='word_1_711' title='bbox 2273 5530 2472 5618; x_wconf 80' lang='lat' dir='ltr'>posuit</span> <span class='ocrx_word' id='word_1_712' title='bbox 2530 5530 2797 5587; x_wconf 87' lang='lat' dir='ltr'>animam</span> <span class='ocrx_word' id='word_1_713' title='bbox 2849 5547 2959 5603; x_wconf 91' lang='lat' dir='ltr'>pro</span> <span class='ocrx_word' id='word_1_714' title='bbox 3019 5549 3132 5590; x_wconf 90' lang='lat' dir='ltr'>suo</span> <span class='ocrx_word' id='word_1_715' title='bbox 3206 5551 3444 5615; x_wconf 73' lang='lat' dir='ltr'>grege,</span> <span class='ocrx_word' id='word_1_716' title='bbox 3497 5524 3596 5605; x_wconf 63' lang='grc' dir='ltr'>ἠε</span> <span class='ocrx_word' id='word_1_717' title='bbox 3645 5548 3811 5618; x_wconf 48' lang='lat' dir='ltr'>digne</span> 
     </span>
    </p>
   </div>
   <div class='ocr_carea' id='block_1_61' title="bbox 364 5609 3811 5702">
    <p class='ocr_par' dir='ltr' id='par_1_61' title="bbox 364 5609 3811 5702">
     <span class='ocr_line' id='line_1_62' title="bbox 364 5609 3811 5702; baseline 0.006 -33"><span class='ocrx_word' id='word_1_718' title='bbox 364 5629 521 5684; x_wconf 88' lang='lat' dir='ltr'>mus,</span> <span class='ocrx_word' id='word_1_719' title='bbox 544 5626 669 5667; x_wconf 91' lang='lat' dir='ltr'>non</span> <span class='ocrx_word' id='word_1_720' title='bbox 696 5609 859 5702; x_wconf 70' lang='lat' dir='ltr'>aliter</span> <span class='ocrx_word' id='word_1_721' title='bbox 889 5620 1093 5671; x_wconf 83' lang='lat' dir='ltr'>vestrae</span> <span class='ocrx_word' id='word_1_722' title='bbox 1125 5614 1564 5672; x_wconf 88' lang='lat' dir='ltr'>studuissemus</span> <span class='ocrx_word' id='word_1_723' title='bbox 1591 5613 2007 5689; x_wconf 87' lang='lat' dir='ltr'>postulationis</span> <span class='ocrx_word' id='word_1_724' title='bbox 2108 5616 2201 5669; x_wconf 89' lang='lat' dir='ltr'>tur</span> <span class='ocrx_word' id='word_1_725' title='bbox 2223 5614 2466 5697; x_wconf 81' lang='lat' dir='ltr'>imitari,</span> <span class='ocrx_word' id='word_1_726' title='bbox 2492 5620 2670 5690; x_wconf 90' lang='lat' dir='ltr'>atque</span> <span class='ocrx_word' id='word_1_727' title='bbox 2701 5618 2793 5674; x_wconf 92' lang='lat' dir='ltr'>sui</span> <span class='ocrx_word' id='word_1_728' title='bbox 2820 5620 3159 5697; x_wconf 88' lang='lat' dir='ltr'>patrocinio</span> <span class='ocrx_word' id='word_1_729' title='bbox 3183 5609 3366 5702; x_wconf 78' lang='lat' dir='ltr'>asyli</span> <span class='ocrx_word' id='word_1_730' title='bbox 3408 5609 3811 5695; x_wconf 39' lang='lat' dir='ltr'>coadunavtum</span> 
     </span>
    </p>
   </div>
   <div class='ocr_carea' id='block_1_62' title="bbox 362 5693 3812 5787">
    <p class='ocr_par' dir='ltr' id='par_1_62' title="bbox 362 5693 3812 5787">
     <span class='ocr_line' id='line_1_63' title="bbox 362 5693 3812 5787; baseline -0.005 14"><span class='ocrx_word' id='word_1_731' title='bbox 362 5701 648 5772; x_wconf 55' lang='lat' dir='ltr'>perﬁcere</span> <span class='ocrx_word' id='word_1_732' title='bbox 678 5694 1055 5767; x_wconf 52' lang='lat' dir='ltr'>desiderium,</span> <span class='ocrx_word' id='word_1_733' title='bbox 1085 5719 1270 5775; x_wconf 67' lang='lat' dir='ltr'>quam</span> <span class='ocrx_word' id='word_1_734' title='bbox 1292 5704 1342 5761; x_wconf 71' lang='grc' dir='ltr'>εί</span> <span class='ocrx_word' id='word_1_735' title='bbox 1369 5702 1627 5775; x_wconf 53' lang='lat' dir='ltr'>Pli‘oln‘iﬁla</span> <span class='ocrx_word' id='word_1_736' title='bbox 1655 5701 2007 5775; x_wconf 56' lang='lat' dir='ltr'>Prwbuisse-</span> <span class='ocrx_word' id='word_1_737' title='bbox 2111 5704 2387 5760; x_wconf 70' lang='lat' dir='ltr'>timeatur</span> <span class='ocrx_word' id='word_1_738' title='bbox 2434 5693 2611 5775; x_wconf 88' lang='lat' dir='ltr'>ovile,</span> <span class='ocrx_word' id='word_1_739' title='bbox 2662 5722 2736 5763; x_wconf 89' lang='lat' dir='ltr'>ne</span> <span class='ocrx_word' id='word_1_740' title='bbox 2794 5707 3044 5783; x_wconf 83' lang='lat' dir='ltr'>aliquod</span> <span class='ocrx_word' id='word_1_741' title='bbox 3100 5693 3474 5782; x_wconf 68' lang='lat' dir='ltr'>discidium</span> <span class='ocrx_word' id='word_1_742' title='bbox 3514 5693 3812 5787; x_wconf 41' lang='lat' dir='ltr'>sitim</span> 
     </span>
    </p>
   </div>
  </div>
