3836 6402
16 313 143 364 1321

944 306 1267 360 UDALRICI
1305 302 1597 361 ABBATIS
1636 300 2107 361 TEGERSENSIS
2147 306 2518 365 EPISTOLAE.

3299 314 3320 366 1
3333 315 3436 368 322

8 433 217 487 datum
250 431 513 503 patiatur
540 430 777 499 hostile,
831 429 1034 501 sicque
1094 430 1321 502 liquido
1385 432 1672 501 appareat
1709 454 1754 503 Α
1785 444 1901 500 que
1935 428 2212 485 collatam
2241 428 2353 485 sibi
2382 428 2665 493 divinitus
2694 429 2981 501 pontiﬁcii
3028 432 3437 493 excellentiam

10 522 186 576 vestri
216 520 712 591 consanguinitas
744 536 885 587 erga
919 536 978 573 se
1007 522 1215 591 quanti
1241 520 1454 574 valeat.
1492 523 1667 574 riam-

1780 535 1889 589 par
1916 524 2003 573 est
2035 519 2309 573 coronari
2336 536 2441 591 per
2470 519 2907 591 compassionis
2930 521 3329 589 clementiam.

771 850 1461 935 EPITAPHIUM
1553 847 2152 962 ELLINGERI
2238 849 2703 939 ABBATIS

1087 1032 1360 1098 (Manna,
1388 1032 1664 1088 Analect.
1690 1045 1825 1084 nov.
1857 1028 2018 1096 edita
2046 1044 2184 1102 P33.
2216 1032 2364 1095 437.)

18 1325 110 1378 Hic
144 1324 420 1393 Ellingeri
454 1329 784 1380 noscuntur
815 1324 1091 1380 membra
1123 1324 1324 1393 teneri,

83 1414 191 1478 Qui
224 1431 367 1469 cum
392 1415 622 1484 justitia
651 1420 961 1487 respuerat
992 1415 1146 1469 vitia.

18 1504 270 1558 Moribus
299 1504 593 1559 abbatum
626 1505 846 1560 sanctis
876 1505 1170 1559 decorans
1204 1504 1601 1571 dominatum,

84 1598 233 1649 Cum
262 1594 481 1666 pietate
509 1595 696 1666 patrie
720 1595 1037 1666 prrefuerat
1065 1594 1400 1649 monachis.

20 1682 285 1751 Pervigili
318 1700 464 1738 cura
499 1683 626 1738 tulit
654 1683 899 1737 asseelis
929 1684 1200 1739 nocitura
1236 1701 1246 1737 :

89 1772 474 1827 Lzetificando
518 1772 741 1844 probos
775 1772 1058 1841 corripuit
1090 1773 1397 1843 reprobos.

24 1862 255 1917 Instruit
276 1862 567 1934 exemplis
594 1868 840 1917 cunctos
876 1862 1197 1934 plusquam
1252 1862 1627 1918 documentis
1663 1879 1675 1917 :

90 1952 287 2007 Pravis
330 1952 605 2017 difﬁcilis,
632 1953 874 2007 mitibus
906 1957 960 2007 et
992 1952 1197 2007 facilis.

20 2042 302 2097 Mundum
331 2042 622 2114 despexit,
655 2043 800 2097 dum
834 2043 1031 2096 carnis
1056 2042 1325 2113 pondera
1358 2042 1533 2108 vexit,

88 2132 340 2187 Calcans
369 2148 546 2187 carne
578 2131 794 2201 solum,
831 2137 1025 2186 mente
1056 2132 1310 2203 petendo
1342 2132 1569 2203 polum.

18 2220 144 2291 Jugi
176 2222 510 2277 multarum
542 2238 601 2276 se
634 2221 792 2276 fonte
822 2222 992 2275 luens
1027 2222 1454 2293 lacrymarum,

88 2314 212 2365 Mox
243 2311 395 2366 lastis
436 2311 621 2366 oculis
650 2314 901 2366 atinerat
934 2311 1190 2383 populis.

26 2402 511 2471 Sprevitdivitias
550 2444 560 2455 .
599 2446 609 2457 .
649 2444 660 2455 .
701 2445 711 2455 .
747 2406 948 2473 utpote
981 2401 1211 2455 delutas

90 2492 276 2547 Lzetos
297 2492 472 2561 cujus
513 2508 659 2564 opes
686 2492 1075 2564 praestiterant
1102 2492 1329 2562 inopes.

25 2581 206 2653 Hujus
238 2581 559 2637 contritam
587 2580 877 2636 dederant
899 2581 1128 2651 jejunia
1158 2580 1358 2635 vitam.

92 2673 346 2742 Largam
379 2671 731 2727 muneribus
758 2671 981 2743 oppido
1006 2670 1391 2742 pauperibus.

24 2854 770 2899 2m

1718 1326 1755 1377 Β
1786 1327 2108 1395 Nunquam
2139 1339 2247 1394 pro
2276 1322 2503 1378 Christo
2534 1323 2631 1380 tali
2661 1339 2902 1383 caruere
2932 1324 3224 1393 ministro,

1862 1413 2030 1479 Quod
2061 1412 2355 1484 populum
2379 1412 2565 1479 latuit,
2600 1413 2703 1469 sed
2735 1414 2985 1470 Domino
3015 1416 3224 1487 patuit.

1792 1506 1858 1556 lit
1880 1502 2223 1559 dilexissem
2252 1501 2420 1557 illum
2450 1502 2776 1575 plusquam
2800 1504 3153 1573 timuissent,

1863 1592 2120 1655 Blandus
2141 1591 2447 1663 discipulis
2489 1592 2573 1647 sic
2600 1592 2709 1648 fuit
2728 1610 2795 1649 ac
2824 1594 3083 1653 famulis.

1793 1682 2029 1737 Nullum
2058 1682 2390 1748 damnavit,
2426 1698 2609 1753 quem
2631 1683 2855 1753 judicio
2887 1684 3189 1757 superavit
3222 1703 3235 1740 :

1861 1772 2054 1827 Solers
2087 1771 2365 1841 consiliis,
2401 1773 2757 1828 commodus
2789 1773 3038 1829 auxiliis.

1792 1860 2027 1925 Mundo,
2052 1860 2198 1917 dum
2232 1860 2395 1927 vixit,
2430 1878 2491 1916 se
2516 1877 2623 1933 pro
2649 1862 2900 1923 Domino
2933 1861 3239 1934 cruciﬁxit,

1863 1952 2111 2005 Gestans
2143 1964 2312 2006 arma
2343 1950 2533 2009 cruris
2563 1950 2693 2006 talis
2724 1966 2927 2007 amore
2959 1951 3147 2007 ducis.

1794 2039 2079 2094 Doctrina:
2108 2038 2303 2099 rivum
2334 2039 2601 2111 prudens
2629 2044 2867 2112 pectore
2888 2041 3114 2110 vivum,

1865 2127 1987 2182 Hoc
2028 2126 2139 2185 sibi
2169 2127 2484 2195 contiguos
2516 2129 2735 2184 fecerat
2764 2129 3039 2200 irriguos.

1796 2216 2138 2275 Fornicibus
2164 2215 2385 2287 pictam
2414 2217 2513 2288 qui
2540 2218 2802 2287 jusserat
2828 2218 2925 2274 hic
2982 2218 3106 2276 fore
3150 2222 3444 2295 cryptam,

1865 2309 1945 2361 Ac
1981 2306 2096 2365 sibi
2119 2306 2377 2363 vicinam
2408 2307 2699 2369 construit
2719 2308 3056 2365 ecclesiam.

1794 2397 1896 2451 Hie
1924 2413 2157 2453 memor
2185 2396 2245 2452 in
2274 2397 2483 2467 primis
2514 2403 2837 2469 pereuncta
2864 2398 3102 2470 negotia
3122 2398 3277 2467 ﬁnis,

1866 2486 2124 2543 Crimina
2156 2487 2237 2541 sic
2270 2486 2504 2542 domuit
2530 2504 2779 2560 corpore
2811 2488 2958 2547 dum
2990 2488 3194 2560 viguit.

1794 2581 1938 2632 Pace
1971 2582 2323 2632 coronatum
2355 2577 2485 2632 caeli
2520 2579 2889 2650 requiescere
2914 2579 3146 2649 ﬂatum,

1866 2671 2129 2723 Lectores
2158 2667 2434 2739 precibus
2466 2668 2690 2739 poscite
2714 2668 3109 2742 supplicibus.

1378 3026 1517 3065 ANTE
1556 3025 1763 3065 ΜΕυιυΜ
1806 3024 2086 3080 sincrum.

986 3198 2493 3346 UDALBIGUS

1328 3440 1560 3497 ABBAS
1597 3440 2133 3496 TEGERNSENSIS.

847 3737 1157 3855 UDA
1194 3734 1651 3855 LBlCI
1758 3727 2626 3851 EPISTOL/E.

597 3949 817 4017 (Edidit
863 3952 921 4004 Β.
967 3952 1021 4002 1³.
1079 3947 1410 4005 Bernardus
1450 3949 1646 4001 Przurs
1689 3945 1942 4001 Thcsam

1780 3945 1985 4001 csaurz'
2018 3943 2308 4000 Anecdot.
2356 3957 2491 3998 nov.
2540 3945 2600 4010 Τ,
2648 3958 2685 4009 ι,
2735 3942 2881 4012 228.)

840 4264 858 4315 Ι

1727 4259 1766 4311 C
1796 4256 2136 4313 miserabile
2160 4272 2228 4311 ac
2259 4254 2672 4325 lacrymabile,
2700 4268 2890 4325 quam
2934 4252 3134 4325 plures
3183 4252 3456 4322 ejusdem

28 4356 121 4408 Ad
148 4356 218 4409 P.
258 4356 321 4424 μ’.
355 4352 469 4421 leg.
494 4353 567 4407 N.
593 4353 879 4407 Nikcmm
904 4366 992 4419 Pp.
1022 4350 1310 4420 FrisingJ
1334 4349 1690 4419 episcopum,
1800 4346 2009 4419 populi
2039 4362 2111 4402 ex
2138 4344 2249 4401 hoc
2280 4303 2498 4398 srecJulo
2543 4303 2833 4414 migrasse
2893 4303 3021 4396 sine
3074 4303 3457 4413 peccatorum

98 4446 179 4499 ad
207 4460 383 4516 quem
417 4442 735 4497 [ia/cerium
767 4442 1071 4506 clcricmn,
1114 4441 1440 4495 multorum
1500 4438 1693 4493 crimi—

100 4551 245 4589 num
281 4549 447 4588 reum
473 4532 689 4602 defert,
716 4533 882 4601 eique
915 4530 981 4583 G.
1015 4530 1367 4585 canonicum
1400 4528 1602 4596 sufﬁci
1630 4527 1692 4581 in

94 4623 451 4692 parochiali
480 4637 723 4676 munere
753 4626 948 4690 rogat.

101 4716 155 4781 ι),
199 4717 449 4781 cunctos
500 4710 815 4767 coronanti
863 4708 1177 4781 pontiﬁces
1234 4710 1453 4764 nostra:
1508 4704 1695 4765 aetatis

31 4772 382 4869 inﬁmitate
402 4772 1144 4869 ξαιξςιυμιι-τίνηαξῑιὶρῐδῐὶς,
1186 4801 1247 4853 V.
1303 4798 1548 4853 iniimus
1590 4795 1697 4851 ab—

39 4855 275 4926 batum,
310 4859 560 4916 cmlestis
599 4864 775 4918 curia:
808 4873 1101 4920 senatum.

16 4976 24 4984 -
112 4950 337 5003 Nostra;
363 4950 571 5007 ditioni
611 4952 888 5008 clericum
934 4955 1249 5010 Baliarium
1306 4956 1698 5026 assignatum,

37 5036 247 5091 multis
305 5042 709 5113 comperimus
766 5044 1116 5100 criminibus
1167 5047 1697 5118 commaculatum,

36 5128 93 5179 et
117 5142 247 5182 non
274 5129 472 5184 minus
498 5130 757 5187 facinore
785 5133 1192 5189 fascinationis
1224 5135 1347 5190 fore
1372 5136 1702 5191 exsecrabi-

28 5214 374 5291 Jem,quam
411 5220 659 5277 infamia
681 5222 951 5279 adulterii
974 5224 1447 5297 vituperabilem.
1480 5228 1556 5279 Ex
1586 5226 1701 5282 hoc

35 5306 289 5375 quidem
342 5310 505 5365 haud
560 5311 909 5381 ignoramus
972 5314 1083 5369 sibi
1146 5315 1469 5370 commisso
1539 5316 1703 5384 gregi

35 5398 455 5471 exemplorum
487 5400 880 5457 aedificatione
912 5404 1057 5457 nihil
1086 5405 1245 5459 hunc
1272 5406 1581 5478 prodesse,
1607 5422 1701 5459 ve-

36 5501 171 5540 rum
206 5504 451 5544 suorum
515 5491 787 5546 anfractu
844 5510 1111 5549 errorum
1146 5496 1398 5549 multum
1463 5495 1699 5563 obesse,

1801 4434 2174 4490 confessione
2210 4437 2264 4487 et
2308 4432 2537 4503 absque
2594 4429 2791 4485 viatici
2838 4426 3285 4498 communione,
3346 4446 3457 4486 nec

1801 4541 1924 4585 non
1945 4524 2122 4591 etiam
2148 4524 2209 4577 in
2234 4519 2576 4593 sepeliendo
2609 4518 2732 4574 sine
2760 4518 3102 4575 animarum
3148 4536 3459 4575 commen-

1802 4614 2059 4670 datione.
2096 4612 2245 4677 Quia
2276 4626 2415 4665 vero
2438 4625 2561 4665 non
2590 4608 2784 4663 solum
2812 4608 2892 4662 rei
2926 4612 3063 4663 sunt
3092 4609 3196 4681 qui
3208 4608 3454 4677 faciunt,

1805 4704 1910 4761 sed
1938 4702 2041 4777 qui
2073 4700 2451 4758 consentiunt
2484 4697 2859 4766 facientibus,
2905 4700 3083 4770 atque
3140 4698 3219 4753 ad
3271 4698 3460 4769 magi-

1807 4799 1993 4850 strum
2026 4791 2264 4866 respicit
2292 4788 2593 4864 quidquid
2623 4805 2659 4844 a
2709 4786 3020 4860 discipulis
3072 4786 3455 4859 delinquitur,

1808 4898 1917 4943 pro
1944 4881 2163 4937 talibus
2194 4879 2472 4935 dolemus
2510 4875 2884 4946 negligentiis
2917 4881 3299 4947 peccatorum
3350 4891 3458 4931 no-

1808 4960 1901 5014 bis
1924 4969 2287 5025 accumulari
2319 4975 2733 5031 augmentum,
2766 4969 3147 5036 vestramque
3184 4981 3460 5020 veremur

1812 5050 2181 5105 sanctitatem
2215 5050 2459 5121 aliquod
2498 5051 2577 5105 ob
2598 5051 2658 5105 id
2716 5053 2839 5123 pati
2880 5053 3094 5109 animae
3140 5054 3462 5110 detrimen-

1812 5142 1957 5192 tum.
1994 5139 2281 5202 Quocirca
2306 5154 2431 5205 vos,
2493 5138 2870 5196 dilectissime
2924 5144 3107 5209 Pater,
3165 5142 3463 5215 supplices

1809 5225 2228 5295 etﬂagitamus,
2260 5229 2556 5298 quatenus
2603 5231 2796 5282 vestro
2844 5231 3133 5285 canonico
3189 5233 3251 5286 G.
3306 5232 3462 5287 hanc

1809 5315 2269 5371 ecclesiasticam
2298 5332 2430 5370 cum
2473 5321 2681 5371 nostra
2722 5316 2944 5373 familia
2993 5336 3200 5376 curam
3230 5320 3465 5377 interim

1810 5406 2265 5467 commendelis,
2319 5406 2523 5475 quoad
2584 5410 2791 5459 vestrae
2848 5409 3016 5464 vocis
3074 5410 3465 5466 collocutione

1809 5498 2073 5548 nostram
2109 5492 2487 5565 pra-sentiam
2516 5494 2843 5565 laetiticetis,
2877 5504 2980 5553 aut
3014 5500 3206 5556 donec
3236 5501 3295 5555 in
3345 5518 3469 5554 ves—

39 5575 442 5648 universaque
468 5579 595 5647 lege
629 5581 1053 5637 Christianismi
1086 5588 1262 5656 atque
1309 5585 1498 5653 gratia
1554 5586 1700 5656 bap—
1740 5605 1780 5657 υ
1814 5588 1899 5637 tro
1931 5583 2205 5654 synodali
2238 5583 2475 5635 decreto
2500 5582 2837 5651 dijudicetis
2868 5588 3015 5659 quid
3063 5590 3136 5646 de
3204 5591 3315 5651 hoc
3373 5606 3468 5649 ne—

37 5664 219 5733 tismi,
252 5683 361 5721 nec
394 5685 509 5725 non
535 5670 711 5725 etiam
740 5687 849 5741 pro
879 5674 1002 5726 suis
1030 5674 1219 5747 culpis
1238 5690 1434 5730 carere
1460 5673 1699 5745 plebem

32 5755 369 5811 missarum
396 5760 747 5815 celebritate.
780 5765 927 5817 Nam
958 5764 1071 5817 hoc
1099 5768 1365 5829 refertur,
1398 5764 1563 5834 quod
1605 5770 1692 5820 est

544 5849 782 5902 PATROL.
827 5851 995 5904 CXLI.

1810 5672 1968 5742 gotio
2001 5670 2365 5729 certitudinis
2392 5672 2684 5728 statuatis.
2712 5677 2984 5750 Namque
3037 5679 3310 5734 institutis
3345 5695 3467 5731 ves-

1801 5769 1899 5819 trae
1928 5764 2182 5821 nimium
2228 5762 2587 5819 venerandée
2641 5768 3013 5837 paternitatis
3070 5770 3129 5823 in
3183 5767 3465 5823 omnibus

2974 5861 3040 5911 4'2
