3944 6438
432 307 459 359 1
471 307 574 360 323

1674 298 2169 364 GODESCHALKI
2209 302 2617 369 SEQUENTLE

3729 320 3748 371 l
3758 319 3842 374 324

432 426 527 484 his
552 443 686 500 nos,
719 434 785 486 ut
813 446 925 504 par
953 434 1060 499 est,
1094 429 1599 503 obtemperantes,
1617 430 1793 502 juxta
1818 443 2099 486 normam
2137 430 2185 481 A
2213 425 2416 497 sionis,
2441 445 2603 487 nunc
2661 433 2927 506 supremi
2980 438 3117 490 ante
3168 433 3435 492 tribunal
3490 434 3843 510 imperatoris

428 516 671 588 justitize
699 519 1092 592 pernoscatis.

1246 608 1311 664 II.

430 703 529 757 Ad
552 703 619 758 G.
636 696 1251 767 archipresbytemm,
1270 702 1335 751 ut
1349 697 1607 767 videtur,
1628 698 2091 768 Fﬁsingensem,

499 796 565 845 ut
596 787 863 845 eumdem
892 785 1223 841 Raherium
1256 787 1384 842 loco
1408 793 1639 844 moveat
1666 793 1722 844 el
1739 788 2018 857 deponat.

497 882 539 950 -ι-
571 876 783 936 Christi
810 873 1197 932 solummodo
1231 873 1424 944 gratia
1455 874 1533 931 ad
1561 875 1678 931 hoc
1703 874 1954 932 collatus
1984 877 2093 931 Do-

424 967 671 1038 minico,
702 963 870 1039 quod
922 967 1157 1037 praeest,
1209 962 1350 1019 ovili
1396 967 1597 1027 custos
1649 963 1991 1036 deputatus,
2046 965 2090 1019 G

423 1058 779 1129 dignitatem
806 1052 1327 1127 archipresbyterii
1345 1070 1451 1126 per
1467 1066 1772 1111 summam
1783 1053 2090 1111 decoranti

423 1146 802 1221 sapientiam,
837 1143 1014 1201 totius
1044 1141 1379 1199 devotionis
1405 1141 1837 1200 excellentiam.

492 1242 845 1294 Nostrorum
874 1231 1162 1289 relatione
1192 1231 1463 1287 ﬁdelium
1496 1232 1780 1302 cognovit
1811 1236 2086 1289 nostrum

421 1326 704 1383 clericum
731 1323 925 1380 Baher
945 1326 1159 1378 vestrae
1182 1320 1493 1377 subditum
1525 1322 1701 1393 [cod.,
1734 1326 1938 1379 noster
1965 1322 2085 1379 cle-

418 1416 577 1472 ricus
625 1413 929 1483 subditus]
986 1410 1428 1481 gubernationi,
1485 1411 1880 1468 commissum
1951 1427 2084 1483 gre-

419 1522 578 1578 gem,
609 1520 795 1578 quem
820 1518 932 1577 par
950 1501 1061 1557 fuit
1090 1505 1341 1574 paterno
1388 1516 1595 1557 amore
1624 1517 1873 1575 pascere
1889 1506 1948 1559 et
1973 1517 2084 1575 po-

418 1602 563 1666 tare,
594 1594 825 1668 lupina,
856 1590 1025 1665 quod
1062 1606 1185 1647 non
1233 1590 1420 1656 timet,
1476 1591 1802 1664 rapacitate
1851 1591 2082 1664 disper-

416 1702 555 1758 gere
582 1702 653 1742 ac
682 1684 966 1741 lacerare.
997 1684 1127 1748 Qua
1148 1680 1222 1738 de
1253 1697 1315 1737 re
1344 1685 1607 1737 vestram
1624 1680 1887 1752 efﬂagito
1903 1681 2083 1739 dilec-

2206 517 2417 575 munia
2473 520 2627 591 gerit
2682 522 3007 579 adversum
3032 539 3145 579 nos
3173 522 3455 580 delatoris
3484 530 3665 600 atque
3694 544 3843 586 accu~

2203 606 2435 665 satoris.
2471 611 2818 667 Commissa;
2852 617 3053 669 autem
3083 612 3195 669 sibi
3224 612 3419 686 plebis
3457 630 3646 687 quam
3695 616 3841 674 dam-
3904 606 3905 679 ξ

2199 710 2417 753 nosam
2448 703 2645 755 teneat
2675 700 3121 771 negligentiam,
3164 717 3277 775 par
3315 706 3404 758 est
3443 718 3550 776 per
3602 710 3842 762 vestram

2199 782 2477 856 indagari
2506 787 2884 861 sapientiam,
2919 805 2994 844 ne
3022 789 3293 863 aliquam
3351 790 3578 860 anima,
3606 798 3673 850 ut
3715 793 3840 850 dici-

2200 877 2313 942 tur,
2348 880 2541 932 vestra
2571 893 2643 933 ex
2668 877 2784 933 hoc
2810 877 3025 935 subeat
3051 879 3113 935 in
3135 879 3335 936 futuro
3354 880 3604 953 periculi
3630 884 3845 953 magui-

2195 961 2499 1021 licentiam
2530 967 2673 1038 (sic),
2700 967 2847 1041 quia
2875 984 2997 1024 non
3052 968 3250 1025 solum
3297 969 3382 1025 rei
3422 975 3563 1027 sunt
3615 971 3722 1045 qui
3772 973 3844 1028 fa-

2197 1053 2380 1125 ciunt,
2414 1054 2519 1110 sed
2540 1055 2645 1128 qui
2666 1055 3022 1113 facientibus
3052 1058 3457 1114 consentiunt.
3501 1060 3675 1126 Quod
3720 1077 3844 1118 vero

2196 1159 2382 1200 uxore
2417 1160 2529 1200 sua
2557 1145 2756 1202 adhuc
2793 1146 3019 1203 vivente
3045 1147 3227 1204 aliam
3252 1148 3446 1220 duxit,
3477 1155 3774 1222 quantum
3792 1151 3843 1208 in

2194 1233 2310 1289 hoc
2334 1234 2631 1307 populum
2666 1234 2779 1291 sibi
2808 1237 3099 1292 creditum
3132 1237 3443 1310 destruxit,
3480 1244 3686 1297 nostra
3725 1240 3845 1299 licet

2195 1339 2375 1397 super
2399 1324 2513 1380 hoc
2542 1323 2836 1381 intimatio
2882 1330 3124 1397 taceret,
3182 1332 3395 1383 vestrae
3451 1332 3656 1385 tamen
3715 1346 3843 1403 pru-

2193 1412 2409 1469 dentiae
2461 1414 2522 1469 id
2580 1416 2979 1487 perscrutanti
3052 1416 3216 1471 haud
3280 1420 3508 1473 lateret.
3568 1419 3845 1484 Quamvis

2190 1508 2467 1561 nostrum
2496 1521 2569 1560 ex
2591 1504 2805 1560 eodem
2835 1504 3181 1561 coenobium
3210 1506 3511 1579 permulta
3568 1508 3847 1565 sustineat
3904 1564 3905 1579 1

2192 1593 2549 1666 temporalia
2576 1594 2952 1662 detrimenta,
2986 1599 3190 1650 tamen
3233 1595 3361 1652 haec
3416 1596 3626 1654 omnia
3692 1603 3845 1671 post-

2189 1686 2482 1755 ponentes
2512 1682 2807 1738 aeternalis
2835 1682 2973 1756 plus
2998 1683 3279 1740 timemus
3326 1684 3682 1742 calamitatis
3709 1703 3847 1758 aug-

417 1778 641 1835 tiouem
672 1792 779 1849 per
807 1789 1079 1832 amorem
1106 1772 1404 1842 divinum,
1438 1776 1617 1845 atque
1642 1777 1887 1846 propter
1943 1788 2083 1829 san-
2124 1783 2163 1836 Β
2190 1776 2414 1828 menta.
2450 1774 2580 1838 Qua
2600 1771 2676 1827 de
2706 1788 2768 1828 re
2818 1788 3187 1845 magnopere
3236 1774 3604 1847 ﬂagitamus,
3657 1782 3848 1832 ve.~tra

415 1872 579 1923 ctum
608 1864 943 1932 Quirinum,
971 1878 1082 1918 nec
1108 1877 1232 1917 non
1288 1860 1366 1916 ob
1415 1866 1692 1917 nostrum
1752 1860 2078 1930 servitium,

413 1960 715 2030 quatenus
740 1959 1013 2011 vestrum
1061 1951 1188 2007 sine
1246 1949 1532 2006 dilatione
1581 1951 1854 2007 statuatis
1901 1950 2081 2024 placi-

2191 1860 2279 1917 uti
2302 1861 2543 1918 almitas
2602 1867 2809 1917 nostro
2868 1861 3168 1918 desiderio
3198 1864 3541 1936 opituletur,
3595 1865 3848 1921 ecclesiae

2188 1954 2487 2024 quatenus
2518 1966 2555 2006 a
2583 1968 2647 2005 se
2668 1950 2998 2022 repudiata:
3026 1950 3249 2021 dignus
3279 1968 3591 2009 successor
3639 1954 3846 2010 subro-

412 2052 563 2114 tum,
596 2045 659 2101 in
696 2060 820 2117 quo
848 2043 980 2116 ejus
1014 2040 1267 2097 crimina
1325 2039 1732 2096 examinando
1778 2040 1954 2111 juxta
2001 2040 2082 2096 le-
2188 2043 2378 2111 getur.

410 2150 550 2205 gem
567 2131 1039 2199 Christianitatis,
1070 2145 1140 2187 ac
1172 2128 1452 2185 eumdem
1487 2128 1563 2184 de
1584 2128 1926 2186 commissae
1957 2128 2079 2201 ple-

408 2224 505 2281 bis
534 2221 823 2293 regimine
854 2218 1192 2292 deponatis.
1227 2217 1344 2275 Sed
1372 2232 1446 2273 ne
1479 2216 1915 2277 Christianismi
1943 2233 2076 2274 mos

406 2313 554 2370 inibi
584 2310 833 2385 aliquod
860 2308 1098 2365 interim
1138 2307 1336 2380 capiat
1388 2307 1835 2374 detrimentum,
1884 2323 2073 2379 posco

406 2408 472 2459 ut
499 2406 706 2458 nostro
736 2399 972 2468 clerico,
1006 2397 1181 2454 vobis
1228 2396 1514 2467 contiguo
1570 2394 1886 2453 ecclesiam
1930 2412 2071 2452 cum

404 2491 691 2549 omnibus
719 2490 904 2546 rebus
935 2488 1011 2545 ad
1044 2502 1179 2543 eam
1201 2485 1637 2560 pertinentibus
1664 2485 2069 2555 committatis,

404 2581 614 2656 quoad
641 2581 782 2637 viva
809 2594 957 2635 voce
983 2581 1223 2634 nosmet
1260 2574 1684 2649 compellando
1734 2574 2069 2646 legitimum

400 2674 539 2730 huic
566 2670 807 2742 negotio
833 2669 1018 2725 ﬁnem
1048 2666 1395 2741 imponatis.
1414 2670 1543 2722 Non
1571 2665 1733 2723 enim
1763 2665 1962 2722 solum
1982 2665 2067 2722 rei

400 2764 540 2817 sunt
562 2758 667 2834 qui
696 2758 944 2825 faciunt,
973 2755 1078 2812 sed
1103 2755 1208 2828 qui
1237 2754 1471 2811 facienti
1513 2753 1913 2811 consentiunt.
1975 2753 2065 2810 0b

397 2852 513 2908 hoc
542 2847 958 2915 criminosum,
998 2848 1245 2918 propter
1286 2844 1559 2915 ejusdem
1608 2842 2062 2913 oﬂendiculum,

398 2939 614 2996 animae
645 2953 923 2993 veremur
953 2934 1155 2991 subire
1212 2933 1568 3006 periculum.
1604 2931 1893 2999 Quamvis
1918 2947 2062 2987 vero

394 3043 651 3084 munera
720 3027 1032 3083 obcaecant
1109 3024 1317 3080 oculos
1395 3022 1780 3095 sapientium,
1858 3026 2061 3078 tamen

2975 2130 3062 2185 ιν.

2185 2219 2283 2274 Ad
2339 2220 2607 2276 eumdem
2662 2220 2734 2276 de
2784 2221 2984 2275 eodem
3037 2221 3277 2289 clerico,
3318 2237 3492 2293 quem
3572 2224 3845 2294 queritur

2255 2308 2428 2363 nullo
2454 2308 2627 2363 modo
2650 2323 2712 2364 se
2732 2309 2990 2380 quivisse
3014 2309 3096 2365 ad
3123 2310 3428 2366 meliorem
3466 2312 3712 2382 frugem
3763 2327 3842 2367 re-

2253 2398 2489 2454 ducere.

2251 2488 2301 2540 A
2330 2492 2528 2542 vestra
2557 2486 2908 2559 accipiendo
2939 2487 3349 2545 dominatione
3374 2488 3840 2558 licentiam,cum

2177 2579 2453 2631 nostrum
2485 2574 2699 2632 vellem
2731 2575 3013 2632 clericum
3045 2578 3257 2647 Raher,
3281 2578 3454 2648 juxta
3482 2579 3839 2634 canonicam

2175 2663 2470 2721 discutere
2492 2665 2968 2737 congruentiam,
2988 2682 3051 2722 se
3065 2666 3324 2739 praebuit
3346 2666 3629 2723 rebellem
3659 2673 3838 2740 atque

2174 2759 2580 2823 arrogantem,
2622 2753 2901 2826 quamvis
2930 2770 3028 2810 me
3058 2760 3310 2828 paterno
3345 2756 3585 2812 sentiret
3629 2771 3838 2811 amore

2174 2841 2289 2897 sibi
2319 2842 2730 2899 auxiliantem.
2747 2845 2896 2898 Nam
2907 2843 3306 2915 jurejurando
3318 2844 3372 2900 ei
3395 2844 3673 2901 omnium
3701 2860 3835 2919 quae

2173 2934 2383 2987 contra
2412 2947 2509 2987 me
2538 2931 2660 2987 ullo
2689 2931 2876 2987 modo
2900 2933 3101 3001 gessit,
3121 2933 3372 3006 promisi
3390 2933 3833 3006 impunitatem,

2171 3020 2468 3076 duntaxat
2487 3020 2884 3076 Christianam
2935 3024 3144 3077 contra
3202 3021 3553 3092 religionem
3593 3038 3835 3094 suscep~

395 3117 473 3173 ab
498 3117 615 3172 hoc
639 3115 875 3171 nullum
902 3120 1028 3171 tam
1064 3112 1434 3185 acceptabile
1484 3110 1857 3183 impenditur
1882 3109 2060 3166 nobis
2099 3136 2144 3190 Β
2173 3112 2296 3164 tam
2327 3108 2625 3163 desereret
2649 3108 3042 3180 iniquitatem.
3077 3112 3293 3165 Verum
3313 3126 3495 3183 super
3520 3109 3613 3166 his
3642 3126 3836 3184 quan-

391 3204 779 3276 famulitium,
836 3219 947 3276 pro
1000 3217 1124 3275 quo
1175 3200 1430 3256 velimus
1479 3198 1770 3256 infernale
1829 3198 2057 3255 solvere
2169 3196 2384 3267 taejus
2427 3196 2743 3252 exstitisset
2780 3196 3133 3269 pertinacia,
3194 3198 3583 3270 praesentium
3633 3205 3835 3255 vector

394 3293 779 3368 supplicium.

1171 3383 1261 3436 lll.

852 3472 952 3527 Ad
979 3471 1247 3528 eumdem
1270 3469 1344 3525 de
1363 3468 1584 3525 eodem.

459 3567 763 3631 Quantum
800 3561 976 3618 nobis
1033 3560 1361 3617 facietenus
1413 3555 1629 3626 ingerit
1682 3554 2049 3612 confusionis

383 3655 692 3720 ruborem,
725 3657 959 3709 tantum
985 3650 1182 3707 cordis
1210 3663 1435 3705 arcana
1459 3646 1773 3719 patiuntur
1828 3661 2047 3702 maero-

382 3762 511 3802 rem
537 3742 705 3817 quod
734 3758 845 3816 pro
876 3740 979 3798 tali
998 3757 1059 3796 re
1090 3738 1297 3794 litteris
1328 3741 1548 3793 nostrae
1573 3733 1890 3804 legationis
1921 3739 2046 3790 tam

381 3836 723 3908 frequenter
744 3830 1236 3904 tranquillitatem
1261 3828 1595 3900 inquietare
1624 3829 1835 3880 vestrae
1861 3839 2047 3894 cogor

379 3922 833 3981 dominationis.
874 3924 1025 3977 Nam
1055 3922 1278 3975 nostrae
1308 3916 1558 3973 clericus
1617 3914 1878 3982 ditionis,
1938 3914 2043 3987 qui

381 4026 799 4086 saepenumero
826 4009 1003 4066 nobis
1034 4007 1280 4077 ingessit
1300 4004 1652 4078 scrupulum
1688 4003 2039 4060 nonnullius

379 4099 748 4169 offensionis,
780 4112 987 4154 verum
1020 4111 1256 4169 semper
1312 4093 1580 4149 munitus
1633 4097 1839 4148 vestrae
1890 4093 2040 4150 asilo

376 4188 763 4258 defensionis,
786 4186 935 4243 nihil
959 4200 1231 4257 unquam
1251 4198 1469 4256 passus
1516 4184 1605 4237 est
1660 4180 2039 4238 animadver-

2162 3283 2515 3352 litterarum,
2530 3285 2577 3340 si
2594 3285 2836 3355 jubetis,
2858 3291 3060 3359 utpote
3076 3287 3181 3360 qui
3200 3293 3406 3345 nostro
3430 3288 3699 3346 interfuit
3719 3288 3834 3345 col-

2162 3374 2391 3447 loquio,
2419 3373 2647 3446 pandet
2699 3374 3012 3431 veritatem
3066 3376 3300 3449 absque
3356 3376 3620 3446 fallacia,
3685 3378 3835 3452 quia

2160 3464 2422 3517 vestram
2451 3475 2662 3515 vereor
2686 3459 3180 3529 grandaevitatem
3230 3460 3583 3535 inquietare,
3616 3463 3666 3518 si
3701 3464 3832 3535 ejus

2160 3547 2579 3605 controversiae
2635 3548 2846 3604 studeo
2904 3549 3198 3620 ambages
3244 3548 3564 3607 scribendo
3618 3557 3831 3609 vestrae

2157 3638 2497 3712 paternitati
2527 3637 2861 3693 enucleare.
2906 3642 2965 3695 In
2996 3640 3245 3712 praefato
3282 3639 3531 3713 quidem
3555 3642 3829 3711 negotio,

2156 3728 2449 3802 quoniam
2476 3730 2741 3782 vestrum
2771 3726 2976 3784 abnuo
3004 3728 3286 3785 clericum
3314 3730 3633 3803 praeterire,
3681 3747 3829 3804 par-

2153 3817 2261 3875 tim
2290 3833 2399 3873 vos
2426 3816 2487 3871 id
2517 3831 2641 3873 non
2665 3817 2919 3885 nescire,
2952 3822 3016 3874 ut
3044 3818 3091 3873 si
3111 3818 3457 3875 exorbitans
3491 3818 3690 3877 noluit
3732 3836 3825 3876 re-

2153 3908 2278 3964 dire
2302 3907 2382 3963 ad
2402 3906 2560 3962 viam
2577 3906 2817 3979 justitite
2850 3924 2989 3964 cum
3012 3907 3272 3977 lenitate,
3307 3908 3517 3964 saltem
3564 3914 3827 3979 cogatur

2151 3997 2488 4071 asperitate.
2525 3995 2615 4052 Ad
2644 3996 2772 4053 hinc
2800 3996 3003 4054 scitote
3035 4014 3129 4054 me
3158 3997 3458 4054 humiliter
3485 3997 3825 4069 efﬂagitare

2148 4092 2449 4161 quatenus
2472 4085 2789 4142 ecclesiam
2815 4102 2855 4157 al
2894 4103 2956 4142 se
3009 4087 3310 4144 desertam
3363 4086 3577 4144 clerico
3626 4104 3823 4161 quem

2146 4176 2322 4234 vobis
2350 4175 2543 4246 dirigo
2565 4175 2897 4247 dignemini
2926 4177 3220 4234 tradendo
3250 4177 3706 4237 commendare.

369 4376 3801 4424 μ

1730 4552 1903 4593 ‘ANNO
1944 4551 2131 4593 DOMINI
2171 4551 2412 4592 mm.

743 4722 3743 4933 GODESCHALIEW”
3786 4774 3793 4781 .

1537 4954 1793 5046 (UANTBI:
1822 4950 2114 5029 l‘hesaur.
2149 4965 2417 5037 hymnol.
2449 4965 2515 5032 ll,
2557 4966 2609 5017 3.

1848 4929 2069 4951 μ’,

1862 5155 2255 5172 ,_______

1160 5303 1200 5353 l.

562 5402 629 5453 In
658 5395 1059 5453 Conuersione
1089 5386 1287 5444 sancti
1314 5382 1502 5438 Pauli
1525 5378 1803 5449 apostoli.

429 5487 475 5539 1.
510 5486 663 5540 Dixit
690 5482 976 5537 Dominus
1009 5497 1022 5534 :
1056 5481 1138 5533 Ex
1184 5476 1377 5529 Basan
1400 5474 1746 5527 convertam
1769 5479 2014 5520 conver-

352 5581 475 5632 tam
506 5574 565 5629 in
597 5569 971 5643 profundum
1000 5565 1204 5623 maris.

420 5718 493 5771 1.1
507 5714 626 5771 .llle
638 5709 793 5784 prim
801 5721 1088 5784 usversus
1108 5705 1187 5761 ad
1205 5704 1456 5783 verbum
1467 5700 1725 5784 habetur
1726 5711 2006 5784 1τρεςεωᾳζῐ-ι,

348 5766 627 5859 23:un
637 5766 989 5839 vaticinium
1002 5774 1065 5830 in
1084 5773 1470 5832 conversione
1490 5775 1545 5830 S.
1600 5766 1767 5827 Pauli
1798 5766 2005 5841 imple-

2144 5278 2147 5281 ’
2195 5287 2247 5337 2.
2276 5278 2446 5346 Quod
2473 5276 2621 5333 dixit
2643 5279 2701 5331 et
2729 5272 2884 5340 fecit,
2916 5269 3165 5328 Saulum
3186 5271 3253 5323 ut
3274 5264 3502 5335 stravit,
3534 5260 3797 5319 Paulum

2122 5371 2671 5513 et3s.ul)t:1ftllerbum
2700 5465 2878 5506 suum
2902 5449 3305 5509 incarnatum,
3336 5457 3443 5514 per
3456 5438 3623 5514 quod
3653 5439 3796 5493 fecit

2121 5552 2177 5603 et
2207 5544 2445 5603 saecula.

2118 5696 2247 5747 tum
2258 5683 2583 5746 dicitur.Ad
2593 5699 2628 5740 .:
2644 5684 2800 5740 Deus
2808 5678 3291 5757 Paterpra’dtrit
3303 5673 3787 5757 pgrpropltetam

2117 5744 2317 5821 555221
2336 5744 2375 5817 ἶ
2388 5744 2524 5829 Ego
2555 5760 2903 5813 convertam
2926 5744 3191 5809 Paulum
3224 5744 3555 5814 ex'Bakan',
3576 5745 3616 5802 ἱ.
3643 5760 3693 5803 e.
3714 5744 3788 5802 de
