3980 6426
116 355 208 405 233

1381 350 1601 407 LEGES
1640 353 1727 407 ET
1766 350 2269 409 CONSTITUTION
2278 354 2378 409 ES.

3531 359 3635 411 ⁸234

108 472 236 526 dam
294 472 694 543 ambiguitatis
751 473 1083 543 indaginem
1136 472 1538 543 investigabat,
1569 474 1815 545 quippe:
1856 479 1899 531 Α
1932 475 2139 529 exinde
2191 491 2427 530 concors
2469 476 2700 530 illorum
2763 476 2889 531 ﬁeri
2949 478 3295 532 decrevisset
3335 478 3638 532 assensio?

110 562 246 615 Cum
295 562 543 633 quilibet
575 562 879 633 episcopus
910 564 995 616 vel
1029 562 1276 632 cujusvis
1324 563 1621 633 dignitatis
1660 564 1815 635 quis-

107 666 305 721 quam,
377 651 747 722 proprietatis
796 667 913 705 sua;
970 652 1224 722 aliquem
1281 652 1354 705 ad
1408 653 1815 706 sacerdotalem

107 741 436 806 provehens
491 740 757 810 gradum.
793 756 909 793 suae
962 740 1261 810 potestatis
1287 741 1449 810 juxta
1500 740 1818 795 collibitum

107 846 229 880 esse
259 830 611 899 permiserit,
641 829 993 900 insuperque
1023 828 1108 882 sui
1132 828 1280 899 juris
1329 845 1428 883 seu
1486 829 1655 883 alieni
1712 829 1818 883 sibi

107 917 396 970 melesiam
467 918 733 971 clementi
788 917 1142 985 benignitate
1182 917 1539 987 adquisierit,
1593 918 1686 972 sed
1750 918 1820 987 is,

10 1016 13 1019 '
106 1006 553 1059 succedentibus
596 1006 910 1075 prosperis,
942 1005 1162 1059 altioris
1194 1006 1382 1059 meriti
1413 1006 1660 1061 elatione
1700 1023 1821 1059 sese

107 1109 287 1164 super
316 1094 586 1148 verticem
621 1094 909 1159 extulerit,
965 1093 1295 1165 donumque
1343 1094 1618 1148 divinitus
1649 1096 1821 1149 colla-

106 1187 235 1235 tum
270 1182 329 1235 in
389 1187 557 1252 turpe
612 1181 958 1235 converterit
998 1182 1475 1247 emolumentum,
1539 1183 1681 1237 adeo
1738 1188 1821 1247 ut,

106 1272 413 1325 nobilitate
467 1271 694 1341 generis
748 1287 1074 1337 succensus,
1108 1271 1399 1342 quandam
1444 1271 1504 1325 in
1534 1272 1827 1326 matrimo-

106 1361 277 1413 nium
328 1360 694 1429 usurpaverit
723 1360 986 1423 liberam,
1020 1376 1087 1413 eo
1143 1365 1345 1414 tenore
1377 1366 1442 1414 ut
1482 1361 1705 1431 prolem
1763 1376 1828 1414 ex

107 1447 314 1499 eadem
375 1447 688 1499 derivatam
742 1462 978 1516 quoquo
1035 1446 1209 1500 modo
1263 1446 1548 1501 abalienet
1594 1447 1826 1501 servitio

106 1537 241 1603 ejus
292 1535 459 1604 cujus
517 1535 636 1605 ipse
690 1535 925 1589 suberat
953 1534 1236 1599 dominio;
1296 1535 1429 1606 quid
1462 1534 1823 1606 potissimum

1928 565 2024 618 His
2056 565 2133 618 ita
2162 564 2494 635 praelibatis,
2528 580 2830 635 procerum
2880 565 3279 637 unusquisque
3311 582 3414 636 pro
3465 566 3640 621 indu-

1929 652 2079 705 striae
2110 669 2223 707 suae
2276 654 2661 719 estimatione,
2690 654 2863 723 hujus
2894 654 2975 707 rei
3008 656 3303 724 proposito
3350 654 3523 724 longa
3555 654 3637 708 al-

1929 742 2195 794 ternabat
2225 741 2659 795 deliberatione.
2706 742 2813 796 Sed
2846 743 3077 797 tandem
3111 743 3280 813 hujus
3334 743 3641 797 haesitatio-

1930 828 2021 883 nis
2079 830 2387 883 amfractus
2415 830 2760 900 imperatore
2818 831 3191 901 anticipante,
3241 833 3428 885 omnis
3484 831 3639 885 illius

1931 917 2223 971 concionis
2248 934 2542 971 consessus
2573 918 2629 970 in
2654 918 2988 988 suffragium
3011 920 3347 990 hujusmodi
3370 920 3639 991 assurgit,

1932 1007 2363 1077 acclamantque
2390 1006 2577 1059 cuncti
2613 1023 2625 1059 :
2661 1007 2915 1077 legitime
2968 1015 3254 1079 oportere,
3307 1014 3423 1063 tam
3455 1009 3637 1078 ipsam

1934 1110 2109 1165 quam
2141 1096 2263 1165 ejus
2294 1096 2683 1165 posteritatem
2716 1096 2917 1151 eodem
2948 1114 3063 1167 quo
3097 1104 3151 1151 et
3181 1098 3301 1169 ipse
3353 1098 3642 1151 servitutis

1925 1182 2069 1252 jugo
2128 1184 2518 1236 succumbere.
2582 1183 2815 1238 Addunt
2886 1185 3267 1239 nihilominus
3337 1187 3641 1256 prmsentis

1935 1271 2348 1340 compactionis
2377 1271 2690 1338 decretum,
2754 1274 2999 1326 Romani
3056 1273 3287 1344 imperii
3343 1275 3641 1343 majestate

1934 1360 2238 1425 sancitum,
2275 1361 2433 1413 nullo
2465 1361 2697 1430 penitus
2728 1361 2788 1414 in
2812 1366 3091 1432 perpetuo
3115 1364 3246 1432 jure
3276 1363 3639 1428 solvendum,

1938 1448 2188 1502 maxime
2214 1464 2368 1513 cum,
2396 1448 2456 1502 in
2486 1449 2631 1503 bene
2663 1450 2874 1519 placito
2907 1452 3247 1505 universalis
3278 1467 3460 1522 papae.
3513 1466 3643 1521 pro-

1940 1541 2199 1606 spectum
2231 1542 2455 1605 vegetet
2486 1542 2694 1591 sanctae
2728 1538 2985 1592 teclesite.

341 1840 441 1943 S.
537 1840 1135 1943 HENBICI
1235 1840 1813 1944 PACTUM
1887 1841 2178 1944 CUM
2252 1842 3064 1946 BENEDICTO
3135 1844 3421 1945 VIII.

1599 2022 1730 2091 (An.
1770 2024 1925 2089 1020,
1971 2022 2185 2091 April.)

182 2180 602 2238 Autbenticum
634 2178 757 2245 ejus
806 2175 958 2245 quod
1014 2174 1071 2227 in
1105 2172 1513 2245 archivorolim
1567 2172 1833 2225 Vaticano
1888 2172 2461 2245 asservatumufuisse
2501 2172 2730 2245 dicitur,
2781 2172 2933 2227 haud
2986 2174 3233 2244 amplius
3281 2180 3481 2243 exstat,
3544 2178 3641 2231 sed

111 2255 373 2324 primum
399 2243 839 2305 constitutionis
865 2245 1167 2324 exemplar
1196 2246 1253 2297 in
1286 2244 1637 2324 collectione.
1658 2258 1941 2323 canonum
1997 2243 2306 2324 cardinalis
2345 2243 2654 2324 Deusdedit
2684 2243 2956 2324 habetur;
2994 2243 3182 2324 quare
3208 2251 3641 2324 transumptum

108 2323 463 2385 authentici,

510 2320 660 2390 quod
692 2313 1057 2390 credebatur,
1100 2316 1156 2367 in
1192 2315 1434 2390 concilio
1484 2313 1851 2390 Lugdunensi
1880 2314 2226 2390 confectum,
2278 2320 2335 2367 et
2383 2331 2416 2367 a
2457 2315 2658 2383 Borgia
2690 2314 2749 2367 in
2793 2314 2939 2367 libro
2990 2313 3153 2390 Breve
3196 2316 3403 2369 Ister-ia
3433 2313 3519 2370 del
3548 2318 3643 2371 do-

110 2399 285 2449 minio
320 2385 613 2462 temporale
667 2389 811 2441 dctla
860 2388 983 2440 sede
1026 2388 1346 2462 apostolica,
1380 2386 1650 2462 ap_pend.,
1694 2400 1830 2462 pag,
1877 2386 2069 2449 40-43,
2106 2385 2705 2462 iterumexpressum,
2733 2387 3255 2462 "repeterejuvat.
3306 2390 3515 2462 Charta
3545 2405 3641 2457 pa-

113 2478 275 2519 ctum
313 2455 689 2518 Ottonianum
722 2474 916 2528 presso
948 2459 1094 2528 pede
1126 2457 1413 2526 sequitur;
1448 2457 1523 2528 ita
1552 2455 1945 2528 etpraecipue
1987 2470 2099 2528 una
2122 2458 2405 2528 sententia
2428 2456 2487 2508 in
2509 2456 2700 2508 codice
2729 2455 3000 2528 Vaticano
3032 2458 3167 2510 1984
3194 2458 3477 2527 descripta
3509 2455 3644 2519 (100)

110 2538 318 2591 abillo
378 2534 629 2596 recedat;
669 2525 820 2583 unde
872 2525 1024 2581 idem
1066 2527 1135 2579 de
1194 2525 1748 2596 utroquejudicium
1809 2526 2112 2596 ferendum
2143 2532 2246 2577 est.
2310 2527 2452 2579 Nota
2498 2525 2775 2596 temporis
2806 2526 2865 2578 in
2926 2530 3121 2580 charta
3168 2531 3309 2581 tanti
3361 2525 3639 2582 momenti

114 2608 312 2661 omitti
348 2604 591 2658 minime
620 2595 866 2671 poterat,
926 2599 1171 2671 ideoque
1211 2595 1602 2671 authenticum
1632 2597 1699 2671 ad
1750 2595 2055 2671 concilium
2118 2597 2497 2671 Lugdunense
2554 2595 2889 2671 prevenisse
2938 2598 3094 2671 haud
3148 2599 3495 2653 credendum
3536 2607 3635 2652 est.

110 2682 402 2731 Cmterum
440 2690 569 2728 cum
606 2666 662 2724 in
697 2671 890 2723 charta
924 2670 993 2723 de
1032 2666 1483 2722 cemmutatione
1514 2666 1860 2737 praediorum
1908 2668 2219 2729 Anthesna,
2258 2667 2619 2735 Wieneringa
2649 2673 2705 2720 et
2762 2667 3081 2721 Wilinbach
3111 2684 3299 2722 sermo
3340 2670 3429 2734 sit,

3464 2686 3637 2740 quam

113 2751 169 2803 d.
201 2753 234 2803 8
272 2748 441 2803 Febr.
478 2762 528 2797 a.
580 2744 716 2796 1018
751 2743 935 2795 locum
971 2740 1239 2793 habuisse
1300 2744 1539 2805 constat,
1574 2738 1827 2809 chartam
1857 2739 2161 2809 conventui
2213 2738 2573 2806 potissimum
2608 2739 2966 2806 imperatoris
2999 2746 3054 2790 et
3090 2755 3255 2809 papa:
3317 2738 3645 2794 Babenber-

115 2822 304 2887 gensi,
342 2832 537 2870 mense
570 2813 784 2887 Aprilis
811 2829 862 2864 a.
918 2809 1502 2887 t92f),assignaudam
1534 2808 1875 2887 credideris;
1906 2807 1997 2860 cui
2029 2808 2395 2887 suffragatur,
2457 2809 2607 2887 quod
2640 2825 2707 2887 ex,
2734 2809 2974 2887 testibus
3013 2807 3340 2887 Macen—linus
3374 2812 3487 2887 sive
3531 2812 3641 2865 Me-

114 2879 437 2957 ginhardus
463 2887 518 2940 d.
567 2879 786 2958 2'Dec.
820 2900 871 2958 a.
910 2884 1043 2958 10_l_8
1084 2880 1143 2933 in
1180 2881 1515 2958 episcopum
1572 2879 2092 2958 Wirciburgensem
2150 2885 2450 2948 promotus
2500 2885 2605 2943 est,
2662 2886 2717 2931 et
2770 2879 3098 2933 Heribertus
3143 2879 3499 2935 Coloniensis
3558 2898 3643 2934 ar-

115 2950 522 3031 chiepiscOpus
545 2971 657 3008 xvii
694 2954 813 3008 Kal.
846 2953 1060 3023 Aprilis
1091 2968 1142 3004 a.
1175 2953 1301 3004 102t
1341 2965 1676 3019 supremum
1705 2950 1857 3002 diem
1899 2950 2121 3002 clausit.

184 3094 251 3147 In
312 3089 550 3144 nomine
608 3084 837 3140 Domini
894 3082 993 3138 Dei
1050 3080 1463 3151 omnipotentis
1526 3080 1725 3145 Patris,
1769 3083 1824 3133 et
1862 3081 1899 3133 Β
1938 3079 2049 3133 scie
2106 3079 2385 3149 partibus,
2443 3078 2591 3133 idest
2623 3080 2876 3139 Portum.
2929 3080 3361 3144 Centumcellas,
3418 3082 3640 3145 Ceram,

119 3179 266 3243 Filii,
301 3182 361 3231 et
418 3175 666 3246 Spiritus
717 3170 917 3226 sancti.
968 3171 1079 3240 Ego
1132 3169 1427 3223 Heiuricus
1492 3168 1587 3221 Dei
1645 3168 1832 3237 gratia

117 3270 441 3337 imperator
470 3268 748 3333 augustus
778 3258 1033 3330 spondeo
1064 3262 1232 3328 atque
1265 3257 1562 3328 promitto,
1593 3273 1696 3327 per
1725 3256 1831 3309 hoc

117 3363 354 3424 pactum
386 3350 845 3407 conlirmationis
877 3354 1093 3411 nostre,
1128 3347 1229 3399 tibi
1260 3347 1426 3399 beato
1478 3346 1647 3399 Petro
1680 3344 1833 3415 prin-

26 3426 27 3443 ‘
119 3444 229 3513 cipi
264 3442 667 3513 apostolorum
696 3443 752 3491 et
781 3436 1067 3506 clavigero
1120 3435 1286 3505 regni
1321 3435 1594 3494 celerum,
1645 3438 1702 3487 et
1731 3448 1835 3503 per

118 3540 171 3585 te
203 3532 421 3585 vicario
475 3536 577 3583 tuo
613 3528 826 3582 domno
862 3524 1167 3579 Benedicto
1213 3539 1439 3577 summo
1472 3522 1731 3593 pontiﬁci
1781 3526 1835 3575 et

123 3619 436 3674 universali
462 3634 629 3689 pape.
664 3616 811 3669 sicut
835 3630 868 3667 a
899 3612 1400 3685 predecessoribus
1423 3610 1621 3664 vestris
1651 3626 1833 3680 usque

124 3724 272 3763 nunc
305 3709 365 3761 in
402 3710 686 3776 potestate
716 3707 902 3756 vestra
933 3717 998 3754 ac
1028 3700 1244 3754 ditione
1274 3697 1539 3751 tenuistis
1570 3702 1627 3751 et
1650 3697 1835 3766 dispo-

125 3796 338 3860 suistis,
376 3794 667 3847 civitatem
699 3791 1018 3845 Romanam
1050 3803 1180 3842 cum
1214 3788 1423 3841 ducatu
1454 3802 1579 3851 suo,
1612 3790 1669 3839 et
1697 3785 1831 3839 sub-

126 3885 385 3951 urbanis,
445 3891 617 3953 atque
661 3880 864 3933 viculis
918 3877 1206 3941 omnibus,
1266 3880 1322 3928 et
1351 3872 1655 3927 territoriis
1688 3873 1832 3943 ejus,

127 3975 421 4030 montanis
449 3988 514 4026 ac
569 3968 893 4030 maritimis,
950 3965 1214 4020 litoribus
1271 3969 1326 4018 et
1378 3962 1681 4033 portubus,
1736 3977 1837 4014 seu

128 4064 343 4119 cunctis
371 4059 723 4127 civitatibus,
768 4055 1037 4121 castellis,
1072 4053 1321 4124 oppidis,
1371 4068 1434 4105 ac
1492 4051 1691 4105 viculis
1720 4051 1838 4103 Tu-

1944 3168 2197 3233 Pledam,
2264 3167 2614 3233 Marturiani,
2669 3167 2939 3233 Sutriam,
3019 3170 3253 3240 Nepem,
3312 3170 3644 3236 Castellum,

1944 3258 2233 3323 Gallisem,
2296 3257 2511 3323 Ortem,
2565 3256 2981 3320 Polimartium,
3046 3258 3349 3323 Ameliam,
3404 3258 3647 3321 'l‘udam,

1947 3344 2235 3397 Perusiam
2269 3359 2398 3397 cum
2453 3343 2636 3397 tribus
2688 3344 2889 3397 insulis
2938 3344 3075 3410 suis,
3108 3345 3255 3399 idest
3297 3348 3531 3415 majore,
3596 3352 3650 3399 et

1945 3433 2188 3497 minore,
2227 3433 2551 3485 Pulvensim
2606 3436 2670 3500 “,
2705 3437 2763 3485 et
2794 3433 2938 3497 lacu,
2974 3433 3287 3499 Narmiam,
3325 3440 3380 3488 et
3434 3436 3650 3488 Utricu-

1948 3521 2059 3573 lam
2093 3536 2221 3573 cum
2278 3520 2546 3573 omnibus
2590 3520 2802 3574 finibus
2860 3526 2917 3574 et
2947 3521 3253 3575 territoriis
3287 3522 3356 3575 ad
3388 3522 3649 3593 supradi-

1944 3614 2061 3662 ctas
2092 3609 2347 3662 civitates
2378 3608 2821 3678 pertinentibus,
2880 3624 2984 3662 nec
3017 3626 3130 3662 no.1
3192 3614 3248 3662 et
3279 3612 3649 3665 exarchatum

1948 3697 2341 3751 Ravennatum
2389 3696 2493 3750 sub
2554 3696 2882 3766 integritate
2913 3712 3042 3750 cum
3096 3696 3357 3761 urbibus,
3410 3697 3652 3751 civitati-

1944 3786 2069 3851 bus,
2105 3784 2352 3855 oppidis,
2387 3789 2442 3837 et
2466 3785 2731 3849 castellis,
2785 3801 2897 3855 que
2927 3786 3019 3855 pie
3047 3786 3458 3839 recordationis
3481 3785 3650 3840 dom-

1947 3891 2055 3928 nus
2103 3873 2359 3944 Pipinus,
2393 3878 2451 3927 et
2504 3872 2709 3927 domus
2762 3874 3008 3927 Karolus
3039 3879 3096 3927 et
3144 3876 3389 3928 domnus
3419 3875 3651 3929 Lodovi-

1946 3976 2069 4027 cus,
2104 3964 2158 4013 et
2187 3960 2337 4025 Otto,
2375 3966 2430 4014 et
2452 3960 2649 4015 itidem
2680 3961 2809 4016 Otto
2840 3962 2992 4016 ﬁlius
3023 3963 3168 4032 ejus,
3222 3964 3651 4033 predecessores

1946 4049 2209 4103 videlicet
2239 4049 2439 4116 nostri,
2487 4049 2654 4103 beato
2685 4051 2852 4105 Petro
2885 4051 3144 4121 apostolo
3176 4058 3231 4105 et
3287 4053 3651 4123 predecesso-

1547 4174 1778 4227 VARle.
1833 4172 2236 4227 LECTIONES.

198 4282 241 4313 “
270 4274 616 4332 Pulverisim
652 4274 870 4339 Borgia.

1777 4322 1999 4405 Non;

200 4493 343 4557 (100)
381 4488 564 4545 Cadra:
612 4488 695 4540 ita
726 4485 913 4538 habet:
973 4482 1157 4552 Super
1186 4480 1291 4557 hoc
1336 4477 1708 4557 conﬁrmatus
1737 4474 1839 4527 tibi
1871 4475 1912 4530 C
1951 4472 2195 4554 Romani
2229 4472 2516 4557 pontiﬁcis
2563 4471 2938 4557 neque'ltber
2969 4486 3155 4552 neque
3203 4488 3399 4557 servus
3451 4473 3519 4525 ad
3551 4473 3655 4557 hec

132 4546 287 4616 beate
326 4546 509 4615 'Petre
566 4557 820 4627 apostole.
852 4560 915 4627 et
936 4546 1071 4627 “per
1103 4557 1156 4605 te
1217 4548 1559 4627 vicariosuo
1620 4546 1833 4627 domno

135 4634 465 4695 Benedicto,
500 4616 733 4700 summo
760 4616 1018 4696 pontifici
1050 4630 1107 4700 et
1163 4619 1467 4700 universali
1500 4632 1683 4686 papas,
1712 4616 1837 4700 Pul-

134 4706 365 4757 densem
424 4691 864 4761 monasterium,
923 4701 981 4749 et
1019 4691 1241 4767 abbatis
1276 4691 1841 4767 pejusconsecratm-

138 4791 282 4838 nem,
316 4782 497 4843 atque
529 4770 721 4843 omnia
762 4764 1351 4843 monasteria,_cui:tes
1397 4764 1453 4813 et
1482 4760 1664 4843 villas,
1693 4772 1841 4843 quas

138 4846 190 4899 in
220 4828 675 4898 ultrariiontanis
707 4838 964 4909 partibus
995 4840 1224 4909 s_an_ctus
1250 4833 1448 4909 Petrus
1482 4828 1841 4909 τψρωέῇῃο-

136 4898 325 4978 scitur,
375 4914 598 4983 absque
652 4898 964 4983 Anthesna,
998 4904 1413 4983 Guinneringa.
1472 4898 1844 4983 sive_\Yiliu-

136 4986 292 5052 bach,
316 4975 446 5056 tque
504 4975 534 5056 ξι
567 4981 776 5056 sancti_
803 4978 951 5056 Petri
978 4975 1215 5029 ecclesia
1230 4989 1347 5054 'per
1376 4975 1845 5056 commutatio'pis

140 5040 402 5125 pagiuain
428 5053 703 5125 episcopo
745 5040 1258 5125 Babenberguensi
1275 5045 1500 5123 conlate
1544 5042 1695 5125 sunt.
1736 5040 1845 5125 Pro

138 5113 340 5196 quibus
366 5113 663 5194 jan'idit-ta)
695 5124 963 5196 aacclesue
1008 5113 1153 5171 beati
1217 5113 1367 5168 Petri
1397 5113 1765 5196 concedimus
1793 5113 1849 5196 et

139 5180 551 5251 έυοϋτωῖιηιυςι
580 5208 813 5246 onmem
867 5192 1023 5262 illam
1048 5196 1491 5262 >terram,_qu.am
1524 5184 1671 5235 inter
1698 5180 1847 5262 _Nar-

143 5272 311 5331 niam,
370 5270 749 5321 Terramnem
784 5262 869 5314 vel
926 5260 1225 5329 Spoletum
1269 5255 1553 5319 abuimus,
1589 5257 1851 5322 preterea

143 5340 240 5393 sub
292 5338 611 5393 tuitionem
674 5332 828 5387 beati
888 5330 1037 5384 Petri
1094 5337 1152 5382 et
1204 5332 1475 5388 vestram,
1526 5332 1852 5393 vestrorum

145 5392 553 5464 successorum.
628 5405 994 5458 Pretaxatum
1066 5399 1459 5469 episcopatum
1531 5392 1852 5448 Babenber—

149 5494 412 5547 guensem
439 5474 761 5531 offerimus.
796 5472 955 5547 U_nde_
978 5470 1097 5547 sub
1115 5470 1394 5547 pensione
1427 5480 1639 5535 equum
1674 5477 1853 5515 unum

147 5540 329 5605 album
359 5552 671 5605 faleratum
701 5560 766 5598 ex
798 5543 1055 5613 ejusdem
1089 5540 1205 5614 loci
1225 5540 1491 5614 episc0po
1523 5551 1619 5614 vos
1644 5548 1858 5586 annua-

152 5620 269 5673 liter
294 5625 668 5690 suscepturos
688 5607 996 5674 sancimus,
1025 5617 1074 5665 et
1113 5607 1295 5675 infra:
1332 5608 1395 5661 In
1425 5607 1700 5660 electione
1726 5619 1858 5655 vero

504 5722 788 5787 Parnm.
842 5716 1020 5780 CXL.

1946 4545 2140 4597 venire
2171 4542 2484 4612 presumat,
2517 4548 2582 4595 ut
2613 4542 2725 4595 illis
2771 4542 3044 4595 Romanis
3074 4557 3217 4612 quos
3247 4542 3314 4595 ad
3370 4543 3517 4596 hanc
3540 4544 3655 4597 ele-

1948 4615 2223 4677 ctionem,
2303 4628 2419 4683 per,
2478 4612 3347 4683 constitutionemsanctorum
3426 4620 3657 4683 patrum

1950 4685 2187 4755 antiqua
2218 4682 2451 4755 admisit
2504 4682 2881 4755 consuetudo,
2939 4682 3154 4755 aliquid
3220 4683 3388 4737 faciat
3417 4682 3658 4754 impedi-

1951 4752 2233 4817 mentum,
2268 4754 2419 4823 quod
2477 4753 2524 4805 si
2576 4752 2703 4821 quis
2745 4759 2938 4805 contra
2971 4754 3116 4806 hanc
3164 4760 3420 4808 nostram
3453 4752 3660 4810 consti-

1950 4827 2229 4879 tutionem
2262 4823 2695 4893 presumpserit,
2722 4824 2892 4876 exilio
2915 4824 3192 4877 tradatur.
3220 4825 3461 4895 Insuper
3486 4827 3658 4881 etiam

1952 4904 2017 4949 ut
2049 4897 2242 4967 nullus
2258 4896 2566 4947 missorum
2600 4900 2927 4967 nostrorum
2961 4895 3375 4967 cujuscumque
3412 4897 3659 4967 impedi-

1953 4912 2017 4949 ut
2049 4912 2242 4949 nullus
2258 4912 2566 4947 missorum
2600 4912 2927 4947 nostrorum
2961 4912 3375 5019 cujuscumque
3412 4912 3658 4967 impedi-

1953 4966 2129 5020 tionis
2162 4972 2529 5018 aucmentum
2572 4965 2862 5035 obponere
2890 4966 2949 5018 in
3006 4968 3227 5035 prefata
3255 4982 3284 5020 e
3311 4967 3531 5021 ectione
3558 4984 3658 5022 au-

1955 5037 2105 5099 deat,
2139 5036 2407 5089 omnibus
2441 5035 2626 5089 modis
2674 5036 3028 5106 proibemus.
3083 5038 3223 5091 Nam
3250 5044 3307 5091 et
3336 5037 3444 5093 hoc
3474 5040 3658 5093 omni-

1955 5108 2144 5161 modis
2190 5107 2491 5159 instituere
2524 5108 2758 5176 placuit,
2813 5107 3009 5178 utqui
3043 5109 3217 5163 semel
3274 5109 3377 5162 sub
3427 5110 3656 5178 speciali

1957 5178 2290 5232 defensione
2346 5178 2587 5247 dompni
2642 5178 2960 5247 apostolici,
3034 5178 3149 5231 sive
3206 5186 3399 5233 nostra
3446 5178 3660 5233 fuerint

1958 5249 2226 5319 suscepti,
2260 5248 2565 5318 impetrata
2608 5248 2759 5317 justo
2809 5254 3048 5302 utantur
3111 5250 3464 5304 defensione.
3500 5252 3661 5313 Quod

1958 5320 2005 5373 si
2061 5318 2189 5390 quis
2247 5318 2305 5372 in
2345 5335 2697 5390 quemquam
2755 5319 2990 5373 illorum
3051 5321 3151 5390 qui
3211 5322 3658 5389 promeruerint,

1960 5391 2173 5443 violare
2224 5391 2678 5460 presumpserint
2706 5396 2845 5443 sciat
2902 5405 2959 5442 se
3009 5390 3328 5459 periculum
3387 5390 3511 5443 vitae
3543 5407 3660 5444 suae

1962 5462 2349 5515 incnrsurum.
2390 5462 2452 5515 Et
2499 5460 2832 5529 subscripsit
2889 5460 3184 5513 Heinricus
3236 5460 3567 5529 imperator,
3609 5466 3666 5515 et

1966 5531 2219 5602 episcopi
2254 5534 2316 5586 13
2340 5537 2397 5585 et
2428 5531 2657 5585 abbates

2754 5573 2764 5595 ,
2799 5535 2855 5585 et
2887 5532 3059 5583 duces
3090 5531 3141 5594 3,
3169 5531 3406 5583 comites
3436 5532 3488 5596 9,
3522 5533 3667 5603 opti-

1966 5607 2147 5656 mates
2176 5604 2227 5655 9.

3317 5711 3353 5766 8
