3836 6404
51 179 194 232 1329

1290 179 1787 238 GODESCHALKI
1835 186 2264 252 SEQUENTIA'Z.

3345 196 3480 248 1330

112 303 202 354 22.
241 298 486 355 Herodis
517 303 715 372 spreta
745 316 868 372 quo
897 316 1110 357 mensa
1135 301 1336 358 altaris
1382 305 1463 358 tui
1494 321 1707 363 mensa
1738 312 1782 364 Α
1824 317 2081 382 quatuor
2107 316 2167 370 hi
2197 332 2472 388 proceres
2504 316 2562 371 in
2597 316 2790 387 plagis
2819 321 2984 372 terrae
3015 320 3272 388 quatuor
3296 332 3480 372 evan-

52 403 243 459 psum
277 391 328 444 te
359 388 506 443 dum
540 389 855 455 sumimus,
891 407 1070 462 super
1096 391 1199 446 tibi
1231 392 1583 463 psallamus.

832 501 917 552 ιγ.

437 586 506 639 In
539 586 838 641 Divisio-ne
886 589 1314 656 apostolorum.

116 696 161 747 1.
195 691 338 748 Coeli
378 696 658 748 enarrant
705 693 957 761 gloriam
997 694 1098 750 Dei
1145 694 1264 751 Filii
1295 695 1464 750 Verbi
1514 683 1705 753 incar-

48 781 184 846 iati,
220 781 359 835 facti
391 783 463 836 de
493 787 647 838 terra
677 782 828 838 creli.

104 875 158 924 2.
195 870 330 924 Haec
361 870 521 924 enim
549 870 737 939 gloria
769 870 880 926 soli
913 873 1164 928 Domino
1192 878 1278 929 est
1309 890 1596 943 congrua.

103 964 158 1012 .‘i.
197 961 426 1014 Nomen
457 965 543 1014 est
577 961 750 1030 cujus
781 947 987 1031 magni
1014 961 1242 1018 consilii
1271 962 1542 1032 angelus.

101 1048 157 1102 4.
197 1048 361 1103 Istud
387 1049 703 1104 consilium
730 1049 902 1121 lapso
929 1050 1158 1106 homini
1180 1052 1467 1108 auxilium
1496 1058 1703 1109 estan-

45 1137 268 1209 iquum
303 1142 359 1192 et
389 1138 761 1210 profundum
787 1143 843 1194 et
894 1155 1104 1196 verum
1145 1142 1367 1198 factum
1400 1143 1540 1198 solis
1575 1148 1701 1199 tan-

45 1243 159 1281 um
193 1227 413 1283 sanctis
447 1229 774 1296 cognitum.

189 1320 336 1373 Cum
367 1316 616 1386 angelus
659 1318 786 1386 iste,
821 1317 1006 1374 homo
1059 1319 1249 1376 factus
1302 1338 1371 1376 ex
1429 1321 1698 1391 muliere,

42 1406 435 1462 inmortalem
468 1408 542 1462 de
573 1408 830 1477 mortali,
865 1409 938 1464 de
966 1415 1118 1466 terra
1154 1411 1286 1466 fecit
1335 1411 1574 1479 coelum,
1626 1430 1698 1469 ex

40 1496 275 1551 10mine
309 1496 612 1566 angelum.

96 1590 151 1640 6.
190 1584 287 1640 Hic
315 1591 405 1640 est
435 1585 719 1641 Dominus
751 1587 1118 1644 exercituum
1152 1591 1323 1656 Deus,
1359 1591 1529 1660 cujus
1562 1597 1698 1648 sunt

39 1675 228 1744 ingeli
250 1675 310 1731 in
340 1677 556 1732 terram
588 1677 755 1731 missi
787 1677 1041 1750 apostoli
1074 1696 1085 1732 :

93 1771 147 1820 7.
179 1766 410 1831 Quibus
444 1783 503 1821 se
535 1767 736 1839 ipsum
769 1768 972 1824 vivum
1005 1769 1256 1840 praebuit
1287 1786 1603 1840 resurgens
1635 1772 1696 1827 in

37 1855 232 1910 nultis
265 1856 634 1924 argumentis
664 1873 876 1928 pacem
911 1858 1116 1912 mortis
1165 1859 1353 1914 victor
1387 1861 1690 1918 nuntians.

91 1947 146 2001 8.
185 1937 305 2001 Pax
334 1945 527 2016 vobis,
558 1962 668 2015 ego
701 1961 858 2016 sum,
892 1947 1103 2019 inquit.
1124 1946 1446 2018 nolitejam
1465 1948 1690 2005 timere:

36 2034 351 2105 )raedicate
379 2035 631 2091 verbum
667 2035 765 2091 Dei
797 2041 1082 2093 creaturae
1123 2037 1287 2093 omni
1320 2055 1521 2094 coram
1545 2039 1694 2109 regi-

36 2142 157 2191 )us,
199 2130 253 2181 et
281 2125 672 2198 principibus.

91 2215 144 2269 9.
187 2215 343 2271 Sicut
369 2216 527 2271 misit
558 2232 651 2272 me
684 2219 850 2271 Pater
881 2220 934 2272 et
966 2233 1077 2286 ego
1105 2219 1273 2274 mitto
1293 2235 1398 2273 vos
1429 2219 1488 2274 in
1519 2235 1694 2276 mun-

34 2306 177 2360 lum
208 2308 389 2361 estote
422 2322 563 2375 ergo
596 2303 919 2378 prudentes
954 2307 1106 2363 sicut
1138 2313 1462 2380 serpentes,
1509 2314 1691 2366 estote

34 2402 84 2452 it
109 2396 411 2451 columbee
440 2395 758 2468 simplices.

98 2492 183 2543 10.
217 2488 361 2543 Hinc
402 2490 604 2544 Petrus
655 2489 912 2544 Romam
955 2491 1365 2562 apostolorum
1415 2492 1690 2566 princeps

32 2578 191 2648 adiit,
220 2577 437 2634 Paulus
469 2578 760 2634 Graeciam
792 2578 1014 2652 ubique
1045 2580 1268 2635 docens
1298 2582 1571 2650 gratiam,
1607 2586 1690 2637 ter

29 2690 392 2741 Praecursore
415 2685 650 2742 Domini
682 2686 1046 2742 haberentur
1081 2707 1093 2743 :
1126 2687 1304 2744 hodie
1325 2688 1386 2742 in
1417 2693 1688 2746 Romana

29 2757 284 2831 Ecclesia
316 2757 530 2831 festum
548 2758 794 2813 Joannis
816 2758 1168 2830 primarium
1189 2759 1299 2831 ritu
1317 2760 1561 2831 quidem
1582 2761 1688 2816 du-

29 2830 192 2902 plicis
237 2830 286 2902 I._
331 2829 414 2902 Cl.
463 2831 611 2902 Cum
661 2829 881 2902 ()ctava
938 2847 1007 2885 ac
1039 2829 1357 2886 Decollatio
1399 2833 1680 2902 ejusdem

28 2901 221 2956 efﬁcio
253 2900 473 2972 duplici
507 2901 721 3026 majori
752 2906 1035 2966 servatur,
1069 2902 1171 2956 sed
1193 2903 1253 2957 in
1286 2900 1486 2958 multis
1535 2905 1684 2959 dice-

28 2973 262 3026 cesibus
293 2987 416 3026 non
455 2972 716 3026 amnius
763 2978 849 3026 est
897 2973 1114 3026 festum
1161 2974 1266 3026 fori
1314 2975 1405 3026 vel
1456 2976 1682 3026 nonuli.

27 2973 262 3027 cesibus
293 2987 416 3026 non
455 2972 716 3046 amplius
763 2978 849 3046 est
897 2973 1114 3046 festum
1142 2974 1266 3046 _t'ori
1292 2975 1405 3046 vel
1456 2976 1682 3046 populi.

27 3049 213 3115 Atque
262 3034 654 3099 Protestantes
697 3043 886 3116 ipsius
922 3044 1153 3099 Lutheri
1185 3045 1367 3100 verba
1413 3034 1685 3115 neglexe-
1717 3034 1757 3088 (ἶ

27 3121 205 3170 runt:
262 3139 290 3164 ‹‹
315 3116 401 3170 St.
457 3117 709 3170 Joannis
760 3117 894 3171 Fest
938 3116 1036 3170 des
1092 3119 1338 3185 Tau/‘ers
1385 3119 1500 3172 soll
1543 3135 1684 3174 man

25 3187 252 3242 bteiben
281 3188 496 3256 lassen,
528 3203 607 3242 an
639 3188 768 3242 (lem
810 3188 937 3242 sich
984 3188 1089 3241 das
1140 3189 1298 3242 Neve
1354 3191 1683 3246 Testament

25 3260 406 3332 (inge/“angen
438 3259 562 3332 ttat.
601 3284 623 3306 ››
660 3258 897 3332 (μ’δΙοῒι.
933 3262 1083 3332 XXII,
1123 3261 1301 3329 1:510.)
1337 3260 1593 3332 Ideoque
1623 3262 1682 3317 in

25 3330 292 3402 plurimis
324 3330 594 3386 Ecclesiis
626 3329 722 3402 pia
754 3330 1005 3386 Joannis
1056 3332 1347 3386 memoria
1391 3329 1547 3401 jacet
1593 3351 1681 3388 se-

25 3401 207 3472 pulta.
237 3434 303 3442 —
341 3407 386 3456 1.
422 3405 512 3458 Ps.
558 3401 708 3468 XLVI,
767 3406 818 3458 6.
873 3408 923 3456 7.
979 3403 1235 3459 Psallite
1293 3405 1406 3458 Deo
1454 3411 1679 3474 nostro,

25 3474 301 3540 psallite;
355 3475 602 3542 psallite
647 3474 775 3543 regi
813 3479 1037 3534 nostro,
1075 3476 1338 3542 psallite.
1391 3476 1680 3540 Quoniam

25 3561 128 3600 rex
155 3547 346 3600 omnis
367 3552 543 3601 terrai
562 3547 738 3613 Deus,
763 3547 1010 3614 psallite
1037 3548 1336 3613 sapienter
1361 3546 1470 3600 Ad.
1492 3563 1503 3599 :
1530 3549 1683 3601 Hor-

25 3623 189 3671 tatur
206 3623 382 3685 poeta
411 3618 701 3686 p0pulum
733 3618 812 3672 ad
837 3618 1243 3686 psallendum,
1275 3619 1470 3685 primo
1500 3621 1678 3676 semel

25 3689 77 3742 in
108 3688 343 3744 laudem
373 3695 428 3743 et
458 3690 715 3758 gloriam
749 3688 968 3743 divinae
996 3688 1235 3743 deitatis
1279 3695 1569 3758 quantum
1600 3691 1680 3745 ad

25 3765 348 3826 essentiam,
381 3760 592 3816 deinde
623 3766 712 3815 ter
739 3767 1030 3831 quantum
1059 3761 1138 3814 ad
1165 3776 1467 3827 personas.
1507 3761 1678 3825 Quod

25 3831 292 3886 subtilius
339 3831 639 3903 prolatum
687 3835 795 3897 est,
847 3847 1037 3903 quam
1087 3836 1149 3886 ut
1194 3831 1382 3902 possit
1412 3831 1674 3902 probari.

25 3904 258 3974 Propter
287 3902 624 3974 numerum
689 3902 1060 3974 syllabarum
1107 3918 1224 3974 vox
1272 3905 1527 3959 Psallite
1587 3903 1678 3958 bis

25 3973 250 4029 tantum
281 3973 341 4030 in
399 3975 514 4031 hoc
545 3973 843 4034 commate
899 3973 1076 4029 debet
1103 3973 1237 4040 legi.
1275 4007 1341 4013 —-
1386 3981 1436 4028 ‘2.
1477 3977 1562 4029 Fr.
1615 3976 1677 4030 in

26 4045 274 4102 cithara.
309 4048 376 4102 Μ.
413 4051 496 4101 10.
533 4051 654 4103 etc.
685 4050 741 4101 4.
770 4049 888 4102 Hoc
915 4045 1679 4116 psalteriovelcitharacar-

25 4116 278 4184 :ninis,i.
313 4133 363 4173 e.
423 4117 632 4185 lingua
687 4132 820 4185 sua,
873 4116 1082 4172 cecinit
1141 4117 1198 4171 in
1256 4117 1496 4172 Ecllesia
1546 4133 1680 4188 pro-

32 4204 94 4241 es
124 4188 336 4244 matris
365 4189 576 4244 sterilis
611 4191 756 4244 Nato
779 4188 1050 4254 Virginis,
1090 4188 1341 4244 Domino
1365 4206 1492 4245 suo.
1523 4222 1587 4228 —
1620 4195 1672 4246 6.

26 4259 226 4315 'Jmisit
255 4263 412 4315 Torr.
434 4260 574 4316 Coll.
603 4265 693 4328 IlI,
727 4266 791 4314 ὃς
824 4261 1185 4328 Mortiﬁcate
1226 4277 1367 4329 ergo
1411 4262 1673 4317 membra

26 4339 210 4387 vestra
243 4347 372 4404 quae
402 4347 580 4401 super
610 4339 830 4388 terram
859 4337 1016 4387 sunt.
1050 4364 1116 4370 —
1153 4336 1204 4384 9.
1252 4335 1336 4387 Fr.
1366 4333 1473 4388 Ad.
1508 4335 1675 4387 resis-

25 4404 178 4458 fit.—
209 4402 294 4468 10,
321 4402 557 4469 Quiesce
579 4437 645 4443 —
663 4418 826 4459 cessa
845 4404 918 4458 de
931 4410 1197 4472 peccato.
1223 4436 1291 4443 ——
1318 4409 1401 4460 11.
1427 4407 1515 4458 Ps.
1543 4421 1672 4473 Lm,

25 4477 62 4540 ι,
90 4480 120 4524 ῖς
146 4493 159 4529 :
194 4475 397 4529 Furor
414 4477 536 4530 illis
567 4475 889 4531 secundum
919 4476 1673 4545 similitudinemserpentis

25 4547 164 4600 n‘cut
196 4547 424 4614 aspidis
459 4548 656 4602 surdae
689 4553 741 4603 et
771 4547 1106 4602 obturantis
1135 4563 1309 4602 aures
1359 4563 1496 4602 suas
1546 4563 1674 4618 qua:

25 4633 130 4671 con
187 4619 468 4673 exaudiet
522 4635 715 4674 vocem.
759 4620 1204 4673 incantantium
1239 4619 1478 4685 Egregie
1510 4621 1668 4675 Torr.

25 4690 189 4757 Aspis
217 4696 300 4744 est
320 4691 536 4758 species
565 4692 852 4759 serpentis
883 4706 1011 4759 qua:
1037 4705 1168 4744 cum
1199 4691 1366 4746 audit
1396 4692 1672 4746 incanta-

25 4766 220 4831 'orem,
255 4776 456 4816 aurem
489 4762 760 4828 obstruit,
796 4777 980 4817 unam
1013 4768 1191 4816 terra}
1238 4763 1576 4830 applicans,
1609 4763 1669 4817 in

26 4833 268 4888 zlteram
299 4849 436 4889 vero
474 4835 731 4890 caudam
759 4841 1056 4904 torquens.
1100 4865 1166 4872 —
1198 4835 1288 4888 Fr.
1337 4835 1423 4888 Pr.
1471 4849 1670 4889 carce-

26 4919 153 4976 "em.
188 4907 359 4959 Notat
385 4910 564 4976 poeta
589 4905 682 4960 vel
715 4904 1158 4960 simulationem
1178 4904 1366 4973 reguli
1394 4904 1482 4959 vel
1508 4905 1674 4972 igna-

25 4974 193 5030 viam.
228 4974 500 5032 12.Lucis
524 4977 618 5032 vel
639 4977 719 5032 ad
743 4977 1052 5032 lucernam
1083 4976 1178 5032 vel
1207 4976 1284 5031 ad
1311 4978 1674 5045 omnipoten-

25 5047 84 5120 {is
110 5046 311 5102 referri
344 5051 555 5120 potest.
604 5048 729 5103 Lud
775 5048 834 5104 in
879 5065 961 5103 m.
1000 5066 1011 5102 :
1063 5049 1308 5104 lucerna.
1358 5049 1560 5104 lucens
1612 5053 1674 5104 ut

25 5119 178 5174 toan.
209 5135 264 5186 v,
292 5119 377 5174 35.
415 5123 478 5174 Il.
501 5123 759 5184 CLXXIX,
785 5125 837 5187 3,
857 5123 908 5180 4.
933 5121 1180 5175 lucerna
1211 5120 1440 5175 Christi
1467 5126 1521 5175 et
1542 5135 1673 5189 per-

25 5191 159 5244 actis
183 5193 549 5259 evangelista
575 5193 836 5247 luminis.
863 5197 944 5245 15.
965 5192 1006 5244 Ι.
1019 5232 1032 5256 ,
1047 5195 1172 5246 erat
1187 5191 1418 5246 amicus
1437 5192 1668 5259 Christi,

25 5260 273 5317 Herodes
325 5260 549 5318 diaboli
608 5263 780 5332 cujus
837 5262 1060 5318 deliciis
1110 5262 1404 5318 studebat.
1446 5263 1530 5319 Cf.
1588 5264 1667 5320 lo.

25 5347 142 5393 (VII,
183 5337 266 5388 12.
297 5365 364 5374 -—
412 5337 495 5388 14.
543 5337 632 5388 Pr.
667 5340 814 5390 nata
859 5339 1165 5404 precatur.
1220 5333 1386 5388 Torr.
1437 5336 1510 5390 In
1563 5337 1671 5391 hoc

26 5418 181 5457 "crsu
200 5410 286 5460 est
306 5406 472 5460 color
486 5405 841 5473 rhetoricus,
869 5409 973 5476 qui
1000 5407 1225 5460 dicitur
1245 5407 1572 5461 dissolutio.
1595 5409 1671 5461 Et

25 5480 91 5527 δεῖ
150 5477 310 5530 ali-us
365 5477 529 5531 color
585 5477 864 5541 brevitas,
911 5492 1049 5532 nam
1085 5483 1206 5533 tota
1257 5478 1671 5533 decollationis

25 5546 261 5601 Ioannis
294 5547 546 5602 historia
567 5563 685 5618 qua
719 5548 1054 5604 brevissime
1068 5555 1380 5604 narratur.
1397 5579 1464 5590 -—
1485 5553 1547 5602 15
1581 5552 1667 5605 Fr.

25 5624 150 5672 inte
195 5620 266 5686 ﬁt
316 5633 516 5687 quam.
551 5618 699 5674 Lub.
749 5621 824 5674 sit
875 5619 1176 5676 Vocabula
1226 5621 1565 5675 saltationis
1616 5625 1674 5676 et

25 5690 356 5746 :anctitatis
411 5705 482 5746 ex
522 5694 714 5762 poetae
761 5691 1051 5748 sententia
1083 5707 1327 5764 prorsus
1373 5689 1486 5745 sibi
1529 5695 1672 5748 sunt

1771 5479 2013 5548 publice
2062 5494 2172 5548 pro
2227 5479 2506 5533 concione
2555 5477 2802 5531 docetur
2848 5490 2870 5548 ς

1822 397 2138 464 gelizantes
2165 400 2385 456 trinum
2412 405 2468 456 et
2503 417 2710 456 unum.

1898 487 1979 538 11.
2017 485 2304 553 Andreas,
2349 486 2609 540 Jacobus
2663 491 2932 556 uterque,
2977 485 3300 557 Philippus,
3345 489 3480 541 Bar-

1824 571 2196 644 lbolomueus,
2243 575 2462 638 Simon,
2498 574 2853 644 'I‘haddaeus,
2893 577 3176 641 Joannes,
3223 576 3480 630 Thomas

1820 666 1875 714 et.
1907 663 2207 716 Μίιιιιιενιιδ
2236 663 2553 717 duodecim
2583 663 2838 733 judices,
2873 680 2996 719 non
3027 664 3105 718 ab
3134 680 3254 719 uno
3283 664 3389 718 sed
3419 665 3479 719 in

1822 765 2009 805 unum
2041 751 2236 822 divisi,
2273 769 2376 823 per
2398 753 2604 807 orbem
2623 753 2846 808 divisos
2871 753 2930 808 in
2953 770 3138 808 unum
3162 753 3474 823 colligunt:

1896 840 1976 889 1‘2.
2011 840 2069 890 In
2103 853 2344 891 omnem
2379 842 2595 892 terram
2622 837 2799 892 exivit
2827 854 3011 894 sonus
3041 853 3269 904 eorum,

1900 923 1976 973 l3.
2015 923 2076 975 Et
2104 920 2158 974 in
2189 923 2333 976 lines
2364 922 2524 976 orbis
2557 925 2721 976 terrm
2752 923 2933 978 verba
2965 935 3194 978 eorum.

1893 1009 1974 1060 1-1.
2008 1011 2198 1070 Quam
2232 1006 2480 1078 ψ(ιοὶοεί
2517 1007 2697 1078 pedes
2729 1007 3260 1078 evangelizantium
3287 1006 3469 1076 bona,

1816 1090 2269 1160 pl‘uadiczmtium
2296 1108 2529 1164 pacein,

1891 1180 1972 1229 15.
2001 1177 2299 1244 Sanguine
2350 1177 2557 1230 (Zhristi
2602 1176 2924 1249 redemptis
2967 1177 3048 1232 ita
3095 1177 3467 1234 dicentium:

1813 1259 1970 1322 Sion,
2003 1260 2276 1329 regnabit
2309 1264 2460 1316 Deus
2485 1265 2638 1330 tuus,

1891 1348 1969 1398 16.
2006 1345 2115 1409 Qui
2146 1345 2328 1400 verbo
2362 1345 2581 1400 saecula
2613 1346 2765 1415 fecit,
2799 1346 2960 1418 quod
2989 1362 3098 1418 pro
3129 1347 3304 1402 nobis
3339 1345 3469 1402 Ver-

1811 1433 1958 1487 bum
1991 1450 2129 1488 earo
2164 1433 2382 1488 factum
2416 1439 2502 1488 est
2531 1434 2589 1489 in
2620 1435 2738 1489 ﬁne
2767 1434 3142 1491 saeculorum.

1886 1521 1968 1572 17.
2002 1521 2115 1572 Hoc
2163 1519 2410 1573 verbum
2454 1518 2618 1591 quod
2667 1519 3122 1591 praidicamuss,
3173 1520 3465 1577 Christum

1810 1603 2159 1658 cruciﬁxum
2191 1603 2292 1676 qui
2330 1603 2468 1659 vivit
2497 1608 2552 1659 ct
2583 1607 2792 1672 regnat
2824 1608 2974 1659 Deus
3001 1604 3061 1659 in
3093 1605 3273 1660 caelis.

1884 1694 1964 1743 18.
2003 1689 2066 1742 Hi
2102 1694 2242 1743 sunt
2282 1688 2410 1742 θίνιὶ
2451 1689 2698 1760 quibus,
2746 1690 2988 1756 Christe,
3041 1690 3357 1756 inhabiles,
3405 1693 3464 1747 in

1805 1796 2061 1850 quorum
2095 1779 2288 1833 verbis
2315 1783 2502 1843 tonas,
2538 1779 2804 1848 fulguras
2827 1779 3034 1849 signis,
3053 1796 3220 1835 roras
3243 1782 3462 1850 gratia:

1882 1872 1962 1922 10.
2001 1865 2096 1922 His
2130 1865 2325 1921 dixisti
2360 1885 2370 1922 :
2407 1871 2636 1936 Horatc,
2670 1867 2821 1936 CtPll,
2856 1867 3132 1940 desuper,
3178 1869 3234 1922 et
3272 1866 3463 1921 nubes

1803 1956 2050 2028 pluantj
2065 1962 2283 2024 ustum,
2317 1957 2615 2028 aperiatur
2646 1962 2797 2012 terra
2829 1956 3191 2026 germinans,

1874 2055 1960 2102 2.0.
1994 2052 2242 2102 tlermen
2271 2047 2501 2117 justum
2533 2047 2772 2112 suscita,
2805 2051 3024 2102 terram
3063 2049 3332 2101 nostram
3358 2043 3463 2117 qui

1804 2139 2143 2209 apostolicis
2169 2137 2366 2192 verbis
2401 2154 2600 2191 serens
2632 2138 2966 2206 germinare
2994 2135 3180 2192 facias
3214 2152 3228 2190 :

1874 2229 1961 2282 “ll.
2020 2231 2285 2293 Quorum
2326 2225 2520 2281 verbis
2565 2226 2816 2282 verbum
2865 2223 3050 2281 Patris
3092 2227 3358 2280 tenentes
3402 2224 3462 2280 in

1803 2316 2087 2389 patientia
2119 2311 2372 2370 fructum
2407 2315 2553 2370 ferre
2591 2313 2685 2370 lac
2716 2330 2826 2369 nos
2855 2313 2981 2383 tibi,
3015 2312 3282 2369 Domine.

1875 2411 1960 2460 2'2.
1999 2405 2062 2460 Hi
2093 2405 2246 2473 C(Pll,
2278 2422 2432 2476 quos
2462 2403 2669 2474 magni
2697 2403 2928 2460 consilii
2957 2401 3209 2473 angelus
3233 2403 3465 2459 inhabi-

1803 2500 1909 2561 tas,
1943 2509 2097 2566 quos
2128 2510 2252 2549 non
2284 2507 2482 2548 servos
2515 2493 2622 2548 sed
2656 2493 2881 2548 amicos
2911 2492 3281 2564 appellabas,
3327 2492 3460 2564 qui-

1799 2584 1911 2638 bus
1943 2583 2148 2638 omnia
2177 2599 2311 2654 que:
2346 2581 2560 2638 audisti
2588 2598 2624 2637 a
2656 2569 2824 2636 Patre
2853 2581 3144 2636 notiticas.

1798 2692 2114 2748 contraria.
2148 2693 2318 2755 Nam,
2351 2694 2414 2745 ut
2441 2689 2565 2745 vult
2593 2689 3080 2760 Chrysostomus,
3113 2687 3215 2743 ubi
3237 2692 3324 2744 est
3344 2689 3459 2744 sal-

1799 2765 1940 2840 tatio
2006 2763 2088 2818 ibi
2157 2761 2625 2840 est_diabolu_s_:
2693 2777 2887 2840 neque
2949 2760 3186 2840 alrhac
3232 2760 3455 2816 saltan-

1801 2837 1945 2892 tium
1959 2850 2212 2890 censura
2239 2833 2540 2904 discrepat
2557 2831 3307 2904 Augustinus,quiomnem
3328 2848 3456 2904 mo-

1799 2912 1923 2985 tum
1951 2903 2668 2985 seusaltumpetulantizn
2700 2903 2939 2985 saltum“
2959 2903 3174 2985 essein
3204 2903 3453 2985 profun-

1798 2978 1945 3032 dum
1976 2977 2190 3032 inferni
2208 2974 2456 3046 judicat.
2492 2980 2602 3030 Nec
2643 2974 2871 3030 insulse
2901 2974 3249 3030 Guillelmus
3304 2978 3454 3044 Lug-

1797 3049 2088 3104 dunensis
2143 3049 2298 3104 hanc
2354 3046 2683 3102 saltationis
2732 3046 3036 3101 notionem
3069 3051 3244 3112 tenet,
3286 3050 3351 3101 ut
3385 3047 3457 3103 sit

1797 3121 2015 3176 chorea
2047 3119 2322 3184 circulus,
2370 3121 2540 3188 cujus
2579 3123 2849 3173 centrum
2897 3117 3196 3172 diabolus.
3248 3149 3315 3156 ——
3368 3123 3450 3173 16.

1805 3197 1882 3247 I7.
1917 3196 2077 3247 'I‘orr.
2113 3197 2274 3247 esset.
2309 3195 2415 3246 les.
2452 3195 2580 3255 LVII,
2614 3194 2629 3244 I
2665 3208 2678 3244 ι
2728 3191 2933 3244 Justus
2981 3190 3136 3258 perit
3185 3195 3238 3244 et
3284 3204 3454 3246 nemo

1797 3271 1878 3319 est
1911 3267 2014 3334 qui
2040 3266 2316 3330 recogitet
2350 3266 2410 3317 in
2443 3262 2620 3317 corde
2639 3277 2762 3316 suo.
2795 3264 2881 3315 Fr.
2916 3261 3056 3315 (lum
3084 3266 3177 3315 Sit.
3205 3263 3294 3314 Ps.
3325 3278 3451 3331 cxv,

1796 3341 1845 3390 ὅ.
1881 3338 2153 3391 Pretiosa
2188 3338 2249 3390 in
2281 3339 2593 3403 conspectu
2625 3334 2868 3388 Domini
2894 3348 3052 3387 mors
3109 3339 3453 3388 sanctorum

1795 3410 1940 3474 ejus.
1969 3407 2121 3462 Multi
2157 3411 2293 3460 sunt
2316 3411 2505 3477 poetae
2537 3421 2605 3459 ac
2636 3405 3088 3459 concionatores
3108 3403 3167 3458 in
3195 3419 3454 3528 conque-

1795 3479 1980 3528 rendo
2008 3478 2192 3528 sancti
2221 3477 2464 3528 Joannis
2497 3475 2809 3528 sunnlicio.
2855 3475 3026 3528 cuius
3069 3479 3278 3528 auctor
3351 3491 3450 3528 ue-

1794 3479 1980 3533 rendo
2008 3478 2192 3532 sancti
2221 3475 2464 3531 Joannis
2497 3475 2809 3546 supplicio,
2855 3475 3026 3543 cujus
3069 3475 3450 3546 auctorqfue-

1792 3555 1880 3604 rat
1907 3549 2183 3603 meretrix
2209 3547 2437 3602 (IOlOsa.
2472 3544 2589 3601 Pro
2614 3544 2781 3600 inore
2807 3561 2917 3599 suo
2964 3545 3248 3599 acerrime
3292 3544 3452 3600 inve-

1790 3619 1948 3674 hitur
1979 3620 2262 3673 I.utherus
2285 3619 2360 3673 So
2394 3618 2496 3672 hat
2529 3632 2585 3671 es
2615 3618 2708 3671 ein
2738 3615 2926 3680 Ende,
2959 3631 3021 3670 so
3049 3617 3221 3685 gehet
3251 3629 3308 3670 es
3338 3632 3450 3672 aus

1790 3693 1893 3746 mit
1926 3691 2054 3746 dem
2087 3706 2326 3759 grossen
2361 3689 2697 3757 trefﬂichen
2725 3687 2936 3755 Mann,
2965 3686 3071 3741 der
3095 3701 3155 3740 so
3179 3686 3447 3745 herrlich

1787 3763 2098 3833 geriihmet
2152 3762 2306 3816 u'ird
2354 3759 3018 3833 von_llIens_clien_ilnd
3061 3759 3330 3833 Engeln,
3372 3762 3445 3826 ja

1791 3831 1900 3890 von.
1928 3836 2140 3889 seinem
2174 3834 2378 3887 Herrn
2409 3831 2622 3887 selbst:
2646 3831 2754 3886 der
2783 3831 2897 3885 soll
2927 3845 2988 3885 so
3015 3831 3184 3885 einen
3232 3831 3447 3885 scitan-

1789 3907 2028 3961 dlichen
2064 3905 2184 3959 Tod
2215 3904 2406 3960 leiden
2435 3919 2532 3958 um
2565 3905 2729 3958 einer
2760 3903 2953 3968 basen,
2981 3902 3444 3971 verszireifelten

1793 3979 1956 4032 Hure
1985 3979 2158 4032 wilen
2187 3976 2312 4031 und
2341 3977 2464 4031 sein
2495 3975 2668 4044 Kopf
2691 3975 2808 4029 auf
2826 3976 2987 4029 einer
3017 3973 3295 4029 Schussel
3339 3975 3447 4029 der

1787 4051 1956 4104 Hure
1985 4050 2045 4103 in
2077 4049 2172 4103 die
2212 4049 2500 4103 Kammer
2546 4045 2830 4117 gebracht
2879 4047 3136 4112 werden,
3186 4047 3324 4102 dass
3367 4047 3448 4101 sie

1788 4120 1920 4176 inre
1965 4122 2106 4175 Lust
2154 4121 2351 4175 daran
2379 4121 2580 4174 siehet.
2628 4118 2897 4173 Wunder
2946 4133 3105 4173 mare
3156 4132 3212 4172 es
3260 4118 3444 4184 nicht,

1788 4193 1924 4248 dass
1953 4193 2058 4248 das
2093 4192 2382 4247 hellische
2409 4192 2614 4246 Ferrer
2645 4189 2814 4244 drein
2856 4188 3213 4259 geschlagen
3261 4187 3443 4244 hri‘tte.

1788 4296 1857 4304 —
1893 4267 1974 4318 18.
2003 4266 2068 4318 Μ.
2109 4268 2189 4318 10.
2225 4266 2310 4317 Fr.
2344 4263 2484 4317 talis
2505 4269 2557 4316 et
2583 4266 2785 4316 tantus
2811 4268 2912 4315 est.
2940 4259 3048 4314 Md.
3079 4263 3117 4312 t.
3144 4274 3214 4313 ac
3237 4262 3440 4315 tantis.

1787 4336 1898 4390 Ad.
1935 4338 2022 4390 Br.
2058 4340 2112 4389 et
2142 4340 2421 4404 quantus.
2459 4333 2602 4387 Lub.
2631 4331 2668 4386 i.
2696 4348 2778 4385 m.
2811 4334 2903 4386 vic
2932 4330 3447 4404 nativitateClau-

1707 4394 1748 4448 Π
1786 4407 1921 4461 dius
1958 4424 1968 4460 :
2002 4394 2261 4460 Joannes
2283 4405 2390 4459 (ter
2428 4404 2650 4472 Taufer
2686 4404 2839 4457 steht
2873 4404 2934 4456 in
2965 4401 3072 4456 der
3098 4400 3440 4457 sichtbaren

1804 4479 1956 4533 Welt
1981 4476 2271 4531 zunﬁchst
2303 4476 2429 4530 und
2455 4472 2846 4528 unmittelbar
2872 4488 2978 4528 vor
3001 4474 3121 4527 ihm
3145 4473 3273 4526 und
3288 4473 3440 4527 zieht

1785 4551 1913 4604 also
1958 4549 2246 4603 zunrichst
2285 4547 2397 4601 den
2449 4546 2626 4602 Blich
2653 4546 2772 4613 auf
2791 4545 2937 4599 sich.
2991 4576 3060 4584 —
3107 4548 3190 4598 19.
3237 4545 3304 4599 Μ.
3350 4548 3436 4599 10.

1782 4623 1962 4676 morti
1986 4625 2174 4674 morte
2203 4618 2311 4674 Nb.
2346 4621 2490 4673 Lub.
2514 4618 2782 4672 damnat.
2811 4615 3030 4678 Matth.,
3063 4631 3122 4680 Χ,
3153 4619 3221 4669 21
3256 4631 3269 4669 :
3299 4615 3436 4669 Non

1782 4699 1862 4747 est
1895 4692 2224 4759 discipulus
2250 4705 2428 4760 super
2455 4690 2831 4759 magistrum,
2863 4692 2970 4742 etc.
2999 4688 3299 4760 Sponsum
3334 4701 3438 4757 ap-

1781 4764 1960 4836 pellat
1986 4763 2283 4836 Christum
2318 4759 2462 4834 iipse
2486 4764 2744 4836 Joannes
2785 4776 2870 4824 1n,
2903 4763 3210 4836 '29,__—-_20.
3242 4759 3310 4813 M.
3349 4761 3432 4812 10.

1781 4829 2057 4892 eductum
2079 4835 2246 4907 quod
2295 4829 2568 4903 congruit
2601 4833 2864 4907 rhytmo.
2912 4829 3315 4907 _Alii4_ductu_m
3369 4859 3436 4867 —

1780 4924 1866 4976 ps.
1893 4901 2344 4982 sancti-angeli.
2504 4901 2722 4982 cretum
2746 4904 2966 4982 angeli.
2997 4901 3285 4982 caeli
3325 4911 3435 4954 an-

1781 4972 1917 5050 geli.
1949 4972 2394 5054 Godesch—alkus
2424 4977 2483 5032 in
2519 4977 2632 5054 hac
2675 4972 2941 5054 clausula
2988 4972 3436 5054 valde__alienus

1781 5043 1868 5105 est
1895 5067 1932 5105 a
1983 5049 2475 5125 scholasticorum
2519 5046 2905 5125 dogmatibus
2923 5061 3070 5125 Aznex
3119 5043 3229 5125 illis
3259 5043 3435 5125 enim

1778 5125 2036 5177 Joannes
2066 5121 2126 5175 in
2156 5119 2408 5176 limbum
2435 5116 2807 5175 descendens
2837 5116 3107 5172 Patribus
3138 5116 3436 5172 Christum

1780 5193 2154 5266 annuntiavit
2178 5209 2245 5247 ac
2277 5196 2484 5266 postea
2513 5191 2591 5247 ab
2619 5190 2750 5262 ipso
2771 5188 3165 5260 Redemptore
3191 5199 3330 5243 cum
3351 5203 3438 5242 re-

1776 5265 1953 5336 liquis
1985 5269 2071 5319 est
2094 5263 2397 5320 liberatus.

1852 5331 1934 5390 IV.
2009 5336 2323 5391 Ludecus:
2395 5335 2527 5390 Etsi
2588 5333 2711 5388 dies
2765 5331 3072 5387 divisionis
3142 5334 3437 5401 apostolo-

1779 5423 1910 5461 rum
1939 5421 2107 5462 sacer
2138 5423 2256 5460 non
2305 5407 2662 5470 celebratur,
2707 5418 2894 5474 neque
2931 5404 3004 5458 de
3052 5419 3120 5459 ea
3175 5405 3436 5473 populus

2930 5480 3125 5532 tamen
3175 5491 3308 5530 cum
3364 5477 3438 5530 sit

1776 5545 1992 5618 festum
2026 5545 2302 5605 Ecclesia
2351 5554 2404 5603 et
2449 5549 2750 5603 contiones
2799 5545 3036 5618 aliquid
3086 5549 3352 5618 antiqua?
3383 5551 3436 5601 et

1778 5621 2116 5675 sincerioris
2172 5620 2551 5688 antiquitatis
2609 5619 2942 5688 redoleant,
2977 5635 3094 5674 non
3133 5620 3309 5688 potui
3343 5619 3436 5686 fa-

1777 5705 1906 5748 cere
1932 5693 2080 5761 quin
2110 5706 2206 5749 eas
2231 5690 2674 5762 subjungerem.
2703 5691 2916 5747 Procul
2943 5691 3129 5747 dubio
3174 5690 3266 5746 his
3305 5691 3434 5746 Iau-
