3944 6414
133 233 298 289 1333

915 231 1256 287 LEDUINUS
1297 231 1525 286 ABBAS
1567 230 1620 285 S.
1665 225 1982 282 VEDASTI.
2028 257 2094 265 —
2135 226 2414 282 NOTlTlA
2456 227 2846 283 HISTORICA.

3454 232 3588 284 1334

223 361 282 412 9.
327 356 499 423 Quod
528 371 744 412 nocere
788 355 934 410 dum
964 356 1362 423 machinatur,
1397 355 1509 410 sub
1558 351 1814 425 pedibus
1851 355 1898 404 A
2002 353 2086 404 13.
2131 352 2278 406 Nam
2328 351 2479 406 inter
2519 351 2779 419 virgines
2833 351 3096 407 adducta
3120 355 3258 423 post
3287 367 3422 408 eam
3451 367 3587 424 qua:

127 447 394 503 feminae.
423 450 605 518 caput
635 445 764 515 ejus
796 445 1017 500 teritur.

223 542 316 592 10.
360 535 609 592 Insidias
657 535 846 590 hostis
891 535 1068 601 hanc,
1121 535 1364 602 Christe,
1407 531 1660 589 docuisti
1690 531 1817 585 vin-

124 641 287 682 cere
316 626 378 682 in
404 625 600 698 prima
630 623 1071 692 congressione.

221 720 314 771 11.
362 718 515 770 Dum
548 730 671 769 non
702 712 1080 780 consentiret,
1115 713 1219 769 sed
1250 713 1330 768 illi
1357 711 1668 776 resisteret,
1691 708 1816 763 vin-

123 820 287 862 cere
316 804 421 877 qui
452 804 600 860 solet
629 807 888 860 tentatus
920 803 968 857 si
1000 818 1122 858 non
1154 808 1464 875 repugnet.

223 898 316 949 12.
359 897 546 958 Quem
575 893 703 948 haec
734 893 904 962 virgo
934 892 1214 948 resistens
1254 909 1290 948 a
1335 908 1398 946 se
1427 891 1560 946 fecit
1591 890 1812 959 fugere,

121 1000 280 1056 quo
308 983 515 1054 fugato
545 982 1077 1056 appropinquabat
1103 982 1226 1049 tibi,
1260 982 1526 1038 Domine.

125 1127 451 1182 Exultent
495 1127 642 1194 ﬁlia?
670 1126 814 1181 Sion
866 1127 927 1180 in
974 1141 1110 1196 rege
1151 1141 1274 1181 suo.
1309 1125 1590 1196 Miramur
1616 1129 1812 1196 torum

125 1197 428 1270 quemvis
461 1197 725 1270 conjugii
769 1196 964 1270 delicti
1008 1197 1273 1270 crimine
1303 1195 1595 1270 sordidari
1627 1215 1638 1251 :
1677 1195 1815 1250 facit

126 1266 293 1324 611m
324 1266 759 1338 Augustiniano
789 1267 889 1323 illo
919 1267 992 1322 de
1024 1268 1508 1339 concupiscentia
1551 1266 1808 1339 decreto.

123 1372 209 1379 —
247 1344 302 1394 4.
335 1339 469 1396 Ad.:
496 1350 631 1394 sunt
652 1341 885 1394 merita.
910 1371 975 1378 —-
1003 1345 1052 1394 5.
1087 1338 1238 1394 Adi
1259 1341 1471 1409 Tangit
1501 1338 1677 1394 verba
1707 1339 1811 1394 Ge-

125 1427 352 1466 neseos
381 1411 484 1466 ubi
513 1413 666 1466 Deus
698 1411 1007 1467 maledixit
1041 1412 1338 1480 serpenti:
1377 1412 1460 1464 Tu
1492 1410 1809 1466 insidiabe-

123 1484 227 1538 ris
253 1483 537 1538 calcaneo
565 1485 710 1550 ejus,
730 1488 782 1535 et
812 1483 940 1550 ipsa
968 1489 1225 1538 conteret
1251 1488 1429 1550 caput
1456 1487 1643 1536 tuum.
1663 1483 1810 1538 Haec

124 1554 332 1610 verba
359 1555 610 1622 fuerunt
630 1554 992 1621 praesagium
1017 1555 1278 1607 omnium
1307 1554 1605 1621 virginum
1632 1554 1694 1606 in
1716 1569 1807 1609 ca-

124 1626 353 1679 stitate
381 1626 771 1679 militantium
805 1631 855 1679 et
873 1626 1304 1694 principaliter
1323 1625 1570 1693 virginis
1586 1625 1809 1694 glorio-

124 1710 218 1749 δεῖν
251 1696 486 1766 Mariae.
523 1695 633 1750 Md.
669 1695 778 1749 Ad.
813 1697 918 1766 qui
944 1712 1073 1750 nec.
1108 1727 1174 1733 —-
1215 1696 1292 1749 10.
1327 1694 1436 1751 Md.
1472 1711 1592 1766 om.
1628 1697 1710 1749 in.
1742 1728 1809 1734 —

132 1771 233 1822 11.
267 1765 378 1820 Ad.
413 1772 667 1822 tentatas
699 1798 766 1806 -—
808 1765 1159 1836 repugnent.
1196 1799 1260 1805 —
1307 1771 1389 1821 12.
1425 1765 1533 1821 Md.
1567 1766 1674 1820 Ad.
1708 1781 1811 1836 ap-

1928 443 2118 494 mater
2163 444 2254 496 est
2301 440 2542 508 intacta,
2579 441 2879 511 virginum
2909 441 3153 511 virginis
3185 442 3374 498 Mariae
3403 442 3587 513 digna

1929 533 2016 584 est
2041 529 2404 601 pedisscqua
2430 548 2442 584 :

2001 621 2084 672 14.
2127 621 2200 673 Te
2231 633 2458 686 agnum
2491 619 2615 674 sine
2664 618 2904 675 macula
2947 620 3074 690 jam
3128 620 3395 692 sequitur
3439 620 3590 676 stola

1925 706 2185 762 candida
2220 707 2428 762 Filium
2458 707 2722 775 virginis,
2748 723 3113 780 quocunque
3143 708 3446 779 virginum
3478 710 3588 764 ﬂos

1925 795 2072 852 ierit.

2001 890 2082 941 15.
2128 885 2315 958 Hujus
2345 885 2763 942 intercessione
2796 902 2906 942 nos
2935 889 3118 942 tuere.

1920 1137 2370 1205 propmquavit.
2406 1134 2516 1190 Md.
2551 1137 2820 1190 Domino.
2854 1167 2921 1175 —
2966 1139 3048 1191 13.
3083 1138 3164 1189 Pt.
3198 1150 3359 1190 nunc
3400 1135 3575 1190 inter.

1924 1205 2033 1259 Md.
2068 1205 2174 1260 Nb.
2207 1207 2467 1261 abducta
2488 1219 2509 1273 ;
2561 1205 2664 1259 sed
2695 1206 2942 1276 vestigia
2993 1205 3209 1277 premit
3253 1205 3579 1261 Psalmistze

1922 1291 2016 1347 ps.
2050 1293 2223 1338 mnu,
2254 1277 2650 1332 Adducentur
2693 1293 2817 1346 regi
2865 1279 3125 1347 virgines
3163 1283 3300 1346 post
3329 1293 3477 1332 eam.
3512 1311 3578 1316 ~—

1923 1379 1989 1420 -έ
2035 1351 2117 1401 14.
2163 1350 2227 1402 Μ.
2264 1352 2344 1402 10.
2379 1355 2675 1420 sequetur.
2727 1349 3166 1420 Hieronymus:
3218 1349 3461 1416 Nuptiae
3490 1364 3580 1404 re-

1921 1419 2089 1490 plent
2121 1423 2367 1486 terram,
2402 1419 2718 1490 virginitas
2753 1419 3132 1488 paradisum.
3168 1421 3388 1473 Locum
3420 1424 3575 1490 Apo-

1922 1488 2553 1562 calypseospressiore
2586 1489 2850 1562 expinxit
2880 1490 3075 1562 colore
3105 1493 3282 1562 poeta
3306 1488 3577 1544 Teutoni-

1921 1559 2026 1613 cus
2063 1559 2295 1629 ’(Wack.
2336 1576 2396 1632 p.
2439 1563 2599 1629 6‘20):
2653 1559 2739 1615 Do
2783 1563 2916 1630 [ἡν-ε
2958 1559 3184 1632 Jliesus
3218 1562 3330 1616 den
3380 1567 3578 1617 tantze

1919 1632 2216 1756 gitittaller
2240 1631 2444 1701 megde
2473 1634 2711 1687 schaar.
2741 1665 2808 1671 —
2844 1637 2926 1687 15.
2962 1631 3068 1686 Ad.
3102 1631 3212 1688 Md.
3238 1632 3344 1687 Nb.
3378 1635 3572 1700 cujus.

1990 1744 2001 1755 .
2063 1719 2100 1756 ιι
2130 1718 2255 1756 nos.

1990 1744 2001 1755 .
2036 1708 2100 1756 tu
2130 1718 2255 1757 nos.

131 2069 3569 2105 Ἢ

1579 2346 1722 2384 ANNO
1780 2346 1967 2386 DOMINI
2009 2349 2140 2388 MLX.

1391 2535 2098 2684 LEDUIN
2111 2537 2340 2683 US

840 2845 1192 2933 ABBAS
1288 2847 1377 2929 S.
1465 2843 1924 2930 VEDASTI
2028 2846 2872 2934 ATREBATENSIS.

1082 3334 1694 3456 NOTITIA
1797 3336 2634 3462 HISTORICA.

892 3621 1012 3684 (Er
1043 3621 1246 3676 Gallia
1275 3619 1627 3677 Christiana
1657 3637 1829 3677 novae
1856 3621 2154 3691 editionis,
2187 3627 2328 3679 tom.
2365 3624 2458 3691 Ill,
2491 3639 2630 3695 pag.
2665 3627 2810 3695 379.)

203 4057 526 4122 Leduinus,
549 4074 655 4113 seu
684 4059 1028 4123 Lieduinus,
1049 4073 1124 4114 ex
1151 4059 1302 4114 laico
1331 4060 1447 4128 pix
1477 4058 1782 4128 religionis
1822 4062 1867 4112 A
1895 4057 2165 4114 redemit.
2219 4061 2422 4115 Exstat
2463 4058 2541 4115 ad
2593 4059 2877 4114 eumdem
2931 4059 3264 4116 Leduinum
3321 4061 3558 4117 Gerardi

124 4130 460 4184 monachus
511 4145 547 4184 a
587 4129 890 4184 Balderico
919 4134 1193 4192 vocatus,
1229 4129 1544 4186 Vedastino
1585 4144 1793 4184 mona-

128 4200 316 4272 sterio
362 4200 681 4272 praeﬁcitur
733 4218 767 4255 a
800 4204 870 4272 Β.
905 4199 1220 4272 Richardo,
1253 4217 1377 4256 non
1415 4200 1660 4272 quidem
1692 4215 1789 4255 an.

133 4270 308 4344 1018;
336 4270 398 4326 ut
425 4271 629 4326 scribit
649 4271 906 4339 [.ocrius,
931 4271 1042 4326 nisi
1065 4271 1314 4327 fortasse
1339 4270 1628 4344 tanquam
1649 4287 1795 4344 prae-

126 4343 388 4413 positus,
419 4346 670 4414 atﬂcerte
700 4347 952 4414 praeerat
974 4343 1102 4414 jam
1147 4357 1256 4414 an.
1285 4347 1439 4408 1023,
1463 4342 1669 4414 prima
1697 4342 1792 4406 die

130 4414 369 4494 mensis
391 4413 987 4494 Maii,.qua’przesens
1008 4413 1075 4494 [in
1106 4413 1362 4494 comitiis
1388 4413 1790 4482 generalibus,

125 4484 306 4556 jussu
332 4485 570 4556 Roberti
593 4483 766 4556 regis
794 4483 960 4556 apud
999 4484 1438 4555 Compendium
1469 4499 1793 4556 congrega-

131 4555 227 4624 tis,
261 4555 414 4609 inter
440 4555 760 4610 Ecclesiam
792 4555 1272 4611 Bellovacensem
1302 4560 1358 4610 et
1389 4572 1563 4611 suam
1594 4555 1793 4610 frater-

132 4641 283 4698 nam
319 4627 668 4698 societatem
697 4626 843 4692 iniit,
872 4632 936 4682 ut
978 4631 1139 4698 patet
1168 4642 1241 4681 ex
1283 4627 1487 4682 charta
1527 4643 1597 4681 ea
1627 4625 1701 4680 de
1732 4641 1794 4680 re

133 4696 436 4769 descripta
479 4697 645 4769 apud
698 4696 1019 4754 Chesnium
1066 4699 1349 4765 (Preuves
1379 4698 1452 4753 de
1491 4698 1796 4752 l‘Histoire

135 4768 208 4823 de
237 4768 714 4837 Montmorency,
743 4784 881 4840 pag.
912 4769 995 4824 l2)
1030 4773 1086 4823 et
1106 4769 1269 4840 apud
1292 4769 1554 4825 Mireeum
1583 4769 1791 4840 (Notit.

135 4841 309 4911 eccl.,
339 4854 488 4911 pag.
517 4841 654 4909 148).
688 4838 890 4894 Nullus
921 4845 1123 4911 autem
1145 4838 1302 4911 pene
1332 4844 1423 4911 est
1451 4839 1519 4911 in,
1540 4841 1656 4894 hac
1686 4838 1794 4893 ab-

135 4908 360 4965 batum
382 4910 551 4979 serie,
583 4911 756 4980 cujus
799 4910 1092 4966 memoria
1136 4908 1196 4965 in
1228 4910 1644 4966 benedictione
1675 4926 1799 4964 ma-

138 4981 226 5048 gis
275 4981 383 5046 sit;
413 4982 647 5053 retenim
676 4981 970 5053 plurimus
1019 4981 1236 5037 exstitit
1259 4983 1319 5037 in
1349 4981 1713 5053 restituenda
1729 4985 1798 5053 et

137 5052 489 5132 asserenda,
523 5069 662 5107 cum
679 5051 854 5108 'domi
890 5053 1500 5132 tum_foris,__morum
1528 5051 1796 5132 disqiplij

137 5137 239 5192 na,
285 5123 616 5196 plurimum
668 5140 912 5196 quoque
965 5124 1261 5196 laboravit
1305 5123 1369 5178 in
1412 5140 1474 5178 re
1522 5122 1798 5178 familiari

138 5194 554 5251 conservanda
583 5200 639 5250 et
669 5194 968 5264 augenda.
1001 5200 1046 5250 A
1073 5194 1465 5250 fundamento
1505 5198 1800 5249 monaste-

136 5264 296 5321 rium
352 5266 726 5334 restauravit,
774 5271 829 5321 et
875 5265 978 5321 lib.
1033 5270 1100 5321 111
1151 5265 1419 5321 Chronici
1468 5267 1797 5331 Camerac.,

140 5350 274 5409 cap.
308 5342 398 5402 59,
429 5337 597 5409 quod
627 5337 872 5409 quidem
905 5337 1198 5392 Gerardus
1239 5337 1578 5409 episcopus,
1611 5336 1804 5406 inquit

1899 4129 2136 4206 antistis
2168 4131 2418 4206 epistola
2449 4147 2571 4206 qua
2601 4131 2654 4186 ei
2683 4131 2902 4206 gratias
2932 4131 3249 4206 agit‘quod
3279 4148 3559 4206 compas-

1900 4218 2002 4256 sus
2038 4200 2109 4256 sit
2137 4200 2571 4274 AAtrebatensis
2604 4200 2810 4274 matris
2861 4200 3129 4274 Ecclesiae
3169 4219 3306 4274 qum
3339 4200 3555 4274 IlI—Kal.

1899 4272 2150 4341 Augusti
2203 4273 2416 4344 ignee
2466 4272 2621 4344 caelo
2664 4272 2918 4344 delapso
2975 4272 3313 4344 combusta,
3345 4273 3555 4330 fuerat.

1900 4344 2044 4398 Item
2111 4343 2455 4397 auctoribus
2487 4343 2775 4413 Leduino
2805 4342 2891 4398 “et
2946 4342 3178 4398 Rotrico
3241 4343 3557 4413 (Sithiensi)

1899 4413 2243 4486 abbatibus,
2279 4412 2574 4486 Gerardus
2622 4413 2942 4486 episcopus
2975 4413 3224 4468 demum
3250 4412 3561 4486 acquievit

1899 4483 2148 4556 consilio
2177 4483 2584 4556 quorumdam
2614 4483 2794 4556 Belgii
2823 4483 3268 4556 episcoporum,
3291 4483 3398 4556 qui
3417 4486 3561 4540 Bur-

1899 4553 2139 4626 gundiaa
2171 4553 2500 4626 praesulum
2545 4553 2902 4626 sententiam
2947 4553 3149 4622 secuti,
3183 4559 3248 4610 ut
3277 4553 3400 4611 tam
3430 4571 3558 4610 sese

1900 4625 2086 4697 quam
2133 4625 2345 4680 omnes
2389 4625 2666 4697 homines
2712 4625 2826 4680 sub
2855 4629 3234 4681 sacramento
3265 4627 3558 4681 constrin-

1901 4695 2126 4766 gerent,
2179 4711 2395 4768 pacem
2436 4695 2712 4768 videlicet
2762 4712 2832 4768 ac
2876 4696 3166 4768 justitiam
3219 4701 3559 4753 servaturos

1902 4767 2217 4840 (treugani,
2250 4783 2361 4824 ceu
2408 4767 2825 4840 treviamnDei,
2876 4767 3274 4840 appellabant,
3306 4769 3555 4839 Franci).

1904 4838 2026 4896 Sub
2066 4854 2297 4894 annum
2333 4842 2489 4906 1028,
2518 4838 2721 4910 ejectis
2765 4855 2795 4910 e
2829 4838 3280 4910 Marcinianensi
3327 4838 3562 4895 Parthe-

1902 4924 2059 4965 none
2090 4909 2645 4966 sanctimonialibus
2699 4909 2972 4966 Balduini
3001 4909 3233 4965 comitis
3273 4910 3471 4980 jussu,
3504 4913 3562 4965 et

1902 4982 1964 5036 in
2003 4996 2212 5036 earum
2260 4981 2462 5036 locum
2511 4981 2842 5037 substitutis
2892 4981 3226 5046 monachis,
3262 4979 3561 5036 Leduinus

1905 5051 2097 5108 abbas
2130 5068 2200 5108 eo
2229 5067 2454 5108 novam
2481 5051 2715 5108 induxit
2743 5052 3062 5118 coloniam,
3089 5051 3184 5106 cui
3213 5067 3431 5106 novem
3457 5067 3561 5107 an-

1905 5123 1996 5178 nis
2047 5122 2357 5195 praefuisse
2403 5122 2682 5195 traditur;
2731 5123 3089 5195 interimque
3131 5122 3560 5195 Harmaticum

1905 5193 2183 5249 coenobio
2237 5193 2666 5251 Marchianensi
2725 5193 3011 5264 subjecit;
3048 5193 3219 5263 cujus
3267 5193 3560 5252 hactenus

1907 5265 2057 5338 cella
2091 5269 2196 5320 est.
2246 5265 2596 5338 Nominatur
2628 5267 2761 5338 1036
2805 5265 2866 5338 in
2912 5265 3120 5338 charta
3170 5265 3562 5338 pro__juribus

1907 5335 2307 5392 Atrebatensis
2338 5336 2553 5392 telonei
2594 5351 2630 5391 a
2658 5335 3023 5391 Theodorico
3066 5335 3205 5406 rege
3245 5335 3390 5392 olim
3419 5353 3562 5394 con-

141 5406 406 5489 Gazaaus,
425 5406 587 5489 anno
615 5406 769 5476 1031,
798 5409 1186 5489 consecravit.
1215 5406 1627 5489 gérclo‘e’nsem
1652 5423 1800 5489 prae-
1840 5410 1880 5464 C
1909 5407 2060 5489 cessi
2079 5407 2350 5489 ecclesiae
2381 5423 2537 5488 suae;
2581 5411 2638 5462 et
2664 5406 2726 5461 in
2755 5406 3070 5489 advocatia
3098 5407 3563 5489 Marchianensis

139 5479 473 5552 posituram
521 5478 581 5552 in
626 5479 896 5552 proprio,
940 5480 1056 5535 sub
1110 5482 1164 5534 S.
1215 5479 1451 5534 Vedasti
1498 5478 1800 5552 auspiciis,

144 5496 473 5548 posnuram
521 5496 581 5533 ιη
606 5496 896 5606 Cproprio,
940 5496 1056 5535 sun
1110 5496 1164 5534 δ.
1222 5496 1451 5534 venasu
1498 5496 1800 5550 auspiciis,

144 5550 422 5622 excitavit
485 5551 601 5606 allo
650 5551 734 5617 io,
806 5553 1202 5622 Hasprensem
1272 5551 1709 5622 permutatione
1770 5564 1806 5604 a

147 5620 676 5692 Genneticensibus
725 5619 954 5692 accepit
1001 5639 1098 5678 an.
1132 5619 1294 5690 1044,
1323 5638 1392 5677 ac
1441 5619 1657 5676 deinde
1689 5624 1806 5674 An-

147 5691 462 5758 gilcuriam
542 5709 654 5766 pro
733 5691 1060 5766 Hasprensi
1126 5698 1557 5750 commutatam
1621 5692 1811 5764 pretio

1912 5478 2185 5549 abbatis:
2216 5483 2371 5543 1038,
2405 5494 2474 5533 ac
2521 5478 2766 5549 insuper
2815 5478 2941 5533 1041
2995 5478 3058 5533 in
3096 5479 3420 5536 donatione
3466 5482 3565 5535 Er-

1914 5548 2246 5622 mentrudis
2270 5564 2380 5622 pro
2410 5548 2715 5622 sepultura
2743 5549 2954 5622 mariti
2985 5550 3076 5605 sui
3104 5551 3320 5606 Gatteri
3359 5550 3565 5608 castel-

1917 5620 2038 5676 lani
2098 5619 2544 5678 Cameracensis
2598 5619 2763 5693 apud
2828 5620 3136 5678 Elnonem.
3195 5623 3566 5691 Proindeque

1919 5707 2042 5748 non
2072 5695 2162 5748 est
2189 5695 2460 5749 mortuus
2489 5706 2651 5748 anno
2685 5695 2840 5762 1040,
2873 5696 2937 5749 ut
2964 5693 3173 5750 asserit
3201 5693 3456 5750 Locrius.
