  <div class='ocr_page' id='page_1' title='image "/cluster/home/n/w/nwhite01/storage/ocr_20150623/140-141/uc1.31175018559917/1243.png"; bbox 0 0 3950 6406; ppageno 0'>
   <div class='ocr_carea' id='block_1_1' title="bbox 396 196 533 263">
    <p class='ocr_par' dir='ltr' id='par_1_1' title="bbox 396 196 533 263">
     <span class='ocr_line' id='line_1_1' title="bbox 396 196 533 263; baseline 0.007 -2"><span class='ocrx_word' id='word_1_1' title='bbox 396 196 533 263; x_wconf 71' lang='lat'>133$</span> 
     </span>
    </p>
   </div>
   <div class='ocr_carea' id='block_1_2' title="bbox 1149 199 3079 262">
    <p class='ocr_par' dir='ltr' id='par_1_2' title="bbox 1149 199 3079 262">
     <span class='ocr_line' id='line_1_2' title="bbox 1149 199 3079 262; baseline -0.003 0"><span class='ocrx_word' id='word_1_2' title='bbox 1149 202 1426 262; x_wconf 80' lang='lat' dir='ltr'>LEDUINI</span> <span class='ocrx_word' id='word_1_3' title='bbox 1469 200 1764 260; x_wconf 76' lang='lat' dir='ltr'>ABBATIS</span> <span class='ocrx_word' id='word_1_4' title='bbox 1803 202 1858 257; x_wconf 85' lang='lat' dir='ltr'>S.</span> <span class='ocrx_word' id='word_1_5' title='bbox 1901 199 2202 257; x_wconf 76' lang='lat' dir='ltr'>VEDASTI</span> <span class='ocrx_word' id='word_1_6' title='bbox 2238 201 2330 256; x_wconf 83' lang='lat' dir='ltr'>DE</span> <span class='ocrx_word' id='word_1_7' title='bbox 2370 202 2667 259; x_wconf 70' lang='lat' dir='ltr'>PLACITO</span> <span class='ocrx_word' id='word_1_8' title='bbox 2708 201 3079 258; x_wconf 78' lang='lat' dir='ltr'>GENBRALI.</span> 
     </span>
    </p>
   </div>
   <div class='ocr_carea' id='block_1_3' title="bbox 3692 198 3830 257">
    <p class='ocr_par' dir='ltr' id='par_1_3' title="bbox 3692 198 3830 257">
     <span class='ocr_line' id='line_1_3' title="bbox 3692 198 3830 257; baseline 0.014 -4"><span class='ocrx_word' id='word_1_9' title='bbox 3692 198 3830 257; x_wconf 83' lang='lat'>1336</span> 
     </span>
    </p>
   </div>
   <div class='ocr_carea' id='block_1_4' title="bbox 382 336 3805 376">
    <p class='ocr_par' dir='ltr' id='par_1_4' title="bbox 400 336 2513 370">
     <span class='ocr_line' id='line_1_4' title="bbox 400 336 2513 370; baseline -0.002 -21"><span class='ocrx_word' id='word_1_10' title='bbox 400 342 461 349; x_wconf 48' lang='grc' dir='ltr'>η.</span> <span class='ocrx_word' id='word_1_11' title='bbox 570 340 677 351; x_wconf 62' lang='grc' dir='ltr'>ιι...</span> <span class='ocrx_word' id='word_1_12' title='bbox 766 340 857 370; x_wconf 61' lang='grc' dir='ltr'>ινὶὶο-</span> <span class='ocrx_word' id='word_1_13' title='bbox 996 342 1001 349; x_wconf 70' lang='grc' dir='ltr'><strong>ς</strong></span> <span class='ocrx_word' id='word_1_14' title='bbox 1280 342 1287 347; x_wconf 78' lang='grc' dir='ltr'><em>ι</em></span> <span class='ocrx_word' id='word_1_15' title='bbox 1366 340 1369 343; x_wconf 62' lang='grc' dir='ltr'>ι</span> <span class='ocrx_word' id='word_1_16' title='bbox 1740 338 1751 341; x_wconf 60' lang='grc' dir='ltr'><strong>Α</strong></span> <span class='ocrx_word' id='word_1_17' title='bbox 1830 338 1839 345; x_wconf 81' lang='grc' dir='ltr'><em>ι</em></span> <span class='ocrx_word' id='word_1_18' title='bbox 2506 336 2513 345; x_wconf 72' lang='grc' dir='ltr'><strong><em>ο</em></strong></span> 
     </span>
    </p>
   </div>
   <div class='ocr_carea' id='block_1_5' title="bbox 1704 592 2524 720">
    <p class='ocr_par' dir='ltr' id='par_1_5' title="bbox 1704 592 2524 720">
     <span class='ocr_line' id='line_1_5' title="bbox 1704 592 2524 720; baseline -0.006 -1"><span class='ocrx_word' id='word_1_19' title='bbox 1704 592 2524 720; x_wconf 73' lang='lat' dir='ltr'>LEDUINI</span> 
     </span>
    </p>
   </div>
   <div class='ocr_carea' id='block_1_6' title="bbox 868 858 3350 958">
    <p class='ocr_par' dir='ltr' id='par_1_6' title="bbox 868 858 3350 958">
     <span class='ocr_line' id='line_1_6' title="bbox 868 858 3350 958; baseline -0.004 0"><span class='ocrx_word' id='word_1_20' title='bbox 868 858 1339 958; x_wconf 68' lang='lat' dir='ltr'>ARBATIS</span> <span class='ocrx_word' id='word_1_21' title='bbox 1449 858 1829 958; x_wconf 84' lang='lat' dir='ltr'><strong>SANCTI</strong></span> <span class='ocrx_word' id='word_1_22' title='bbox 1952 866 2411 954; x_wconf 81' lang='lat' dir='ltr'>VEDASTI</span> <span class='ocrx_word' id='word_1_23' title='bbox 2512 865 3350 955; x_wconf 73' lang='lat' dir='ltr'>&#39;ATREBATENSIS</span> 
     </span>
    </p>
   </div>
   <div class='ocr_carea' id='block_1_7' title="bbox 1152 1106 3071 1203">
    <p class='ocr_par' dir='ltr' id='par_1_7' title="bbox 1152 1106 3071 1203">
     <span class='ocr_line' id='line_1_7' title="bbox 1152 1106 3071 1203; baseline -0.004 -1"><span class='ocrx_word' id='word_1_24' title='bbox 1152 1106 1820 1203; x_wconf 79' lang='lat' dir='ltr'>CONSTITUTIO</span> <span class='ocrx_word' id='word_1_25' title='bbox 1878 1112 2007 1201; x_wconf 82' lang='lat' dir='ltr'><strong>DE</strong></span> <span class='ocrx_word' id='word_1_26' title='bbox 2068 1109 2493 1200; x_wconf 83' lang='lat' dir='ltr'>PLACITO</span> <span class='ocrx_word' id='word_1_27' title='bbox 2574 1106 3071 1198; x_wconf 72' lang='lat' dir='ltr'>GENERALI</span> 
     </span>
    </p>
   </div>
   <div class='ocr_carea' id='block_1_8' title="bbox 1577 1328 2658 1408">
    <p class='ocr_par' dir='ltr' id='par_1_8' title="bbox 1577 1328 2658 1408">
     <span class='ocr_line' id='line_1_8' title="bbox 1577 1328 2658 1408; baseline -0.006 -16"><span class='ocrx_word' id='word_1_28' title='bbox 1577 1337 1846 1408; x_wconf 70' lang='lat' dir='ltr'>(MARTBN.</span> <span class='ocrx_word' id='word_1_29' title='bbox 1888 1334 2090 1404; x_wconf 71' lang='lat' dir='ltr'>Ampi.</span> <span class='ocrx_word' id='word_1_30' title='bbox 2134 1328 2383 1390; x_wconf 70' lang='lat' dir='ltr'>Called.</span> <span class='ocrx_word' id='word_1_31' title='bbox 2430 1334 2468 1387; x_wconf 92' lang='lat' dir='ltr'>l.</span> <span class='ocrx_word' id='word_1_32' title='bbox 2512 1332 2658 1403; x_wconf 77' lang='lat' dir='ltr'>38L)</span> 
     </span>
    </p>
   </div>
   <div class='ocr_carea' id='block_1_9' title="bbox 466 1694 3839 1797">
    <p class='ocr_par' dir='ltr' id='par_1_9' title="bbox 466 1694 3839 1797">
     <span class='ocr_line' id='line_1_9' title="bbox 466 1694 3839 1797; baseline -0.002 -23"><span class='ocrx_word' id='word_1_33' title='bbox 466 1723 506 1775; x_wconf 86' lang='grc'>1.</span> <span class='ocrx_word' id='word_1_34' title='bbox 552 1720 743 1776; x_wconf 88' lang='lat' dir='ltr'>Homo</span> <span class='ocrx_word' id='word_1_35' title='bbox 769 1720 843 1776; x_wconf 91' lang='lat' dir='ltr'>de</span> <span class='ocrx_word' id='word_1_36' title='bbox 872 1720 1131 1790; x_wconf 79' lang='lat' dir='ltr'>generali</span> <span class='ocrx_word' id='word_1_37' title='bbox 1165 1721 1385 1797; x_wconf 86' lang='lat' dir='ltr'>placito</span> <span class='ocrx_word' id='word_1_38' title='bbox 1416 1721 1527 1777; x_wconf 89' lang='lat' dir='ltr'>tria</span> <span class='ocrx_word' id='word_1_39' title='bbox 1554 1720 1773 1795; x_wconf 91' lang='lat' dir='ltr'>placita</span> <span class='ocrx_word' id='word_1_40' title='bbox 1801 1700 2055 1776; x_wconf 81' lang='lat' dir='ltr'>debetin</span> <span class='ocrx_word' id='word_1_41' title='bbox 2095 1722 2141 1773; x_wconf 83' lang='lat' dir='ltr'><strong>A</strong></span> <span class='ocrx_word' id='word_1_42' title='bbox 2170 1706 2355 1772; x_wconf 90' lang='lat' dir='ltr'>dabit.</span> <span class='ocrx_word' id='word_1_43' title='bbox 2394 1715 2449 1771; x_wconf 90' lang='lat' dir='ltr'>Si</span> <span class='ocrx_word' id='word_1_44' title='bbox 2481 1710 2648 1771; x_wconf 85' lang='lat' dir='ltr'>extra</span> <span class='ocrx_word' id='word_1_45' title='bbox 2677 1715 2873 1783; x_wconf 78' lang='lat' dir='ltr'>legem</span> <span class='ocrx_word' id='word_1_46' title='bbox 2908 1712 3083 1769; x_wconf 79' lang='lat' dir='ltr'>suam</span> <span class='ocrx_word' id='word_1_47' title='bbox 3124 1694 3735 1797; x_wconf 73' lang='lat' dir='ltr'>uxoremacce‘perlt,</span> <span class='ocrx_word' id='word_1_48' title='bbox 3772 1702 3839 1797; x_wconf 84' lang='lat' dir='ltr'>il-</span> 
     </span>
    </p>
   </div>
   <div class='ocr_carea' id='block_1_10' title="bbox 394 1809 2059 1884">
    <p class='ocr_par' dir='ltr' id='par_1_10' title="bbox 394 1809 2059 1884">
     <span class='ocr_line' id='line_1_10' title="bbox 394 1809 2059 1884; baseline -0.001 -20"><span class='ocrx_word' id='word_1_49' title='bbox 394 1824 575 1866; x_wconf 91' lang='lat' dir='ltr'>anno.</span> <span class='ocrx_word' id='word_1_50' title='bbox 613 1813 808 1865; x_wconf 90' lang='lat' dir='ltr'>Unum</span> <span class='ocrx_word' id='word_1_51' title='bbox 839 1827 894 1864; x_wconf 68' lang='lat' dir='ltr'>Vl</span> <span class='ocrx_word' id='word_1_52' title='bbox 920 1810 1066 1866; x_wconf 86' lang='lat' dir='ltr'>feria</span> <span class='ocrx_word' id='word_1_53' title='bbox 1096 1815 1231 1883; x_wconf 88' lang='lat' dir='ltr'>post</span> <span class='ocrx_word' id='word_1_54' title='bbox 1264 1811 1680 1884; x_wconf 83' lang='lat' dir='ltr'>Epiphaniam,</span> <span class='ocrx_word' id='word_1_55' title='bbox 1705 1810 1867 1867; x_wconf 82' lang='lat' dir='ltr'>aliud</span> <span class='ocrx_word' id='word_1_56' title='bbox 1900 1825 1951 1863; x_wconf 74' lang='grc' dir='ltr'>γι</span> <span class='ocrx_word' id='word_1_57' title='bbox 1980 1809 2059 1864; x_wconf 88' lang='lat' dir='ltr'>fe-</span> 
     </span>
    </p>
   </div>
   <div class='ocr_carea' id='block_1_11' title="bbox 392 1898 2059 1973">
    <p class='ocr_par' dir='ltr' id='par_1_11' title="bbox 392 1898 2059 1973">
     <span class='ocr_line' id='line_1_11' title="bbox 392 1898 2059 1973; baseline 0.001 -21"><span class='ocrx_word' id='word_1_58' title='bbox 392 1898 481 1953; x_wconf 91' lang='lat' dir='ltr'>ria</span> <span class='ocrx_word' id='word_1_59' title='bbox 511 1904 649 1971; x_wconf 90' lang='lat' dir='ltr'>post</span> <span class='ocrx_word' id='word_1_60' title='bbox 686 1903 934 1955; x_wconf 88' lang='lat' dir='ltr'>octavas</span> <span class='ocrx_word' id='word_1_61' title='bbox 981 1899 1249 1968; x_wconf 72' lang='lat' dir='ltr'>Paschas,</span> <span class='ocrx_word' id='word_1_62' title='bbox 1281 1900 1521 1956; x_wconf 89' lang='lat' dir='ltr'>tertium</span> <span class='ocrx_word' id='word_1_63' title='bbox 1550 1918 1609 1956; x_wconf 85' lang='lat' dir='ltr'>v1</span> <span class='ocrx_word' id='word_1_64' title='bbox 1640 1900 1786 1956; x_wconf 90' lang='lat' dir='ltr'>feria</span> <span class='ocrx_word' id='word_1_65' title='bbox 1815 1902 1955 1973; x_wconf 90' lang='lat' dir='ltr'>post</span> <span class='ocrx_word' id='word_1_66' title='bbox 1982 1898 2059 1953; x_wconf 86' lang='lat' dir='ltr'>fe-</span> 
     </span>
    </p>
   </div>
   <div class='ocr_carea' id='block_1_12' title="bbox 393 1988 2057 2063">
    <p class='ocr_par' dir='ltr' id='par_1_12' title="bbox 393 1988 2057 2063">
     <span class='ocr_line' id='line_1_12' title="bbox 393 1988 2057 2063; baseline 0.001 -21"><span class='ocrx_word' id='word_1_67' title='bbox 393 1992 553 2043; x_wconf 90' lang='lat' dir='ltr'>stum</span> <span class='ocrx_word' id='word_1_68' title='bbox 596 1991 650 2044; x_wconf 93' lang='lat' dir='ltr'>S.</span> <span class='ocrx_word' id='word_1_69' title='bbox 679 1988 923 2044; x_wconf 87' lang='lat' dir='ltr'>Joannis</span> <span class='ocrx_word' id='word_1_70' title='bbox 955 1989 1243 2061; x_wconf 58' lang='lat' dir='ltr'>Baptistae.</span> <span class='ocrx_word' id='word_1_71' title='bbox 1276 1994 1337 2044; x_wconf 84' lang='lat' dir='ltr'>In</span> <span class='ocrx_word' id='word_1_72' title='bbox 1368 1989 1589 2062; x_wconf 87' lang='lat' dir='ltr'>quibus</span> <span class='ocrx_word' id='word_1_73' title='bbox 1620 1989 1852 2063; x_wconf 78' lang='lat' dir='ltr'>placitis</span> <span class='ocrx_word' id='word_1_74' title='bbox 1892 1988 2057 2043; x_wconf 88' lang='lat' dir='ltr'>nulla</span> 
     </span>
    </p>
   </div>
   <div class='ocr_carea' id='block_1_13' title="bbox 393 2076 2058 2150">
    <p class='ocr_par' dir='ltr' id='par_1_13' title="bbox 393 2076 2058 2150">
     <span class='ocr_line' id='line_1_13' title="bbox 393 2076 2058 2150; baseline 0.001 -18"><span class='ocrx_word' id='word_1_75' title='bbox 393 2081 677 2132; x_wconf 89' lang='lat' dir='ltr'>extranea</span> <span class='ocrx_word' id='word_1_76' title='bbox 719 2082 985 2150; x_wconf 85' lang='lat' dir='ltr'>potestas</span> <span class='ocrx_word' id='word_1_77' title='bbox 1033 2076 1212 2133; x_wconf 84' lang='lat' dir='ltr'>debet</span> <span class='ocrx_word' id='word_1_78' title='bbox 1250 2079 1469 2147; x_wconf 90' lang='lat' dir='ltr'>venire,</span> <span class='ocrx_word' id='word_1_79' title='bbox 1501 2095 1699 2150; x_wconf 92' lang='lat' dir='ltr'>neque</span> <span class='ocrx_word' id='word_1_80' title='bbox 1739 2078 2058 2150; x_wconf 75' lang='lat' dir='ltr'>praesidere</span> 
     </span>
    </p>
   </div>
   <div class='ocr_carea' id='block_1_14' title="bbox 393 2164 2058 2239">
    <p class='ocr_par' dir='ltr' id='par_1_14' title="bbox 393 2164 2058 2239">
     <span class='ocr_line' id='line_1_14' title="bbox 393 2164 2058 2239; baseline 0.001 -20"><span class='ocrx_word' id='word_1_81' title='bbox 393 2164 473 2219; x_wconf 91' lang='lat' dir='ltr'>ad</span> <span class='ocrx_word' id='word_1_82' title='bbox 519 2164 943 2235; x_wconf 89' lang='lat' dir='ltr'>judicandum,</span> <span class='ocrx_word' id='word_1_83' title='bbox 988 2181 1186 2238; x_wconf 90' lang='lat' dir='ltr'>neque</span> <span class='ocrx_word' id='word_1_84' title='bbox 1227 2182 1453 2236; x_wconf 90' lang='lat' dir='ltr'>comes,</span> <span class='ocrx_word' id='word_1_85' title='bbox 1494 2182 1692 2239; x_wconf 91' lang='lat' dir='ltr'>neque</span> <span class='ocrx_word' id='word_1_86' title='bbox 1732 2166 2058 2223; x_wconf 83' lang='lat' dir='ltr'>advocatus</span> 
     </span>
    </p>
   </div>
   <div class='ocr_carea' id='block_1_15' title="bbox 393 2254 1732 2329">
    <p class='ocr_par' dir='ltr' id='par_1_15' title="bbox 393 2254 1732 2329">
     <span class='ocr_line' id='line_1_15' title="bbox 393 2254 1732 2329; baseline 0.002 -20"><span class='ocrx_word' id='word_1_87' title='bbox 393 2254 574 2323; x_wconf 91' lang='lat' dir='ltr'>ullus,</span> <span class='ocrx_word' id='word_1_88' title='bbox 600 2254 713 2310; x_wconf 86' lang='lat' dir='ltr'>nisi</span> <span class='ocrx_word' id='word_1_89' title='bbox 740 2259 975 2311; x_wconf 91' lang='lat' dir='ltr'>tantum</span> <span class='ocrx_word' id='word_1_90' title='bbox 1004 2255 1196 2311; x_wconf 85' lang='lat' dir='ltr'>abbas</span> <span class='ocrx_word' id='word_1_91' title='bbox 1225 2260 1328 2312; x_wconf 88' lang='lat' dir='ltr'>aut</span> <span class='ocrx_word' id='word_1_92' title='bbox 1356 2257 1732 2329; x_wconf 68' lang='lat' dir='ltr'>praepositus.</span> 
     </span>
    </p>
   </div>
   <div class='ocr_carea' id='block_1_16' title="bbox 462 2344 2057 2419">
    <p class='ocr_par' dir='ltr' id='par_1_16' title="bbox 462 2344 2057 2419">
     <span class='ocr_line' id='line_1_16' title="bbox 462 2344 2057 2419; baseline 0.002 -20"><span class='ocrx_word' id='word_1_93' title='bbox 462 2345 530 2400; x_wconf 91' lang='lat' dir='ltr'>II.</span> <span class='ocrx_word' id='word_1_94' title='bbox 562 2344 732 2407; x_wconf 86' lang='lat' dir='ltr'>Quod</span> <span class='ocrx_word' id='word_1_95' title='bbox 779 2345 825 2400; x_wconf 92' lang='lat' dir='ltr'>si</span> <span class='ocrx_word' id='word_1_96' title='bbox 856 2344 992 2418; x_wconf 87' lang='lat' dir='ltr'>quis</span> <span class='ocrx_word' id='word_1_97' title='bbox 1040 2345 1446 2402; x_wconf 88' lang='lat' dir='ltr'>eminentioris</span> <span class='ocrx_word' id='word_1_98' title='bbox 1485 2347 1784 2419; x_wconf 66' lang='lat' dir='ltr'>potentiae,</span> <span class='ocrx_word' id='word_1_99' title='bbox 1818 2347 1911 2402; x_wconf 90' lang='lat' dir='ltr'>vel</span> <span class='ocrx_word' id='word_1_100' title='bbox 1954 2345 2057 2419; x_wconf 88' lang='lat' dir='ltr'>qui</span> 
     </span>
    </p>
   </div>
   <div class='ocr_carea' id='block_1_17' title="bbox 391 2433 2058 2508">
    <p class='ocr_par' dir='ltr' id='par_1_17' title="bbox 391 2433 2058 2508">
     <span class='ocr_line' id='line_1_17' title="bbox 391 2433 2058 2508; baseline 0.002 -19"><span class='ocrx_word' id='word_1_101' title='bbox 391 2448 517 2489; x_wconf 92' lang='lat' dir='ltr'>non</span> <span class='ocrx_word' id='word_1_102' title='bbox 563 2433 637 2489; x_wconf 87' lang='lat' dir='ltr'>sit</span> <span class='ocrx_word' id='word_1_103' title='bbox 666 2433 740 2490; x_wconf 93' lang='lat' dir='ltr'>de</span> <span class='ocrx_word' id='word_1_104' title='bbox 788 2433 918 2505; x_wconf 87' lang='lat' dir='ltr'>lege</span> <span class='ocrx_word' id='word_1_105' title='bbox 961 2434 1145 2506; x_wconf 89' lang='lat' dir='ltr'>hujus</span> <span class='ocrx_word' id='word_1_106' title='bbox 1189 2436 1482 2506; x_wconf 86' lang='lat' dir='ltr'>generalis</span> <span class='ocrx_word' id='word_1_107' title='bbox 1528 2436 1749 2508; x_wconf 84' lang='lat' dir='ltr'>placiti,</span> <span class='ocrx_word' id='word_1_108' title='bbox 1780 2436 2058 2492; x_wconf 83' lang='lat' dir='ltr'>habuerit</span> 
     </span>
    </p>
   </div>
   <div class='ocr_carea' id='block_1_18' title="bbox 392 2520 2059 2598">
    <p class='ocr_par' dir='ltr' id='par_1_18' title="bbox 392 2520 2059 2598">
     <span class='ocr_line' id='line_1_18' title="bbox 392 2520 2059 2598; baseline 0.003 -21"><span class='ocrx_word' id='word_1_109' title='bbox 392 2538 665 2593; x_wconf 86' lang='lat' dir='ltr'>causam,</span> <span class='ocrx_word' id='word_1_110' title='bbox 707 2522 1075 2596; x_wconf 84' lang='lat' dir='ltr'>volueritque</span> <span class='ocrx_word' id='word_1_111' title='bbox 1128 2524 1389 2582; x_wconf 89' lang='lat' dir='ltr'>clamare</span> <span class='ocrx_word' id='word_1_112' title='bbox 1440 2525 1500 2580; x_wconf 92' lang='lat' dir='ltr'>in</span> <span class='ocrx_word' id='word_1_113' title='bbox 1547 2525 1789 2598; x_wconf 87' lang='lat' dir='ltr'>placito,</span> <span class='ocrx_word' id='word_1_114' title='bbox 1826 2520 1962 2582; x_wconf 77' lang='lat' dir='ltr'>licet</span> <span class='ocrx_word' id='word_1_115' title='bbox 2005 2524 2059 2582; x_wconf 86' lang='lat' dir='ltr'>ei</span> 
     </span>
    </p>
   </div>
   <div class='ocr_carea' id='block_1_19' title="bbox 390 2612 2061 2689">
    <p class='ocr_par' dir='ltr' id='par_1_19' title="bbox 390 2612 2061 2689">
     <span class='ocr_line' id='line_1_19' title="bbox 390 2612 2061 2689; baseline 0.003 -22"><span class='ocrx_word' id='word_1_116' title='bbox 390 2612 591 2668; x_wconf 92' lang='lat' dir='ltr'>venire</span> <span class='ocrx_word' id='word_1_117' title='bbox 624 2616 681 2668; x_wconf 91' lang='lat' dir='ltr'>et</span> <span class='ocrx_word' id='word_1_118' title='bbox 709 2612 992 2680; x_wconf 90' lang='lat' dir='ltr'>clamare,</span> <span class='ocrx_word' id='word_1_119' title='bbox 1026 2618 1083 2670; x_wconf 93' lang='lat' dir='ltr'>et</span> <span class='ocrx_word' id='word_1_120' title='bbox 1109 2615 1443 2671; x_wconf 89' lang='lat' dir='ltr'>secundum</span> <span class='ocrx_word' id='word_1_121' title='bbox 1474 2615 1666 2686; x_wconf 84' lang='lat' dir='ltr'>legem</span> <span class='ocrx_word' id='word_1_122' title='bbox 1698 2614 1898 2689; x_wconf 71' lang='lat' dir='ltr'>placiti</span> <span class='ocrx_word' id='word_1_123' title='bbox 1923 2626 2061 2672; x_wconf 85' lang='lat' dir='ltr'>cau-</span> 
     </span>
    </p>
   </div>
   <div class='ocr_carea' id='block_1_20' title="bbox 391 2700 2056 2777">
    <p class='ocr_par' dir='ltr' id='par_1_20' title="bbox 391 2700 2056 2777">
     <span class='ocr_line' id='line_1_20' title="bbox 391 2700 2056 2777; baseline 0.004 -22"><span class='ocrx_word' id='word_1_124' title='bbox 391 2717 461 2756; x_wconf 89' lang='lat' dir='ltr'>sa</span> <span class='ocrx_word' id='word_1_125' title='bbox 488 2700 645 2757; x_wconf 90' lang='lat' dir='ltr'>illius</span> <span class='ocrx_word' id='word_1_126' title='bbox 682 2702 1055 2773; x_wconf 86' lang='lat' dir='ltr'>judicabitur</span> <span class='ocrx_word' id='word_1_127' title='bbox 1096 2709 1282 2774; x_wconf 87' lang='lat' dir='ltr'>recte;</span> <span class='ocrx_word' id='word_1_128' title='bbox 1326 2705 1527 2777; x_wconf 88' lang='lat' dir='ltr'>sicque</span> <span class='ocrx_word' id='word_1_129' title='bbox 1576 2705 1931 2776; x_wconf 83' lang='lat' dir='ltr'>egredietur,</span> <span class='ocrx_word' id='word_1_130' title='bbox 1963 2721 2056 2761; x_wconf 88' lang='lat' dir='ltr'>rc-</span> 
     </span>
    </p>
   </div>
   <div class='ocr_carea' id='block_1_21' title="bbox 388 2790 1483 2864">
    <p class='ocr_par' dir='ltr' id='par_1_21' title="bbox 388 2790 1483 2864">
     <span class='ocr_line' id='line_1_21' title="bbox 388 2790 1483 2864; baseline 0.005 -20"><span class='ocrx_word' id='word_1_131' title='bbox 388 2795 670 2846; x_wconf 87' lang='lat' dir='ltr'>manente</span> <span class='ocrx_word' id='word_1_132' title='bbox 704 2790 926 2864; x_wconf 89' lang='lat' dir='ltr'>placito</span> <span class='ocrx_word' id='word_1_133' title='bbox 961 2791 1022 2846; x_wconf 92' lang='lat' dir='ltr'>in</span> <span class='ocrx_word' id='word_1_134' title='bbox 1054 2807 1164 2848; x_wconf 90' lang='lat' dir='ltr'>sua</span> <span class='ocrx_word' id='word_1_135' title='bbox 1193 2792 1483 2849; x_wconf 86' lang='lat' dir='ltr'>libertate.</span> 
     </span>
    </p>
   </div>
   <div class='ocr_carea' id='block_1_22' title="bbox 458 2866 2065 2955">
    <p class='ocr_par' dir='ltr' id='par_1_22' title="bbox 458 2866 2065 2955">
     <span class='ocr_line' id='line_1_22' title="bbox 458 2866 2065 2955; baseline 0.002 -21"><span class='ocrx_word' id='word_1_136' title='bbox 458 2882 548 2935; x_wconf 87' lang='lat' dir='ltr'>Ill.</span> <span class='ocrx_word' id='word_1_137' title='bbox 584 2883 647 2935; x_wconf 88' lang='lat' dir='ltr'>In</span> <span class='ocrx_word' id='word_1_138' title='bbox 694 2880 810 2936; x_wconf 87' lang='lat' dir='ltr'>hoc</span> <span class='ocrx_word' id='word_1_139' title='bbox 860 2880 1063 2954; x_wconf 88' lang='lat' dir='ltr'>itaque</span> <span class='ocrx_word' id='word_1_140' title='bbox 1112 2880 1374 2952; x_wconf 75' lang='lat' dir='ltr'>generali</span> <span class='ocrx_word' id='word_1_141' title='bbox 1420 2866 1661 2954; x_wconf 75' lang='lat' dir='ltr'>placito,</span> <span class='ocrx_word' id='word_1_142' title='bbox 1702 2882 2065 2955; x_wconf 71' lang='lat' dir='ltr'>praesidente</span> 
     </span>
    </p>
   </div>
   <div class='ocr_carea' id='block_1_23' title="bbox 386 2967 2058 3042">
    <p class='ocr_par' dir='ltr' id='par_1_23' title="bbox 386 2967 2058 3042">
     <span class='ocr_line' id='line_1_23' title="bbox 386 2967 2058 3042; baseline 0.003 -20"><span class='ocrx_word' id='word_1_143' title='bbox 386 2967 606 3024; x_wconf 88' lang='lat' dir='ltr'>abbate</span> <span class='ocrx_word' id='word_1_144' title='bbox 674 2985 780 3024; x_wconf 92' lang='lat' dir='ltr'>seu</span> <span class='ocrx_word' id='word_1_145' title='bbox 835 2969 1181 3042; x_wconf 76' lang='lat' dir='ltr'>pl‘prOSitO,</span> <span class='ocrx_word' id='word_1_146' title='bbox 1242 2970 1820 3027; x_wconf 87' lang='lat' dir='ltr'>circumsedentibus</span> <span class='ocrx_word' id='word_1_147' title='bbox 1879 2971 2058 3027; x_wconf 89' lang='lat' dir='ltr'>etiam</span> 
     </span>
    </p>
   </div>
   <div class='ocr_carea' id='block_1_24' title="bbox 2166 1790 3840 1876">
    <p class='ocr_par' dir='ltr' id='par_1_24' title="bbox 2166 1790 3840 1876">
     <span class='ocr_line' id='line_1_24' title="bbox 2166 1790 3840 1876; baseline -0.002 -16"><span class='ocrx_word' id='word_1_148' title='bbox 2166 1804 2389 1860; x_wconf 89' lang='lat' dir='ltr'>licitam</span> <span class='ocrx_word' id='word_1_149' title='bbox 2435 1820 2561 1859; x_wconf 91' lang='lat' dir='ltr'>rem</span> <span class='ocrx_word' id='word_1_150' title='bbox 2593 1808 2877 1876; x_wconf 80' lang='lat' dir='ltr'>operatus</span> <span class='ocrx_word' id='word_1_151' title='bbox 2912 1806 3018 1871; x_wconf 83' lang='lat' dir='ltr'>est,</span> <span class='ocrx_word' id='word_1_152' title='bbox 3051 1790 3282 1858; x_wconf 83' lang='lat' dir='ltr'>tantum</span> <span class='ocrx_word' id='word_1_153' title='bbox 3332 1795 3497 1857; x_wconf 83' lang='lat' dir='ltr'>dabit</span> <span class='ocrx_word' id='word_1_154' title='bbox 3536 1794 3840 1874; x_wconf 80' lang='lat' dir='ltr'>quantum</span> 
     </span>
    </p>
   </div>
   <div class='ocr_carea' id='block_1_25' title="bbox 2167 1890 3843 1967">
    <p class='ocr_par' dir='ltr' id='par_1_25' title="bbox 2167 1890 3843 1967">
     <span class='ocr_line' id='line_1_25' title="bbox 2167 1890 3843 1967; baseline -0.001 -19"><span class='ocrx_word' id='word_1_155' title='bbox 2167 1893 2477 1967; x_wconf 87' lang='lat' dir='ltr'>deprecari</span> <span class='ocrx_word' id='word_1_156' title='bbox 2502 1894 2735 1965; x_wconf 88' lang='lat' dir='ltr'>poterit.</span> <span class='ocrx_word' id='word_1_157' title='bbox 2771 1892 2827 1950; x_wconf 91' lang='lat' dir='ltr'>Si</span> <span class='ocrx_word' id='word_1_158' title='bbox 2858 1892 3110 1947; x_wconf 89' lang='lat' dir='ltr'>liberam</span> <span class='ocrx_word' id='word_1_159' title='bbox 3137 1890 3425 1946; x_wconf 84' lang='lat' dir='ltr'>feminam</span> <span class='ocrx_word' id='word_1_160' title='bbox 3456 1907 3706 1946; x_wconf 79' lang='lat' dir='ltr'>uxorem</span> <span class='ocrx_word' id='word_1_161' title='bbox 3732 1892 3843 1947; x_wconf 91' lang='lat' dir='ltr'>du-</span> 
     </span>
    </p>
   </div>
   <div class='ocr_carea' id='block_1_26' title="bbox 2165 1979 3841 2054">
    <p class='ocr_par' dir='ltr' id='par_1_26' title="bbox 2165 1979 3841 2054">
     <span class='ocr_line' id='line_1_26' title="bbox 2165 1979 3841 2054; baseline -0.001 -18"><span class='ocrx_word' id='word_1_162' title='bbox 2165 1982 2335 2053; x_wconf 81' lang='lat' dir='ltr'>xerit,</span> <span class='ocrx_word' id='word_1_163' title='bbox 2363 1982 2509 2038; x_wconf 91' lang='lat' dir='ltr'>nihil</span> <span class='ocrx_word' id='word_1_164' title='bbox 2555 1982 2743 2053; x_wconf 87' lang='lat' dir='ltr'>dabit,</span> <span class='ocrx_word' id='word_1_165' title='bbox 2773 1983 2917 2054; x_wconf 89' lang='lat' dir='ltr'>quia</span> <span class='ocrx_word' id='word_1_166' title='bbox 2960 1980 3299 2035; x_wconf 88' lang='lat' dir='ltr'>libertatem</span> <span class='ocrx_word' id='word_1_167' title='bbox 3340 1979 3543 2035; x_wconf 79' lang='lat' dir='ltr'>uxoris</span> <span class='ocrx_word' id='word_1_168' title='bbox 3587 1997 3711 2035; x_wconf 77' lang='lat' dir='ltr'>suae</span> <span class='ocrx_word' id='word_1_169' title='bbox 3760 1980 3841 2035; x_wconf 90' lang='lat' dir='ltr'>ad</span> 
     </span>
    </p>
   </div>
   <div class='ocr_carea' id='block_1_27' title="bbox 2164 2056 2908 2142">
    <p class='ocr_par' dir='ltr' id='par_1_27' title="bbox 2164 2056 2908 2142">
     <span class='ocr_line' id='line_1_27' title="bbox 2164 2056 2908 2142; baseline -0.001 -16"><span class='ocrx_word' id='word_1_170' title='bbox 2164 2071 2360 2142; x_wconf 89' lang='lat' dir='ltr'>legem</span> <span class='ocrx_word' id='word_1_171' title='bbox 2392 2088 2570 2127; x_wconf 90' lang='lat' dir='ltr'>suam</span> <span class='ocrx_word' id='word_1_172' title='bbox 2602 2056 2908 2127; x_wconf 80' lang='lat' dir='ltr'>convertit.</span> 
     </span>
    </p>
   </div>
   <div class='ocr_carea' id='block_1_28' title="bbox 2238 2158 3844 2231">
    <p class='ocr_par' dir='ltr' id='par_1_28' title="bbox 2238 2158 3844 2231">
     <span class='ocr_line' id='line_1_28' title="bbox 2238 2158 3844 2231; baseline -0.001 -14"><span class='ocrx_word' id='word_1_173' title='bbox 2238 2162 2349 2217; x_wconf 80' lang='grc' dir='ltr'>νη.</span> <span class='ocrx_word' id='word_1_174' title='bbox 2394 2162 2587 2217; x_wconf 92' lang='lat' dir='ltr'>Homo</span> <span class='ocrx_word' id='word_1_175' title='bbox 2622 2162 2669 2216; x_wconf 89' lang='lat' dir='ltr'>si</span> <span class='ocrx_word' id='word_1_176' title='bbox 2698 2164 2972 2216; x_wconf 90' lang='lat' dir='ltr'>mortuus</span> <span class='ocrx_word' id='word_1_177' title='bbox 3000 2158 3193 2227; x_wconf 87' lang='lat' dir='ltr'>fuerit,</span> <span class='ocrx_word' id='word_1_178' title='bbox 3217 2158 3487 2231; x_wconf 90' lang='lat' dir='ltr'>quinque</span> <span class='ocrx_word' id='word_1_179' title='bbox 3514 2159 3741 2215; x_wconf 89' lang='lat' dir='ltr'>solidos</span> <span class='ocrx_word' id='word_1_180' title='bbox 3767 2159 3844 2215; x_wconf 87' lang='lat' dir='ltr'>de</span> 
     </span>
    </p>
   </div>
   <div class='ocr_carea' id='block_1_29' title="bbox 2166 2248 3840 2317">
    <p class='ocr_par' dir='ltr' id='par_1_29' title="bbox 2166 2248 3840 2317">
     <span class='ocr_line' id='line_1_29' title="bbox 2166 2248 3840 2317; baseline -0.001 -11"><span class='ocrx_word' id='word_1_181' title='bbox 2166 2256 2625 2307; x_wconf 90' lang='lat' dir='ltr'>mortua-manu</span> <span class='ocrx_word' id='word_1_182' title='bbox 2656 2250 2860 2317; x_wconf 91' lang='lat' dir='ltr'>dabit;</span> <span class='ocrx_word' id='word_1_183' title='bbox 2914 2249 3139 2305; x_wconf 88' lang='lat' dir='ltr'>femina</span> <span class='ocrx_word' id='word_1_184' title='bbox 3183 2266 3323 2305; x_wconf 93' lang='lat' dir='ltr'>cum</span> <span class='ocrx_word' id='word_1_185' title='bbox 3369 2254 3610 2305; x_wconf 91' lang='lat' dir='ltr'>mortua</span> <span class='ocrx_word' id='word_1_186' title='bbox 3641 2248 3840 2316; x_wconf 89' lang='lat' dir='ltr'>fuerit,</span> 
     </span>
    </p>
   </div>
   <div class='ocr_carea' id='block_1_30' title="bbox 2166 2328 3843 2414">
    <p class='ocr_par' dir='ltr' id='par_1_30' title="bbox 2166 2328 3843 2414">
     <span class='ocr_line' id='line_1_30' title="bbox 2166 2328 3843 2414; baseline -0.002 -17"><span class='ocrx_word' id='word_1_187' title='bbox 2166 2328 2314 2396; x_wconf 82' lang='lat' dir='ltr'>nihil</span> <span class='ocrx_word' id='word_1_188' title='bbox 2338 2339 2528 2411; x_wconf 85' lang='lat' dir='ltr'>dabit,</span> <span class='ocrx_word' id='word_1_189' title='bbox 2561 2340 2705 2414; x_wconf 90' lang='lat' dir='ltr'>quia</span> <span class='ocrx_word' id='word_1_190' title='bbox 2735 2340 2967 2412; x_wconf 89' lang='lat' dir='ltr'>prolem</span> <span class='ocrx_word' id='word_1_191' title='bbox 3018 2355 3192 2395; x_wconf 90' lang='lat' dir='ltr'>suam</span> <span class='ocrx_word' id='word_1_192' title='bbox 3223 2338 3284 2395; x_wconf 89' lang='lat' dir='ltr'>in</span> <span class='ocrx_word' id='word_1_193' title='bbox 3314 2339 3725 2395; x_wconf 67' lang='lat' dir='ltr'>hmrcditatem</span> <span class='ocrx_word' id='word_1_194' title='bbox 3756 2337 3843 2393; x_wconf 91' lang='lat' dir='ltr'>di-</span> 
     </span>
    </p>
   </div>
   <div class='ocr_carea' id='block_1_31' title="bbox 2167 2428 3839 2502">
    <p class='ocr_par' dir='ltr' id='par_1_31' title="bbox 2167 2428 3839 2502">
     <span class='ocr_line' id='line_1_31' title="bbox 2167 2428 3839 2502; baseline -0.001 -17"><span class='ocrx_word' id='word_1_195' title='bbox 2167 2429 2360 2486; x_wconf 86' lang='lat' dir='ltr'>mittit.</span> <span class='ocrx_word' id='word_1_196' title='bbox 2392 2431 2472 2486; x_wconf 91' lang='lat' dir='ltr'>De</span> <span class='ocrx_word' id='word_1_197' title='bbox 2520 2430 2613 2485; x_wconf 92' lang='lat' dir='ltr'>his</span> <span class='ocrx_word' id='word_1_198' title='bbox 2661 2445 2904 2502; x_wconf 89' lang='lat' dir='ltr'>quoque</span> <span class='ocrx_word' id='word_1_199' title='bbox 2952 2446 2986 2482; x_wconf 67' lang='grc' dir='ltr'><strong>γ</strong></span> <span class='ocrx_word' id='word_1_200' title='bbox 3029 2428 3254 2484; x_wconf 87' lang='lat' dir='ltr'>solidos</span> <span class='ocrx_word' id='word_1_201' title='bbox 3303 2432 3427 2485; x_wconf 91' lang='lat' dir='ltr'>tam</span> <span class='ocrx_word' id='word_1_202' title='bbox 3466 2429 3540 2484; x_wconf 94' lang='lat' dir='ltr'>de</span> <span class='ocrx_word' id='word_1_203' title='bbox 3580 2428 3839 2484; x_wconf 90' lang='lat' dir='ltr'>comedo</span> 
     </span>
    </p>
   </div>
   <div class='ocr_carea' id='block_1_32' title="bbox 2165 2518 3836 2593">
    <p class='ocr_par' dir='ltr' id='par_1_32' title="bbox 2165 2518 3836 2593">
     <span class='ocr_line' id='line_1_32' title="bbox 2165 2518 3836 2593; baseline -0.001 -18"><span class='ocrx_word' id='word_1_204' title='bbox 2165 2520 2352 2593; x_wconf 75' lang='lat' dir='ltr'>quam</span> <span class='ocrx_word' id='word_1_205' title='bbox 2400 2519 2473 2575; x_wconf 89' lang='lat' dir='ltr'>de</span> <span class='ocrx_word' id='word_1_206' title='bbox 2506 2524 2979 2591; x_wconf 89' lang='lat' dir='ltr'>mortua-manu,</span> <span class='ocrx_word' id='word_1_207' title='bbox 3008 2518 3314 2574; x_wconf 90' lang='lat' dir='ltr'>decimum</span> <span class='ocrx_word' id='word_1_208' title='bbox 3353 2518 3671 2575; x_wconf 90' lang='lat' dir='ltr'>denarium</span> <span class='ocrx_word' id='word_1_209' title='bbox 3701 2534 3836 2574; x_wconf 89' lang='lat' dir='ltr'>ma-</span> 
     </span>
    </p>
   </div>
   <div class='ocr_carea' id='block_1_33' title="bbox 2160 2594 2789 2681">
    <p class='ocr_par' dir='ltr' id='par_1_33' title="bbox 2160 2594 2789 2681">
     <span class='ocr_line' id='line_1_33' title="bbox 2160 2594 2789 2681; baseline -0.005 -15"><span class='ocrx_word' id='word_1_210' title='bbox 2160 2594 2256 2679; x_wconf 59' lang='lat' dir='ltr'>jor</span> <span class='ocrx_word' id='word_1_211' title='bbox 2287 2606 2487 2681; x_wconf 75' lang='lat' dir='ltr'>placiti</span> <span class='ocrx_word' id='word_1_212' title='bbox 2524 2608 2789 2665; x_wconf 84' lang='lat' dir='ltr'>habebit.</span> 
     </span>
    </p>
   </div>
   <div class='ocr_carea' id='block_1_34' title="bbox 2238 2697 3835 2771">
    <p class='ocr_par' dir='ltr' id='par_1_34' title="bbox 2238 2697 3835 2771">
     <span class='ocr_line' id='line_1_34' title="bbox 2238 2697 3835 2771; baseline -0.001 -17"><span class='ocrx_word' id='word_1_213' title='bbox 2238 2702 2375 2755; x_wconf 91' lang='lat' dir='ltr'>Vlll.</span> <span class='ocrx_word' id='word_1_214' title='bbox 2419 2702 2545 2755; x_wconf 88' lang='lat' dir='ltr'>Non</span> <span class='ocrx_word' id='word_1_215' title='bbox 2574 2698 2708 2755; x_wconf 91' lang='lat' dir='ltr'>licet</span> <span class='ocrx_word' id='word_1_216' title='bbox 2737 2698 2968 2753; x_wconf 91' lang='lat' dir='ltr'>homini</span> <span class='ocrx_word' id='word_1_217' title='bbox 3007 2697 3082 2753; x_wconf 91' lang='lat' dir='ltr'>de</span> <span class='ocrx_word' id='word_1_218' title='bbox 3120 2697 3342 2771; x_wconf 90' lang='lat' dir='ltr'>placito</span> <span class='ocrx_word' id='word_1_219' title='bbox 3393 2697 3655 2768; x_wconf 84' lang='lat' dir='ltr'>generali</span> <span class='ocrx_word' id='word_1_220' title='bbox 3686 2713 3835 2752; x_wconf 85' lang='lat' dir='ltr'>ven-</span> 
     </span>
    </p>
   </div>
   <div class='ocr_carea' id='block_1_35' title="bbox 2169 2785 3834 2859">
    <p class='ocr_par' dir='ltr' id='par_1_35' title="bbox 2169 2785 3834 2859">
     <span class='ocr_line' id='line_1_35' title="bbox 2169 2785 3834 2859; baseline -0.001 -17"><span class='ocrx_word' id='word_1_221' title='bbox 2169 2786 2308 2844; x_wconf 87' lang='lat' dir='ltr'>dere</span> <span class='ocrx_word' id='word_1_222' title='bbox 2339 2792 2443 2844; x_wconf 90' lang='lat' dir='ltr'>aut</span> <span class='ocrx_word' id='word_1_223' title='bbox 2472 2788 2532 2844; x_wconf 91' lang='lat' dir='ltr'>in</span> <span class='ocrx_word' id='word_1_224' title='bbox 2560 2787 2979 2843; x_wconf 88' lang='lat' dir='ltr'>vadimonium</span> <span class='ocrx_word' id='word_1_225' title='bbox 3022 2786 3253 2843; x_wconf 87' lang='lat' dir='ltr'>mittere</span> <span class='ocrx_word' id='word_1_226' title='bbox 3297 2785 3565 2842; x_wconf 88' lang='lat' dir='ltr'>alodium</span> <span class='ocrx_word' id='word_1_227' title='bbox 3608 2786 3834 2859; x_wconf 91' lang='lat' dir='ltr'>placiti,</span> 
     </span>
    </p>
   </div>
   <div class='ocr_carea' id='block_1_36' title="bbox 2168 2874 3839 2949">
    <p class='ocr_par' dir='ltr' id='par_1_36' title="bbox 2168 2874 3839 2949">
     <span class='ocr_line' id='line_1_36' title="bbox 2168 2874 3839 2949; baseline -0.002 -16"><span class='ocrx_word' id='word_1_228' title='bbox 2168 2881 2272 2933; x_wconf 86' lang='lat' dir='ltr'>aut</span> <span class='ocrx_word' id='word_1_229' title='bbox 2305 2876 2473 2934; x_wconf 89' lang='lat' dir='ltr'>alteri</span> <span class='ocrx_word' id='word_1_230' title='bbox 2516 2874 2779 2934; x_wconf 73' lang='lat' dir='ltr'>ecclesiae</span> <span class='ocrx_word' id='word_1_231' title='bbox 2828 2876 2993 2946; x_wconf 87' lang='lat' dir='ltr'>dare,</span> <span class='ocrx_word' id='word_1_232' title='bbox 3025 2876 3137 2932; x_wconf 74' lang='lat' dir='ltr'>nisi</span> <span class='ocrx_word' id='word_1_233' title='bbox 3185 2891 3291 2949; x_wconf 90' lang='lat' dir='ltr'>per</span> <span class='ocrx_word' id='word_1_234' title='bbox 3319 2875 3620 2933; x_wconf 90' lang='lat' dir='ltr'>licentiam</span> <span class='ocrx_word' id='word_1_235' title='bbox 3651 2875 3839 2931; x_wconf 89' lang='lat' dir='ltr'>abba-</span> 
     </span>
    </p>
   </div>
   <div class='ocr_carea' id='block_1_37' title="bbox 2167 2966 3836 3040">
    <p class='ocr_par' dir='ltr' id='par_1_37' title="bbox 2167 2966 3836 3040">
     <span class='ocr_line' id='line_1_37' title="bbox 2167 2966 3836 3040; baseline -0.001 -17"><span class='ocrx_word' id='word_1_236' title='bbox 2167 2967 2242 3023; x_wconf 91' lang='lat' dir='ltr'>tis</span> <span class='ocrx_word' id='word_1_237' title='bbox 2274 2967 2361 3022; x_wconf 82' lang='lat' dir='ltr'>vel</span> <span class='ocrx_word' id='word_1_238' title='bbox 2390 2967 2732 3040; x_wconf 69' lang='lat' dir='ltr'>praepositi;</span> <span class='ocrx_word' id='word_1_239' title='bbox 2781 2983 2992 3022; x_wconf 87' lang='lat' dir='ltr'>verum</span> <span class='ocrx_word' id='word_1_240' title='bbox 3043 2966 3092 3022; x_wconf 90' lang='lat' dir='ltr'>si</span> <span class='ocrx_word' id='word_1_241' title='bbox 3138 2981 3262 3039; x_wconf 91' lang='lat' dir='ltr'>qua</span> <span class='ocrx_word' id='word_1_242' title='bbox 3292 2968 3641 3022; x_wconf 88' lang='lat' dir='ltr'>necessitate</span> <span class='ocrx_word' id='word_1_243' title='bbox 3668 2981 3836 3021; x_wconf 92' lang='lat' dir='ltr'>com-</span> 
     </span>
    </p>
   </div>
   <div class='ocr_carea' id='block_1_38' title="bbox 385 3053 3835 3132">
    <p class='ocr_par' dir='ltr' id='par_1_38' title="bbox 385 3053 3835 3132">
     <span class='ocr_line' id='line_1_38' title="bbox 385 3053 3835 3132; baseline 0.001 -23"><span class='ocrx_word' id='word_1_244' title='bbox 385 3053 793 3124; x_wconf 88' lang='lat' dir='ltr'>scabionibus,</span> <span class='ocrx_word' id='word_1_245' title='bbox 827 3058 873 3112; x_wconf 89' lang='lat' dir='ltr'>si</span> <span class='ocrx_word' id='word_1_246' title='bbox 906 3058 1043 3129; x_wconf 91' lang='lat' dir='ltr'>quis</span> <span class='ocrx_word' id='word_1_247' title='bbox 1074 3058 1366 3113; x_wconf 88' lang='lat' dir='ltr'>adversus</span> <span class='ocrx_word' id='word_1_248' title='bbox 1400 3058 1653 3113; x_wconf 90' lang='lat' dir='ltr'>alterum</span> <span class='ocrx_word' id='word_1_249' title='bbox 1701 3058 1885 3115; x_wconf 90' lang='lat' dir='ltr'>habet</span> <span class='ocrx_word' id='word_1_250' title='bbox 1916 3069 2057 3132; x_wconf 80' lang='lat' dir='ltr'>que-</span> <span class='ocrx_word' id='word_1_251' title='bbox 2095 3069 2137 3131; x_wconf 69' lang='lat'>3&#39;</span> <span class='ocrx_word' id='word_1_252' title='bbox 2169 3057 2399 3129; x_wconf 78' lang='lat' dir='ltr'>pulsus,</span> <span class='ocrx_word' id='word_1_253' title='bbox 2440 3057 2698 3113; x_wconf 85' lang='lat' dir='ltr'>vendere</span> <span class='ocrx_word' id='word_1_254' title='bbox 2728 3056 2821 3111; x_wconf 92' lang='lat' dir='ltr'>vel</span> <span class='ocrx_word' id='word_1_255' title='bbox 2860 3057 2921 3112; x_wconf 91' lang='lat' dir='ltr'>in</span> <span class='ocrx_word' id='word_1_256' title='bbox 2961 3055 3380 3112; x_wconf 87' lang='lat' dir='ltr'>vadimonium</span> <span class='ocrx_word' id='word_1_257' title='bbox 3425 3056 3653 3112; x_wconf 89' lang='lat' dir='ltr'>mittere</span> <span class='ocrx_word' id='word_1_258' title='bbox 3687 3055 3835 3111; x_wconf 88' lang='lat' dir='ltr'>illud</span> 
     </span>
    </p>
   </div>
   <div class='ocr_carea' id='block_1_39' title="bbox 380 3141 2047 3217">
    <p class='ocr_par' dir='ltr' id='par_1_39' title="bbox 380 3141 2047 3217">
     <span class='ocr_line' id='line_1_39' title="bbox 380 3141 2047 3217; baseline 0.003 -19"><span class='ocrx_word' id='word_1_259' title='bbox 380 3141 591 3210; x_wconf 91' lang='lat' dir='ltr'>relam,</span> <span class='ocrx_word' id='word_1_260' title='bbox 628 3142 809 3199; x_wconf 88' lang='lat' dir='ltr'>stabit</span> <span class='ocrx_word' id='word_1_261' title='bbox 852 3149 908 3201; x_wconf 88' lang='lat' dir='ltr'>et</span> <span class='ocrx_word' id='word_1_262' title='bbox 961 3144 1135 3199; x_wconf 88' lang='lat' dir='ltr'>faciet</span> <span class='ocrx_word' id='word_1_263' title='bbox 1182 3145 1508 3201; x_wconf 90' lang='lat' dir='ltr'>clamorem</span> <span class='ocrx_word' id='word_1_264' title='bbox 1563 3163 1740 3201; x_wconf 92' lang='lat' dir='ltr'>suum</span> <span class='ocrx_word' id='word_1_265' title='bbox 1788 3147 2047 3217; x_wconf 89' lang='lat' dir='ltr'>legitime</span> 
     </span>
    </p>
   </div>
   <div class='ocr_carea' id='block_1_40' title="bbox 382 3231 2051 3305">
    <p class='ocr_par' dir='ltr' id='par_1_40' title="bbox 382 3231 2051 3305">
     <span class='ocr_line' id='line_1_40' title="bbox 382 3231 2051 3305; baseline 0.003 -19"><span class='ocrx_word' id='word_1_266' title='bbox 382 3247 564 3303; x_wconf 91' lang='lat' dir='ltr'>super</span> <span class='ocrx_word' id='word_1_267' title='bbox 590 3231 782 3302; x_wconf 89' lang='lat' dir='ltr'>illum,</span> <span class='ocrx_word' id='word_1_268' title='bbox 815 3232 1211 3304; x_wconf 89' lang='lat' dir='ltr'>audieturque</span> <span class='ocrx_word' id='word_1_269' title='bbox 1260 3233 1490 3289; x_wconf 91' lang='lat' dir='ltr'>clamor</span> <span class='ocrx_word' id='word_1_270' title='bbox 1527 3234 1677 3305; x_wconf 89' lang='lat' dir='ltr'>ejus,</span> <span class='ocrx_word' id='word_1_271' title='bbox 1711 3239 1768 3291; x_wconf 92' lang='lat' dir='ltr'>et</span> <span class='ocrx_word' id='word_1_272' title='bbox 1804 3235 2051 3305; x_wconf 89' lang='lat' dir='ltr'>diligen-</span> 
     </span>
    </p>
   </div>
   <div class='ocr_carea' id='block_1_41' title="bbox 381 3321 2049 3397">
    <p class='ocr_par' dir='ltr' id='par_1_41' title="bbox 381 3321 2049 3397">
     <span class='ocr_line' id='line_1_41' title="bbox 381 3321 2049 3397; baseline 0.004 -21"><span class='ocrx_word' id='word_1_273' title='bbox 381 3325 466 3376; x_wconf 91' lang='lat' dir='ltr'>ter</span> <span class='ocrx_word' id='word_1_274' title='bbox 487 3321 854 3392; x_wconf 89' lang='lat' dir='ltr'>discutietur,</span> <span class='ocrx_word' id='word_1_275' title='bbox 886 3325 943 3378; x_wconf 91' lang='lat' dir='ltr'>et</span> <span class='ocrx_word' id='word_1_276' title='bbox 974 3322 1311 3379; x_wconf 90' lang='lat' dir='ltr'>secundum</span> <span class='ocrx_word' id='word_1_277' title='bbox 1340 3323 1535 3394; x_wconf 85' lang='lat' dir='ltr'>legem</span> <span class='ocrx_word' id='word_1_278' title='bbox 1575 3323 1775 3397; x_wconf 84' lang='lat' dir='ltr'>placiti</span> <span class='ocrx_word' id='word_1_279' title='bbox 1825 3326 1920 3381; x_wconf 79' lang='lat' dir='ltr'>res</span> <span class='ocrx_word' id='word_1_280' title='bbox 1963 3326 2049 3382; x_wconf 89' lang='lat' dir='ltr'>in-</span> 
     </span>
    </p>
   </div>
   <div class='ocr_carea' id='block_1_42' title="bbox 380 3412 1302 3485">
    <p class='ocr_par' dir='ltr' id='par_1_42' title="bbox 380 3412 1302 3485">
     <span class='ocr_line' id='line_1_42' title="bbox 380 3412 1302 3485; baseline 0.001 -17"><span class='ocrx_word' id='word_1_281' title='bbox 380 3416 467 3468; x_wconf 89' lang='lat' dir='ltr'>ter</span> <span class='ocrx_word' id='word_1_282' title='bbox 496 3415 821 3485; x_wconf 89' lang='lat' dir='ltr'>utrumque</span> <span class='ocrx_word' id='word_1_283' title='bbox 850 3412 1302 3483; x_wconf 88' lang='lat' dir='ltr'>dijudicabitur.</span> 
     </span>
    </p>
   </div>
   <div class='ocr_carea' id='block_1_43' title="bbox 450 3499 2049 3577">
    <p class='ocr_par' dir='ltr' id='par_1_43' title="bbox 450 3499 2049 3577">
     <span class='ocr_line' id='line_1_43' title="bbox 450 3499 2049 3577; baseline 0.006 -25"><span class='ocrx_word' id='word_1_284' title='bbox 450 3499 539 3552; x_wconf 90' lang='lat' dir='ltr'>IV.</span> <span class='ocrx_word' id='word_1_285' title='bbox 583 3501 692 3566; x_wconf 90' lang='lat' dir='ltr'>Qui</span> <span class='ocrx_word' id='word_1_286' title='bbox 739 3505 1186 3558; x_wconf 87' lang='lat' dir='ltr'>sacramentum</span> <span class='ocrx_word' id='word_1_287' title='bbox 1225 3504 1539 3577; x_wconf 89' lang='lat' dir='ltr'>acceperit,</span> <span class='ocrx_word' id='word_1_288' title='bbox 1590 3520 1671 3559; x_wconf 85' lang='lat' dir='ltr'>xx</span> <span class='ocrx_word' id='word_1_289' title='bbox 1719 3510 1925 3561; x_wconf 82' lang='lat' dir='ltr'>noctes</span> <span class='ocrx_word' id='word_1_290' title='bbox 1974 3506 2049 3562; x_wconf 92' lang='lat' dir='ltr'>de</span> 
     </span>
    </p>
   </div>
   <div class='ocr_carea' id='block_1_44' title="bbox 378 3586 984 3646">
    <p class='ocr_par' dir='ltr' id='par_1_44' title="bbox 378 3586 984 3646">
     <span class='ocr_line' id='line_1_44' title="bbox 378 3586 984 3646; baseline 0.005 -4"><span class='ocrx_word' id='word_1_291' title='bbox 378 3586 690 3645; x_wconf 88' lang='lat' dir='ltr'>interstitio</span> <span class='ocrx_word' id='word_1_292' title='bbox 720 3589 984 3646; x_wconf 91' lang='lat' dir='ltr'>habebit.</span> 
     </span>
    </p>
   </div>
   <div class='ocr_carea' id='block_1_45' title="bbox 448 3678 2052 3752">
    <p class='ocr_par' dir='ltr' id='par_1_45' title="bbox 448 3678 2052 3752">
     <span class='ocr_line' id='line_1_45' title="bbox 448 3678 2052 3752; baseline 0.004 -19"><span class='ocrx_word' id='word_1_293' title='bbox 448 3680 512 3733; x_wconf 85' lang='lat' dir='ltr'>V.</span> <span class='ocrx_word' id='word_1_294' title='bbox 557 3678 667 3744; x_wconf 90' lang='lat' dir='ltr'>Qui</span> <span class='ocrx_word' id='word_1_295' title='bbox 698 3679 919 3736; x_wconf 89' lang='lat' dir='ltr'>vadem</span> <span class='ocrx_word' id='word_1_296' title='bbox 963 3680 1195 3737; x_wconf 89' lang='lat' dir='ltr'>dederit</span> <span class='ocrx_word' id='word_1_297' title='bbox 1222 3698 1261 3737; x_wconf 89' lang='lat' dir='ltr'>v</span> <span class='ocrx_word' id='word_1_298' title='bbox 1302 3681 1525 3737; x_wconf 88' lang='lat' dir='ltr'>solidos</span> <span class='ocrx_word' id='word_1_299' title='bbox 1565 3682 1639 3737; x_wconf 90' lang='lat' dir='ltr'>de</span> <span class='ocrx_word' id='word_1_300' title='bbox 1694 3682 1847 3752; x_wconf 87' lang='lat' dir='ltr'>lege,</span> <span class='ocrx_word' id='word_1_301' title='bbox 1880 3683 2052 3740; x_wconf 88' lang='lat' dir='ltr'>dabit</span> 
     </span>
    </p>
   </div>
   <div class='ocr_carea' id='block_1_46' title="bbox 378 3767 2065 3844">
    <p class='ocr_par' dir='ltr' id='par_1_46' title="bbox 378 3767 2065 3844">
     <span class='ocr_line' id='line_1_46' title="bbox 378 3767 2065 3844; baseline 0.005 -23"><span class='ocrx_word' id='word_1_302' title='bbox 378 3784 497 3822; x_wconf 87' lang='lat' dir='ltr'>xxx</span> <span class='ocrx_word' id='word_1_303' title='bbox 528 3767 667 3824; x_wconf 91' lang='lat' dir='ltr'>den.</span> <span class='ocrx_word' id='word_1_304' title='bbox 701 3768 775 3824; x_wconf 92' lang='lat' dir='ltr'>de</span> <span class='ocrx_word' id='word_1_305' title='bbox 806 3768 994 3837; x_wconf 84' lang='lat' dir='ltr'>fredo,</span> <span class='ocrx_word' id='word_1_306' title='bbox 1013 3774 1070 3825; x_wconf 91' lang='lat' dir='ltr'>et</span> <span class='ocrx_word' id='word_1_307' title='bbox 1090 3770 1273 3842; x_wconf 87' lang='lat' dir='ltr'>hujus</span> <span class='ocrx_word' id='word_1_308' title='bbox 1302 3770 1451 3826; x_wconf 89' lang='lat' dir='ltr'>fredi</span> <span class='ocrx_word' id='word_1_309' title='bbox 1481 3771 1617 3826; x_wconf 76' lang='lat' dir='ltr'>duae</span> <span class='ocrx_word' id='word_1_310' title='bbox 1650 3776 1849 3844; x_wconf 89' lang='lat' dir='ltr'>partes</span> <span class='ocrx_word' id='word_1_311' title='bbox 1879 3776 2065 3829; x_wconf 67' lang='lat' dir='ltr'>erunt</span> 
     </span>
    </p>
   </div>
   <div class='ocr_carea' id='block_1_47' title="bbox 378 3858 2052 3934">
    <p class='ocr_par' dir='ltr' id='par_1_47' title="bbox 378 3858 2052 3934">
     <span class='ocr_line' id='line_1_47' title="bbox 378 3858 2052 3934; baseline 0.004 -23"><span class='ocrx_word' id='word_1_312' title='bbox 378 3858 709 3930; x_wconf 59' lang='lat' dir='ltr'>praepositi,</span> <span class='ocrx_word' id='word_1_313' title='bbox 732 3859 965 3914; x_wconf 88' lang='lat' dir='ltr'>tertiam</span> <span class='ocrx_word' id='word_1_314' title='bbox 996 3876 1135 3916; x_wconf 90' lang='lat' dir='ltr'>vero</span> <span class='ocrx_word' id='word_1_315' title='bbox 1166 3865 1401 3932; x_wconf 89' lang='lat' dir='ltr'>partem</span> <span class='ocrx_word' id='word_1_316' title='bbox 1432 3860 1679 3917; x_wconf 89' lang='lat' dir='ltr'>habebit</span> <span class='ocrx_word' id='word_1_317' title='bbox 1706 3862 1904 3932; x_wconf 89' lang='lat' dir='ltr'>major</span> <span class='ocrx_word' id='word_1_318' title='bbox 1926 3861 2052 3934; x_wconf 90' lang='lat' dir='ltr'>pla-</span> 
     </span>
    </p>
   </div>
   <div class='ocr_carea' id='block_1_48' title="bbox 378 3946 2051 4022">
    <p class='ocr_par' dir='ltr' id='par_1_48' title="bbox 378 3946 2051 4022">
     <span class='ocr_line' id='line_1_48' title="bbox 378 3946 2051 4022; baseline 0.003 -19"><span class='ocrx_word' id='word_1_319' title='bbox 378 3946 497 4003; x_wconf 89' lang='lat' dir='ltr'>citi.</span> <span class='ocrx_word' id='word_1_320' title='bbox 534 3947 590 4003; x_wconf 91' lang='lat' dir='ltr'>Si</span> <span class='ocrx_word' id='word_1_321' title='bbox 630 3951 833 4003; x_wconf 91' lang='lat' dir='ltr'>autem</span> <span class='ocrx_word' id='word_1_322' title='bbox 882 3948 979 4004; x_wconf 85' lang='lat' dir='ltr'>lex</span> <span class='ocrx_word' id='word_1_323' title='bbox 1007 3948 1247 4006; x_wconf 87' lang='lat' dir='ltr'>abbatis</span> <span class='ocrx_word' id='word_1_324' title='bbox 1277 3950 1369 4006; x_wconf 90' lang='lat' dir='ltr'>vel</span> <span class='ocrx_word' id='word_1_325' title='bbox 1401 3952 1704 4022; x_wconf 77' lang='lat' dir='ltr'>praepositi</span> <span class='ocrx_word' id='word_1_326' title='bbox 1735 3951 1927 4022; x_wconf 82' lang='lat' dir='ltr'>fuerit,</span> <span class='ocrx_word' id='word_1_327' title='bbox 1964 3956 2051 4008; x_wconf 93' lang='lat' dir='ltr'>to-</span> 
     </span>
    </p>
   </div>
   <div class='ocr_carea' id='block_1_49' title="bbox 378 4034 2057 4113">
    <p class='ocr_par' dir='ltr' id='par_1_49' title="bbox 378 4034 2057 4113">
     <span class='ocr_line' id='line_1_49' title="bbox 378 4034 2057 4113; baseline 0.003 -22"><span class='ocrx_word' id='word_1_328' title='bbox 378 4039 509 4091; x_wconf 88' lang='lat' dir='ltr'>tum</span> <span class='ocrx_word' id='word_1_329' title='bbox 535 4034 774 4090; x_wconf 69' lang='lat' dir='ltr'>{Pedum</span> <span class='ocrx_word' id='word_1_330' title='bbox 804 4035 999 4107; x_wconf 83' lang='lat' dir='ltr'>major</span> <span class='ocrx_word' id='word_1_331' title='bbox 1042 4036 1245 4109; x_wconf 87' lang='lat' dir='ltr'>placiti</span> <span class='ocrx_word' id='word_1_332' title='bbox 1274 4038 1541 4095; x_wconf 86' lang='lat' dir='ltr'>habebit.</span> <span class='ocrx_word' id='word_1_333' title='bbox 1575 4044 1647 4095; x_wconf 82' lang='lat' dir='ltr'>At</span> <span class='ocrx_word' id='word_1_334' title='bbox 1676 4054 1814 4095; x_wconf 87' lang='lat' dir='ltr'>vero</span> <span class='ocrx_word' id='word_1_335' title='bbox 1846 4041 1893 4095; x_wconf 88' lang='lat' dir='ltr'>si</span> <span class='ocrx_word' id='word_1_336' title='bbox 1919 4041 2057 4113; x_wconf 82' lang='lat' dir='ltr'>quis</span> 
     </span>
    </p>
   </div>
   <div class='ocr_carea' id='block_1_50' title="bbox 380 4124 2053 4201">
    <p class='ocr_par' dir='ltr' id='par_1_50' title="bbox 380 4124 2053 4201">
     <span class='ocr_line' id='line_1_50' title="bbox 380 4124 2053 4201; baseline 0.003 -20"><span class='ocrx_word' id='word_1_337' title='bbox 380 4134 630 4181; x_wconf 84' lang='lat' dir='ltr'>causam</span> <span class='ocrx_word' id='word_1_338' title='bbox 662 4124 943 4181; x_wconf 87' lang='lat' dir='ltr'>clamoris</span> <span class='ocrx_word' id='word_1_339' title='bbox 973 4126 1225 4195; x_wconf 78' lang='lat' dir='ltr'>habens,</span> <span class='ocrx_word' id='word_1_340' title='bbox 1255 4127 1317 4183; x_wconf 91' lang='lat' dir='ltr'>in</span> <span class='ocrx_word' id='word_1_341' title='bbox 1358 4126 1637 4201; x_wconf 73' lang='lat' dir='ltr'>praesenti</span> <span class='ocrx_word' id='word_1_342' title='bbox 1670 4128 1933 4186; x_wconf 88' lang='lat' dir='ltr'>clamare</span> <span class='ocrx_word' id='word_1_343' title='bbox 1964 4130 2053 4186; x_wconf 81' lang='lat' dir='ltr'>di-</span> 
     </span>
    </p>
   </div>
   <div class='ocr_carea' id='block_1_51' title="bbox 382 4213 2061 4290">
    <p class='ocr_par' dir='ltr' id='par_1_51' title="bbox 382 4213 2061 4290">
     <span class='ocr_line' id='line_1_51' title="bbox 382 4213 2061 4290; baseline 0.005 -21"><span class='ocrx_word' id='word_1_344' title='bbox 382 4213 627 4283; x_wconf 87' lang='lat' dir='ltr'>stulerit,</span> <span class='ocrx_word' id='word_1_345' title='bbox 659 4230 850 4288; x_wconf 89' lang='lat' dir='ltr'>usque</span> <span class='ocrx_word' id='word_1_346' title='bbox 879 4216 959 4272; x_wconf 91' lang='lat' dir='ltr'>ad</span> <span class='ocrx_word' id='word_1_347' title='bbox 980 4214 1140 4272; x_wconf 91' lang='lat' dir='ltr'>dicm</span> <span class='ocrx_word' id='word_1_348' title='bbox 1169 4215 1411 4274; x_wconf 85' lang='lat' dir='ltr'>alterius</span> <span class='ocrx_word' id='word_1_349' title='bbox 1434 4214 1636 4290; x_wconf 89' lang='lat' dir='ltr'>placiti</span> <span class='ocrx_word' id='word_1_350' title='bbox 1665 4219 1915 4275; x_wconf 84' lang='lat' dir='ltr'>omnino</span> <span class='ocrx_word' id='word_1_351' title='bbox 1942 4220 2061 4277; x_wconf 88' lang='lat' dir='ltr'>cla-</span> 
     </span>
    </p>
   </div>
   <div class='ocr_carea' id='block_1_52' title="bbox 380 4305 2055 4380">
    <p class='ocr_par' dir='ltr' id='par_1_52' title="bbox 380 4305 2055 4380">
     <span class='ocr_line' id='line_1_52' title="bbox 380 4305 2055 4380; baseline 0.002 -19"><span class='ocrx_word' id='word_1_352' title='bbox 380 4320 548 4361; x_wconf 85' lang='lat' dir='ltr'>mare</span> <span class='ocrx_word' id='word_1_353' title='bbox 580 4318 703 4360; x_wconf 85' lang='lat' dir='ltr'>non</span> <span class='ocrx_word' id='word_1_354' title='bbox 734 4305 968 4377; x_wconf 89' lang='lat' dir='ltr'>poterit.</span> <span class='ocrx_word' id='word_1_355' title='bbox 1004 4305 1211 4362; x_wconf 89' lang='lat' dir='ltr'>Abbas</span> <span class='ocrx_word' id='word_1_356' title='bbox 1235 4310 1437 4363; x_wconf 87' lang='lat' dir='ltr'>autem</span> <span class='ocrx_word' id='word_1_357' title='bbox 1469 4307 1563 4363; x_wconf 89' lang='lat' dir='ltr'>vel</span> <span class='ocrx_word' id='word_1_358' title='bbox 1594 4308 1974 4380; x_wconf 64' lang='lat' dir='ltr'>praepositus,</span> <span class='ocrx_word' id='word_1_359' title='bbox 2008 4309 2055 4365; x_wconf 91' lang='lat' dir='ltr'>si</span> 
     </span>
    </p>
   </div>
   <div class='ocr_carea' id='block_1_53' title="bbox 2160 3145 3837 3220">
    <p class='ocr_par' dir='ltr' id='par_1_53' title="bbox 2160 3145 3837 3220">
     <span class='ocr_line' id='line_1_53' title="bbox 2160 3145 3837 3220; baseline 0 -19"><span class='ocrx_word' id='word_1_360' title='bbox 2160 3145 2435 3217; x_wconf 89' lang='lat' dir='ltr'>voluerit,</span> <span class='ocrx_word' id='word_1_361' title='bbox 2465 3147 2663 3203; x_wconf 86' lang='lat' dir='ltr'>veniet</span> <span class='ocrx_word' id='word_1_362' title='bbox 2707 3150 2763 3201; x_wconf 92' lang='lat' dir='ltr'>et</span> <span class='ocrx_word' id='word_1_363' title='bbox 2806 3146 3014 3202; x_wconf 77' lang='lat' dir='ltr'>otferet</span> <span class='ocrx_word' id='word_1_364' title='bbox 3058 3145 3304 3215; x_wconf 87' lang='lat' dir='ltr'>abbati;</span> <span class='ocrx_word' id='word_1_365' title='bbox 3353 3147 3400 3202; x_wconf 90' lang='lat' dir='ltr'>si</span> <span class='ocrx_word' id='word_1_366' title='bbox 3431 3146 3727 3220; x_wconf 84' lang='lat' dir='ltr'>placuerit</span> <span class='ocrx_word' id='word_1_367' title='bbox 3756 3146 3837 3201; x_wconf 89' lang='lat' dir='ltr'>illi</span> 
     </span>
    </p>
   </div>
   <div class='ocr_carea' id='block_1_54' title="bbox 2160 3234 3839 3308">
    <p class='ocr_par' dir='ltr' id='par_1_54' title="bbox 2160 3234 3839 3308">
     <span class='ocr_line' id='line_1_54' title="bbox 2160 3234 3839 3308; baseline 0.001 -20"><span class='ocrx_word' id='word_1_368' title='bbox 2160 3238 2224 3289; x_wconf 91' lang='lat' dir='ltr'>ut</span> <span class='ocrx_word' id='word_1_369' title='bbox 2272 3234 2549 3303; x_wconf 87' lang='lat' dir='ltr'>redimat,</span> <span class='ocrx_word' id='word_1_370' title='bbox 2605 3234 2794 3289; x_wconf 89' lang='lat' dir='ltr'>levius</span> <span class='ocrx_word' id='word_1_371' title='bbox 2838 3234 3061 3289; x_wconf 88' lang='lat' dir='ltr'>habere</span> <span class='ocrx_word' id='word_1_372' title='bbox 3111 3234 3289 3290; x_wconf 91' lang='lat' dir='ltr'>debet</span> <span class='ocrx_word' id='word_1_373' title='bbox 3341 3251 3531 3307; x_wconf 88' lang='lat' dir='ltr'>quam</span> <span class='ocrx_word' id='word_1_374' title='bbox 3584 3234 3839 3308; x_wconf 88' lang='lat' dir='ltr'>quilibet</span> 
     </span>
    </p>
   </div>
   <div class='ocr_carea' id='block_1_55' title="bbox 2160 3321 3841 3394">
    <p class='ocr_par' dir='ltr' id='par_1_55' title="bbox 2160 3321 3841 3394">
     <span class='ocr_line' id='line_1_55' title="bbox 2160 3321 3841 3394; baseline 0.001 -15"><span class='ocrx_word' id='word_1_375' title='bbox 2160 3322 2315 3379; x_wconf 89' lang='lat' dir='ltr'>alius</span> <span class='ocrx_word' id='word_1_376' title='bbox 2341 3341 2353 3389; x_wconf 91' lang='lat'>;</span> <span class='ocrx_word' id='word_1_377' title='bbox 2392 3322 2438 3377; x_wconf 87' lang='lat' dir='ltr'>si</span> <span class='ocrx_word' id='word_1_378' title='bbox 2467 3322 2721 3379; x_wconf 77' lang='lat' dir='ltr'>noluerit</span> <span class='ocrx_word' id='word_1_379' title='bbox 2750 3321 2841 3377; x_wconf 88' lang='lat' dir='ltr'>vel</span> <span class='ocrx_word' id='word_1_380' title='bbox 2872 3338 2996 3378; x_wconf 91' lang='lat' dir='ltr'>non</span> <span class='ocrx_word' id='word_1_381' title='bbox 3026 3322 3284 3394; x_wconf 88' lang='lat' dir='ltr'>potuerit</span> <span class='ocrx_word' id='word_1_382' title='bbox 3310 3323 3626 3391; x_wconf 90' lang='lat' dir='ltr'>redimere,</span> <span class='ocrx_word' id='word_1_383' title='bbox 3661 3324 3841 3380; x_wconf 84' lang='lat' dir='ltr'>dabit</span> 
     </span>
    </p>
   </div>
   <div class='ocr_carea' id='block_1_56' title="bbox 2159 3408 3839 3482">
    <p class='ocr_par' dir='ltr' id='par_1_56' title="bbox 2159 3408 3839 3482">
     <span class='ocr_line' id='line_1_56' title="bbox 2159 3408 3839 3482; baseline 0 -15"><span class='ocrx_word' id='word_1_384' title='bbox 2159 3411 2213 3467; x_wconf 94' lang='lat' dir='ltr'>ei</span> <span class='ocrx_word' id='word_1_385' title='bbox 2255 3410 2556 3468; x_wconf 68' lang='lat' dir='ltr'>licentiam</span> <span class='ocrx_word' id='word_1_386' title='bbox 2602 3408 2923 3479; x_wconf 78' lang='lat' dir='ltr'>vcndehdi,</span> <span class='ocrx_word' id='word_1_387' title='bbox 2970 3426 3093 3467; x_wconf 92' lang='lat' dir='ltr'>non</span> <span class='ocrx_word' id='word_1_388' title='bbox 3143 3410 3320 3466; x_wconf 89' lang='lat' dir='ltr'>alicui</span> <span class='ocrx_word' id='word_1_389' title='bbox 3366 3417 3676 3482; x_wconf 88' lang='lat' dir='ltr'>extraneo,</span> <span class='ocrx_word' id='word_1_390' title='bbox 3733 3412 3839 3468; x_wconf 89' lang='lat' dir='ltr'>scd</span> 
     </span>
    </p>
   </div>
   <div class='ocr_carea' id='block_1_57' title="bbox 2160 3500 3837 3575">
    <p class='ocr_par' dir='ltr' id='par_1_57' title="bbox 2160 3500 3837 3575">
     <span class='ocr_line' id='line_1_57' title="bbox 2160 3500 3837 3575; baseline 0.002 -19"><span class='ocrx_word' id='word_1_391' title='bbox 2160 3501 2435 3574; x_wconf 85' lang='lat' dir='ltr'>proximo</span> <span class='ocrx_word' id='word_1_392' title='bbox 2467 3501 2700 3571; x_wconf 88' lang='lat' dir='ltr'>generis</span> <span class='ocrx_word' id='word_1_393' title='bbox 2727 3501 2839 3570; x_wconf 90' lang='lat' dir='ltr'>sui,</span> <span class='ocrx_word' id='word_1_394' title='bbox 2872 3505 2975 3556; x_wconf 91' lang='lat' dir='ltr'>aut</span> <span class='ocrx_word' id='word_1_395' title='bbox 3017 3500 3193 3557; x_wconf 89' lang='lat' dir='ltr'>alicui</span> <span class='ocrx_word' id='word_1_396' title='bbox 3226 3500 3501 3571; x_wconf 89' lang='lat' dir='ltr'>ejusdem</span> <span class='ocrx_word' id='word_1_397' title='bbox 3549 3501 3728 3575; x_wconf 88' lang='lat' dir='ltr'>legis,</span> <span class='ocrx_word' id='word_1_398' title='bbox 3761 3518 3837 3559; x_wconf 90' lang='lat' dir='ltr'>ne</span> 
     </span>
    </p>
   </div>
   <div class='ocr_carea' id='block_1_58' title="bbox 2161 3590 3837 3663">
    <p class='ocr_par' dir='ltr' id='par_1_58' title="bbox 2161 3590 3837 3663">
     <span class='ocr_line' id='line_1_58' title="bbox 2161 3590 3837 3663; baseline 0 -16"><span class='ocrx_word' id='word_1_399' title='bbox 2161 3590 2429 3647; x_wconf 88' lang='lat' dir='ltr'>alodium</span> <span class='ocrx_word' id='word_1_400' title='bbox 2490 3590 2693 3663; x_wconf 86' lang='lat' dir='ltr'>placiti</span> <span class='ocrx_word' id='word_1_401' title='bbox 2757 3590 3029 3646; x_wconf 67' lang='lat' dir='ltr'>videatur</span> <span class='ocrx_word' id='word_1_402' title='bbox 3094 3590 3483 3647; x_wconf 80' lang='lat' dir='ltr'>exhaeredari.</span> <span class='ocrx_word' id='word_1_403' title='bbox 3545 3591 3724 3656; x_wconf 88' lang='lat' dir='ltr'>Quod</span> <span class='ocrx_word' id='word_1_404' title='bbox 3794 3592 3837 3647; x_wconf 92' lang='lat' dir='ltr'>si</span> 
     </span>
    </p>
   </div>
   <div class='ocr_carea' id='block_1_59' title="bbox 2159 3680 3837 3753">
    <p class='ocr_par' dir='ltr' id='par_1_59' title="bbox 2159 3680 3837 3753">
     <span class='ocr_line' id='line_1_59' title="bbox 2159 3680 3837 3753; baseline 0.001 -17"><span class='ocrx_word' id='word_1_405' title='bbox 2159 3682 2462 3737; x_wconf 89' lang='lat' dir='ltr'>nesciente</span> <span class='ocrx_word' id='word_1_406' title='bbox 2520 3680 2739 3737; x_wconf 91' lang='lat' dir='ltr'>abbate</span> <span class='ocrx_word' id='word_1_407' title='bbox 2796 3681 2888 3736; x_wconf 88' lang='lat' dir='ltr'>vel</span> <span class='ocrx_word' id='word_1_408' title='bbox 2947 3680 3273 3753; x_wconf 70' lang='lat' dir='ltr'>przeposito</span> <span class='ocrx_word' id='word_1_409' title='bbox 3324 3681 3440 3735; x_wconf 92' lang='lat' dir='ltr'>hoc</span> <span class='ocrx_word' id='word_1_410' title='bbox 3499 3681 3726 3752; x_wconf 84' lang='lat' dir='ltr'>fecerit,</span> <span class='ocrx_word' id='word_1_411' title='bbox 3783 3687 3837 3737; x_wconf 89' lang='lat' dir='ltr'>et</span> 
     </span>
    </p>
   </div>
   <div class='ocr_carea' id='block_1_60' title="bbox 2161 3770 3835 3843">
    <p class='ocr_par' dir='ltr' id='par_1_60' title="bbox 2161 3770 3835 3843">
     <span class='ocr_line' id='line_1_60' title="bbox 2161 3770 3835 3843; baseline 0 -17"><span class='ocrx_word' id='word_1_412' title='bbox 2161 3771 2355 3826; x_wconf 87' lang='lat' dir='ltr'>abbas</span> <span class='ocrx_word' id='word_1_413' title='bbox 2408 3786 2784 3841; x_wconf 84' lang='lat' dir='ltr'>cognoscens</span> <span class='ocrx_word' id='word_1_414' title='bbox 2840 3772 2957 3827; x_wconf 86' lang='lat' dir='ltr'>hoc</span> <span class='ocrx_word' id='word_1_415' title='bbox 3000 3770 3237 3843; x_wconf 88' lang='lat' dir='ltr'>insequi</span> <span class='ocrx_word' id='word_1_416' title='bbox 3282 3770 3555 3838; x_wconf 91' lang='lat' dir='ltr'>voluerit,</span> <span class='ocrx_word' id='word_1_417' title='bbox 3588 3787 3703 3827; x_wconf 90' lang='lat' dir='ltr'>nec</span> <span class='ocrx_word' id='word_1_418' title='bbox 3757 3771 3835 3827; x_wconf 91' lang='lat' dir='ltr'>illi</span> 
     </span>
    </p>
   </div>
   <div class='ocr_carea' id='block_1_61' title="bbox 2162 3860 3835 3935">
    <p class='ocr_par' dir='ltr' id='par_1_61' title="bbox 2162 3860 3835 3935">
     <span class='ocr_line' id='line_1_61' title="bbox 2162 3860 3835 3935; baseline 0.001 -19"><span class='ocrx_word' id='word_1_419' title='bbox 2162 3860 2499 3916; x_wconf 89' lang='lat' dir='ltr'>remanebit</span> <span class='ocrx_word' id='word_1_420' title='bbox 2535 3861 2639 3933; x_wconf 93' lang='lat' dir='ltr'>qui</span> <span class='ocrx_word' id='word_1_421' title='bbox 2689 3860 2851 3930; x_wconf 90' lang='lat' dir='ltr'>emit,</span> <span class='ocrx_word' id='word_1_422' title='bbox 2884 3877 2994 3916; x_wconf 90' lang='lat' dir='ltr'>nec</span> <span class='ocrx_word' id='word_1_423' title='bbox 3045 3861 3123 3917; x_wconf 93' lang='lat' dir='ltr'>ad</span> <span class='ocrx_word' id='word_1_424' title='bbox 3168 3860 3334 3916; x_wconf 92' lang='lat' dir='ltr'>illum</span> <span class='ocrx_word' id='word_1_425' title='bbox 3374 3864 3704 3917; x_wconf 89' lang='lat' dir='ltr'>revertetur</span> <span class='ocrx_word' id='word_1_426' title='bbox 3734 3863 3835 3935; x_wconf 88' lang='lat' dir='ltr'>qui</span> 
     </span>
    </p>
   </div>
   <div class='ocr_carea' id='block_1_62' title="bbox 2161 3948 3835 4021">
    <p class='ocr_par' dir='ltr' id='par_1_62' title="bbox 2161 3948 3835 4021">
     <span class='ocr_line' id='line_1_62' title="bbox 2161 3948 3835 4021; baseline 0.001 -17"><span class='ocrx_word' id='word_1_427' title='bbox 2161 3948 2446 4017; x_wconf 90' lang='lat' dir='ltr'>vendidit,</span> <span class='ocrx_word' id='word_1_428' title='bbox 2502 3949 2606 4005; x_wconf 85' lang='lat' dir='ltr'>sed</span> <span class='ocrx_word' id='word_1_429' title='bbox 2655 3949 2906 4005; x_wconf 89' lang='lat' dir='ltr'>ecclesia</span> <span class='ocrx_word' id='word_1_430' title='bbox 2961 3948 3231 4005; x_wconf 91' lang='lat' dir='ltr'>alodium</span> <span class='ocrx_word' id='word_1_431' title='bbox 3312 3965 3484 4005; x_wconf 89' lang='lat' dir='ltr'>suam</span> <span class='ocrx_word' id='word_1_432' title='bbox 3532 3950 3668 4021; x_wconf 89' lang='lat' dir='ltr'>jure</span> <span class='ocrx_word' id='word_1_433' title='bbox 3722 3950 3835 4007; x_wconf 91' lang='lat' dir='ltr'>sibi</span> 
     </span>
    </p>
   </div>
   <div class='ocr_carea' id='block_1_63' title="bbox 2166 4038 2511 4095">
    <p class='ocr_par' dir='ltr' id='par_1_63' title="bbox 2166 4038 2511 4095">
     <span class='ocr_line' id='line_1_63' title="bbox 2166 4038 2511 4095; baseline -0.003 0"><span class='ocrx_word' id='word_1_434' title='bbox 2166 4038 2511 4095; x_wconf 85' lang='lat' dir='ltr'>vindicabit.</span> 
     </span>
    </p>
   </div>
   <div class='ocr_carea' id='block_1_64' title="bbox 2238 4126 3834 4199">
    <p class='ocr_par' dir='ltr' id='par_1_64' title="bbox 2238 4126 3834 4199">
     <span class='ocr_line' id='line_1_64' title="bbox 2238 4126 3834 4199; baseline 0.001 -16"><span class='ocrx_word' id='word_1_435' title='bbox 2238 4130 2319 4184; x_wconf 80' lang='lat' dir='ltr'>Ix.</span> <span class='ocrx_word' id='word_1_436' title='bbox 2364 4131 2524 4184; x_wconf 86' lang='lat' dir='ltr'>Hanc</span> <span class='ocrx_word' id='word_1_437' title='bbox 2554 4134 2667 4197; x_wconf 80' lang='lat' dir='ltr'>ego</span> <span class='ocrx_word' id='word_1_438' title='bbox 2694 4130 2769 4199; x_wconf 80' lang='lat' dir='ltr'>(t)</span> <span class='ocrx_word' id='word_1_439' title='bbox 2800 4128 3121 4197; x_wconf 83' lang='lat' dir='ltr'>Leduinus,</span> <span class='ocrx_word' id='word_1_440' title='bbox 3154 4126 3349 4183; x_wconf 85' lang='lat' dir='ltr'>abbas</span> <span class='ocrx_word' id='word_1_441' title='bbox 3377 4128 3640 4183; x_wconf 66' lang='lat' dir='ltr'>ecclesiae</span> <span class='ocrx_word' id='word_1_442' title='bbox 3671 4129 3834 4184; x_wconf 83' lang='lat' dir='ltr'>Beati</span> 
     </span>
    </p>
   </div>
   <div class='ocr_carea' id='block_1_65' title="bbox 2164 4206 3834 4290">
    <p class='ocr_par' dir='ltr' id='par_1_65' title="bbox 2164 4206 3834 4290">
     <span class='ocr_line' id='line_1_65' title="bbox 2164 4206 3834 4290; baseline 0 -19"><span class='ocrx_word' id='word_1_443' title='bbox 2164 4206 2423 4288; x_wconf 82' lang='lat' dir='ltr'>Vc‘dasti,</span> <span class='ocrx_word' id='word_1_444' title='bbox 2472 4214 2767 4272; x_wconf 82' lang='lat' dir='ltr'>rationem</span> <span class='ocrx_word' id='word_1_445' title='bbox 2804 4214 2929 4271; x_wconf 79' lang='lat' dir='ltr'>sive’</span> <span class='ocrx_word' id='word_1_446' title='bbox 2978 4214 3459 4272; x_wconf 73' lang='lat' dir='ltr'>conStitutionem</span> <span class='ocrx_word' id='word_1_447' title='bbox 3495 4214 3701 4290; x_wconf 79' lang='lat' dir='ltr'>placiti</span> <span class='ocrx_word' id='word_1_448' title='bbox 3744 4222 3834 4287; x_wconf 82' lang='lat' dir='ltr'>ge—</span> 
     </span>
    </p>
   </div>
   <div class='ocr_carea' id='block_1_66' title="bbox 2166 4292 3830 4375">
    <p class='ocr_par' dir='ltr' id='par_1_66' title="bbox 2166 4292 3830 4375">
     <span class='ocr_line' id='line_1_66' title="bbox 2166 4292 3830 4375; baseline 0 -14"><span class='ocrx_word' id='word_1_449' title='bbox 2166 4305 2403 4375; x_wconf 86' lang='lat' dir='ltr'>ncraiis,</span> <span class='ocrx_word' id='word_1_450' title='bbox 2436 4294 2499 4361; x_wconf 88' lang='lat' dir='ltr'>ut</span> <span class='ocrx_word' id='word_1_451' title='bbox 2529 4305 2591 4360; x_wconf 91' lang='lat' dir='ltr'>in</span> <span class='ocrx_word' id='word_1_452' title='bbox 2620 4304 2891 4362; x_wconf 84' lang='lat' dir='ltr'>libertate</span> <span class='ocrx_word' id='word_1_453' title='bbox 2922 4322 3035 4361; x_wconf 88' lang='lat' dir='ltr'>sua</span> <span class='ocrx_word' id='word_1_454' title='bbox 3077 4292 3276 4363; x_wconf 85' lang='lat' dir='ltr'>ratum</span> <span class='ocrx_word' id='word_1_455' title='bbox 3307 4309 3364 4361; x_wconf 90' lang='lat' dir='ltr'>et</span> <span class='ocrx_word' id='word_1_456' title='bbox 3405 4304 3830 4362; x_wconf 82' lang='lat' dir='ltr'>inconvulsum</span> 
     </span>
    </p>
   </div>
   <div class='ocr_carea' id='block_1_67' title="bbox 381 4394 3831 4492">
    <p class='ocr_par' dir='ltr' id='par_1_67' title="bbox 381 4394 3831 4492">
     <span class='ocr_line' id='line_1_67' title="bbox 381 4394 3831 4492; baseline 0 -41"><span class='ocrx_word' id='word_1_457' title='bbox 381 4399 471 4451; x_wconf 91' lang='lat' dir='ltr'>est</span> <span class='ocrx_word' id='word_1_458' title='bbox 514 4394 677 4451; x_wconf 85' lang='lat' dir='ltr'>unde</span> <span class='ocrx_word' id='word_1_459' title='bbox 706 4394 845 4492; x_wconf 75' lang='lat' dir='ltr'>velit</span> <span class='ocrx_word' id='word_1_460' title='bbox 895 4395 1178 4467; x_wconf 87' lang='lat' dir='ltr'>clamare,</span> <span class='ocrx_word' id='word_1_461' title='bbox 1211 4400 1408 4470; x_wconf 84' lang='lat' dir='ltr'>potest</span> <span class='ocrx_word' id='word_1_462' title='bbox 1435 4397 1601 4453; x_wconf 89' lang='lat' dir='ltr'>omni</span> <span class='ocrx_word' id='word_1_463' title='bbox 1643 4398 1915 4471; x_wconf 82' lang='lat' dir='ltr'>tempore</span> <span class='ocrx_word' id='word_1_464' title='bbox 1949 4400 2052 4455; x_wconf 64' lang='grc' dir='ltr'>Ιῑοι</span> <span class='ocrx_word' id='word_1_465' title='bbox 2089 4437 2127 4492; x_wconf 74' lang='lat' dir='ltr'>C</span> <span class='ocrx_word' id='word_1_466' title='bbox 2168 4397 2333 4453; x_wconf 88' lang='lat' dir='ltr'>omni</span> <span class='ocrx_word' id='word_1_467' title='bbox 2362 4400 2625 4468; x_wconf 87' lang='lat' dir='ltr'>tempore</span> <span class='ocrx_word' id='word_1_468' title='bbox 2648 4401 3186 4469; x_wconf 85' lang='lat' dir='ltr'>permaneret,tam</span> <span class='ocrx_word' id='word_1_469' title='bbox 3207 4396 3459 4470; x_wconf 83' lang='lat' dir='ltr'>posteris</span> <span class='ocrx_word' id='word_1_470' title='bbox 3479 4408 3665 4469; x_wconf 81' lang='lat' dir='ltr'>quam</span> <span class='ocrx_word' id='word_1_471' title='bbox 3686 4414 3831 4469; x_wconf 73' lang='lat' dir='ltr'>pra:-</span> 
     </span>
    </p>
   </div>
   <div class='ocr_carea' id='block_1_68' title="bbox 381 4480 3827 4558">
    <p class='ocr_par' dir='ltr' id='par_1_68' title="bbox 381 4480 3827 4558">
     <span class='ocr_line' id='line_1_68' title="bbox 381 4480 3827 4558; baseline -0 -17"><span class='ocrx_word' id='word_1_472' title='bbox 381 4485 609 4541; x_wconf 83' lang='lat' dir='ltr'>mitiem</span> <span class='ocrx_word' id='word_1_473' title='bbox 642 4485 721 4542; x_wconf 80' lang='lat' dir='ltr'>de</span> <span class='ocrx_word' id='word_1_474' title='bbox 748 4480 969 4558; x_wconf 82' lang='lat' dir='ltr'>placito</span> <span class='ocrx_word' id='word_1_475' title='bbox 1009 4487 1069 4542; x_wconf 82' lang='lat' dir='ltr'>in</span> <span class='ocrx_word' id='word_1_476' title='bbox 1117 4494 1358 4545; x_wconf 81' lang='lat' dir='ltr'>camera</span> <span class='ocrx_word' id='word_1_477' title='bbox 1403 4502 1513 4544; x_wconf 85' lang='lat' dir='ltr'>sua</span> <span class='ocrx_word' id='word_1_478' title='bbox 1542 4489 1854 4557; x_wconf 84' lang='lat' dir='ltr'>mandare,</span> <span class='ocrx_word' id='word_1_479' title='bbox 1888 4493 1944 4545; x_wconf 91' lang='lat' dir='ltr'>et</span> <span class='ocrx_word' id='word_1_480' title='bbox 1973 4484 2048 4546; x_wconf 88' lang='lat' dir='ltr'>de</span> <span class='ocrx_word' id='word_1_481' title='bbox 2092 4480 2127 4492; x_wconf 56' lang='grc' dir='ltr'>υ</span> <span class='ocrx_word' id='word_1_482' title='bbox 2158 4485 2431 4541; x_wconf 74' lang='lat' dir='ltr'>sentibus</span> <span class='ocrx_word' id='word_1_483' title='bbox 2444 4484 2714 4541; x_wconf 73' lang='lat' dir='ltr'>Ecclesiae</span> <span class='ocrx_word' id='word_1_484' title='bbox 2736 4486 2872 4541; x_wconf 74' lang='lat' dir='ltr'>filiis</span> <span class='ocrx_word' id='word_1_485' title='bbox 2894 4490 2951 4541; x_wconf 90' lang='lat' dir='ltr'>et</span> <span class='ocrx_word' id='word_1_486' title='bbox 2965 4486 3504 4557; x_wconf 84' lang='lat' dir='ltr'>ﬁdelibus,scripto</span> <span class='ocrx_word' id='word_1_487' title='bbox 3522 4496 3827 4541; x_wconf 81' lang='lat' dir='ltr'>commen-</span> 
     </span>
    </p>
   </div>
   <div class='ocr_carea' id='block_1_69' title="bbox 383 4576 2053 4652">
    <p class='ocr_par' dir='ltr' id='par_1_69' title="bbox 383 4576 2053 4652">
     <span class='ocr_line' id='line_1_69' title="bbox 383 4576 2053 4652; baseline 0.002 -18"><span class='ocrx_word' id='word_1_488' title='bbox 383 4576 575 4634; x_wconf 86' lang='lat' dir='ltr'>catelo</span> <span class='ocrx_word' id='word_1_489' title='bbox 625 4594 735 4634; x_wconf 89' lang='lat' dir='ltr'>suo</span> <span class='ocrx_word' id='word_1_490' title='bbox 774 4594 955 4651; x_wconf 90' lang='lat' dir='ltr'>super</span> <span class='ocrx_word' id='word_1_491' title='bbox 1005 4595 1146 4635; x_wconf 89' lang='lat' dir='ltr'>eum</span> <span class='ocrx_word' id='word_1_492' title='bbox 1203 4576 1464 4636; x_wconf 89' lang='lat' dir='ltr'>clamare</span> <span class='ocrx_word' id='word_1_493' title='bbox 1518 4583 1574 4637; x_wconf 85' lang='lat' dir='ltr'>et</span> <span class='ocrx_word' id='word_1_494' title='bbox 1610 4578 1805 4652; x_wconf 82' lang='lat' dir='ltr'>legem</span> <span class='ocrx_word' id='word_1_495' title='bbox 1838 4578 2053 4651; x_wconf 89' lang='lat' dir='ltr'>facere,</span> 
     </span>
    </p>
   </div>
   <div class='ocr_carea' id='block_1_70' title="bbox 383 4668 2057 4741">
    <p class='ocr_par' dir='ltr' id='par_1_70' title="bbox 383 4668 2057 4741">
     <span class='ocr_line' id='line_1_70' title="bbox 383 4668 2057 4741; baseline 0.002 -17"><span class='ocrx_word' id='word_1_496' title='bbox 383 4668 639 4741; x_wconf 87' lang='lat' dir='ltr'>ipsaque</span> <span class='ocrx_word' id='word_1_497' title='bbox 664 4668 761 4724; x_wconf 86' lang='lat' dir='ltr'>lex</span> <span class='ocrx_word' id='word_1_498' title='bbox 781 4685 919 4741; x_wconf 72' lang='lat' dir='ltr'>qua:</span> <span class='ocrx_word' id='word_1_499' title='bbox 942 4670 1001 4725; x_wconf 90' lang='lat' dir='ltr'>in</span> <span class='ocrx_word' id='word_1_500' title='bbox 1022 4684 1264 4727; x_wconf 87' lang='lat' dir='ltr'>camera</span> <span class='ocrx_word' id='word_1_501' title='bbox 1287 4670 1523 4727; x_wconf 83' lang='lat' dir='ltr'>abbatis</span> <span class='ocrx_word' id='word_1_502' title='bbox 1546 4670 1662 4739; x_wconf 79' lang='lat' dir='ltr'>fiet,</span> <span class='ocrx_word' id='word_1_503' title='bbox 1679 4669 2057 4727; x_wconf 84' lang='lat' dir='ltr'>consuetudi-</span> 
     </span>
    </p>
   </div>
   <div class='ocr_carea' id='block_1_71' title="bbox 385 4748 2055 4829">
    <p class='ocr_par' dir='ltr' id='par_1_71' title="bbox 385 4748 2055 4829">
     <span class='ocr_line' id='line_1_71' title="bbox 385 4748 2055 4829; baseline 0.002 -17"><span class='ocrx_word' id='word_1_504' title='bbox 385 4764 527 4812; x_wconf 76' lang='lat' dir='ltr'>nem</span> <span class='ocrx_word' id='word_1_505' title='bbox 557 4752 758 4829; x_wconf 84' lang='lat' dir='ltr'>placiti</span> <span class='ocrx_word' id='word_1_506' title='bbox 788 4748 969 4814; x_wconf 70' lang='lat' dir='ltr'>debet</span> <span class='ocrx_word' id='word_1_507' title='bbox 998 4762 1220 4815; x_wconf 76' lang='lat' dir='ltr'>tenere:</span> <span class='ocrx_word' id='word_1_508' title='bbox 1250 4759 1340 4813; x_wconf 85' lang='lat' dir='ltr'>Ad</span> <span class='ocrx_word' id='word_1_509' title='bbox 1371 4759 1703 4814; x_wconf 23' lang='lat' dir='ltr'>clamorem.</span> <span class='ocrx_word' id='word_1_510' title='bbox 1742 4774 1885 4815; x_wconf 86' lang='lat' dir='ltr'>vero</span> <span class='ocrx_word' id='word_1_511' title='bbox 1915 4760 2055 4815; x_wconf 80' lang='lat' dir='ltr'>aite-</span> 
     </span>
    </p>
   </div>
   <div class='ocr_carea' id='block_1_72' title="bbox 384 4844 2057 4922">
    <p class='ocr_par' dir='ltr' id='par_1_72' title="bbox 384 4844 2057 4922">
     <span class='ocr_line' id='line_1_72' title="bbox 384 4844 2057 4922; baseline 0.001 -19"><span class='ocrx_word' id='word_1_512' title='bbox 384 4845 533 4915; x_wconf 88' lang='lat' dir='ltr'>rius,</span> <span class='ocrx_word' id='word_1_513' title='bbox 568 4849 635 4902; x_wconf 90' lang='lat' dir='ltr'>ut</span> <span class='ocrx_word' id='word_1_514' title='bbox 663 4844 892 4903; x_wconf 89' lang='lat' dir='ltr'>dictum</span> <span class='ocrx_word' id='word_1_515' title='bbox 947 4848 1055 4914; x_wconf 89' lang='lat' dir='ltr'>est,</span> <span class='ocrx_word' id='word_1_516' title='bbox 1084 4847 1203 4903; x_wconf 89' lang='lat' dir='ltr'>nisi</span> <span class='ocrx_word' id='word_1_517' title='bbox 1250 4847 1310 4904; x_wconf 91' lang='lat' dir='ltr'>in</span> <span class='ocrx_word' id='word_1_518' title='bbox 1349 4846 1569 4922; x_wconf 83' lang='lat' dir='ltr'>placitd</span> <span class='ocrx_word' id='word_1_519' title='bbox 1613 4846 1849 4904; x_wconf 83' lang='lat' dir='ltr'>nullum</span> <span class='ocrx_word' id='word_1_520' title='bbox 1878 4848 2057 4905; x_wconf 81' lang='lat' dir='ltr'>debet</span> 
     </span>
    </p>
   </div>
   <div class='ocr_carea' id='block_1_73' title="bbox 380 4933 674 5007">
    <p class='ocr_par' dir='ltr' id='par_1_73' title="bbox 380 4933 674 5007">
     <span class='ocr_line' id='line_1_73' title="bbox 380 4933 674 5007; baseline -0.014 -16"><span class='ocrx_word' id='word_1_521' title='bbox 380 4933 674 5007; x_wconf 86' lang='lat' dir='ltr'>judicare.</span> 
     </span>
    </p>
   </div>
   <div class='ocr_carea' id='block_1_74' title="bbox 460 5025 2052 5101">
    <p class='ocr_par' dir='ltr' id='par_1_74' title="bbox 460 5025 2052 5101">
     <span class='ocr_line' id='line_1_74' title="bbox 460 5025 2052 5101; baseline 0.001 -20"><span class='ocrx_word' id='word_1_522' title='bbox 460 5028 548 5081; x_wconf 80' lang='lat' dir='ltr'>Vl.</span> <span class='ocrx_word' id='word_1_523' title='bbox 594 5025 786 5083; x_wconf 83' lang='lat' dir='ltr'>Homo</span> <span class='ocrx_word' id='word_1_524' title='bbox 816 5026 891 5083; x_wconf 89' lang='lat' dir='ltr'>de</span> <span class='ocrx_word' id='word_1_525' title='bbox 923 5026 1186 5097; x_wconf 87' lang='lat' dir='ltr'>generali</span> <span class='ocrx_word' id='word_1_526' title='bbox 1226 5027 1447 5101; x_wconf 88' lang='lat' dir='ltr'>placito</span> <span class='ocrx_word' id='word_1_527' title='bbox 1493 5044 1616 5084; x_wconf 84' lang='lat' dir='ltr'>non</span> <span class='ocrx_word' id='word_1_528' title='bbox 1661 5028 1769 5084; x_wconf 73' lang='lat' dir='ltr'>dat</span> <span class='ocrx_word' id='word_1_529' title='bbox 1801 5040 2052 5083; x_wconf 85' lang='lat' dir='ltr'>censum</span> 
     </span>
    </p>
   </div>
   <div class='ocr_carea' id='block_1_75' title="bbox 388 5116 2056 5191">
    <p class='ocr_par' dir='ltr' id='par_1_75' title="bbox 388 5116 2056 5191">
     <span class='ocr_line' id='line_1_75' title="bbox 388 5116 2056 5191; baseline 0.001 -19"><span class='ocrx_word' id='word_1_530' title='bbox 388 5116 465 5172; x_wconf 81' lang='lat' dir='ltr'>de</span> <span class='ocrx_word' id='word_1_531' title='bbox 491 5116 682 5189; x_wconf 76' lang='lat' dir='ltr'>capite</span> <span class='ocrx_word' id='word_1_532' title='bbox 716 5130 847 5187; x_wconf 77' lang='lat' dir='ltr'>suo,</span> <span class='ocrx_word' id='word_1_533' title='bbox 880 5117 1112 5174; x_wconf 76' lang='lat' dir='ltr'>nullam</span> <span class='ocrx_word' id='word_1_534' title='bbox 1144 5118 1247 5173; x_wconf 88' lang='lat' dir='ltr'>dat</span> <span class='ocrx_word' id='word_1_535' title='bbox 1291 5122 1489 5191; x_wconf 79' lang='lat' dir='ltr'>neque</span> <span class='ocrx_word' id='word_1_536' title='bbox 1517 5118 1696 5174; x_wconf 86' lang='lat' dir='ltr'>debet</span> <span class='ocrx_word' id='word_1_537' title='bbox 1728 5118 2056 5174; x_wconf 54' lang='lat' dir='ltr'>advecatu:</span> 
     </span>
    </p>
   </div>
   <div class='ocr_carea' id='block_1_76' title="bbox 388 5202 2055 5281">
    <p class='ocr_par' dir='ltr' id='par_1_76' title="bbox 388 5202 2055 5281">
     <span class='ocr_line' id='line_1_76' title="bbox 388 5202 2055 5281; baseline 0.002 -20"><span class='ocrx_word' id='word_1_538' title='bbox 388 5206 541 5274; x_wconf 85' lang='lat' dir='ltr'>ram,</span> <span class='ocrx_word' id='word_1_539' title='bbox 571 5206 715 5279; x_wconf 86' lang='lat' dir='ltr'>quia</span> <span class='ocrx_word' id='word_1_540' title='bbox 744 5202 895 5265; x_wconf 84' lang='lat' dir='ltr'>liber</span> <span class='ocrx_word' id='word_1_541' title='bbox 920 5211 1008 5265; x_wconf 84' lang='lat' dir='ltr'>est</span> <span class='ocrx_word' id='word_1_542' title='bbox 1047 5206 1125 5264; x_wconf 90' lang='lat' dir='ltr'>ab</span> <span class='ocrx_word' id='word_1_543' title='bbox 1172 5204 1287 5265; x_wconf 91' lang='lat' dir='ltr'>hac</span> <span class='ocrx_word' id='word_1_544' title='bbox 1334 5206 1641 5264; x_wconf 84' lang='lat' dir='ltr'>exactione</span> <span class='ocrx_word' id='word_1_545' title='bbox 1671 5207 1796 5263; x_wconf 88' lang='lat' dir='ltr'>sine</span> <span class='ocrx_word' id='word_1_546' title='bbox 1827 5202 2055 5281; x_wconf 80' lang='lat' dir='ltr'>inquie-</span> 
     </span>
    </p>
   </div>
   <div class='ocr_carea' id='block_1_77' title="bbox 391 5292 2057 5370">
    <p class='ocr_par' dir='ltr' id='par_1_77' title="bbox 391 5292 2057 5370">
     <span class='ocr_line' id='line_1_77' title="bbox 391 5292 2057 5370; baseline 0.004 -22"><span class='ocrx_word' id='word_1_547' title='bbox 391 5292 617 5351; x_wconf 88' lang='lat' dir='ltr'>tudine.</span> <span class='ocrx_word' id='word_1_548' title='bbox 660 5296 719 5351; x_wconf 89' lang='lat' dir='ltr'>Si</span> <span class='ocrx_word' id='word_1_549' title='bbox 748 5312 999 5354; x_wconf 88' lang='lat' dir='ltr'>uxorem</span> <span class='ocrx_word' id='word_1_550' title='bbox 1030 5314 1105 5355; x_wconf 80' lang='lat' dir='ltr'>ex</span> <span class='ocrx_word' id='word_1_551' title='bbox 1133 5296 1265 5368; x_wconf 88' lang='lat' dir='ltr'>lege</span> <span class='ocrx_word' id='word_1_552' title='bbox 1300 5313 1410 5354; x_wconf 91' lang='lat' dir='ltr'>sua</span> <span class='ocrx_word' id='word_1_553' title='bbox 1441 5296 1753 5370; x_wconf 89' lang='lat' dir='ltr'>acceperit,</span> <span class='ocrx_word' id='word_1_554' title='bbox 1786 5297 2057 5370; x_wconf 89' lang='lat' dir='ltr'>quinque</span> 
     </span>
    </p>
   </div>
   <div class='ocr_carea' id='block_1_78' title="bbox 394 5380 2058 5456">
    <p class='ocr_par' dir='ltr' id='par_1_78' title="bbox 394 5380 2058 5456">
     <span class='ocr_line' id='line_1_78' title="bbox 394 5380 2058 5456; baseline 0.006 -21"><span class='ocrx_word' id='word_1_555' title='bbox 394 5380 619 5438; x_wconf 88' lang='lat' dir='ltr'>solidos</span> <span class='ocrx_word' id='word_1_556' title='bbox 667 5385 747 5440; x_wconf 81' lang='lat' dir='ltr'>de</span> <span class='ocrx_word' id='word_1_557' title='bbox 779 5388 1053 5456; x_wconf 77' lang='lat' dir='ltr'>comedo;</span> <span class='ocrx_word' id='word_1_558' title='bbox 1086 5388 1148 5444; x_wconf 91' lang='lat' dir='ltr'>id</span> <span class='ocrx_word' id='word_1_559' title='bbox 1191 5392 1281 5444; x_wconf 74' lang='lat' dir='ltr'>est</span> <span class='ocrx_word' id='word_1_560' title='bbox 1321 5387 1561 5444; x_wconf 85' lang='lat' dir='ltr'>licentia</span> <span class='ocrx_word' id='word_1_561' title='bbox 1599 5387 1689 5444; x_wconf 85' lang='lat' dir='ltr'>vir</span> <span class='ocrx_word' id='word_1_562' title='bbox 1734 5391 1791 5443; x_wconf 83' lang='lat' dir='ltr'>et</span> <span class='ocrx_word' id='word_1_563' title='bbox 1836 5386 2058 5445; x_wconf 86' lang='lat' dir='ltr'>femina</span> 
     </span>
    </p>
   </div>
   <div class='ocr_carea' id='block_1_79' title="bbox 471 5538 2058 5622">
    <p class='ocr_par' dir='ltr' id='par_1_79' title="bbox 471 5538 2058 5622">
     <span class='ocr_line' id='line_1_79' title="bbox 471 5538 2058 5622; baseline 0 -16"><span class='ocrx_word' id='word_1_564' title='bbox 471 5538 549 5622; x_wconf 62' lang='grc' dir='ltr'>(ξ)</span> <span class='ocrx_word' id='word_1_565' title='bbox 589 5542 1021 5622; x_wconf 53' lang='grc' dir='ltr'>Ιεῖῃθάυὶηυε</span> <span class='ocrx_word' id='word_1_566' title='bbox 1053 5549 1449 5622; x_wconf 83' lang='lat' dir='ltr'>etiamabbas</span> <span class='ocrx_word' id='word_1_567' title='bbox 1478 5549 1895 5622; x_wconf 75' lang='lat' dir='ltr'>Marcianensis</span> <span class='ocrx_word' id='word_1_568' title='bbox 1922 5553 2058 5622; x_wconf 90' lang='lat' dir='ltr'>post</span> 
     </span>
    </p>
   </div>
   <div class='ocr_carea' id='block_1_80' title="bbox 398 5611 1538 5678">
    <p class='ocr_par' dir='ltr' id='par_1_80' title="bbox 398 5611 1538 5678">
     <span class='ocr_line' id='line_1_80' title="bbox 398 5611 1538 5678; baseline 0.014 -16"><span class='ocrx_word' id='word_1_569' title='bbox 398 5611 896 5670; x_wconf 76' lang='lat' dir='ltr'>restaurationem</span> <span class='ocrx_word' id='word_1_570' title='bbox 925 5620 1269 5678; x_wconf 77' lang='lat' dir='ltr'>monasterii</span> <span class='ocrx_word' id='word_1_571' title='bbox 1299 5621 1538 5678; x_wconf 80' lang='lat' dir='ltr'>exstitit.</span> 
     </span>
    </p>
   </div>
   <div class='ocr_carea' id='block_1_81' title="bbox 471 5680 2057 5753">
    <p class='ocr_par' dir='ltr' id='par_1_81' title="bbox 471 5680 2057 5753">
     <span class='ocr_line' id='line_1_81' title="bbox 471 5680 2057 5753; baseline 0.009 -19"><span class='ocrx_word' id='word_1_572' title='bbox 471 5680 550 5753; x_wconf 78' lang='lat'>(2)</span> <span class='ocrx_word' id='word_1_573' title='bbox 586 5681 913 5741; x_wconf 86' lang='lat' dir='ltr'>Balduinus</span> <span class='ocrx_word' id='word_1_574' title='bbox 932 5688 1439 5750; x_wconf 75' lang='lat' dir='ltr'>Pulchra-Barba</span> <span class='ocrx_word' id='word_1_575' title='bbox 1467 5704 1575 5750; x_wconf 73' lang='lat' dir='ltr'>seu</span> <span class='ocrx_word' id='word_1_576' title='bbox 1597 5694 1903 5751; x_wconf 75' lang='lat' dir='ltr'>Barbatus</span> <span class='ocrx_word' id='word_1_577' title='bbox 1934 5692 2057 5749; x_wconf 87' lang='lat' dir='ltr'>dic-</span> 
     </span>
    </p>
   </div>
   <div class='ocr_carea' id='block_1_82' title="bbox 2166 4566 3827 4653">
    <p class='ocr_par' dir='ltr' id='par_1_82' title="bbox 2166 4566 3827 4653">
     <span class='ocr_line' id='line_1_82' title="bbox 2166 4566 3827 4653; baseline -0.001 -22"><span class='ocrx_word' id='word_1_578' title='bbox 2166 4575 2319 4631; x_wconf 83' lang='lat' dir='ltr'>dans</span> <span class='ocrx_word' id='word_1_579' title='bbox 2346 4572 2650 4631; x_wconf 83' lang='lat' dir='ltr'>notiﬁcare</span> <span class='ocrx_word' id='word_1_580' title='bbox 2675 4570 2853 4641; x_wconf 73' lang='lat' dir='ltr'>velut,</span> <span class='ocrx_word' id='word_1_581' title='bbox 2876 4570 3175 4631; x_wconf 79' lang='lat' dir='ltr'>consensu</span> <span class='ocrx_word' id='word_1_582' title='bbox 3198 4566 3253 4631; x_wconf 76' lang='lat' dir='ltr'>et</span> <span class='ocrx_word' id='word_1_583' title='bbox 3274 4572 3665 4653; x_wconf 81' lang='lat' dir='ltr'>dispositione</span> <span class='ocrx_word' id='word_1_584' title='bbox 3692 4568 3827 4631; x_wconf 73' lang='lat' dir='ltr'>tunc</span> 
     </span>
    </p>
   </div>
   <div class='ocr_carea' id='block_1_83' title="bbox 2163 4656 3827 4737">
    <p class='ocr_par' dir='ltr' id='par_1_83' title="bbox 2163 4656 3827 4737">
     <span class='ocr_line' id='line_1_83' title="bbox 2163 4656 3827 4737; baseline -0.001 -16"><span class='ocrx_word' id='word_1_585' title='bbox 2163 4664 2453 4737; x_wconf 86' lang='lat' dir='ltr'>temporis</span> <span class='ocrx_word' id='word_1_586' title='bbox 2501 4665 2936 4722; x_wconf 86' lang='lat' dir='ltr'>advocatorum</span> <span class='ocrx_word' id='word_1_587' title='bbox 2989 4656 3046 4722; x_wconf 80' lang='lat' dir='ltr'>et</span> <span class='ocrx_word' id='word_1_588' title='bbox 3091 4660 3348 4722; x_wconf 85' lang='lat' dir='ltr'>aliorum</span> <span class='ocrx_word' id='word_1_589' title='bbox 3380 4663 3653 4721; x_wconf 75' lang='lat' dir='ltr'>Ecclesiae</span> <span class='ocrx_word' id='word_1_590' title='bbox 3688 4662 3827 4720; x_wconf 82' lang='lat' dir='ltr'>ﬁde-</span> 
     </span>
    </p>
   </div>
   <div class='ocr_carea' id='block_1_84' title="bbox 2164 4754 3828 4827">
    <p class='ocr_par' dir='ltr' id='par_1_84' title="bbox 2164 4754 3828 4827">
     <span class='ocr_line' id='line_1_84' title="bbox 2164 4754 3828 4827; baseline -0.001 -17"><span class='ocrx_word' id='word_1_591' title='bbox 2164 4755 2334 4826; x_wconf 87' lang='lat' dir='ltr'>lium,</span> <span class='ocrx_word' id='word_1_592' title='bbox 2357 4771 2618 4827; x_wconf 88' lang='lat' dir='ltr'>quorum</span> <span class='ocrx_word' id='word_1_593' title='bbox 2650 4757 2775 4811; x_wconf 69' lang='lat' dir='ltr'>haec</span> <span class='ocrx_word' id='word_1_594' title='bbox 2808 4760 2946 4811; x_wconf 87' lang='lat' dir='ltr'>sunt</span> <span class='ocrx_word' id='word_1_595' title='bbox 2974 4756 3225 4811; x_wconf 91' lang='lat' dir='ltr'>nomina</span> <span class='ocrx_word' id='word_1_596' title='bbox 3253 4773 3265 4810; x_wconf 91' lang='lat'><strong><em>:</em></strong></span> <span class='ocrx_word' id='word_1_597' title='bbox 3296 4755 3610 4822; x_wconf 84' lang='lat' dir='ltr'>Robertus,</span> <span class='ocrx_word' id='word_1_598' title='bbox 3639 4754 3828 4811; x_wconf 83' lang='lat' dir='ltr'>Pasci-</span> 
     </span>
    </p>
   </div>
   <div class='ocr_carea' id='block_1_85' title="bbox 2164 4842 3823 4917">
    <p class='ocr_par' dir='ltr' id='par_1_85' title="bbox 2164 4842 3823 4917">
     <span class='ocr_line' id='line_1_85' title="bbox 2164 4842 3823 4917; baseline -0.001 -17"><span class='ocrx_word' id='word_1_599' title='bbox 2164 4845 2353 4914; x_wconf 84' lang='lat' dir='ltr'>culus,</span> <span class='ocrx_word' id='word_1_600' title='bbox 2387 4849 2443 4900; x_wconf 91' lang='lat' dir='ltr'>et</span> <span class='ocrx_word' id='word_1_601' title='bbox 2500 4843 2784 4916; x_wconf 76' lang='lat' dir='ltr'>Heigotus</span> <span class='ocrx_word' id='word_1_602' title='bbox 2833 4845 3105 4901; x_wconf 88' lang='lat' dir='ltr'>advocati</span> <span class='ocrx_word' id='word_1_603' title='bbox 3138 4842 3544 4900; x_wconf 73' lang='lat' dir='ltr'>assenserun’t.</span> <span class='ocrx_word' id='word_1_604' title='bbox 3579 4845 3823 4917; x_wconf 76' lang='lat' dir='ltr'>Stepha-</span> 
     </span>
    </p>
   </div>
   <div class='ocr_carea' id='block_1_86' title="bbox 2162 4926 3822 5008">
    <p class='ocr_par' dir='ltr' id='par_1_86' title="bbox 2162 4926 3822 5008">
     <span class='ocr_line' id='line_1_86' title="bbox 2162 4926 3822 5008; baseline -0.003 -17"><span class='ocrx_word' id='word_1_605' title='bbox 2162 4951 2277 4991; x_wconf 89' lang='lat' dir='ltr'>nus</span> <span class='ocrx_word' id='word_1_606' title='bbox 2308 4932 2551 5005; x_wconf 84' lang='lat' dir='ltr'>Bechez,</span> <span class='ocrx_word' id='word_1_607' title='bbox 2570 4930 2673 5008; x_wconf 89' lang='lat' dir='ltr'>qui</span> <span class='ocrx_word' id='word_1_608' title='bbox 2704 4934 2900 5005; x_wconf 88' lang='lat' dir='ltr'>major</span> <span class='ocrx_word' id='word_1_609' title='bbox 2927 4934 3051 4992; x_wconf 87' lang='lat' dir='ltr'>erat</span> <span class='ocrx_word' id='word_1_610' title='bbox 3070 4928 3253 5007; x_wconf 78' lang='lat' dir='ltr'>h&#39;tijus</span> <span class='ocrx_word' id='word_1_611' title='bbox 3280 4930 3501 5007; x_wconf 89' lang='lat' dir='ltr'>placiti,</span> <span class='ocrx_word' id='word_1_612' title='bbox 3534 4934 3591 4989; x_wconf 84' lang='lat' dir='ltr'>et</span> <span class='ocrx_word' id='word_1_613' title='bbox 3621 4926 3822 4990; x_wconf 71' lang='lat' dir='ltr'>fratres</span> 
     </span>
    </p>
   </div>
   <div class='ocr_carea' id='block_1_87' title="bbox 2162 5008 3817 5097">
    <p class='ocr_par' dir='ltr' id='par_1_87' title="bbox 2162 5008 3817 5097">
     <span class='ocr_line' id='line_1_87' title="bbox 2162 5008 3817 5097; baseline -0.002 -16"><span class='ocrx_word' id='word_1_614' title='bbox 2162 5026 2291 5097; x_wconf 87' lang='lat' dir='ltr'>ejus</span> <span class='ocrx_word' id='word_1_615' title='bbox 2324 5024 2715 5092; x_wconf 81' lang='lat' dir='ltr'>Rainboldus,</span> <span class='ocrx_word' id='word_1_616' title='bbox 2746 5030 2802 5081; x_wconf 90' lang='lat' dir='ltr'>et</span> <span class='ocrx_word' id='word_1_617' title='bbox 2829 5028 3235 5094; x_wconf 79' lang='lat' dir='ltr'>Gontrannus,</span> <span class='ocrx_word' id='word_1_618' title='bbox 3267 5027 3562 5081; x_wconf 87' lang='lat' dir='ltr'>Varnerus</span> <span class='ocrx_word' id='word_1_619' title='bbox 3594 5008 3817 5080; x_wconf 81' lang='lat' dir='ltr'>Maluis.</span> 
     </span>
    </p>
   </div>
   <div class='ocr_carea' id='block_1_88' title="bbox 2170 5111 3820 5185">
    <p class='ocr_par' dir='ltr' id='par_1_88' title="bbox 2170 5111 3820 5185">
     <span class='ocr_line' id='line_1_88' title="bbox 2170 5111 3820 5185; baseline 0 -17"><span class='ocrx_word' id='word_1_620' title='bbox 2170 5116 2371 5185; x_wconf 81' lang='lat' dir='ltr'>Wlago</span> <span class='ocrx_word' id='word_1_621' title='bbox 2400 5114 2475 5170; x_wconf 91' lang='lat' dir='ltr'>de</span> <span class='ocrx_word' id='word_1_622' title='bbox 2502 5114 2900 5183; x_wconf 85' lang='lat' dir='ltr'>Walenscurt,</span> <span class='ocrx_word' id='word_1_623' title='bbox 2934 5115 2991 5170; x_wconf 89' lang='lat' dir='ltr'>et</span> <span class='ocrx_word' id='word_1_624' title='bbox 3016 5116 3318 5171; x_wconf 82' lang='lat' dir='ltr'>Johannes</span> <span class='ocrx_word' id='word_1_625' title='bbox 3348 5113 3529 5170; x_wconf 82' lang='lat' dir='ltr'>frater</span> <span class='ocrx_word' id='word_1_626' title='bbox 3556 5114 3708 5183; x_wconf 88' lang='lat' dir='ltr'>ejus,</span> <span class='ocrx_word' id='word_1_627' title='bbox 3736 5111 3820 5168; x_wconf 81' lang='lat' dir='ltr'>Ai-</span> 
     </span>
    </p>
   </div>
   <div class='ocr_carea' id='block_1_89' title="bbox 2164 5202 3661 5271">
    <p class='ocr_par' dir='ltr' id='par_1_89' title="bbox 2164 5202 3661 5271">
     <span class='ocr_line' id='line_1_89' title="bbox 2164 5202 3661 5271; baseline -0.002 -11"><span class='ocrx_word' id='word_1_628' title='bbox 2164 5203 2367 5260; x_wconf 88' lang='lat' dir='ltr'>bricus</span> <span class='ocrx_word' id='word_1_629' title='bbox 2399 5202 2777 5269; x_wconf 81' lang='lat' dir='ltr'>castellanus,</span> <span class='ocrx_word' id='word_1_630' title='bbox 2810 5203 3049 5260; x_wconf 87' lang='lat' dir='ltr'>Gericus</span> <span class='ocrx_word' id='word_1_631' title='bbox 3080 5202 3153 5259; x_wconf 83' lang='lat' dir='ltr'>de</span> <span class='ocrx_word' id='word_1_632' title='bbox 3187 5202 3661 5271; x_wconf 79' lang='lat' dir='ltr'>Herching&#39;chen.</span> 
     </span>
    </p>
   </div>
   <div class='ocr_carea' id='block_1_90' title="bbox 2240 5274 3819 5366">
    <p class='ocr_par' dir='ltr' id='par_1_90' title="bbox 2240 5274 3819 5366">
     <span class='ocr_line' id='line_1_90' title="bbox 2240 5274 3819 5366; baseline -0.003 -18"><span class='ocrx_word' id='word_1_633' title='bbox 2240 5296 2453 5350; x_wconf 82' lang='lat' dir='ltr'>Actum</span> <span class='ocrx_word' id='word_1_634' title='bbox 2482 5296 2565 5349; x_wconf 89' lang='lat' dir='ltr'>est</span> <span class='ocrx_word' id='word_1_635' title='bbox 2598 5297 2799 5351; x_wconf 87' lang='lat' dir='ltr'>autem</span> <span class='ocrx_word' id='word_1_636' title='bbox 2830 5294 3099 5366; x_wconf 75' lang='lat' dir='ltr'>tempore</span> <span class='ocrx_word' id='word_1_637' title='bbox 3139 5290 3373 5349; x_wconf 85' lang='lat' dir='ltr'>comitis</span> <span class='ocrx_word' id='word_1_638' title='bbox 3403 5288 3679 5348; x_wconf 78' lang='lat' dir='ltr'>Balduinl</span> <span class='ocrx_word' id='word_1_639' title='bbox 3707 5274 3819 5347; x_wconf 76' lang='lat' dir='ltr'>Pul-</span> 
     </span>
    </p>
   </div>
   <div class='ocr_carea' id='block_1_91' title="bbox 2167 5383 2683 5454">
    <p class='ocr_par' dir='ltr' id='par_1_91' title="bbox 2167 5383 2683 5454">
     <span class='ocr_line' id='line_1_91' title="bbox 2167 5383 2683 5454; baseline -0.002 -13"><span class='ocrx_word' id='word_1_640' title='bbox 2167 5383 2559 5441; x_wconf 56' lang='lat' dir='ltr'>chrae-Barba:</span> <span class='ocrx_word' id='word_1_641' title='bbox 2590 5385 2683 5454; x_wconf 74' lang='lat'>(&#39;2).</span> 
     </span>
    </p>
   </div>
   <div class='ocr_carea' id='block_1_92' title="bbox 2165 5544 3809 5631">
    <p class='ocr_par' dir='ltr' id='par_1_92' title="bbox 2165 5544 3809 5631">
     <span class='ocr_line' id='line_1_92' title="bbox 2165 5544 3809 5631; baseline -0.003 -29"><span class='ocrx_word' id='word_1_642' title='bbox 2165 5551 2263 5631; x_wconf 71' lang='lat' dir='ltr'>tus</span> <span class='ocrx_word' id='word_1_643' title='bbox 2296 5544 2443 5629; x_wconf 86' lang='lat' dir='ltr'>obiit</span> <span class='ocrx_word' id='word_1_644' title='bbox 2474 5550 2824 5631; x_wconf 36' lang='lat' dir='ltr'>anno‘103‘6,</span> <span class='ocrx_word' id='word_1_645' title='bbox 2860 5551 3188 5631; x_wconf 74' lang='lat' dir='ltr'>postquam</span> <span class='ocrx_word' id='word_1_646' title='bbox 3230 5550 3542 5613; x_wconf 85' lang='lat' dir='ltr'>regnasset</span> <span class='ocrx_word' id='word_1_647' title='bbox 3570 5544 3630 5600; x_wconf 90' lang='lat' dir='ltr'>in</span> <span class='ocrx_word' id='word_1_648' title='bbox 3661 5544 3809 5599; x_wconf 78' lang='lat' dir='ltr'>Fian-</span> 
     </span>
    </p>
   </div>
   <div class='ocr_carea' id='block_1_93' title="bbox 2166 5619 3251 5692">
    <p class='ocr_par' dir='ltr' id='par_1_93' title="bbox 2166 5619 3251 5692">
     <span class='ocr_line' id='line_1_93' title="bbox 2166 5619 3251 5692; baseline -0.001 -17"><span class='ocrx_word' id='word_1_649' title='bbox 2166 5619 2319 5686; x_wconf 90' lang='lat' dir='ltr'>dria,</span> <span class='ocrx_word' id='word_1_650' title='bbox 2353 5619 2527 5675; x_wconf 85' lang='lat' dir='ltr'>annis</span> <span class='ocrx_word' id='word_1_651' title='bbox 2557 5622 2692 5675; x_wconf 89' lang='lat' dir='ltr'>octo</span> <span class='ocrx_word' id='word_1_652' title='bbox 2722 5622 2779 5673; x_wconf 88' lang='lat' dir='ltr'>et</span> <span class='ocrx_word' id='word_1_653' title='bbox 2805 5619 3251 5692; x_wconf 78' lang='lat' dir='ltr'>quadringinta.</span> 
     </span>
    </p>
   </div>
  </div>
