3950 6412
367 234 503 289 1339

657 230 1094 289 OTHELBOLDI
1133 231 1428 288 ABBATIS
1469 228 1862 293 GANDENSIS
1901 227 2114 283 EPIST.
2161 228 2254 282 AD
2295 228 2605 284 OTGIVAM
2645 230 3019 287 FLANDBLE
3060 228 3501 286 COMITISSAM.

3662 231 3836 285 1340

364 357 691 423 consortes,
725 371 865 411 cum
895 355 1030 428 ipso
1077 358 1216 410 sunt
1258 354 1435 410 simul
1482 350 1781 420 tumulati,
1820 355 1879 407 et
1907 353 2025 407 Deo
2057 354 2103 406 Α
2142 366 2277 407 mas
2310 351 2451 408 inde
2478 352 2835 409 abstrahens
2864 356 3084 426 partes,
3122 352 3475 410 satellitibus
3526 352 3676 423 suis,
3733 369 3837 408 se—

365 444 624 518 propitio
651 443 729 499 ad
759 460 871 499 nos
898 459 1088 515 usque
1112 442 1341 515 perlati.
1366 441 1479 499 Sed
1508 443 1636 497 hmc
1653 440 1858 495 omnia
1878 438 2030 494 liber

368 537 449 591 De
474 535 652 604 gestis
682 550 892 589 eorum
918 532 1289 605 conscriptus
1340 531 1713 588 manifestius
1763 533 2027 585 testatur.

442 624 705 697 Septima
734 622 1092 691 Pharaildis,
1123 622 1295 693 virgo
1339 621 1505 695 apud
1552 638 1665 678 nos
1705 619 2033 694 antiquitus

366 713 651 787 reposita.

441 803 700 857 Octavus
741 801 795 857 8.
834 799 1072 871 Livinus
1103 800 1448 875 episcopus,
1499 800 1575 857 de
1622 798 1818 855 Scotia
1847 812 2035 853 causa

368 890 654 947 orationis
681 891 951 961 veniens,
979 896 1036 947 et
1064 891 1230 965 apud
1259 891 1466 947 villam
1495 888 1830 964 quamdam
1855 889 1911 945 S.
1928 890 2034 943 Ba-

367 980 538 1036 vonis
594 979 1038 1048 hmreditariam
1085 996 1122 1037 a
1171 980 1311 1036 viris
1364 979 1644 1050 malignis
1672 976 2034 1045 interfectus,

370 1069 640 1143 palmam
670 1073 762 1125 est
784 1070 1064 1141 martyris
1090 1086 1127 1126 a
1152 1070 1384 1126 Christo
1415 1070 1688 1141 adeptus.

442 1164 645 1216 Nonus
695 1158 887 1215 beatm
939 1159 1247 1214 memorim
1306 1159 1615 1227 Macarius,
1656 1157 2038 1214 Antiocheam

372 1248 551 1319 sedis,
597 1251 661 1303 ut
684 1246 812 1320 ipse
843 1247 1193 1315 testabatur,
1246 1246 1756 1319 archiepiscopus,
1814 1249 1880 1300 ut
1928 1243 2040 1316 ipsi

371 1338 633 1394 vidimus
658 1337 756 1407 (2),
786 1336 1080 1409 sapientia
1105 1342 1163 1393 et
1194 1353 1435 1393 morum
1462 1336 1774 1392 honestate
1794 1332 2042 1407 praecla-

370 1444 473 1483 rus
498 1442 683 1499 quem
716 1426 1004 1481 Dominus
1034 1432 1175 1498 post
1204 1425 1395 1482 multa
1423 1424 1919 1499 peregrinationis
1950 1423 2040 1478 in-

371 1516 715 1583 commoda,
749 1514 925 1570 nobis
955 1520 1043 1570 est
1066 1515 1465 1571 transmittere
1514 1514 1818 1583 dignatus,
1861 1517 2041 1585 atque

370 1604 682 1677 praesentis
712 1604 846 1659 vitm
878 1604 1155 1660 molestia
1185 1608 1453 1670 exutum,
1494 1608 1550 1659 et
1598 1608 1821 1658 mterua
1853 1601 2041 1672 gloria

373 1692 766 1750 sublimatum
805 1694 1029 1749 crebris
1078 1693 1510 1749 miraculorum
1558 1692 1743 1763 signis
1793 1690 2041 1746 mirifice
2074 1716 2112 1769 Β

372 1782 697 1839 decoravit.

445 1871 669 1927 Deinde
713 1875 941 1944 quanta
985 1871 1151 1944 apud
1202 1888 1311 1927 nos
1362 1870 1762 1945 plurimorum
1806 1873 2041 1926 sancto-

372 1975 511 2015 rum
561 1958 817 2033 pignora
875 1958 1245 2026 habeantur,
1304 1960 1525 2015 scilicet
1590 1957 2041 2031 apostolorum,

373 2053 734 2121 martyrum,
758 2049 1197 2119 confessorum,
1229 2049 1552 2118 virginum,
1604 2047 1936 2120 antiquitus
1966 2046 2045 2103 ab

373 2138 508 2211 ipso
554 2138 1014 2195 Christianitatis
1064 2138 1311 2194 exordio
1370 2138 1698 2205 recondita,
1754 2136 1867 2192 nisi
1909 2137 2045 2209 quis

375 2226 566 2282 oculis
593 2226 936 2299 inspexerit,
971 2242 1169 2298 neque
1201 2226 1491 2293 narranti,
1535 2242 1732 2297 neque
1766 2225 2045 2281 scribenti

375 2315 549 2372 facile
578 2315 794 2371 credet.
832 2318 897 2371 Et
928 2314 1095 2387 quod
1125 2331 1197 2371 ex
1221 2314 1317 2370 his
1355 2316 1693 2371 maximum
1737 2320 1796 2371 et
1823 2315 2045 2388 pretio-

376 2406 808 2474 sissimum,est
835 2422 975 2479 pars
1005 2407 1291 2479 qumdam
1314 2422 1539 2476 magna
1568 2406 1712 2478 ligni
1746 2405 2044 2473 salutaris,

378 2512 519 2553 cum
548 2496 679 2570 ipso
711 2496 1123 2568 Redemptoris
1158 2497 1343 2553 nostri
1376 2513 1586 2553 cruore
1630 2495 2045 2552 manifestissi-

377 2600 475 2641 me
505 2585 767 2659 perfusa,
801 2590 857 2640 et
887 2585 1178 2642 fabricata
1206 2602 1374 2651 auro,
1410 2586 1789 2659 gemmisque
1827 2586 2045 2659 pretio-

377 2674 457 2729 sis
477 2673 911 2745 decentissime
924 2674 1163 2731 inserta.

449 2767 613 2820 Nunc
670 2765 869 2835 igitur,
929 2764 1182 2821 domina
1226 2770 1433 2821 nostra
1476 2765 1851 2830 dulcissima,
1893 2780 2046 2836 quo-

378 2851 547 2909 niam
573 2853 715 2909 satis
745 2853 918 2909 vobis
941 2854 1181 2925 factum,
1206 2859 1293 2909 est
1322 2854 1397 2909 de
1428 2854 1781 2927 corporibus
1829 2858 1885 2909 et
1913 2852 2046 2908 reli-

376 2942 535 3014 quiis
579 2947 949 3009 sanctorum,
1009 2942 1469 3010 animadvertat,
1525 2944 1573 2998 si
1618 2943 1814 3016 placet
1852 2947 2049 2998 vestra

376 3029 591 3123 pietas,
614 3031 824 3123 qualis
852 3037 1242 3123 quantusque
1274 3031 1369 3123 hic
1390 3032 1558 3123 locus
1589 3032 1732 3088 olim
1760 3031 1953 3101 fuerit,
1994 3036 2050 3087 et
2078 3071 2119 3123 Ο

378 3116 460 3173 ad
487 3117 732 3190 qualem
762 3135 922 3176 nunc
956 3121 1242 3192 delapsus
1273 3120 1543 3192 inopiam
1574 3138 1587 3185 ;
1629 3125 1686 3175 et
1717 3125 1917 3175 tamen
1948 3135 2047 3175 ca-

374 3211 488 3279 put
511 3206 793 3277 regionis,
826 3208 1155 3279 primatum
1189 3213 1395 3263 tenens
1441 3214 1791 3264 cmterarum
1848 3208 2048 3264 civita-

379 3301 528 3363 tum,
561 3295 720 3351 etab
749 3297 1011 3369 antiquis
1038 3297 1396 3353 Gandavum
1434 3297 1728 3353 vocitatus
1755 3302 2044 3364 castrum,

376 3385 485 3442 ubi
533 3390 773 3441 sanctus
827 3387 1096 3459 pontifex
1154 3386 1487 3455 Amandus,
1545 3391 1681 3459 post
1737 3386 2048 3456 gentilium

378 3474 855 3541 conversionem,
887 3475 1181 3547 templum
1211 3476 1484 3541 Domino,
1530 3475 1593 3530 in
1623 3475 1851 3531 honore
1890 3474 2050 3531 beati

380 3561 794 3635 apostolorum
879 3562 1166 3634 principis
1226 3561 1374 3617 Petri
1440 3562 1705 3634 reliquiis
1767 3561 2049 3618 maximis

379 3652 717 3708 construxit
748 3651 1003 3717 insertis,
1035 3656 1213 3723 atque
1260 3652 1702 3707 monachorum
1749 3652 1833 3707 ibi
1862 3656 2050 3708 cater-

380 3757 523 3798 vam
554 3739 1217 3814 instituens,privilegiis
1248 3740 1588 3814 apostolicis
1603 3745 1660 3796 et
1671 3756 1884 3812 regum
1899 3757 2053 3815 prm-

380 3830 566 3903 ceptis
592 3829 1009 3885 decentissime
1040 3830 1454 3886 corroboravit
1486 3848 1498 3885 :
1529 3830 1634 3886 ubi
1678 3831 1859 3886 etiam
1907 3830 2052 3886 insi-

382 3918 517 3989 gnis
568 3920 737 3973 Pater
784 3919 966 3987 Bavo,
1026 3918 1302 3974 omnium
1350 3919 1638 3974 virtutum
1692 3916 2053 3990 perfectione

380 4005 807 4079 probatissime
848 4010 1328 4077 consummatus,
1387 4022 1423 4061 a
1479 4009 1595 4061 Deo
1644 4006 2054 4078 omnipotente

384 4093 721 4149 sublimiter
750 4098 838 4149 est
876 4093 1193 4150 exaltatus.

455 4183 725 4254 Cumque
753 4181 976 4237 meritis
1007 4182 1195 4253 ipsius
1249 4187 1305 4237 et
1348 4181 1633 4238 virtutum
1675 4182 1859 4252 signis
1894 4182 2075 4237 idem'

382 4268 551 4325 locus
580 4268 845 4341 quotidie
877 4269 1283 4325 oblationibus
1324 4270 1593 4326 fidelium
1639 4275 1958 4339 augeretur
2001 4274 2057 4325 et

385 4361 693 4417 cresceret.
726 4362 865 4429 post
892 4358 1151 4431 plurima
1183 4375 1484 4415 annorum
1533 4360 1853 4425 curricula,
1914 4376 2053 4433 pec-

383 4444 531 4502 catis
604 4445 1074 4502 Christianorum
1151 4448 1527 4516 exigentibus
1561 4493 1574 4518 ,

383 4534 588 4607 ipsum
617 4533 822 4590 locum
852 4535 1096 4603 adeunt,
1130 4542 1386 4604 vastant,
1420 4537 1749 4593 incendunt
1772 4541 1829 4593 et
1850 4537 2057 4593 omnia

384 4623 713 4695 diripiunt;
748 4624 1134 4681 solummodo
1167 4630 1517 4681 sanctorum
1542 4626 1901 4699 corporibus
1932 4643 2057 4682 ma-

384 4713 545 4768 xime
572 4712 841 4769 ﬁdelium
872 4713 1207 4779 laboribus,
1240 4715 1316 4771 ad
1348 4718 1603 4771 Montem
1632 4717 1862 4783 regium
1906 4719 2055 4773 Lau-

385 4801 727 4858 dunensem
758 4802 903 4873 fuga
937 4804 1208 4877 dilapsis.

460 4894 730 4965 Cumque
761 4892 929 4961 inibi,
962 4899 1205 4967 propter
1252 4898 1482 4949 metum
1538 4894 1807 4967 ipsorum
1861 4900 2055 4952 Dano-

388 4995 546 5047 rum,
573 4980 866 5052 quoniam
895 4982 1102 5037 omnia
1154 4988 1619 5055 occupaverant,
1662 4984 1885 5039 diutius
1934 5001 2060 5040 mo-

388 5072 685 5140 rarentur,
717 5069 1030 5125 hmreditas
1062 5086 1271 5126 eorum
1301 5086 1477 5125 versa
1509 5076 1595 5126 est
1634 5071 1713 5128 ad
1744 5071 1973 5128 alienos
2005 5077 2060 5127 et

392 5154 709 5212 domestici
761 5163 941 5231 atque
998 5160 1263 5216 extranei
1311 5159 1688 5231 diripuerunt
1737 5178 1826 5216 ea.
1860 5161 1975 5218 Sed
2005 5166 2062 5217 et

392 5258 658 5315 proavus
689 5248 939 5304 senioris
969 5250 1154 5305 nostri
1204 5264 1465 5319 magnus
1511 5251 1817 5320 Arnulfus,
1876 5252 2062 5308 maxi-

592 5474 660 5527 Ul
692 5477 808 5557 ipsi
831 5482 1105 5562 vidimus.
1124 5484 1270 5538 Nota
1285 5487 1519 5565 mtatein
1547 5484 1849 5556 scriptoris
1873 5485 2065 5541 Athel-

402 5539 444 5595 b
594 5542 846 5595 abbatis-
883 5551 1033 5595 nhm
1064 5557 1263 5595 auten]
1297 5556 1583 5595 Mur-amne
1610 5571 1770 5595 nnnn
1806 5559 1932 5595 mm

594 5542 846 5613 abbatis.
883 5551 1037 5607 Obiit
1064 5557 1266 5609 autem
1297 5555 1583 5610 Macarius
1609 5542 1770 5613 anno
1806 5559 1953 5613 1012.

481 5609 956 5695 (3)}Igldroda,_
988 5623 1171 5695 vulgo
1229 5625 1505 5692 Melderl,
1545 5609 1762 5681 ’vicius'
1792 5609 2066 5683 dim‘c'esis

408 5683 838 5739 lechliniensis
868 5683 982 5744 sub
1008 5683 1306 5751 decanatu
1352 5683 1644 5753 Thenensi
1689 5715 1877 5772 prope
1909 5700 2065 5756 Hou-

1662 4423 2053 4504 Northmanni
2084 4423 2130 4479 D

2141 441 2411 498 cundum
2439 442 2606 515 quod
2643 442 2967 516 unicuique
3017 458 3228 499 eorum
3283 447 3411 501 erat
3439 443 3836 515 contiguum,

2141 530 2468 588 distribuit.

2215 620 2339 677 Hoc
2368 626 2458 678 est
2484 620 2546 678 in
2576 638 2735 695 pago
2780 622 3153 679 Curtracensi
3181 622 3324 679 villa
3352 621 3652 680 Elisachia
3680 639 3837 680 cum

2142 708 2394 765 ecclesia
2424 713 2482 765 et
2500 710 2753 777 mansis,
2783 710 3023 780 triginta
3049 715 3184 767 octo
3211 729 3224 779 ;
3268 710 3410 767 item
3442 711 3585 768 villa
3613 711 3835 770 Siden-

2145 797 2348 869 ghem,
2380 802 2436 854 et
2465 797 2526 854 in
2557 798 2696 854 villa
2722 798 3020 869 Holthem,
3051 814 3302 855 mansos
3331 799 3837 873 quatuordecim,

2146 892 2203 943 et
2229 887 2291 943 in
2320 903 2478 961 pago
2503 888 2926 959 Metelentinse,
2975 887 3037 944 in
3087 888 3229 945 villa
3260 889 3510 956 Siclinis,
3571 905 3838 946 mansos

2147 981 2407 1050 quatuor
2434 994 2576 1034 cum
2604 978 2968 1034 molendinis
2998 978 3241 1035 duobus
3292 984 3349 1036 et
3397 978 3632 1036 cambis
3674 979 3841 1036 dua-

2146 1066 2300 1134 bus;
2364 1070 2421 1122 et
2467 1066 2529 1122 in
2559 1082 2719 1139 pago
2749 1066 3110 1124 Tornacensi
3169 1066 3374 1124 villam
3431 1068 3837 1125 Fontaneiam

2147 1156 2393 1212 nomine
2447 1173 2587 1212 cum
2638 1156 2924 1213 omnibus
2979 1157 3394 1230 appendiciis;
3452 1162 3510 1214 et
3553 1158 3615 1214 in
3659 1174 3840 1231 pago

2147 1246 2419 1302 Trecensi
2468 1246 2673 1303 villam
2733 1247 3091 1304 Columnam
3131 1247 3378 1319 dictam,
3436 1248 3579 1304 item
3637 1247 3841 1304 aliam

2148 1334 2353 1391 villam
2379 1335 2622 1392 nomine
2652 1336 2921 1403 Niolam;
2973 1342 3030 1391 et
3084 1336 3146 1392 in
3193 1353 3355 1410 pago
3387 1336 3840 1393 Bracbantensi

2150 1424 2355 1481 villam
2385 1428 2577 1481 Meren
2600 1442 2740 1482 cum
2769 1426 3021 1483 ecclesia
3059 1431 3117 1482 et
3160 1427 3391 1483 mansis
3435 1424 3844 1499 septuaginta

2151 1519 2419 1586 septem;
2473 1514 2614 1570 item
2666 1515 2988 1571 Crainham
3046 1514 3250 1571 villam
3288 1532 3426 1571 cum
3475 1514 3735 1572 ecclesia
3779 1519 3842 1570 et

2152 1604 2381 1660 mansis
2409 1603 2685 1672 triginta;
2720 1604 2860 1659 item
2893 1603 3215 1660 Bellavium
3270 1620 3411 1660 cum
3466 1603 3723 1660 ecclesia
3783 1608 3845 1658 et

2151 1692 2437 1749 omnibus
2518 1693 2942 1765 appendiciis;
3026 1694 3167 1750 item
3249 1694 3572 1764 Brugecine
3622 1692 3845 1750 villam

2153 1798 2292 1837 cum
2348 1781 2635 1837 omnibus
2686 1782 3015 1851 reditibus;
3074 1782 3217 1839 item
3270 1782 3474 1839 villam
3517 1782 3842 1851 Miliniam,

2154 1885 2293 1925 cum
2324 1868 2575 1925 ecclesia
2603 1873 2662 1926 et
2690 1869 2976 1925 omnibus
3006 1869 3392 1941 adjacentiis;
3433 1871 3574 1926 item
3620 1868 3845 1926 villam

2154 1958 2461 2025 Mershem,
2498 1975 2635 2015 cum
2670 1958 2941 2029 ecclesia,
3005 1959 3213 2031 pratis,
3257 1959 3522 2033 pascuis,
3576 1957 3748 2015 silvis
3783 1961 3845 2014 et

2154 2046 2438 2102 omnibus
2491 2047 2883 2119 adjacentiis;
2940 2047 3083 2104 item
3139 2047 3342 2105 villam
3388 2048 3633 2119 Singem
3686 2063 3844 2103 cum

2154 2136 2408 2191 ecclesia
2458 2142 2515 2192 et
2557 2137 2783 2193 caeteris
2815 2137 2892 2193 ad
2927 2137 3125 2209 ipsam
3154 2137 3589 2210 pertinentibus
3625 2155 3640 2205 ;
3684 2136 3840 2193 item

2155 2224 2362 2281 villam
2392 2226 2739 2295 Badengem
2768 2242 2908 2282 cum
2934 2225 3188 2282 ecclesia
3236 2231 3295 2283 et
3331 2226 3666 2283 redditibus
3713 2242 3839 2282 cm-

2158 2314 2294 2370 teris
2318 2334 2331 2383 ;
2390 2316 2532 2371 item
2564 2314 2768 2371 villam
2798 2314 3104 2372 Mortesela
3133 2332 3274 2371 cum
3299 2315 3552 2372 ecclesia
3581 2315 3841 2388 suisque

2156 2404 2561 2478 appendiciis;
2622 2404 2764 2461 item
2821 2404 2881 2461 in
2931 2405 3214 2462 Masmine
3262 2421 3512 2463 mansos
3555 2404 3840 2479 quinque

2157 2510 2298 2550 cum
2322 2494 2575 2549 ecclesia
2600 2512 2613 2561 ;

2232 2584 2295 2636 Et
2326 2582 2386 2637 in
2408 2597 2570 2654 pago
2602 2582 2944 2639 Flandrensi
2978 2584 3306 2655 Bettingem
3337 2600 3476 2640 cum
3499 2582 3757 2639 ecclesia
3783 2588 3841 2638 et

2156 2671 2442 2727 omnibus
2473 2672 2548 2727 ad
2588 2672 2786 2746 ipsam
2813 2673 3247 2745 pertinentibus
3278 2692 3291 2740 ;
3336 2673 3478 2730 item
3522 2672 3841 2729 Holtasma

2157 2776 2296 2815 cum
2325 2760 2575 2817 ecclesia
2600 2780 2612 2824 ;
2642 2760 2785 2818 item
2817 2760 3014 2818 Ottold
3040 2762 3390 2831 ecclesiam;
3451 2762 3593 2818 item
3644 2761 3840 2818 eccle-

2158 2848 2311 2904 siam
2368 2848 2683 2917 Adingem.
2746 2851 2893 2906 Item
2950 2850 3012 2906 in
3064 2866 3225 2923 pago
3274 2850 3594 2924 Mempisco
3622 2848 3837 2905 villam

2158 2939 2564 3007 Guntrengem
2595 2954 2734 2993 cum
2764 2938 3048 3007 ecclesia;
3094 2943 3152 2996 et
3202 2939 3263 2995 in
3311 2954 3473 3012 pago
3504 2936 3837 3004 Gandensi,

2158 3025 2325 3082 villas
2358 3027 2490 3089 has.
2519 3027 2868 3099 Hemthorp,
2912 3026 3188 3100 Hufoine,
3230 3027 3480 3099 Bergine
3512 3030 3647 3082 Was
3695 3041 3841 3081 mo-

2160 3114 2489 3170 nasterium
2543 3131 2683 3170 cum
2741 3114 3026 3171 omnibus
3068 3116 3442 3190 appendiciis
3492 3131 3730 3185 eorum,
3782 3118 3841 3170 et

2159 3201 2409 3258 ecclesia
2437 3202 2498 3257 in
2529 3203 2967 3260 Merendrasita.

2233 3290 2346 3345 Sed
2392 3295 2449 3345 et
2500 3291 2747 3346 comites
2804 3291 3251 3363 provinciarum
3304 3297 3360 3349 et
3403 3295 3675 3368 episcopi
3716 3295 3839 3350 sino

2158 3379 2281 3450 guli
2311 3395 2522 3436 eorum
2545 3378 2934 3436 obtinuerunt
2955 3385 3157 3453 partes
3208 3398 3368 3451 suas,
3408 3386 3842 3458 unusquisque

2157 3469 2218 3524 in
2238 3468 2385 3524 locis
2408 3468 2552 3537 suis,
2581 3485 2774 3542 usque
2801 3469 2879 3526 ad
2906 3474 3179 3543 tempora
3208 3470 3323 3542 pim
3349 3473 3660 3529 memorim
3683 3490 3844 3547 prm-

2160 3558 2489 3615 decessoris
2519 3560 2728 3623 nostri,
2760 3559 2992 3615 domini
3021 3558 3294 3616 videlicet
3341 3560 3578 3617 abbatis
3632 3562 3841 3619 Odwi-

2161 3646 2241 3715 ni,
2274 3647 2379 3719 qui
2429 3646 2638 3702 adiens
2687 3646 3036 3721 piissimum
3087 3648 3514 3721 imperatorem
3553 3650 3839 3707 Ottonem

2161 3736 2463 3809 quasdam
2488 3735 2742 3809 imperio
2773 3753 2885 3793 suo
2915 3736 3234 3808 contiguas
3265 3738 3439 3795 villas
3467 3738 3838 3811 impetravit,

2163 3825 2535 3899 quibusdam
2594 3830 2658 3882 ut
2712 3831 2881 3883 erant
2931 3826 3015 3883 ibi
3070 3827 3287 3899 injuste
3327 3828 3595 3902 direptm,
3640 3835 3839 3886 morte

2164 3915 2353 3988 ipsius
2410 3914 2857 3987 interveniente,
2913 3916 3411 3984 remanentibus;
3472 3932 3547 3972 ex
3611 3917 3841 3990 quibus

2165 4002 2319 4059 duas
2348 4002 2582 4059 ﬁscales
2630 4003 2883 4060 detinuit
2928 4004 3253 4078 episcopus
3304 4005 3669 4073 Leodiensis,
3716 4005 3843 4064 Cal-

2167 4092 2381 4160 mund,
2439 4098 2496 4148 et
2532 4092 2831 4150 Meldrada
2878 4094 2976 4166 (3),
3026 4110 3167 4149 cum
3197 4109 3409 4151 eorum
3440 4094 3838 4168 appendiciis,

2167 4186 2232 4238 ut
2284 4181 2591 4236 Renoldus
2649 4198 2852 4238 comes
2909 4183 3244 4238 Suessionis
3291 4182 3498 4240 villam
3541 4184 3839 4240 Vasleiam

2168 4274 2580 4343 nuncupatam
2607 4289 2619 4337 ;
2650 4270 2754 4326 sed
2782 4276 2840 4328 et
2868 4262 3211 4329 Widmarus
3245 4272 3450 4329 villam
3500 4272 3838 4335 Letbecam,

2170 4377 2308 4433 cum
2340 4360 2590 4416 ecclesia
2620 4366 2675 4416 et
2702 4361 2987 4417 omnibus
3026 4361 3421 4434 appendiciis,
3479 4368 3539 4418 et
3584 4361 3715 4419 Uda
3748 4378 3839 4417 co-

2168 4448 2398 4505 mitissa
2450 4448 2654 4505 villam
2712 4450 3121 4519 Warminiam,
3195 4466 3337 4505 cum
3417 4450 3837 4506 mansionibus

2167 4539 2515 4611 quindecim
2546 4544 2601 4595 et
2634 4539 2759 4594 suis
2789 4538 3187 4613 appendiciis,
3246 4544 3304 4595 et
3342 4556 3544 4595 comes
3577 4543 3838 4596 Renerus

2170 4629 2244 4697 (4)
2282 4628 2487 4683 villam
2522 4630 2702 4684 Letha
2742 4645 2885 4683 cum
2911 4628 3162 4683 ecclesia
3205 4632 3263 4683 et
3292 4628 3416 4683 suis
3446 4627 3758 4696 reditibus,
3786 4631 3837 4681 et

2172 4717 2479 4775 Sconarla
2511 4717 2777 4774 similiter
2807 4722 2864 4774 et
2892 4717 3183 4773 Robertus
3213 4716 3419 4773 villam
3474 4717 3834 4786 Grenberga,

2169 4812 2226 4863 et
2250 4807 2491 4880 plurimi
2522 4806 2747 4879 plures,
2780 4822 2933 4880 quas
2960 4821 3238 4864 enarrare
3267 4805 3523 4877 longum
3552 4811 3658 4863 est.

2245 4897 2477 4952 Interim
2511 4897 2824 4969 quondam
2869 4896 3185 4969 hucusque
3232 4894 3307 4950 de
3347 4894 3570 4966 injusto
3604 4895 3697 4951 vel
3723 4897 3832 4949 vio-

2170 4986 2357 5041 lenter
2371 4986 2505 5041 loco
2528 4992 2736 5042 sancto
2753 4985 2967 5043 ablatis
2985 4985 3337 5041 summatim
3355 4984 3826 5057 perstrinximus,

2169 5090 2331 5130 nunc
2358 5075 2677 5130 redeamus
2699 5075 2779 5131 ad
2804 5091 2896 5146 ea,
2930 5073 2978 5129 si
3003 5073 3207 5146 pietati
3230 5078 3442 5127 vestrm
3473 5072 3681 5128 audire
3713 5073 3825 5146 pla-

2172 5169 2426 5235 eet,quae
2458 5165 2681 5219 sanctis
2714 5166 3154 5228 remanserunt,
3187 5160 3281 5217 vel
3311 5177 3447 5234 qum
3477 5166 3611 5233 post
3639 5174 3824 5215 rever-

2172 5253 2403 5307 sionem
2430 5268 2639 5308 eorum
2668 5253 2741 5308 de
2768 5252 3056 5326 prmdicto
3088 5248 3630 5317 monte,laborioso
3664 5247 3826 5304 suda-

2177 5486 2473 5555 gardiam.
2503 5487 2761 5541 Celebris
2790 5485 2885 5541 hic
2914 5489 3002 5540 est
3031 5484 3225 5540 cultus
3253 5485 3309 5540 S.
3345 5483 3700 5539 Ermelindis
3725 5481 3823 5555 viro

2179 5550 2354 5624 ginis,
2385 5556 2459 5611 de
2490 5572 2613 5629 qua
2646 5557 2776 5612 vide
2804 5556 3103 5629 Nolanum
3134 5556 3195 5611 in
3222 5555 3537 5629 Natalibus
3580 5557 3677 5611 SS.
3722 5550 3821 5606 Bel-

2181 5630 2279 5698 gii,
2313 5635 2369 5683 et
2403 5625 2600 5683 Fastos
2631 5633 2867 5684 nostros
2901 5627 2979 5683 ad
3010 5627 3174 5682 diem
3202 5630 3270 5683 29
3302 5625 3593 5683 Octobris.

2253 5703 2330 5773 (at)
2370 5703 2655 5767 Renerus,
2685 5716 2791 5755 seu
2816 5698 3196 5771 Raginerius,
3244 5698 3569 5755 Hannonim
3618 5706 3817 5752 comes.
