3950 6394
78 255 200 306 1341

982 255 1411 311 BENEDICTUS
1453 257 1516 309 IX
1556 256 1752 309 ΡΑΡΑ.
1786 286 1853 295 —-
1886 258 2163 314 NOTITIA
2205 262 2600 316 HISTORICA.

3365 262 3502 316 1342

73 375 226 428 mine
259 378 608 428 nostrorum
643 380 982 446 parentum,
1016 378 1404 449 postmodum
1451 381 1587 432 sunt
1644 393 1728 431 re-
1765 384 1808 434 Α
1841 378 2017 434 clesia
2048 386 2105 436 et
2133 381 2483 449 redditibus,
2514 381 2619 436 sed
2641 387 2698 435 et
2727 384 3156 453 prtecmcturas
3186 384 3242 434 et
3270 379 3503 437 telouea

72 461 361 534 acquisita
384 464 486 533 (5).

143 557 200 607 In
233 568 396 624 pago
429 552 800 625 Flandrensi,
826 555 885 610 id
917 562 1006 611 est
1056 557 1114 612 in
1177 557 1570 613 Robenborch
1597 556 1730 611 dum

70 641 352 708 ecclesiae,
388 641 609 698 additis
639 643 820 698 etiam
846 645 927 700 ibi
945 646 1571 718 aliquantisterrarum
1595 661 1731 718 par-

69 731 245 800 tibus,
274 729 549 786 ﬁdelium
571 733 962 803 postmodum
1002 734 1319 790 devotione
1351 734 1598 789 collatis.
1655 735 1734 790 Si-

68 819 282 875 militer
301 823 360 874 et
391 818 845 888 Baltrcshanda,
879 828 935 878 et
963 823 1022 878 in
1059 825 1439 895 [.appescura
1464 827 1520 878 et
1549 825 1609 878 in
1631 822 1731 878 vil-

68 908 125 963 la
157 907 401 963 Velhem
437 924 736 964 mensura:
768 911 861 965 vel
889 912 1084 967 mansi
1113 913 1539 985 quinque,etin
1556 915 1730 968 Mem-

72 997 258 1068 pisco,
285 996 345 1052 in
377 996 523 1052 villa
547 1002 912 1069 Cunengem,
942 1001 1192 1056 ecclesia
1220 1018 1362 1057 una.

142 1087 204 1139 Et
231 1085 292 1140 in
323 1101 491 1158 pago
523 1087 825 1143 Gandensi
852 1089 912 1143 in
945 1089 1082 1145 villa
1105 1090 1402 1146 Merendre
1434 1094 1499 1146 Μ.
1555 1091 1732 1163 quin-

69 1189 205 1246 que,
236 1178 291 1230 et
317 1174 380 1229 in
407 1174 600 1230 Wilda
632 1179 698 1232 Μ.
733 1177 1023 1250 quinque,
1056 1184 1111 1234 ct
1141 1179 1201 1234 in
1247 1179 1610 1234 Winderholt
1637 1196 1730 1234 ec-

69 1263 243 1319 clesia
277 1279 438 1331 una;
482 1269 537 1320 et
571 1265 720 1321 inter
751 1269 1028 1335 Marcam,
1063 1273 1118 1322 et
1150 1270 1504 1338 EKKei-gem
1537 1272 1604 1324 Μ.
1639 1286 1730 1324 xu

69 1369 206 1408 cum
235 1353 513 1419 ecclesia,
549 1359 604 1408 et
629 1355 779 1410 inter
809 1355 1214 1426 Siedrengem,
1248 1363 1303 1413 et
1349 1359 1730 1428 Singengem,

71 1448 125 1497 et
153 1443 405 1498 Achtine
424 1447 492 1499 Μ.
514 1444 758 1510 decem;
792 1447 931 1501 item
961 1447 1018 1500 in
1043 1447 1158 1502 alia
1181 1447 1314 1502 villa
1349 1448 1730 1517 Singungem,

72 1548 246 1604 super
274 1531 540 1587 Scaldim
573 1533 847 1601 fluvium,
869 1538 956 1590 .M.
993 1553 1026 1589 v
1058 1553 1196 1590 cum
1251 1536 1498 1592 ecclesia
1528 1555 1540 1603 ;
1592 1538 1731 1592 item

72 1620 127 1673 in
159 1620 558 1689 Guddengem
586 1624 652 1677 M.
677 1622 968 1695 quinque,
1003 1629 1056 1679 et
1087 1625 1146 1679 in
1193 1625 1450 1681 Sualmis
1493 1629 1568 1695 (6)
1599 1625 1733 1680 villa

1842 467 1901 522 in
1941 468 2107 524 omni
2133 485 2318 538 regno
2353 487 2462 525 suo
2494 469 2669 525 nobis
2699 469 3022 525 clementer
3041 467 3303 524 indulsit.

1915 556 2059 611 Huic
2090 563 2308 613 nostrm
2341 559 2592 614 miseriie
2624 564 2679 614 et
2738 559 2957 629 inopiaa
3003 557 3257 613 accessit
3309 557 3500 629 pietas

1842 642 2255 712 benignissimi
2285 646 2469 700 nostri
2501 646 2682 715 hujus
2715 645 2964 700 senioris
2992 644 3277 700 Baldwini
3305 662 3317 710 ;
3348 648 3403 699 et
3428 643 3503 699 de

1843 748 1952 787 suo
1982 733 2226 806 proprio
2263 734 2319 788 in
2353 751 2512 806 pago
2547 734 2910 799 l-‘landrensi,
2969 733 3028 788 in
3084 733 3216 788 loco
3273 749 3501 788 nuncu-

1844 827 1983 892 pato
2043 824 2228 890 Ruga,
2302 822 2547 878 contulit
2591 822 2881 878 ducentas
2939 837 3254 877 mensuras
3309 825 3499 886 terrea,

1844 909 2086 980 pascuis
2115 910 2318 965 ovium
2352 926 2652 981 congruas
2677 929 2689 977 ;
2718 916 2774 966 et
2811 910 2873 965 in
2903 925 3062 982 pago
3095 909 3412 976 Gandensi,
3442 909 3503 962 in

1844 998 1979 1053 villa
2007 1001 2169 1054 Stota
2194 1016 2509 1056 mensuras
2541 1006 2792 1073 septem,
2825 1005 2880 1055 et
2923 1000 2983 1054 in
3013 1015 3174 1071 pago
3209 998 3502 1067 Brageba-

1846 1089 1993 1144 tensi
2022 1088 2227 1144 villam
2260 1089 2480 1146 Selleca
2519 1093 2632 1161 (Η)
2684 1106 2822 1145 cum
2876 1089 3126 1144 ecclesia
3174 1093 3229 1143 et
3267 1103 3504 1142 mensu-

1843 1178 1923 1232 ris
1950 1177 2177 1245 decem,
2211 1184 2267 1234 et
2295 1178 2356 1234 in
2395 1179 2535 1235 villa
2564 1186 2768 1235 nostra
2830 1177 3127 1234 Waterlos
3187 1191 3505 1232 mensuras

1844 1272 2092 1339 septem.

1919 1356 2051 1411 Haec
2080 1373 2220 1425 ergo
2251 1358 2455 1412 omnia
2496 1373 2634 1412 cum
2667 1355 3048 1412 exactoribus
3111 1353 3329 1410 nostris
3379 1351 3506 1406 dili-

1846 1447 2192 1516 gentissime
2221 1451 2680 1518 perscrutantes,
2711 1447 2808 1501 vix
2870 1449 2936 1501 Μ.
2997 1462 3060 1498 cr.
3119 1443 3196 1500 ad
3253 1443 3504 1498 fratrum

1847 1552 1990 1589 usus
2035 1536 2352 1591 servientes
2373 1536 2676 1608 quivimus
2701 1540 3068 1607 computare.

1918 1627 2079 1690 Ecce,
2099 1625 2347 1680 domina
2367 1630 2574 1680 nostra
2595 1623 3078 1688 clementissima,
3112 1619 3504 1694 patefecimus

72 1724 204 1763 cum
236 1709 504 1763 ecclesiis
535 1714 590 1764 et
617 1712 682 1765 Μ.
717 1727 828 1777 xx;
863 1715 920 1766 et
970 1711 1030 1766 in
1077 1714 1415 1784 Papengem
1466 1715 1542 1781 (7)
1593 1712 1732 1767 villa
1773 1729 1816 1781 Β
1845 1714 2016 1768 vobis
2045 1715 2252 1770 omnia
2279 1729 2414 1786 quae
2440 1713 2605 1786 prius
2636 1714 2799 1784 apud
2824 1729 2938 1767 nos
2969 1713 3224 1779 fuerunt,
3278 1714 3334 1764 et
3372 1724 3506 1780 quae

75 1812 206 1850 cum
252 1797 510 1854 ecclesia
535 1804 592 1853 et
616 1801 684 1854 Μ.
719 1816 833 1854 xxx
860 1818 872 1865 ;
896 1805 952 1854 et
982 1799 1040 1854 in
1074 1801 1344 1866 Kothem,
1373 1806 1429 1855 et
1458 1801 1517 1856 in
1535 1801 1734 1855 Gisen-

79 1884 195 1940 sela
222 1889 295 1956 (8)
325 1887 403 1941 M.
440 1904 499 1941 v1
522 1903 661 1942 cum
697 1888 945 1944 ecclesia
971 1893 1027 1943 et
1057 1888 1324 1944 dimidia.
1361 1892 1493 1944 llaac
1511 1889 1584 1944 de
1609 1889 1737 1961 plu-

76 1972 234 2027 rimis
266 1974 570 2046 prioribus
603 1992 798 2048 pauca
819 1976 972 2046 juris
1003 1981 1350 2032 sanctorum
1374 1994 1626 2033 cessere.

147 2063 207 2116 Et
238 2063 365 2117 haec
395 2068 536 2119 sunt
561 2080 696 2136 qua:
724 2063 1041 2120 clementia
1069 2064 1148 2136 pii
1170 2065 1544 2136 imperatoris
1575 2068 1736 2121 Otto-

77 2150 164 2203 nis
184 2153 509 2223 praedictus
549 2155 834 2209 dominus
875 2154 1066 2209 abbas
1120 2154 1405 2210 Odwinus
1467 2161 1735 2226 postmo-

76 2240 217 2294 dum
247 2242 680 2314 impetravit.ln
704 2260 865 2316 pago
896 2244 1486 2310 Tornacensi,villam
1517 2247 1735 2300 Water-

79 2329 163 2382 los
195 2333 288 2400 (9),
315 2348 457 2386 cum
480 2331 730 2387 ecclesia
756 2338 812 2388 et
838 2332 1124 2387 omnibus
1158 2333 1532 2405 adjacentiis,
1593 2340 1649 2389 ct
1679 2335 1736 2388 in

80 2419 356 2474 comitatu
388 2421 808 2492 Antuerpiensi
839 2421 1044 2476 villam
1076 2422 1336 2477 Buchost
1360 2426 1463 2492 (10)
1494 2439 1632 2478 cum
1650 2439 1737 2478 ec-

152 2563 225 2628 (ῖὶ)
266 2562 677 2626 Rodenborch,
727 2562 906 2617 hodie
960 2563 1382 2632 Ardenbourg.
1439 2565 1740 2620 munitum

87 2631 366 2706 lr‘landriie
390 2633 709 2706 oppidum,
763 2634 948 2706 quod,
982 2650 1167 2706 nunc,
1197 2631 1393 2706 estin
1446 2641 1739 2706 potestate

84 2703 409 2777 acatholica
435 2703 899 2759 ’Hollandorum.
936 2705 1063 2777 Fuit
1092 2704 1205 2758 illic
1233 2705 1376 2777 olim
1409 2703 1738 2777 capitulum

88 2774 514 2830 canonicorum
541 2778 603 2830 Β.
638 2779 828 2831 Mariae
861 2781 916 2831 et
949 2779 1002 2831 S.
1039 2776 1259 2830 Bavoni
1320 2774 1580 2832 sacrum.
1637 2778 1741 2832 Lit-

85 2846 454 2971 iterasMhabes
490 2846 856 2903 fundationis
899 2846 960 2901 in
984 2847 1402 2919 supplemento
1436 2847 1737 2919 Diploma-

113 2933 206 2970 um
279 2933 420 2971 me].

89 2920 206 2970 tum
230 2916 420 2971 Mirmi.

152 2988 748 3070 (6):.8'1‘zalrn‘z'sthodie
775 2991 1364 3070 Muaiex-nggtm‘ea,
1408 3005 1620 3070 opagus
1679 2991 1740 3070 in

89 3059 364 3134 comitatu
393 3059 680 3134 iglostano
729 3076 801 3134 ac
864 3060 1109 3134 dimcesi
1154 3059 1577 3134 Mechliniensi,
1623 3063 1738 3116 sub
1779 3081 1819 3134 ρ

89 3129 374 3185 decanatu
397 3131 993 3204 _Rotl1nacensi.iEjus
1033 3136 1385 3203 patronatus
1413 3132 1738 3204 hodieque

93 3206 309 3270 spectat
339 3202 412 3274 ad
443 3201 802 3274 episcopum
825 3201 1306 3273 Gandavensem,
1337 3201 1738 3258 velutsucces-

94 3286 277 3346 soi-em
305 3272 544 3346 abbatis
595 3272 938 3346 Bavoniani.
1003 3274 1241 3346 Decima
1298 3290 1440 3329 vero
1490 3275 1742 3346 pertinet

94 3342 164 3394 ad
195 3344 521 3416 capitulum
554 3344 893 3416 cathedrale
920 3344 1326 3409 Gandevense,
1381 3342 1547 3416 quod
1590 3347 1743 3400 facta

95 3414 586 3470 saecularisatione
612 3431 683 3470 ex
713 3415 960 3472 abbatia
986 3418 1041 3472 S.
1083 3417 1336 3471 Bavonis
1385 3414 1546 3471 anno
1609 3422 1742 3471 1536

95 3490 356 3540 exortum
375 3491 494 3550 ,est.

162 3559 667 3628 (UPapeng/zem,
710 3557 888 3613 hodie
943 3559 1339 3627 Papinghem.
1406 3557 1584 3612 V'icus
1626 3557 1745 3628 sub

96 3629 369 3699 parochia
399 3627 482 3682 de
505 3628 832 3699 Ulierzcele,
863 3629 924 3684 in
955 3629 1241 3683 comitatu
1270 3628 1574 3692 Alostano,
1605 3627 1747 3699 dide.-

100 3697 240 3750 cesis
263 3699 711 3766 Mechliniensis,
735 3705 792 3755 et
815 3697 1119 3756 decanatu
1152 3698 1748 3768 Oirdegemiensimbi

1846 1803 2264 1876 postmodum,
2299 1808 2355 1858 et
2384 1819 2516 1874 quae
2548 1802 2973 1857 nunc.Amodo
3003 1800 3203 1855 locum
3231 1803 3506 1854 nostrum

1847 1892 2140 1963 respicite,
2174 1897 2230 1946 et
2260 1891 2446 1947 nostri
2474 1891 2879 1946 miscrcamini
2907 1908 2919 1955 ;
2954 1894 3016 1944 ut
3044 1887 3362 1944 dominum
3398 1901 3505 1940 no-

1848 1986 2038 2035 strum
2067 1980 2444 2046 Balduinum,
2477 1985 2533 2034 et
2557 1979 2775 2034 liberos
2787 1984 3036 2046 vestros,
3060 1982 3118 2032 et
3137 1991 3391 2045 regnum
3413 1989 3510 2028 ve-

1846 2073 2035 2124 strum
2067 2069 2448 2141 omnipotens
2483 2069 2769 2124 Dominus
2788 2073 3006 2133 noster,
3024 2067 3358 2120 interventu
3380 2080 3507 2118 om-

1846 2158 2014 2213 nium
2046 2163 2392 2213 sanctorum
2422 2173 2670 2212 suorum
2701 2156 3100 2228 precibusque
3130 2153 3348 2208 nostris
3394 2151 3510 2206 exi-

1847 2247 1981 2315 guis
2010 2247 2286 2319 respiciat
2317 2252 2374 2301 et
2407 2245 2718 2314 gubernet.
2757 2249 2979 2316 Detque
3039 2243 3207 2298 vobis
3244 2241 3510 2313 quietam

1847 2341 1904 2392 et
1929 2335 2314 2407 tranquillam
2357 2336 2539 2390 vitam
2571 2335 2631 2389 in
2659 2333 2959 2407 praesenti,
2984 2339 3040 2388 et
3060 2347 3315 2402 regnum
3340 2335 3397 2385 et
3424 2344 3511 2383 re-

1846 2424 2053 2496 quiem
2084 2423 2515 2495 sempiternam
2546 2423 2605 2478 in
2637 2423 2860 2478 futuro.
2891 2428 3100 2477 Amen.

1847 2569 2233 2638 patronatum
2258 2563 2635 2638 itidemgerit
2660 2563 2982 2638 episcopus
3014 2559 3364 2638 Gandensis.

1921 2578 2233 2620 ltronatum
2258 2578 2462 2620 rudem
2489 2578 2635 2631 gerit
2660 2579 2865 2634 episco
2912 2579 2982 2616 us
3014 2578 3364 2616 uanaensns.

1921 2639 1993 2705 (8)
2029 2637 2348 2702 Gisensela,
2368 2636 2544 2690 hodie
2573 2636 2831 2704 Gyseele.
2849 2578 3138 2705 lyarochia
3159 2630 3272 2685 sub
3293 2628 3507 2685 eodem

1849 2703 2147 2762 decanatu
2178 2703 2663 2775 Oirdegemiensi,
2691 2710 2748 2760 et
2776 2703 2989 2759 eodem
3020 2705 3360 2775 patronatu.

1924 2772 2848 2858 (9)Ati{qrte_1_~los'._Patrimonium
2897 2776 2958 2858 S.‘
3014 2772 3285 2858 B_av0nis,
3321 2785 3508 2858 paro:

1852 2840 1989 2922 chia
2013 2847 2499 2922 Gallo-:Elandria:
2532 2847 2603 2922 _in
2633 2847 3006 2922 episcopatu
3036 2840 3395 2922 Tomacen:si
3438 2856 3509 2894 ac

1851 2920 2146 2974 decanatu
2191 2918 2565 2974 Helciniensi.
2629 2913 2766 2987 Ejus
2814 2913 3165 2988 patronatus
3210 2913 3509 2983 hodieque

1855 2990 2185 3066 spectat_ad
2214 2991 2571 3066 episcopum
2603 2989 3078 3066 Gandavensem.
3201 3055 3214 3066 ε
3248 3055 3258 3066 ο
3379 3053 3416 3066 ν

1924 3064 2033 3131 (10)
2069 3053 2392 3133 Buchoult,
2419 3053 2597 3133 hodie
2626 3060 2960 3133 Bpuchout.
3015 3055 3304 3133 Parochia
3359 3053 3510 3133 dige-

1850 3123 2505 3209 cesis'antuerpiensis,
2534 3130 2700 3209 haud
2734 3128 2945 3209 procul
2995 3123 3512 3209 Antuerpia,_olim

1849 3203 2005 3258 dicta
2035 3201 2377 3267 Bacu'alde,
2421 3205 2615 3272 (cujus
2642 3201 2859 3255 mentio
2884 3201 3164 3272 factaest
3216 3201 3278 3252 in
3335 3201 3513 3272 testa-

1851 3281 2049 3331 mento
2088 3276 2150 3328 S.
2197 3267 2550 3329 Willebi‘odi
2579 3273 2706 3328 cod.
2739 3267 2944 3327 donat.
2995 3271 3192 3334 Piar.,
3239 3283 3373 3336 cap.
3438 3267 3514 3335 8),

1851 3347 1991 3418 hinc
2017 3345 2129 3400 sub
2160 3343 2746 3418 patronatuabbatis
2797 3345 2852 3397 S.
2893 3340 3170 3418 _Bavonis
3225 3337 3514 3403 Gandav.,

1855 3417 2031 3470 hodie
2064 3411 2202 3470 vero
2233 3415 2508 3488 episcopi
2531 3411 2960 3488 Gandavensis.
3087 3479 3101 3488 _
3132 3479 3142 3488 O
3261 3477 3297 3488 υ
3470 3477 3480 3486 ⁹

1926 3477 2322 3552 (Η>8θιιθσᾶ,
2368 3477 2547 3540 hodie
2597 3482 2846 3548 Zellz'ch,
2898 3479 3185 3552 parochia
3240 3477 3515 3552 dimcesis

1926 3489 2040 3611 (ll)
2068 3489 2322 3550 Selleca,
2368 3489 2547 3540 hodie
2597 3489 2846 3548 Zellz'ch,
2898 3489 3185 3552 parocma
3240 3489 3512 3556 dimcesm

1856 3556 2303 3619 Mechiniensis,
2338 3554 2635 3609 Bruxellas
2665 3553 2816 3607 inter
2873 3555 2928 3604 et
2984 3548 3252 3603 Alostum
3288 3565 3299 3601 :
3355 3563 3512 3615 ejus-

1857 3627 1994 3682 dem
2028 3631 2380 3699 patronatus
2412 3629 2474 3680 ut
2504 3638 2705 3695 supra.

2453 3864 3515 3899 ﬁ

1346 4025 1486 4062 ΑΝΝο
1528 4024 1715 4063 ΒΟΜΙΝῙ
1758 4023 2243 4064 MXXXIIl-MXLVIII.

399 4151 1966 4426 BENEDIUTUS
2113 4200 2374 4417 IX
2522 4196 3206 4413 PAPA.

1617 4553 1640 4558 ο
1651 4550 1908 4558 __.»-—_.—.-._-
1921 4552 1936 4556 ο
1945 4551 1976 4556 .-

1047 4677 1646 4798 NUTiTlA
1747 4669 2574 4791 HISTORICA.

854 4918 1199 4987 (tilAtiONll’S,
1259 4917 1340 4970 De
1411 4917 1552 4969 Vilis
1603 4915 2002 4968 Romanorum
2063 4911 2434 4978 pontiﬁcum,
2492 4925 2550 4980 ι).
2610 4907 2761 4976 289.)

170 5228 515 5284 Benedictus
543 5227 681 5293 VIII,
710 5227 908 5282 dictus
938 5231 1022 5295 1X,
1050 5226 1442 5286 Tusculanus,
1474 5241 1545 5279 cx
1577 5224 1757 5279 comi-

103 5315 252 5370 tibus
279 5317 648 5384 'l‘usculanis,
682 5316 1162 5388 Theophylactus
1189 5320 1367 5371 antea
1384 5315 1753 5382 nominatus,

104 5404 344 5460 Alberici
375 5405 532 5460 ﬁlius
557 5405 851 5461 Benedicti
882 5407 998 5460 Vill
1027 5409 1084 5461 et
1110 5405 1354 5462 Joannis
1400 5407 1506 5460 XIX
1561 5404 1758 5459 fratris

104 5492 272 5556 ﬁlius,
305 5495 597 5550 diaconus
623 5494 966 5566 cardinalis,
1006 5493 1468 5567 imperatoribus
1497 5495 1759 5550 ()hunra-

106 5579 179 5634 do
212 5583 420 5653 Salico,
454 5590 510 5639 ct
537 5585 783 5639 Henrico
813 5583 981 5638 tertio
1045 5584 1349 5653 Augustis,
1385 5583 1534 5637 sedit
1563 5597 1756 5636 annos

107 5667 440 5739 duodecim,
478 5689 714 5728 menses
749 5676 1027 5744 quatuor,
1058 5672 1188 5726 dies
1224 5671 1431 5741 viginti
1461 5690 1474 5738 ;
1527 5673 1760 5724 creatus

1867 5239 1924 5276 ιιι
1959 5223 2093 5276 ldus
2125 5217 2496 5285 Novembris,
2530 5214 2880 5288 pontiﬁcatu
2901 5216 3146 5267 exactus
3178 5227 3235 5265 x1
3261 5208 3393 5265 Kal.
3425 5208 3530 5265 Fe-

1873 5311 2116 5376 bruarii,
2153 5324 2313 5364 anno
2351 5308 2502 5372 1045,
2534 5302 2847 5358 sacerdotii
2881 5301 2974 5356 sui
3007 5316 3168 5356 anno
3195 5316 3294 5368 xu,
3323 5314 3529 5354 mense

1873 5417 1910 5464 ι,
1938 5400 2034 5454 die
2060 5415 2157 5454 xu.

1945 5489 2214 5543 Silvestcr
2240 5486 2466 5548 tertius,
2502 5487 2825 5546 Romanus,
2857 5480 3101 5536 Joannis
3137 5477 3431 5534 Laurentii
3462 5477 3528 5531 ﬁ-

1872 5577 2006 5646 lius,
2032 5579 2352 5649 cpiscopus
2380 5573 2657 5637 Sabinus,
2687 5571 2744 5626 iu
2802 5571 3126 5626 schismate
3182 5574 3389 5623 contra
3430 5568 3530 5619 Be-

1872 5667 2176 5722 nedictum
2211 5665 2271 5719 ΙΧ
2317 5666 2570 5728 creatus,
2623 5659 2774 5716 sedit
2826 5675 3098 5716 mensem
3127 5675 3166 5728 ι,
3197 5657 3324 5713 dies
3350 5668 3522 5718 XXIX;
