3950 6404
413 272 553 331 ἒ343

1759 262 2133 322 BENEDICTI
2173 260 2237 322 ix
2275 252 2504 324 PAPIE.

3722 268 3747 321 ί
3761 265 3873 320 344

410 394 610 455 c'rattis
635 388 695 453 i1
723 394 855 454 Kal.
887 395 1193 465 Februan,
1218 391 1571 467 pontiﬁcatu
1601 405 1637 447 a
1657 385 1974 446 Benedicto
1998 376 2062 444 IX
2101 390 2151 443 Α
2253 389 2455 446 Fuisse
2485 392 2688 447 autem
2718 387 3104 446 Benedictum
3135 391 3196 446 IX
3219 392 3503 463 nepotem
3558 386 3873 445 Benedicti

410 490 656 543 exactus
672 480 760 542 est
782 476 822 540 ἢ
847 484 988 540 ldus
1006 478 1210 551 Martii,
1243 495 1406 537 anno
1435 480 1593 536 1045.

486 575 834 633 Benedictus
895 572 1166 639 octavus,
1216 569 1411 627 dictus
1463 584 1683 636 nonus,
1740 569 2069 635 Romanus,

407 665 584 741 pulso
616 662 914 736 Sylvestro
944 658 1135 731 tertio,
1165 658 1381 717 iterum
1408 658 1559 716 sedit
1585 672 1855 715 mensem
1874 673 1911 726 ι,
1944 656 2073 713 dies

408 772 529 823 xxx,
568 766 642 809 ex
679 755 815 809 ante
874 746 1036 807 diem
1091 754 1145 804 vi
1176 748 1315 806 Idus
1344 749 1528 806 Martii
1572 764 1766 821 usque
1819 746 1899 804 ad
1944 746 2069 803 Kal.

409 840 537 899 Maii
566 838 695 912 ejus
726 838 889 909 anni,
915 856 1037 913 quo
1064 837 1161 895 die
1193 842 1405 912 sponte
1436 835 1757 893 abdicavit.

476 924 831 988 Benedictus
861 944 1082 998 nonus,
1128 926 1476 986 Tusculanis
1528 925 1851 983 comitibus
1907 923 2076 981 anni-

410 1014 695 1089 tentibus,
725 1020 1010 1077 suffectus
1036 1023 1125 1075 est
1151 1018 1365 1075 Joa’nni
1390 1019 1607 1091 patruo
1627 1012 1912 1072 defuncto
1937 1012 2075 1088 ;qui

407 1102 549 1167 cum
568 1106 630 1166 in
652 1109 802 1179 dies,
836 1106 1021 1166 modo
1050 1110 1233 1177 hunc,
1280 1106 1467 1163 modo
1524 1105 1714 1173 illum,
1771 1105 2073 1161 Romanos

405 1200 665 1268 vexaret,
714 1198 964 1256 tandem
1023 1196 1179 1255 facta
1234 1195 1562 1253 multorum
1608 1192 2071 1268 conspiratione,

407 1293 546 1363 post
568 1289 817 1359 longam
837 1287 1161 1343 duodecim
1187 1302 1489 1343 annorum
1512 1284 1906 1352 tolerantiam,
1934 1282 2077 1339 sede"

408 1368 523 1435 sua
549 1377 761 1453 pulsus
792 1381 899 1447 est,
923 1368 1089 1451 anno
1118 1371 1355 1432 Domini
1399 1375 1554 1442 1045,
1602 1376 1782 1447 atque
1832 1372 1893 1429 in
1944 1373 2075 1444 ejus

406 1460 947 1537 locum,Joannem
1000 1464 1396 1524 Sabinensem
1442 1462 1802 1543 episcopum
1831 1479 1890 1518 xx
1946 1456 2071 1519 Kal.

405 1558 764 1616 Februarias
793 1555 1213 1627 subdiderunt,
1272 1570 1533 1628 eumque
1582 1550 1929 1611 Silvestrum
1960 1556 2073 1609 ter-

406 1640 558 1706 tium
618 1640 1016 1723 appellarunt.
1078 1642 1244 1702 Hanc
1275 1643 1703 1701 contumeliam
1757 1641 2075 1699 Tusculani

2180 480 2319 551 VIII,
2348 480 2557 536 Petrus
2593 480 2920 536 Damianus
2965 478 3289 536 cardinalis
3342 482 3609 543 testatur,
3667 482 3870 552 quem

2181 568 2402 626 idcirco
2454 569 2839 627 Benedictum
2913 570 3219 626 Juniorem
3276 562 3473 625 vocat.
3555 568 3869 626 Eumdem

2181 659 2695 735 Theophylactum
2754 664 2931 716 antea
2980 660 3230 721 dictum.
3273 662 3652 717 Hermannus
3709 662 3870 716 Con-

2182 753 2424 818 tractus,
2449 748 2699 821 insignis
2729 748 2990 806 historite
3022 746 3293 822 scriptor,
3340 747 3517 805 refert
3550 752 3565 815 ;'
3617 747 3868 815 Glaber,

2182 836 2586 895 Cluniacensis
2615 839 2974 908 monachus,
3003 836 3183 895 tradit
3220 854 3361 895 eum
3413 839 3691 895 nondum
3746 852 3871 911 pu-

2181 926 2388 983 berem
2446 926 2866 1000 pontiﬁcatum
2923 924 3309 995 assecutum;
3357 925 3561 1001 itaque
3616 928 3661 983 si
3705 926 3868 1000 quid

2183 1016 2448 1073 criminis
2495 1017 2557 1072 in
2610 1017 3069 1091 corrumpendis
3122 1016 3379 1073 comitiis
3434 1015 3563 1087 fuit,
3616 1016 3679 1073 id
3734 1033 3871 1073 non

2183 1106 2256 1173 ei,
2287 1106 2392 1163 sed
2420 1106 2629 1163 amicis
2658 1110 2715 1164 et
2756 1107 3223 1179 consanguineis
3276 1106 3666 1163 tribuendum
3722 1123 3870 1163 cen-

2186 1202 2368 1255 setur.

2258 1286 2556 1344 Benedicti
2588 1291 2649 1344 IX
2680 1282 3054 1361 pontiﬁcatu,
3122 1270 3454 1359 Anglorum
3484 1304 3609 1360 rex,
3642 1287 3779 1344 voti
3812 1278 3873 1343 et

2184 1376 2491 1447 religionis
2513 1376 2724 1448 gratia,
2756 1368 3011 1434 Romani
3041 1377 3221 1433 venit.
3258 1376 3369 1444 Qui
3419 1375 3541 1434 voti
3597 1393 3872 1452 compos

2183 1466 2399 1535 factus,
2446 1466 2507 1523 in
2555 1466 2814 1540 patriam
2840 1467 3033 1523 rediit.
3090 1468 3238 1524 Sunt
3285 1466 3388 1539 qui
3432 1464 3706 1523 scribunt
3741 1464 3869 1523 hoc

2184 1560 2452 1630 tempore
2476 1556 2807 1611 Gerardum
2833 1554 3141 1624 Venetum,
3195 1557 3573 1628 Ungarorum
3623 1555 3873 1629 episco-

2181 1662 2351 1719 pum,
2385 1645 2580 1702 virum
2618 1644 2915 1719 optimum
2962 1648 3018 1702 et
3073 1643 3511 1715 doctissimum,
3563 1644 3640 1702 ab
3672 1643 3870 1702 hosti-

406 1730 686 1814 prOCeres
712 1730 862 1793 ferre
893 1752 1017 1793 non
1039 1736 1383 1810 potuerunt.
1413 1736 1617 1807 Itaque
1645 1734 1800 1790 facto
1846 1732 2075 1806 impetu
2114 1734 2154 1811 δ
2182 1734 2299 1790 bus
2330 1733 2676 1791 Christianm
2698 1732 2837 1791 ﬁdei
2868 1732 3226 1807 martyrium
3256 1733 3601 1807 aequissimo
3641 1732 3867 1790 animo

407 1820 547 1885 cum
578 1822 868 1884 militibus
895 1831 952 1883 et
976 1825 1225 1882 collecta
1245 1824 1564 1880 hominum
1582 1822 1909 1893 agrestium
1923 1822 2073 1878 inul-

407 1910 659 1976 titudih‘e
691 1908 900 1989 adjuti,
937 1912 1288 1973 Silvestrum
1314 1926 1350 1969 v
1370 1912 1509 1969 Idus
1538 1910 1718 1969 Martii
1749 1916 1805 1968 et
1825 1911 2073 1985 patriar-

407 1998 548 2065 CBio‘
577 1991 960 2063 Lateran'ensi
988 1998 1405 2071 deturbarunt,
1439 2014 1509 2058 ac
1534 1996 1918 2058 Benedictum
1947 2006 2071 2057 res-

406 2086 711 2155 tituerunt.
748 2082 977 2150 Interea
1004 2090 1211 2149 tertius
1249 2082 1499 2164 quidam
1544 2086 1824 2159 Ibannes,
1884 2088 2073 2146 archié

406 2182 723 2259 presbyter
777 2172 1107 2249 Romanus,
1164 2174 1444 2237 eamdem
1484 2179 1689 2237 sedem’
1753 2178 2069 2251 invadens,

408 2262 705 2345 majorem
734 2260 1176 2327 deformitatem
1216 2266 1489 2327 Ecclesiae
1522 2262 1734 2338 attulit,
1782 2266 1961 2341 atque
1992 2264 2073 2326 ita

407 2356 528 2421 tres
551 2352 867 2436 pontiﬁces
890 2354 1225 2417 Romanam
1259 2356 1465 2416 sedem
1505 2358 1726 2431 pariter
1745 2348 2069 2417 vexabant.

407 2451 763 2509 Benedictus
793 2442 1017 2520 autem,
1050 2442 1189 2506 cum
1227 2462 1288 2505 se
1316 2442 1591 2505 omnium
1620 2447 1760 2505 odio
1818 2464 1888 2506 ac
1934 2464 2070 2505 con-

407 2545 641 2615 temth
666 2540 878 2600 haberi
908 2539 1136 2599 videret
1184 2555 1298 2599 nec
1324 2539 1465 2596 satis
1489 2538 1676 2596 robur
1705 2538 1784 2596 ad
1839 2541 2072 2596 tantam

407 2630 738 2705 prooellam
778 2629 1200 2687 sustinendam
1224 2628 1497 2699 haberet,
1536 2629 1766 2685 honore
1824 2641 1885 2684 se
1916 2627 2070 2683 ultro

409 2714 731 2778 abdicavit;
784 2721 920 2777 Erat
973 2722 1236 2776 Joannes
1281 2718 1616 2787 Gratianus,
1674 2716 1822 2773 Petri
1862 2718 2073 2773 Leonis

408 2804 586 2887 ﬁlius,
619 2800 852 2867 eximiae
882 2800 1206 2866 nobilitatis
1320 2806 1472 2865 Urbe
1498 2808 1608 2877 vir,
1640 2806 1735 2863 cui
1762 2821 2073 2864 consecra-

408 2882 469 2956 to
501 2882 820 2977 Gregorius
846 2896 915 2955 VI
945 2890 1172 2956 nomen
1201 2884 1291 2954 est
1317 2896 1596 2954 inditum.
1916 2962 1925 2969 Α

482 2989 757 3046 Silvester
803 2992 1005 3045 autem
1034 2988 1263 3055 tertius,
1292 2988 1487 3061 patria
1515 2987 1847 3055 Romanus,
1901 2987 2074 3041 Joan-

2182 1830 2473 1897 passum;
2517 1824 2595 1879 ad
2622 1840 2866 1880 currum
2914 1823 3074 1879 enim
3127 1822 3368 1894 ligatus,
3424 1838 3495 1879 ex
3554 1822 3866 1880 altissimo

2180 1910 2384 1969 monte
2416 1929 2685 1986 praeceps
2716 1910 3029 1970 dimittitur
3060 1918 3129 1970 ac
3155 1906 3471 1969 laceratur.

2254 2006 2449 2059 Bruno
2470 2001 2915 2076 Herbipolensis
2968 2000 3302 2072 theologus,
3362 1990 3417 2058 et
3466 2001 3867 2058 Hermannus

2183 2090 2552 2160 Contractus,
2592 2088 2912 2149 historicus
2962 2092 3019 2148 et
3080 2090 3567 2160 mathematicus,
3624 2089 3867 2149 clarent

2182 2180 2346 2237 anno
2382 2182 2539 2237 1040.

2254 2273 2558 2327 Romanus
2589 2264 2656 2325 IV
2687 2268 2832 2343 imp.
2868 2268 2928 2325 in
2952 2269 3184 2327 Oriente
3245 2267 3498 2339 ,occisus
3556 2258 3646 2326 est
3695 2270 3867 2326 circa

2184 2360 2307 2418 Kal.
2342 2359 2545 2429 Martii,
2581 2375 2743 2415 anno
2780 2360 2935 2417 1035.

2254 2446 2403 2524 Imp.
2427 2447 2672 2507 Michael
2704 2444 2769 2505 IV
2798 2448 3122 2523 Paphlago,
3148 2448 3322 2521 Aug.,
3358 2448 3679 2523 imperavit
3710 2450 3861 2505 cum

2181 2557 2367 2599 uxore
2392 2543 2504 2598 Zoe
2531 2543 2805 2611 Augusta
2835 2555 3030 2598 annos
3055 2557 3130 2610 v1,
3158 2557 3352 2599 mens.
3386 2557 3465 2597 γι.

2253 2632 2611 2689 Chunradus
2638 2630 2785 2703 imp.
2818 2630 2965 2687 obiit
2992 2631 3183 2704 pridie
3214 2636 3412 2689 Nonas
3440 2631 3620 2700 Junii,
3684 2647 3859 2688 anno

2185 2724 2341 2778 1040.

2250 2811 2403 2884 Imp.
2433 2806 2715 2867 Henricus
2738 2806 2808 2867 Ill
2834 2808 3028 2881 Niger,
3074 2811 3382 2881 Augustus
3436 2800 3527 2880 VI,
3582 2826 3657 2865 ex
3717 2809 3860 2864 Ger-

2179 2902 2405 2970 mania,
2436 2901 2761 2983 occidentis
2789 2903 3028 2975 imper.,
3059 2902 3299 2975 praefuit
3354 2901 3611 2974 imperio
3651 2916 3857 2957 annos

2181 3004 2320 3056 xvn,
2347 3005 2587 3046 menses
2614 3007 2693 3061 iv,
2721 2990 2849 3047 dies
2868 3007 3016 3047 nu.

408 3076 716 3165 nes‘antea
745 3068 1024 3166 Vocatus,
1039 3088 1113 3134 ex
1128 3077 1413 3151 episcopo
1441 3072 1773 3166 Sabinensi,
1802 3073 1863 3130 in
1891 3070 2074 3130 schis-
2109 3094 2153 3166 ό
2252 3077 2495 3166 Michael
2519 3080 2588 3134 IV
2614 3080 2832 3137 Orient.
2878 3080 3050 3153 imp.,
3111 3079 3413 3138 abdicavit
3465 3094 3673 3135 mense
3738 3078 3859 3132 Au-

410 3162 593 3241 mate,
622 3167 801 3245 pulso
833 3164 1174 3232 Benedicto,
1205 3164 1616 3239 quorumdam
1659 3166 2071 3222 Romanorum
2120 3162 2141 3166 '
2181 3162 2376 3236 gusto,
2408 3181 2570 3224 anno
2605 3168 2761 3225 1040.

410 3256 609 3315 studio
634 3260 893 3325 creatus,
930 3254 1087 3312 sedit
1107 3270 1381 3312 mensem
1412 3270 1451 3323 ι,
1475 3252 1604 3310 dies
1618 3270 1778 3318 xxxx,
1811 3253 1938 3310 sine
1964 3253 2072 3309 im-

2252 3257 2403 3325 lmp.
2459 3255 2737 3312 Micheael
2784 3259 2828 3311 V
2876 3256 3250 3329 Calaphates,
3311 3262 3638 3328 Augustus,
3704 3274 3856 3315 cum

409 3343 796 3419 pedimento;
827 3344 923 3401 hic
952 3341 1387 3418 patriarchium
1433 3345 1831 3399 Lateranense
1860 3347 2071 3398 tenens
2178 3357 2364 3397 uxore
2385 3345 2497 3399 Zoe
2522 3348 2793 3416 Augusta
2818 3345 3140 3416 imperavit
3164 3358 3405 3402 menses
3438 3362 3515 3415 ιγ,
3546 3348 3675 3403 dies
3700 3365 3765 3404 v.

409 3450 447 3491 a
475 3433 790 3490 Benedicto
815 3433 1046 3521 pulsus,
1078 3431 1392 3521 basilicam
1421 3432 1476 3488 et
1505 3430 1796 3505 palatium
1830 3432 1885 3490 S.
1917 3434 2065 3487 Petr.

409 3518 933 3598 occupavit,atque
960 3518 1143 3580 armis
1171 3516 1374 3596 aliquo
1406 3520 1676 3595 tempore
1699 3521 1907 3591 tenuit,
1922 3520 2071 3595 pon-

408 3613 665 3669 tiﬁcatus
689 3611 1079 3669 nihilominus
1103 3613 1243 3684 jura
1273 3627 1576 3668 exercens.

1349 3851 1875 3939 NOTITIA

2252 3436 2400 3505 Imp.
2457 3431 2692 3489 Flavius
2750 3430 3172 3490 Constantinus
3240 3436 3305 3490 XI
3387 3434 3853 3504 Monomachus,

2177 3525 2327 3591 Aug.
2336 3564 2354 3594 ,
2386 3521 2701 3594 imperavit
2731 3538 2872 3580 cum
2925 3539 3109 3579 uxore
3141 3527 3252 3580 Zoe
3278 3528 3335 3581 et
3362 3522 3681 3584 Theodora
3740 3526 3856 3581 Au-

2181 3612 2389 3682 gustis,
2422 3613 2595 3669 annis
2624 3630 2722 3669 xm
2750 3614 2829 3670 ab
2859 3629 3022 3670 anno
3052 3618 3210 3671 1042.

1984 3844 2907 3943 ΒΙΡΕΟΜΑΤΙΕΑ.

1460 4031 1665 4104 (Iure,
1696 4027 1946 4103 Regesta
1975 4033 2382 4091 Romanorum
2404 4038 2602 4104 pont.,
2632 4037 2783 4102 359.)

484 4282 727 4356 Scripta:
751 4272 892 4356 sunt
921 4272 1221 4355 Benedicti
1256 4268 1322 4356 IX
1348 4281 1526 4340 bullae
1556 4278 1664 4354 per
1686 4276 1939 4356 manum
1973 4300 1987 4341 :

556 4378 582 4403 ››
610 4340 654 4404 ⁵»
695 4340 891 4426 Sergi)“
908 4348 1223 4412 .scm‘hz‘aﬁz
1250 4354 1347 4426 [al.
1366 4340 1787 4430 archiscrivz’i]
1811 4360 1866 4410 et
1885 4340 2114 4412 notarii
2139 4354 2303 4412 sacri
2327 4358 2522 4413 nostri
2541 4340 2962 4415 Lateranensis
2988 4340 3215 4428 palatii
3241 4359 3313 4429 (1,
3338 4361 3390 4425 8,
3421 4361 3476 4427 4,
3510 4364 3564 4427 7,
3597 4360 3671 4430 8).

481 4430 640 4483 Dahae
670 4442 778 4499 per
806 4443 1069 4499 quorum
1092 4442 1311 4483 manus
1342 4427 1461 4483 siut
1490 4441 1613 4483 non
1644 4430 1732 4482 est
1758 4430 2056 4482 notatum.

1204 4674 2203 4799 BENEDIG'I‘I
2257 4680 2468 4801 1x
2522 4677 3041 4801 PAPIB

2469 4564 3712 4573 mm

1070 4880 1811 5004 EPISTOL/E
1951 4882 2135 5001 ΕΤ
2267 4883 3163 5007 DIPLOMATA.

1219 5205 1260 5259 I.
1446 5270 1451 5275 τ
2108 5207 2151 5260 D
2183 5204 2346 5261 lectis
2376 5202 2511 5261 ﬁliis
2536 5207 2839 5261 GUMBALDO
2873 5204 3100 5274 abbati,
3125 5208 3183 5262 et
3237 5205 3552 5265 monachis
3613 5208 3829 5264 Sanctae

408 5291 801 5363 Pm'vilegium
822 5293 1135 5353 Benedicti
1156 5293 1253 5349 IX
1275 5293 1612 5350 Gumbatdo
1632 5293 2071 5364 Burdigalensi
2178 5296 2379 5353 Crucis
2430 5295 2891 5365 Burdigalensis,
2950 5299 3007 5367 et
3064 5296 3188 5351 suis
3244 5297 3560 5354 monachis
3613 5298 3674 5355 in
3735 5312 3830 5353 suo

481 5381 544 5433 S.
579 5380 789 5436 Crucis
817 5383 1026 5439 abbati
1044 5398 1381 5439 concessum
1414 5384 1476 5438 in
1507 5384 1769 5453 gratiam
1798 5385 1965 5440 cella:
1991 5385 2065 5440 Β.

479 5464 689 5523 Marias
720 5470 793 5525 de
815 5471 1051 5529 Solaco.

1027 5562 1227 5627 (Anno
1258 5561 1438 5625 1036.)

690 5645 963 5707 Uti-«num.
998 5650 1285 5709 Thesaur.
1315 5652 1543 5709 Anecd.
1576 5652 1619 5720 l,
1651 5652 1797 5723 156.]

485 5730 821 5788 Basemcrus
851 5734 1193 5809 episcopus,
1220 5754 1429 5797 servus
1459 5756 1770 5799 servorum
1810 5741 1934 5811 Dei,
1977 5740 2069 5799 di-

2176 5386 2543 5442 monasterio
2574 5388 2803 5443 Sanctae
2830 5386 3021 5443 Marias
3046 5386 3147 5441 Dei
3174 5387 3675 5461 genitricis,quod
3698 5402 3829 5445 nun-

2178 5480 2433 5547 cupatur
2460 5475 2534 5530 de
2571 5475 2802 5543 Solaco,
2836 5476 3267 5545 habitantibus,
3302 5477 3558 5534 salutem
3589 5484 3647 5535 et
3701 5493 3826 5552 apo-

2179 5564 2451 5621 stolicam
2489 5564 2990 5621 benedictionem.

2249 5654 2537 5713 Convenit
2567 5655 2895 5726 apostolico
2927 5655 3348 5726 moderamini,
3401 5657 3501 5730 pia
3553 5657 3817 5727 religione

2178 5743 2561 5817 pollentibus,
2593 5742 2887 5804 benevola
2911 5746 3335 5819 compassione
3364 5762 3731 5815 succurrere,
3773 5746 3817 5799 et
