3950 6394
120 287 262 342 1345

1375 283 1724 341 EPISTOLE
1762 282 1850 340 ΕΤ
1882 281 2306 345 υψιουΤΑ.

3417 292 3553 352 ίββ

113 408 501 481 poscentium
523 407 740 465 animis
767 406 950 464 alacri
978 407 1294 464 devotione
1343 408 1664 482 impertire.
1683 419 1686 422 '
1704 409 1786 462 Ex
1815 410 1862 462 Α
1892 423 1929 463 a
1957 408 2132 466 nobis
2161 409 2499 482 nostrisque
2526 409 2778 482 posteris
2826 409 3213 482 pontiﬁcibus
3246 427 3556 475 consecro.-

113 499 232 554 hoc
263 497 428 556 enim
450 497 600 554 lucri
626 497 1007 568 potissimum
1038 497 1358 568 praemium
1395 514 1432 554 a
1480 496 1786 553 conditore

114 588 398 644 omnium
430 590 552 642 Deo
580 586 790 659 procul
821 586 1008 642 dubio
1038 603 1476 658 promeremur,
1506 586 1654 641 dum
1693 600 1787 639 ve-

112 677 411 734 nerabilia
441 677 576 734 loca
604 682 902 748 oportune
923 676 1202 732 ordinata
1232 677 1310 733 ad
1337 675 1646 732 meliorem
1668 675 1789 729 fue-

109 767 236 824 rint
265 767 390 823 sine
421 766 611 822 dubio
642 771 866 822 statum
896 765 1205 838 perducta.
1266 766 1449 836 Igitur
1493 765 1640 837 quia
1684 779 1788 835 po-

113 856 353 913 stulasti
376 872 412 912 a
442 856 620 912 nobis
654 860 715 912 ut
743 856 1061 927 praefatum
1093 856 1526 912 monasterium
1558 857 1785 910 Sanctae

114 947 313 1004 Mariae
345 946 694 1020 apostolicae
720 945 880 1001 sedis
907 947 1256 1003 auctoritate
1288 946 1682 1014 muniremur,
1733 947 1789 997 et

114 1035 329 1092 omnia
354 1037 488 1106 ejus
511 1035 868 1107 pertinentia
920 1036 1168 1107 perenni
1193 1036 1326 1105 jure
1371 1033 1788 1090 inviolabiliter

113 1125 538 1196 permanenda
564 1124 1080 1191 conﬁrmaremus,
1111 1129 1167 1180 et
1187 1125 1421 1196 absque
1451 1123 1616 1180 omni
1637 1124 1786 1193 jugo

113 1214 237 1269 sub
268 1213 492 1269 ditione
523 1214 939 1286 cujuscunque
966 1230 1260 1285 personae,
1287 1218 1536 1285 excepto
1567 1213 1786 1268 abbate

117 1306 356 1359 Sanctae
389 1303 610 1373 Crucis,
633 1308 688 1358 et
718 1303 842 1358 suis
873 1303 1205 1369 monachis,
1257 1303 1639 1358 constabilire
1684 1317 1786 1356 no-

113 1393 225 1448 stri
247 1391 540 1464 privilegii
572 1392 798 1464 pagina
843 1393 1373 1448 corroboraremus
1410 1411 1422 1459 ;
1471 1397 1786 1465 propterea

113 1481 236 1536 tuis
256 1481 392 1536 ﬂexi
419 1481 721 1555 precibus,
769 1498 875 1552 per
923 1482 1104 1551 hujus
1156 1487 1373 1536 nostris
1423 1479 1787 1537 auctoritatis

118 1571 501 1643 privilegium
534 1571 938 1637 decernimus,
973 1577 1033 1627 ut
1063 1589 1274 1627 omnes
1303 1577 1486 1627 terras
1516 1571 1705 1626 cultas
1734 1574 1789 1626 et

114 1660 620 1728 incultas,servos
649 1677 894 1732 quoque
922 1665 974 1715 et
995 1661 1262 1730 ancillas,
1293 1666 1350 1716 et
1395 1677 1575 1716 omne
1622 1658 1785 1732 quod

1896 501 2008 564 tur,
2035 498 2082 552 si
2106 499 2594 573 archiepiscopus
2617 499 2678 558 in
2704 500 2878 570 cuius
2937 500 3242 573 episcopio
3298 506 3408 572 est,
3452 518 3558 559 no-

1893 587 2067 643 luerit
2087 604 2456 646 consecrarc.
2493 593 2717 647 Damus
2748 606 2993 662 quoque
3023 590 3325 650 licentiam
3383 591 3558 650 vobis

1895 681 1952 731 et
1980 678 2191 733 vestris
2217 679 2497 735 fratribus
2527 678 2971 736 inmonasterio
3010 682 3238 738 Sanctis
3268 680 3462 743 Marias
3481 681 3558 738 de

1902 765 2112 822 Solaco
2142 767 2572 835 habitantibus,
2608 785 2644 825 a
2673 768 3082 841 qualicunque
3103 767 3409 827 volueritis
3438 768 3559 840 epi-

1898 873 2082 928 scopo
2102 857 2308 914 omnia
2340 875 2482 914 vasa
2509 858 2827 914 sanctuarii
2883 858 3183 927 ordinare,
3245 863 3304 918 et
3352 872 3560 914 conse-

1898 962 2064 1002 crare
2090 952 2319 1003 vestros
2350 947 2617 1018 clericos,
2639 953 2702 1004 et
2717 947 2983 1004 chrisma
3007 947 3357 1020 accipiendi.
3383 947 3558 1012 Quod

1900 1035 1949 1107 si
1974 1035 2415 1108 qualiscunque
2468 1038 2678 1104 homo,
2724 1036 3044 1107 cujuslibet
3092 1035 3400 1108 potestatis
3441 1035 3560 1092 exi-

1897 1129 2080 1190 stens,
2115 1125 2382 1197 aliquam
2404 1125 2940 1198 praesumptionem
2990 1129 3202 1184 contra
3247 1125 3363 1181 hoc
3415 1139 3562 1195 apo-

1899 1215 2118 1269 stolicis
2151 1215 2624 1271 conﬁrmationis
2650 1214 3032 1286 privilegium
3062 1230 3260 1284 agere,
3295 1216 3399 1271 aut
3413 1228 3558 1284 prai-

1894 1301 2084 1357 fatum
2116 1303 2570 1372 monasterium,
2593 1319 2732 1358 cum
2758 1303 3042 1359 omnibus
3089 1301 3210 1358 suis
3261 1301 3560 1374 pertinen-

1897 1391 2008 1458 tiis,
2038 1407 2287 1448 causare
2315 1391 2629 1464 putaverit,
2655 1391 2749 1447 vel
2771 1391 3085 1464 praeceptis
3108 1390 3327 1447 nostris
3347 1390 3409 1448 in
3429 1404 3558 1447 om-

1896 1481 2074 1536 nibus
2130 1499 2266 1554 quee
2319 1482 2414 1536 hic
2470 1482 2689 1554 scripta
2759 1485 2898 1538 sunt
2951 1480 3306 1538 inohediens
3361 1480 3555 1550 fuerit,

1899 1571 2245 1626 auctoritate
2297 1571 2397 1626 Dei
2445 1576 2499 1626 et
2555 1576 2762 1626 nostra
2808 1587 2930 1626 non
2985 1570 3184 1626 solum
3233 1569 3558 1628 anathema

1901 1661 2274 1726 maranatha,
2308 1660 2370 1714 id
2402 1664 2488 1715 est
2515 1660 2782 1731 perditus
2812 1660 2874 1714 in
2923 1659 3145 1716 saecula
3196 1658 3556 1716 saeculorum

117 1750 238 1805 dici
261 1755 366 1806 aut
398 1750 697 1806 nominari
723 1756 939 1822 potest,
971 1751 1165 1805 eidem
1196 1751 1560 1807 monasterio
1609 1749 1788 1822 perti-
1822 1768 1861 1822 Β
1898 1750 2148 1805 vinculis
2171 1751 2516 1817 innodatus,
2550 1750 2658 1805 sed
2687 1749 2988 1821 insupera
3015 1765 3201 1818 regno
3263 1748 3363 1805 Dei
3414 1747 3556 1806 alie-

119 1840 347 1907 nentia,
381 1840 499 1894 sive
531 1839 826 1911 quidquid
872 1840 932 1894 in
991 1840 1191 1894 futuro
1248 1856 1285 1895 a
1311 1840 1573 1910 regibus,
1630 1843 1789 1895 auta

118 1929 404 1997 ducibus,
447 1933 552 1984 aut
581 1929 907 2000 aqualibet
950 1945 1213 2002 persona
1248 1930 1518 1984 ﬁdelium
1563 1929 1787 1985 ibidem

116 2019 418 2075 donatum
482 2022 586 2074 aut
645 2017 917 2073 oblatum
985 2018 1198 2085 fuerit,
1269 2024 1475 2074 nostra
1537 2017 1788 2075 auctori-

118 2113 239 2164 tate
263 2108 520 2163 liberum
582 2107 660 2163 ab
693 2107 859 2162 omni
917 2113 1201 2164 extranea
1253 2111 1607 2179 permaneat
1656 2123 1787 2179 per-

122 2215 299 2253 sona.
328 2197 493 2253 Unde
525 2197 806 2252 volumus
831 2202 896 2252 ut
930 2197 1131 2252 nullus
1183 2197 1537 2268 vicecomes,
1586 2197 1787 2252 nullus

119 2304 348 2355 comes,
373 2287 577 2344 nullus
619 2287 1127 2359 archiepiscopus,
1190 2287 1390 2342 nullus
1445 2287 1784 2360 episcopus,

121 2393 324 2450 neque
348 2391 573 2446 magna
602 2392 866 2448 parvave
897 2392 1159 2448 persona
1182 2376 1243 2431 in
1271 2377 1355 2432 eis
1384 2394 1522 2449 quae
1556 2394 1651 2432 res
1705 2376 1790 2431 di-

121 2472 231 2522 ctse
261 2471 419 2534 sunt,
453 2470 810 2538 potestatem
859 2470 1194 2532 exerceant,
1261 2472 1363 2521 aut
1414 2467 1536 2521 vim
1596 2467 1789 2522 facere

121 2559 522 2628 pra-sumant,
554 2555 643 2609 vel
671 2559 879 2610 contra
904 2555 1017 2610 hoc
1043 2555 1420 2626 privilegium
1434 2555 1665 2627 aliquid
1682 2554 1789 2611 ad-

119 2644 419 2701 versitatis
451 2660 628 2713 agere
653 2644 936 2699 audeant.
975 2647 1038 2698 Et
1054 2659 1268 2699 omnes
1297 2644 1790 2716 archiepiscopos

124 2739 182 2789 et
211 2733 550 2805 episcopos,
595 2737 959 2804 caeterosque
1019 2732 1370 2788 clericorum
1425 2733 1485 2787 in
1541 2732 1790 2804 praefato

125 2822 496 2878 monasterio
525 2827 581 2876 et
607 2821 668 2877 in
695 2821 978 2876 omnibus
1039 2822 1162 2876 suis
1207 2821 1577 2893 pertinentiis
1625 2821 1793 2876 ditio-

127 2928 269 2967 nem
302 2911 636 2984 quamlibet
663 2911 885 2966 habere
916 2911 1262 2966 auctoritate
1297 2910 1625 2982 apostolica
1653 2925 1792 2982 pro-

127 3002 428 3058 hibemus.
464 3001 852 3055 Absolvimus
877 3005 940 3055 ut
967 3000 1015 3054 si
1046 3000 1260 3072 aliquis
1314 2999 1796 3056 excommunica-

1897 1857 2010 1895 nus
2040 1840 2268 1895 existat.
2301 1839 2412 1905 Qui
2443 1855 2583 1895 vero
2605 1839 2704 1911 pia
2728 1838 3096 1908 benignitate
3120 1841 3329 1895 auctor
3347 1836 3556 1894 obser-

1895 1929 2144 1997 vaverit,
2174 1929 2656 1986 benedictionem
2679 1934 2736 1985 et
2766 1930 3024 1999 gratiam
3053 1946 3090 1986 a
3118 1928 3374 1986 Domino
3403 1943 3556 1986 cen-

1898 2018 2070 2090 sequi
2098 2025 2415 2076 mereatur.

1967 2108 2262 2181 Scriptum
2274 2126 2380 2182 per
2391 2125 2609 2166 manus
2641 2109 2826 2180 Sergii
2846 2109 3215 2166 archiscrivii
3258 2108 3436 2166 sacrii
3454 2124 3559 2166 no-

1897 2195 1999 2252 stri
2029 2197 2253 2269 palatii,
2285 2214 2492 2254 mense
2521 2197 2812 2269 Octobris,
2839 2197 3165 2254 indictione
3193 2196 3426 2269 quinta.

2703 2286 2766 2342 II.

1899 2374 2208 2429 Bededicti
2236 2375 2326 2429 IX
2351 2377 2603 2444 epistola
2646 2375 2726 2430 ad
2779 2374 3123 2430 Rotundum
3174 2371 3561 2442 prapeeitum

1969 2464 2237 2534 aliosque
2265 2466 2584 2520 canonicos
2608 2465 2672 2519 S.
2705 2465 3079 2520 Florentium
3110 2462 3414 2519 Ecclesiae.

2517 2552 2712 2621 (Anno
2735 2555 2918 2617 l036.)

2220 2643 2505 2710 monium,
2538 2642 2724 2697 Italia
2755 2654 2951 2704 sacra,
3005 2640 3099 2708 lll,
3123 2640 3238 2708 δελ]

1974 2734 2308 2787 BENEDIC’I‘L’S
2339 2730 2678 2802 episcopus,
2716 2745 2924 2784 servus
2963 2743 3274 2784 servorum
3301 2725 3424 2795 Dei,
3477 2724 3561 2781 cli-

1899 2819 2050 2874 lecto
2075 2820 2136 2874 in
2161 2818 2393 2873 Christo
2439 2819 2726 2885 Romano,
2789 2820 2844 2874 S.
2900 2816 3247 2873 Florentinis
3286 2814 3560 2871 biclesiae

1900 2908 2243 2980 praeposito,
2273 2907 2526 2980 aliisque
2556 2906 2862 2964 canonicis
2903 2913 2960 2962 et
2997 2904 3396 2962 confratribus
3443 2902 3561 2960 tuis

1902 3003 1959 3052 et
1980 2996 2425 3052 successoribus
2451 2996 2512 3052 in
2541 3001 2922 3068 perpetuum.

128 3096 246 3159 tus,
276 3091 356 3146 ad
376 3094 632 3146 matrem
663 3090 893 3157 Christi,
927 3090 1000 3144 de
1031 3105 1396 3162 quacunque
1436 3090 1697 3159 regione,
1759 3105 1796 3145 a
1829 3121 1868 3175 ρ
1978 3087 2031 3144 Si
2057 3087 2236 3157 justis
2265 3102 2576 3175 servorum
2623 3086 2723 3141 Dei
2757 3083 3157 3175 petitionibus
3214 3080 3564 3139 satisfeceri-

131 3180 278 3235 solis
304 3183 439 3235 ortu
459 3194 655 3251 usque
682 3179 760 3233 ad
791 3195 1098 3246 occasum,
1148 3179 1476 3249 advenerit,
1508 3194 1581 3233 ex
1629 3182 1795 3250 parte

131 3269 231 3324 Dei
262 3273 320 3323 et
337 3272 545 3324 nostra
574 3266 834 3323 absoluti
887 3267 1021 3335 sint,
1078 3267 1354 3340 quandiu
1391 3267 1452 3322 in
1506 3271 1795 3339 potestate

131 3361 354 3414 metu
381 3357 480 3413 Dei
503 3356 805 3412 Genitricis
834 3356 1069 3423 fuerint,
1103 3357 1182 3412 ab
1231 3357 1398 3413 omni
1448 3372 1796 3412 excommu-

132 3447 452 3513 nicatione,
487 3447 611 3500 sive
661 3445 738 3501 ab
792 3445 1269 3518 archiepiSCOpo,
1320 3446 1442 3501 sive
1489 3446 1795 3517 episcopo,

134 3541 386 3608 excepto
416 3535 638 3591 abbate
671 3537 901 3591 Sanctae
927 3535 1128 3591 Crucis
1158 3539 1214 3589 et
1244 3534 1367 3589 suis
1397 3534 1710 3589 monachis
1737 3533 1798 3587 in

138 3626 490 3699 supradicto
513 3625 646 3680 loco
676 3625 1108 3680 habitantibus.
1145 3625 1374 3690 Quibus
1424 3624 1644 3679 damus
1698 3639 1801 3695 po-

135 3721 408 3772 testatem
463 3714 690 3784 ligandi
773 3719 951 3786 atque
1009 3714 1280 3769 solvendi
1334 3718 1540 3769 contra
1589 3729 1800 3768 omnes

135 3806 332 3861 malos
360 3805 747 3874 Christianos,
777 3805 880 3876 qui
911 3804 1138 3876 aliquid
1170 3803 1311 3859 mali
1369 3803 1428 3858 in
1485 3803 1801 3875 praefatum

135 3895 572 3951 monasterium
605 3899 662 3948 et
685 3893 1052 3948 habitatores
1074 3892 1189 3948 loci
1215 3892 1369 3947 illius
1388 3892 1580 3947 facere
1606 3892 1804 3947 volue-

137 3985 276 4040 rint.
313 3983 635 4039 Ecclesiam
677 3998 821 4037 vero
869 3984 1098 4038 Sanctae
1158 3982 1381 4050 Crucis,
1441 3981 1690 4036 consilio
1749 3985 1806 4036 et

138 4073 543 4147 praeceptione
592 4073 883 4128 Romanae
941 4071 1216 4127 Ecclesiae
1274 4071 1612 4141 fundatam,
1665 4087 1805 4127 cum

139 4162 268 4218 suis
298 4160 616 4217 monachis
647 4164 703 4215 et
732 4177 873 4216 cum
912 4160 1197 4218 omnibus
1247 4160 1371 4215 suis
1413 4159 1803 4232 pertinentiis,

137 4251 394 4307 liberam
422 4251 501 4306 ab
531 4250 698 4306 omni
728 4250 1350 4306 excommunicatione
1373 4249 1468 4305 vel
1492 4249 1806 4306 vexatione

140 4342 560 4413 cujuscunque
585 4355 858 4412 personae
889 4356 1016 4395 esse
1073 4339 1476 4412 prmcipimus.
1535 4338 1810 4394 Similiter

141 4429 426 4486 volumus
448 4434 515 4485 ut
542 4429 746 4485 nullus
791 4430 1133 4501 episcopus,
1185 4429 1247 4484 in
1301 4430 1474 4500 cujus
1521 4426 1810 4502 parochia

140 4521 326 4577 situm
356 4524 446 4576 est
480 4520 645 4575 idem
695 4519 1149 4587 monasterium,
1197 4535 1309 4574 nec
1367 4519 1664 4574 domnum
1713 4533 1811 4573 ve-

143 4617 460 4682 strumque
485 4609 789 4676 abbatem,
822 4626 932 4665 nec
961 4609 1224 4681 aliquem
1264 4613 1596 4664 vestrorum
1645 4606 1810 4664 cleri-

144 4717 357 4758 corum
388 4700 776 4756 servientium
819 4700 880 4755 in
910 4699 1278 4755 monasterio
1334 4701 1564 4756 Sanctae
1617 4698 1810 4756 Mariae

141 4791 365 4849 audeat
385 4789 931 4858 excommunicare,
962 4789 1057 4844 vel
1105 4789 1183 4845 ad
1240 4788 1545 4861 synodum
1599 4803 1814 4859 provo-

142 4900 302 4950 care,
332 4885 600 4940 statuens
631 4881 960 4955 apostolica
990 4881 1362 4952 auctoritate,
1391 4881 1504 4936 sub
1543 4879 1728 4936 nostri
1758 4882 1816 4934 et

143 4973 340 5030 divi-ni
378 4974 586 5046 judicii
645 4973 1063 5030 observatione
1117 4972 1521 5029 anathematis
1570 4971 1813 5026 interdi-

146 5069 335 5120 ctum.
375 5064 704 5120 Statuimus
732 5066 935 5119 autem
966 5066 1031 5117 ut
1061 5079 1200 5117 cum
1231 5061 1426 5117 abbas
1465 5059 1816 5116 monasterii

149 5157 384 5211 Sanctae
413 5153 614 5209 Crucis
639 5152 872 5221 obierit,
904 5167 1106 5224 neque
1139 5168 1174 5207 a
1223 5150 1562 5216 comitibus,
1619 5164 1815 5222 neque

144 5245 226 5300 ab
258 5242 747 5314 archiepiscopis,
781 5257 980 5313 neque
1006 5241 1084 5296 ab
1140 5239 1461 5313 episcOpis,
1518 5254 1715 5311 neque
1781 5255 1819 5295 a

145 5333 330 5389 nullis
360 5331 756 5404 principibus,
787 5347 983 5403 neque
1006 5346 1042 5385 a
1062 5329 1330 5402 qualibet
1380 5345 1642 5401 persona
1694 5345 1819 5384 om-

146 5426 316 5489 nino,
353 5421 558 5494 aliqua
586 5421 928 5493 cupiditatis
954 5436 1157 5487 causa,
1182 5420 1242 5474 in
1280 5419 1646 5475 monasterio
1680 5436 1818 5474 san-

148 5521 258 5570 ctse
291 5512 498 5567 Crucis
526 5512 779 5582 eligatur
806 5527 1003 5582 neque
1035 5513 1414 5565 consecretur
1439 5509 1633 5564 abbas
1669 5527 1680 5561 :
1715 5509 1821 5564 sed

149 5602 353 5676 qualis
381 5605 599 5658 cuncta
625 5599 1012 5670 congregatio
1044 5599 1268 5654 ibidem
1299 5605 1356 5654 et
1382 5600 1439 5654 in
1474 5598 1602 5654 aliis
1642 5597 1822 5653 eccle-

154 5695 256 5750 siis
281 5691 399 5749 sibi
427 5690 683 5747 subditis
714 5690 1083 5759 degentium,
1113 5705 1252 5744 cum
1304 5688 1581 5745 ﬁdelibus
1631 5692 1687 5743 et
1729 5704 1821 5745 se-

152 5781 428 5838 nioribus
453 5780 584 5850 ejus
613 5777 726 5834 loci
775 5777 1048 5846 eligatur,
1108 5780 1165 5831 et
1220 5776 1531 5834 communi
1575 5776 1822 5834 consilio

1903 3192 2060 3243 mus,
2083 3175 2292 3247 procul
2321 3174 2509 3230 dubio
2540 3173 2872 3246 apostolica
2899 3176 3199 3245 praseepta
3224 3186 3562 3228 servamus.

1905 3268 2282 3338 Quapropter
2300 3263 2565 3320 inclinati
2594 3263 2874 3336 precibus
2902 3262 3043 3330 tuis,
3070 3260 3156 3317 ﬁli
3196 3259 3564 3326 charissima,

1905 3356 2342 3411 confirmamus
2402 3359 2582 3425 atque
2658 3352 3126 3409 corroboramus
3180 3349 3286 3406 tibi
3333 3348 3569 3421 tuisque

1907 3442 2356 3498 successoribus
2387 3441 2690 3497 canonicis
2719 3439 3017 3512 quidquid
3045 3439 3107 3493 in
3148 3438 3378 3509 pagina
3428 3451 3570 3494 con-

1907 3530 2215 3597 cessimus,
2245 3534 2298 3584 et
2322 3527 2809 3594 conﬁrmationis,
2867 3542 3057 3598 quam
3101 3524 3340 3580 videtur
3389 3522 3566 3580 vobis

1907 3621 2114 3676 fecisse
2163 3619 2501 3691 episcopus,
2559 3616 2734 3674 nobis
2807 3613 3227 3687 praesentibus,
3279 3611 3569 3683 scriptum

1907 3727 2035 3770 esse
2061 3714 2312 3778 constat,
2345 3709 2535 3764 donec
2558 3711 2681 3764 tam
2723 3706 2787 3766 in
2842 3705 2976 3778 ipsa
3027 3708 3223 3766 vestra
3279 3700 3572 3767 canonica

1908 3801 1988 3856 ita
2013 3799 2074 3854 in
2097 3798 2281 3854 modo
2309 3801 2578 3854 servatur
2606 3794 2816 3864 regula
2853 3809 3042 3868 quam
3064 3791 3283 3847 scilicet
3331 3788 3573 3845 canoni-

1911 3905 2047 3944 cam
2078 3886 2369 3942 tuendam
2401 3889 2457 3940 et
2481 3883 2926 3940 defendendam
2957 3897 3063 3954 per
3091 3879 3371 3936 eamdem
3404 3876 3570 3949 pagi-

1911 3993 2056 4033 nam
2087 3977 2212 4050 ipse
2242 3975 2476 4031 videtur
2509 3974 2849 4046 episcopus,
2899 3975 3145 4039 nostrae,
3202 3971 3573 4024 nostrorum-

1912 4084 2030 4140 que
2063 4081 2483 4122 successorum
2513 4062 2856 4137 apostolicaa
2895 4058 3234 4118 auctoritati
3286 4055 3575 4124 tuendam

1913 4163 1970 4213 et
1989 4155 2434 4214 defendendam
2459 4153 2761 4210 commisit
2789 4156 2970 4226 atqiie
3002 4148 3344 4222 apposuit,
3393 4150 3575 4218 utque

1915 4265 1987 4304 ea
2017 4253 2074 4303 et
2105 4247 2298 4302 securi
2325 4247 2404 4302 ab
2425 4244 2593 4300 omni
2623 4243 2865 4299 laesione
2922 4254 3276 4313 permanere
3331 4235 3578 4290 valeatis

1916 4336 2251 4402 desiderio;
2286 4335 2399 4389 hac
2430 4334 2633 4405 itaque
2659 4331 2942 4404 petitione
2962 4334 3067 4385 tua
3109 4324 3377 4382 inclinati
3423 4323 3576 4379 dixi-

1918 4443 2054 4481 mus
2075 4429 2128 4479 te
2149 4421 2563 4496 priepositum,
2589 4425 2848 4491 tuosque
2905 4431 3282 4473 successores
3329 4410 3577 4468 canoni-

1916 4532 2051 4571 cam
2075 4515 2262 4569 vitam
2286 4512 2591 4577 ducturos,
2655 4509 2766 4564 sub
2818 4511 3039 4563 nostra:
3090 4501 3436 4577 apostolica
3479 4499 3581 4556 de-

1918 4603 2204 4660 fensionis
2230 4599 2564 4656 munimine
2592 4596 2975 4669 suscipimus,
3008 4610 3148 4651 cum
3177 4596 3238 4649 et
3260 4592 3427 4647 bona
3455 4605 3580 4646 om-

1918 4695 2038 4764 nia,
2069 4697 2262 4749 curtes
2283 4696 2340 4748 et
2364 4695 2570 4759 terras,
2603 4705 2735 4760 quae
2760 4690 2956 4743 vestra
2974 4689 3032 4741 et
3059 4683 3243 4740 habet
3269 4685 3329 4738 et
3345 4679 3582 4736 habitu-

1919 4801 1988 4840 ra
2017 4787 2105 4839 est
2135 4782 2447 4848 canonica,
2474 4777 2751 4835 videlicet
2778 4781 2834 4832 et
2854 4776 3030 4847 juxta
3055 4771 3456 4830 Florentinam
3485 4784 3581 4826 ur-

1918 4874 2061 4929 bem
2090 4877 2332 4945 pratum
2361 4869 2554 4940 Regis,
2588 4883 2728 4924 eum
2749 4865 2978 4922 mansis
3008 4867 3066 4920 et
3115 4859 3423 4918 territoriis
3449 4874 3580 4914 om-

1923 4963 2123 5031 nibus,
2151 4977 2288 5034 qute
2311 4959 2495 5015 modo
2525 4958 2586 5014 in
2620 4955 2955 5013 Florentlna
2984 4955 3148 5009 curto
3175 4949 3360 5006 habet
3399 4951 3458 5004 et
3492 4962 3582 5002 rs-

1927 5053 2070 5108 tinet
2098 5050 2384 5123 prmdieta
2409 5051 2606 5104 vestra
2637 5044 2949 5113 canonica,
2981 5045 3209 5098 curtum
3239 5041 3296 5100 S.
3331 5036 3583 5094 Andreae

1927 5158 2065 5197 cum
2097 5139 2380 5196 omnibus
2406 5137 2538 5204 sibi,
2572 5133 3006 5210 pertinentibus
3036 5134 3264 5186 curtem
3303 5127 3379 5184 de
3409 5125 3587 5192 Quin-

1927 5236 2007 5302 to,
2038 5234 2265 5285 curtem
2292 5228 2366 5283 de
2399 5225 2656 5283 Cintoria
2687 5229 2895 5288 totam,
2929 5221 3078 5277 sicut
3120 5218 3234 5292 ipsi
3280 5221 3481 5273 tenere
3530 5219 3589 5272 et

1928 5321 2152 5377 habere
2183 5317 2491 5387 videmini,
2515 5321 2572 5372 et
2598 5315 2763 5372 illam
2795 5315 3027 5386 partem
3041 5325 3230 5382 quam
3246 5311 3450 5364 Petrus
3470 5305 3589 5379 pri-

1929 5412 2209 5467 micerius
2243 5413 2451 5464 contra
2477 5407 2767 5463 canonica
2793 5403 3060 5460 instituta
3089 5415 3392 5472 usurpare
3425 5398 3590 5454 visus

1929 5507 2036 5571 est,
2064 5501 2302 5578 plebem
2332 5499 2406 5553 de
2437 5497 2658 5552 Exinea
2713 5510 2853 5550 eum
2901 5497 3064 5547 curto
3121 5496 3178 5547 et
3233 5489 3484 5555 mensis,
3533 5490 3591 5541 et

1930 5591 2214 5647 omnibus
2239 5587 2542 5643 territoriis
2571 5591 2628 5640 et
2657 5582 3160 5640 deeimationibus
3211 5591 3589 5652 quascunque

1933 5683 2012 5740 ad
2037 5680 2314 5739 eamdem
2343 5678 2603 5751 plebem,
2623 5675 2956 5732 velcurtem
2982 5672 3272 5747 pertinere
3295 5668 3584 5725 videntur.

1935 5775 2183 5846 insuper
2278 5773 2468 5826 totam
2545 5767 2712 5841 quod
2808 5765 3040 5823 meum
3114 5763 3270 5819 ﬁlius
3378 5753 3589 5826 Lepisti
