3950 6404
421 305 442 360 1
454 304 558 360 347

1660 323 1670 334 ι
1761 284 2129 345 BENEDICTI
2166 278 2233 338 IX
2270 281 2487 338 ΡΑΡιΕ.
2538 316 2543 323 ν

3734 278 3760 333 1
3771 280 3878 336 348

414 442 530 501 pro
561 425 750 485 salute
779 424 995 482 animae
1020 432 1142 476 suae
1171 418 1233 474 in
1265 415 1515 473 ecclesia
1544 416 1599 472 S.
1631 410 1878 469 Joannis
1928 422 2075 465 con-
2110 407 2159 462 Α
2188 403 2303 461 lica
2360 404 2710 461 auctoritate
2785 404 3243 472 confirmamus,
3309 405 3367 458 et
3418 402 3652 459 honore
3726 404 3881 458 Jesu

414 496 570 583 tulit,
590 515 683 572 vel
705 514 767 570 in
785 512 1000 569 eadem
1029 506 1342 565 canonica.
1402 507 1648 560 Terram
1675 504 1730 559 8.
1764 496 1995 557 Proculi
2018 496 2079 552 in

419 604 708 680 praedicta
732 600 927 674 plebe,
958 601 1188 654 curtem
1218 611 1355 668 quae
1377 597 1467 649 est
1520 591 1677 648 infra
1728 589 1969 680 plebem
2022 588 2078 643 S.

421 678 568 750 l’etri
598 692 709 747 sita
735 688 996 751 Valeam,
1021 702 1161 741 cum
1183 683 1467 739 omnibus
1492 678 1845 752 adjacentiis
1877 681 1935 734 et
1951 690 2083 748 per-

419 780 678 837 tinentiis
694 777 838 845 suis;
870 790 1108 832 necnon
1138 779 1196 830 et
1226 773 1573 844 ubicunque
1612 769 1674 825 in
1722 766 1938 825 eodem
1964 764 2084 838 epi-

420 872 673 942 scopatu
700 865 929 940 aliquid
949 869 1113 930 tunc,
1146 862 1242 918 vel
1267 862 1521 918 retinere
1549 859 1784 915 videtur
1824 856 1962 930 ipsa
1991 869 2085 909 ca-

417 958 661 1023 nonica,
692 961 750 1012 et
774 952 1069 1027 quidquid
1098 950 1394 1007 Gerardus
1446 946 1928 1021 archipresbyter
1974 958 2084 1014 pro

418 1045 714 1104 beneﬁcio
741 1044 820 1101 ab
849 1044 981 1116 ipsa
1012 1040 1346 1098 Florentina
1390 1037 1650 1095 Ecclesia
1702 1034 1908 1103 tenuit,
1959 1036 2083 1088 tam

419 1137 483 1194 in
512 1133 1015 1193 decimationibus
1045 1146 1234 1203 quam
1266 1129 1326 1184 in
1368 1126 1621 1194 mansis,
1661 1130 1717 1181 et
1742 1125 1803 1180 in
1842 1120 2081 1196 praaliis,

422 1240 659 1281 necnon
689 1226 745 1277 et
769 1235 1128 1294 quecunque
1162 1217 1503 1290 Stephanus
1529 1214 1724 1270 abbas
1754 1228 1827 1267 ex
1856 1208 2081 1266 beneﬁ-

422 1314 515 1370 cio
545 1311 751 1369 tenuit.
780 1309 1055 1365 Similiter
1079 1313 1137 1364 et
1166 1321 1546 1380 quaecunque
1567 1300 1883 1377 primicerii
1907 1300 2086 1356 bene-

419 1402 561 1458 ﬁcia
576 1402 833 1467 fuerunt,
857 1403 1037 1471 atque
1059 1397 1300 1471 plebem
1325 1398 1381 1453 8.
1402 1392 1706 1467 Hippolyti
1724 1391 1900 1447 sitam
1918 1388 2086 1455 Elsae,

420 1492 685 1563 itemque
712 1503 1021 1561 campum,
1054 1491 1111 1543 et
1139 1487 1404 1553 hortum,
1436 1482 1542 1555 qui
1569 1486 1659 1538 est
1680 1482 1855 1553 juxta
1908 1477 2082 1535 eccle-

420 1581 575 1638 siam
606 1580 662 1636 S.
689 1579 1021 1651 Reparataa.
1056 1579 1199 1643 Quae
1225 1574 1452 1638 omnia,
1488 1572 1640 1628 sicut
1659 1572 1788 1643 jam
1820 1586 1857 1625 a
1883 1572 2087 1625 Gerar-

421 1670 503 1727 do
533 1673 727 1726 vestro
755 1667 1044 1740 episcopo
1072 1665 1244 1721 vobis
1275 1678 1563 1720 concessa
1594 1664 1738 1716 sunt
1783 1663 1840 1715 et
1872 1657 2087 1714 contir-

422 1764 609 1829 mata,
642 1757 724 1814 ita
748 1773 860 1813 nos
890 1755 996 1812 tibi
1026 1754 1261 1827 tuisque
1289 1750 1742 1808 successoribus
1772 1746 2090 1805 conﬁrma-

424 1866 582 1915 mus,
610 1852 667 1904 et
695 1844 1035 1903 stabilimus
1063 1844 1127 1900 in
1156 1846 1538 1916 perpetuum,
1599 1856 1739 1895 cum
1797 1836 2085 1894 omnibus

423 1937 636 1995 vestris
666 1935 972 1994 nobilibus
1002 1933 1187 1990 rebus
1216 1947 1470 2005 seseque
1501 1928 1904 1997 moventibus,
1935 1940 2090 1999 quas

422 2028 611 2086 modo
640 2025 895 2095 habetis,
921 2023 1012 2080 vel
1043 2022 1215 2078 vobis
1239 2020 1465 2093 ubique
1493 2017 1811 2091 pertinent,
1841 2019 1899 2072 et
1921 2014 2091 2070 inan-

414 2122 542 2187 vtea,
574 2115 826 2172 Domino
852 2116 1005 2183 juste
1034 2115 1093 2168 et
1114 2109 1382 2180 legaliter
1407 2106 1716 2180 acquirere
1754 2101 2087 2177 potueritis,

425 2205 552 2262 sive
580 2203 661 2261 ab
689 2202 962 2274 ejusdem
992 2198 1244 2256 civitatis
1297 2197 1605 2271 episcopo,
1652 2194 1775 2250 sive
1829 2192 1909 2248 ab
1957 2189 2089 2247 aliis

423 2291 776 2349 hominibus
805 2289 1061 2364 publicis
1089 2294 1147 2347 et
1167 2287 1436 2361 privatis.
1473 2283 1890 2356 Praecipientes
1912 2280 2092 2350 igitur

422 2381 713 2453 jubemus
743 2383 801 2435 et
845 2377 1180 2451 apostolica
1228 2373 1577 2432 auctoritate
1631 2372 2088 2436 confirmamus,

429 2477 498 2528 ut
523 2486 719 2544 neque
744 2470 1064 2543 episcopus
1092 2466 1368 2538 ejusdem
1398 2463 1670 2533 civitatis,
1723 2476 1919 2534 neque
1968 2458 2091 2515 ulla

426 2574 642 2633 parva,
671 2557 767 2614 vel
795 2572 1022 2626 magna
1046 2569 1310 2628 persona
1338 2551 1559 2608 habeat
1585 2550 1661 2606 de
1684 2547 1892 2605 vestris
1909 2546 2090 2603 rebus

421 2649 583 2719 juste
611 2645 707 2703 vel
734 2644 1000 2716 legaliter
1025 2641 1199 2700 vobis
1226 2639 1680 2715 pertinentibus,
1711 2641 1777 2694 ut
1806 2637 1956 2692 dum
1998 2651 2091 2691 ca-

426 2732 643 2789 nonice
668 2731 954 2803 vixeritis,
985 2730 1320 2795 disvestire,
1346 2727 1684 2793 molestare,
1737 2723 2088 2797 inquietare,

425 2822 526 2878 vel
550 2822 819 2895 ahquam
844 2820 1309 2878 minorationem
1337 2818 1509 2875 vobis
1548 2816 1783 2873 inferre.
1842 2812 2015 2881 Quod
2044 2812 2092 2867 si

426 2910 567 2985 quis
585 2910 935 2967 temerarius
957 2926 1141 2966 ausus
1164 2908 1357 2975 fuerit,
1379 2906 1494 2963 nisi
1513 2905 1670 2963 infra
1690 2901 2092 2978 quadraginta

425 3000 663 3056 dierum
686 2999 953 3073 spatium
981 2996 1407 3056 emendaverit.
1427 2993 1827 3052 anathematis
1849 2988 2090 3046 vinculo

410 3088 747 3159 obligetur,
780 3093 837 3145 et
866 3104 903 3146 a
929 3104 1118 3160 regno
1142 3086 1240 3144 Dei
1271 3085 1586 3151 alienatus,
1619 3097 1814 3154 usque
1872 3078 1951 3135 ad
2006 3076 2090 3132 di-
2120 3116 2159 3171 Ο

412 3195 615 3251 ,gnam
643 3178 1130 3235 satisfactionem.
1170 3175 1282 3240 Qui
1307 3189 1444 3229 vero
1471 3175 1672 3228 custos
1701 3172 1920 3223 nostra;
1955 3181 2089 3221 san-

427 3267 641 3326 ctionis
672 3265 975 3335 exstiterit,
1004 3260 1489 3320 benedictionem
1519 3262 1575 3312 et
1603 3254 1860 3325 gratiam
1899 3252 2090 3308 omni-

426 3356 687 3432 potentis
714 3354 815 3413 Dei
843 3357 901 3410 et
926 3351 1083 3409 beati
1115 3348 1263 3405 Petri
1310 3344 1726 3419 apostolorum
1782 3340 2087 3414 principis,

426 3452 486 3505 et
507 3450 782 3504 nostram
800 3441 1038 3499 habeat.

501 3539 542 3607 -ι-
572 3539 726 3593 Bene
754 3531 965 3598 valete,
994 3532 1107 3585 etc.

1212 3639 1302 3692 ΙΙΙ.
1390 3644 1397 3649 ’

426 3751 787 3808 Benedictus
811 3745 908 3801 IX
930 3744 1214 3801 Ecclesiae
1238 3742 1422 3799 Silvae
1449 3739 1742 3797 Candidas
1773 3738 1928 3794 bona
1975 3736 2092 3806 epi-

774 3847 1203 3904 scoporumque
1213 3835 1366 3902 jura
1397 3831 1736 3900 conﬁrmat.

1051 3941 1248 4007 (Anno
1284 3938 1465 4009 l037).

754 4049 1040 4119 [Ucaaug
1081 4048 1264 4104 Italia
1293 4060 1492 4127 sacra,
1530 4049 1579 4113 l,
1615 4043 1763 4115 100.]

502 4158 837 4211 Bassmcws
866 4153 1208 4227 episcopus,
1242 4167 1450 4208 servus
1473 4164 1783 4206 servorum
1816 4149 1936 4218 Dei,
1995 4150 2092 4204 PE-

428 4260 534 4301 rno
555 4242 880 4301 venerabili
906 4241 1191 4316 episcopo
1213 4242 1269 4298 8.
1298 4239 1470 4296 Ξίὶνεε
1488 4236 1771 4296 Candidas
1797 4236 2087 4306 Ecclesiaa,

428 4332 667 4407 tuisque
692 4330 1142 4389 successoribus
1172 4330 1236 4386 in
1274 4332 1654 4403 perpetuum.

500 4422 785 4481 Convenit
811 4420 1141 4495 apostolico
1188 4415 1590 4475 moderamini
1642 4414 1744 4489 pia
1799 4414 2087 4486 religione

423 4511 789 4587 pollentibus
865 4509 1163 4567 benevola
1219 4506 1640 4581 compassione
1720 4520 2084 4573 succurrere,

427 4609 485 4660 et
526 4600 906 4677 poscentium
963 4598 1183 4657 animis
1255 4596 1437 4654 alacri
1487 4594 1804 4652 devotione
1874 4594 2089 4668 imper-

427 4691 521 4749 tiri
571 4706 909 4756 assensum,
974 4704 1047 4744 ex
1098 4689 1213 4744 hoc
1269 4687 1431 4743 enim
1499 4684 1649 4741 lucri
1702 4682 2087 4756 potissimum

424 4779 745 4855 praemium
795 4776 962 4852 apud
992 4776 1374 4833 conditorem
1422 4773 1698 4831 omnium
1726 4773 1914 4828 Deum
1947 4788 2087 4845 pro-

424 4869 838 4938 merebimus;
891 4866 1183 4941 quoniam
1239 4862 1606 4922 venerabilia
1664 4861 1800 4918 loca
1869 4877 2089 4934 oppor-

426 4966 568 5020 tune
615 4959 894 5020 ordinata
939 4957 1020 5015 ad
1076 4956 1386 5013 meliorem
1444 4952 1661 5010 fuerint
1717 4951 1845 5008 sine
1902 4950 2089 5008 dubio

426 5056 650 5109 statum
690 5049 1016 5125 perducta.
1076 5046 1258 5116 Igitur
1294 5044 1440 5118 quia
1499 5041 1825 5117 postulavit
1893 5058 1931 5097 a
1980 5057 2090 5097 no-

424 5140 519 5198 bis
578 5137 899 5212 prudentia
964 5140 1069 5193 tua
1132 5139 1434 5209 quatenus
1497 5130 1965 5188 concederemus
2037 5133 2095 5186 et

326 5292 327 5295 η
427 5227 927 5285 conﬁrmaremus
952 5224 1053 5281 tibi
1079 5223 1495 5297 episcopatum
1517 5218 1930 5293 supradictum
1953 5235 2093 5275 cum

428 5314 713 5371 omnibus
738 5317 861 5372 suis
889 5313 1279 5388 pertinentiis,
1331 5327 1468 5385 quae
1512 5325 1620 5383 per
1668 5308 1907 5364 diversa
1961 5307 2095 5364 loca

430 5402 688 5470 rejacere
718 5405 1013 5470 videntur,
1037 5402 1127 5459 vel
1157 5419 1293 5475 quae
1324 5402 1403 5458 ab
1430 5400 1734 5473 aliquibus
1762 5397 1979 5469 injuste
2012 5414 2096 5453 re—

430 5492 613 5553 tenta,
645 5492 730 5545 vel
764 5491 974 5547 invasa
1001 5508 1133 5546 esse
1158 5494 1510 5557 noscuntur,
1542 5486 1807 5544 inclinati
1833 5487 1945 5559 piis
1967 5502 2097 5559 pre-

431 5573 602 5631 cibus
630 5576 763 5645 tuis,
794 5578 856 5632 in
902 5578 1113 5649 primis
1160 5596 1296 5652 quae
1346 5578 1588 5637 charius
1635 5576 1805 5633 vobis
1862 5577 2098 5632 videtur

430 5662 835 5736 episcopalem
864 5664 1213 5735 dignitatem
1246 5668 1350 5725 tibi
1382 5665 1792 5735 concedimus,
1821 5666 2096 5738 adjutore

431 5749 648 5823 Spiritu
677 5755 907 5819 saneto,
940 5755 997 5807 et
1028 5754 1225 5814 modis
1251 5755 1475 5829 quibus
1502 5756 1806 5829 possimus
1851 5759 2089 5840 aposte-

2192 493 2402 552 Christi
2427 494 2659 550 Domini
2685 494 2874 550 nostri
2890 493 3320 550 conﬁrmamus
3340 491 3447 547 tibi
3468 493 3715 566 tuisque
3742 510 3881 548 suc-

2191 582 2533 639 cessoribus
2565 583 2824 639 fundum
2852 581 2913 638 in
2942 581 3263 651 integrum,
3291 580 3397 654 qui
3444 586 3702 638 vocatur
3764 585 3879 637 Bu-

2190 688 2325 742 xus,
2355 672 2416 727 in
2446 689 2570 745 quo
2598 672 2847 728 basilica
2875 672 2973 728 SS.
3006 670 3235 727 Ruﬁnus
3285 675 3343 726 et
3398 670 3698 727 Secundae
3734 686 3881 726 con-

2192 765 2416 817 structa
2436 778 2565 817 esse
2594 760 2829 817 videtur
2858 760 2935 817 ad
2967 758 3378 833 episcopalem
3408 760 3639 827 sedem,
3672 776 3881 832 quam

2192 851 2373 907 etiam
2404 855 2506 907 tuo
2527 851 2745 919 studio,
2780 867 2955 907 muro
2985 854 3043 907 et
3069 849 3298 906 fossato
3346 849 3582 907 vallasti
3633 855 3701 906 et
3765 850 3882 905 cir-

2194 940 2571 1011 cumdedisti,
2601 944 2781 1013 atque
2810 938 3040 1013 populo
3069 943 3249 1011 atque
3268 938 3691 995 sacerdotibus
3714 938 3883 994 bene

2195 1028 2557 1085 sufﬁcienter
2584 1028 2902 1103 replevisti.
2927 1031 3044 1084 Nos
3075 1028 3258 1083 etiam
3287 1042 3500 1084 omnes
3524 1031 3755 1084 vestrm
3774 1043 3883 1100 po-

2194 1118 2461 1175 testatiet
2489 1134 2909 1175 successorum
2920 1122 3163 1174 tuorum
3181 1116 3593 1173 submittimus
3620 1122 3690 1173 ut
3711 1132 3883 1172 nun-

2193 1225 2384 1281 quam
2436 1224 2857 1265 successorum
2920 1212 3269 1263 nostrorum
3324 1206 3712 1279 pontiﬁcum,
3786 1206 3882 1261 vel

2195 1298 2344 1355 alias
2373 1314 2650 1371 personae
2676 1314 2788 1371 pro
2815 1295 3179 1369 glandatico,
3211 1295 3540 1365 herbatico,
3590 1310 3710 1351 nec
3761 1294 3884 1350 alio

2195 1389 2369 1445 fodro
2398 1388 2689 1457 districtu,
2721 1387 2814 1443 vel
2844 1387 3065 1461 placito
3091 1402 3200 1459 pro
3231 1385 3436 1459 aliqua
3461 1385 3741 1453 datione,
3789 1384 3885 1440 vel

2196 1478 2400 1551 aliquo
2429 1477 2674 1548 ingenio
2703 1476 2836 1533 illos
2856 1475 3285 1547 constringere,
3318 1474 3412 1531 vel
3441 1474 3646 1548 aliquo
3678 1474 3885 1530 modo

2195 1567 2339 1623 dare
2369 1566 2610 1635 audeat,
2641 1565 2883 1635 scilicet,
2919 1569 2984 1622 ut
3007 1564 3290 1631 diximus,
3324 1564 3385 1620 in
3426 1567 3729 1637 potestate
3780 1567 3886 1618 tua

2196 1660 2254 1712 et
2277 1671 2695 1711 successorum
2713 1658 2974 1718 tuorum,
2993 1658 3225 1709 remota
3243 1652 3519 1709 omnium
3541 1651 3884 1708 hominum

2129 1764 2167 1817 Β
2197 1743 2687 1811 contradictione,
2718 1742 2778 1798 in
2800 1746 3159 1816 perpetuum
3188 1744 3452 1805 maneat,
3502 1745 3559 1797 et
3608 1740 3887 1814 qualiter

2197 1833 2371 1889 vobis
2404 1832 2695 1907 placuerit
2722 1831 3002 1888 eamdem
3023 1830 3338 1887 ecclesiam
3367 1846 3475 1903 per
3499 1846 3606 1886 vos
3640 1833 3883 1886 vestro-

2199 1937 2347 1994 sque
2366 1936 2764 1991 successores,
2789 1924 2846 1976 et
2866 1919 3186 1987 aediﬁcare,
3210 1935 3315 1974 seu
3336 1918 3653 1985 fabricare,
3677 1934 3884 1991 quam

2199 2014 2264 2067 tu
2291 2010 2499 2066 fecisti.
2562 2014 2827 2082 Itemque
2871 2008 3261 2065 concedimus
3317 2012 3375 2064 et
3429 2008 3885 2063 conﬁrmamus

2198 2097 2661 2155 fundamentum
2692 2097 2755 2153 in
2783 2097 3086 2167 integrum
3115 2095 3220 2169 qui
3248 2100 3497 2152 vocatur
3542 2094 3772 2162 Avion,
3830 2099 3886 2150 et

2198 2191 2467 2244 montem
2495 2185 2739 2243 Jordani
2768 2201 2909 2240 cum
2938 2184 3113 2251 casis,
3147 2183 3336 2239 vineis
3365 2187 3422 2240 et
3460 2183 3649 2251 terris,
3684 2183 3883 2251 silvis,

2200 2281 2258 2333 et
2275 2276 2532 2343 incultis,
2565 2290 2689 2332 una
2718 2290 2859 2331 cum
2890 2275 3075 2330 servis
3105 2278 3163 2330 et
3181 2273 3412 2330 ancillis
3432 2279 3611 2346 atque
3635 2272 3884 2330 colonis

2200 2366 2425 2423 ibidem
2454 2364 2854 2422 residentibus
2881 2363 3192 2437 utriusque
3245 2379 3445 2431 sexus,
3507 2362 3726 2433 aetatis,
3790 2362 3881 2418 vel

2201 2472 2341 2512 cum
2378 2454 2664 2511 omnibus
2688 2469 2900 2510 eorum
2925 2452 3314 2526 pertinentiis,
3345 2452 3881 2526 positaterritorio

2200 2545 2364 2603 Silvae
2382 2543 2700 2613 Candidas,
2727 2542 2879 2599 inter
2904 2541 3135 2610 afﬁnes,
3168 2557 3205 2599 a
3232 2558 3428 2615 primo
3476 2541 3657 2600 latere
3718 2547 3880 2599 terra

2202 2633 2530 2707 supradicti
2559 2632 2870 2707 episcopii,
2895 2648 2933 2688 a
2969 2632 3236 2688 secundo
3284 2632 3466 2689 latere
3522 2632 3711 2704 rivus,
3772 2630 3881 2704 qui

2199 2728 2449 2781 vocatur
2476 2723 2726 2787 Galeria,
2761 2740 2797 2780 a
2824 2723 2991 2779 tertio
3017 2722 3198 2779 latere
3244 2721 3502 2789 Ulbasol,
3559 2738 3598 2778 a
3647 2726 3878 2795 quarto

2201 2813 2383 2869 latere
2413 2812 2691 2886 Criptule,
2722 2828 2833 2867 nec
2863 2826 2988 2869 non
3008 2811 3268 2868 fundum
3298 2811 3405 2884 qui
3434 2816 3686 2868 vocatur
3702 2814 3876 2868 Mons

2202 2907 2433 2958 Aureus
2457 2918 2598 2958 cum
2626 2900 2916 2958 omnibus
2940 2900 3065 2956 suis
3094 2899 3592 2975 pertinentiishab
3624 2916 3759 2957 uno
3790 2899 3873 2955 la-

2204 2996 2323 3047 tere
2352 3007 2529 3047 mons
2545 2991 2649 3063 qui
2680 2994 2926 3047 vocatur
2949 2989 3213 3058 Jordani,
3247 2990 3326 3046 ab
3356 2989 3473 3046 alio
3503 2992 3685 3047 latere
3712 2989 3875 3061 Crip-

2202 3080 2342 3146 tule,
2374 3096 2412 3136 a
2440 3080 2608 3136 tertio
2639 3079 2820 3136 latere
2849 3080 3075 3136 fundus
3103 3079 3209 3153 qui
3239 3084 3488 3137 vocatur
3514 3079 3729 3141 Palmi.
3767 3084 3877 3135 eta

2200 3172 2417 3241 quarto
2445 3168 2626 3223 latere
2657 3167 2881 3227 fundus
2914 3171 3196 3236 Lauretaa,
3236 3173 3294 3225 et
3323 3185 3359 3225 a
3422 3169 3634 3242 quinto
3689 3169 3879 3226 latere

2202 3260 2355 3311 terra
2376 3256 2721 3311 monasterii
2754 3257 2810 3312 8.
2841 3254 3085 3322 Martini,
3106 3272 3214 3313 seu.
3241 3256 3468 3313 fundus
3488 3257 3595 3331 qui
3624 3263 3881 3314 vocatur

2199 3359 2376 3400 mons
2405 3342 2695 3400 Grunduli
2725 3358 2865 3399 cum
2891 3342 3176 3399 omnibus
3205 3344 3287 3399 ad
3329 3360 3471 3402 eum
3518 3347 3878 3419 pertinenti-

2197 3433 2333 3501 bus,
2359 3437 2415 3488 et
2442 3432 2593 3488 inter
2619 3430 2852 3501 afﬁnes,
2883 3431 2962 3487 ab
2984 3446 3106 3487 uno
3134 3430 3318 3489 latere
3372 3433 3598 3490 fundus
3658 3436 3878 3494 Montis

2200 3522 2397 3585 Aurei.
2428 3526 2486 3577 et
2511 3520 2589 3576 ab
2616 3520 2734 3577 alio
2762 3519 2943 3576 latere
2972 3519 3196 3575 fundus
3228 3520 3507 3594 Criptule,
3526 3527 3585 3579 et
3618 3525 3875 3582 Ulbaro-

2200 3613 2281 3682 lo,
2313 3628 2352 3668 a
2379 3610 2548 3668 tertio
2572 3609 2754 3667 latere
2784 3609 3007 3668 fundus
3036 3608 3249 3680 Palmi,
3279 3616 3459 3684 atque
3482 3611 3715 3669 fundus
3775 3615 3874 3687 qui

2200 3702 2415 3759 dicitur
2445 3700 2645 3774 Oripo,
2670 3716 2810 3756 cum
2838 3698 3122 3756 omnibus
3150 3700 3276 3756 suis
3298 3700 3694 3774 pertinentiis,
3718 3704 3874 3761 inter

2201 3791 2433 3863 afﬁnes,
2469 3790 2548 3846 ab
2580 3806 2701 3846 uno
2730 3790 2913 3845 latere
2935 3793 3090 3845 terra
3117 3791 3466 3848 monasterii
3503 3794 3560 3849 S.
3614 3794 3867 3860 Martini,

2201 3883 2281 3940 ab
2310 3881 2428 3940 alio
2454 3880 2637 3938 latere
2667 3879 2893 3936 fundus
2924 3878 3123 3935 insula
3147 3885 3376 3951 sancta,
3422 3896 3460 3945 a_
3488 3882 3658 3941 tertio
3686 3883 3869 3941 latere

2201 3971 2381 4029 curtis
2413 3972 2470 4029 S.
2504 3969 2673 4040 Petri,
2704 3973 2762 4026 et
2791 3968 3016 4025 fundus
3073 3970 3295 4026 montis
3351 3971 3662 4039 Grunduli,
3721 3977 3783 4030 et
3839 3988 3871 4027 a

2199 4067 2416 4137 quarto
2443 4062 2625 4119 latere
2646 4066 2804 4118 terra
2829 4060 2906 4117 de
2937 4064 3101 4117 curte
3127 4062 3184 4118 8.
3214 4061 3385 4119 Petri.
3416 4065 3563 4119 ltem
3618 4063 3866 4127 fundus,

2197 4151 2305 4226 qui
2332 4155 2583 4211 vocatur
2615 4150 2923 4224 Scriptule,
2946 4154 3004 4207 et
3031 4149 3220 4223 palmi
3244 4166 3388 4208 cum
3430 4152 3722 4209 omnibus
3772 4168 3867 4210 eo—

2197 4258 2335 4299 rum
2352 4241 2742 4315 pertinentiis,
2763 4256 2799 4296 a
2812 4240 3009 4313 primo
3019 4240 3202 4297 latere
3219 4240 3443 4298 fundus
3461 4242 3771 4312 Fulisan,a
3785 4259 3864 4298 se-

2199 4331 2398 4389 cundo
2426 4331 2610 4388 latere
2626 4330 2850 4387 fundus
2880 4333 3147 4399 Laurete,
3170 4331 3393 4389 atertio
3417 4330 3600 4389 latere
3619 4337 3783 4390 terra
3812 4334 3861 4388 S.

2201 4420 2446 4491 Martini,
2472 4424 2529 4477 et
2556 4437 2593 4477 a
2620 4423 2836 4487 quarto
2864 4419 3047 4477 latere
3075 4418 3302 4477 fundus
3333 4422 3634 4479 Sevonum
3665 4420 3861 4480 omni-

2200 4529 2302 4578 no,
2332 4511 2557 4567 fundus
2583 4510 2790 4567 lsidori
2815 4527 2956 4567 cum
3000 4510 3287 4567 omnibus
3318 4512 3692 4585 pertinentiis
3725 4512 3861 4575 suis,

2197 4601 2277 4661 ab
2296 4617 2420 4659 uno
2442 4601 2625 4657 latere
2654 4604 2812 4657 terra
2839 4602 2896 4657 S.
2925 4600 3175 4670 Martini,
3205 4600 3285 4658 ab
3336 4601 3454 4659 alio
3498 4602 3682 4661 latere
3733 4605 3864 4661 Cas.

2198 4689 2516 4762 trangotol,
2550 4705 2587 4746 a
2616 4688 2786 4746 tertio
2815 4689 2995 4746 latere
3034 4692 3231 4747 Mensa
3263 4694 3496 4762 sancta,
3526 4691 3791 4767 denique
3810 4706 3864 4761 et

2197 4780 2398 4854 ipsum
2425 4778 2684 4835 fundum
2710 4781 2973 4835 Mensam
2995 4783 3268 4837 sanctam
3300 4796 3441 4837 cum
3471 4781 3759 4839 omnibus
3790 4778 3860 4837 ad

2198 4886 2337 4928 eam
2364 4868 2822 4943 pertinentibus,
2845 4869 2924 4924 ab
2950 4884 3075 4925 uno
3100 4867 3286 4927 latere
3310 4869 3531 4939 casale,
3561 4872 3734 4945 quod
3763 4886 3857 4927 vo-

2201 4965 2369 5018 catur
2398 4959 2610 5029 bucce,
2643 4976 2680 5015 a
2708 4958 2974 5016 secundo
2998 4958 3179 5016 latere
3209 4976 3408 5031 mons,
3460 4961 3565 5035 qui
3622 4966 3857 5021 vocatur

2202 5047 2553 5122 Dompnico,
2582 5064 2618 5104 a
2644 5047 2814 5104 tertio
2843 5047 3027 5104 latere
3054 5050 3319 5116 Musana,
3346 5049 3403 5106 ei
3428 5055 3702 5123 aquarto
3718 5050 3855 5108 late-

2201 5155 2265 5195 re
2294 5140 2349 5196 8.
2389 5136 2741 5194 Laurentius
2768 5137 2842 5194 de
2872 5136 3061 5208 Panti,
3112 5137 3245 5210 pari
3297 5139 3482 5196 modo
3521 5139 3777 5198 fundum
3802 5140 3849 5191 S.

2204 5226 2473 5283 Basilidis
2505 5241 2645 5282 cum
2666 5224 2953 5283 omnibus
2986 5223 3067 5282 ad
3093 5241 3236 5283 eum
3286 5227 3743 5300 pertinentibus,
3785 5224 3852 5283 ab

2205 5332 2327 5371 uno
2354 5314 2537 5373 latere
2567 5315 2774 5371 casale
2804 5314 2903 5372 SS.
2936 5314 3076 5371 lic-tri
3103 5318 3160 5370 et
3190 5316 3376 5386 Pauli,
3409 5316 3488 5373 ab
3518 5317 3635 5374 alio
3692 5319 3850 5375 latere

2204 5400 2376 5455 vallis
2409 5417 2544 5473 quae
2571 5401 2909 5474 appellatur
2936 5404 3362 5475 Intentionara,
3410 5421 3446 5461 a
3474 5406 3641 5461 tertio
3690 5406 3848 5463 latere

2206 5489 2529 5559 vivarolus,
2560 5494 2618 5544 et
2646 5506 2681 5544 a
2707 5493 2924 5561 quarto
2954 5490 3134 5546 latere
3166 5494 3602 5551 monasterium
3635 5496 3693 5551 S.
3744 5496 3846 5549 Ste—

2205 5577 2393 5651 phani
2427 5596 2439 5647 ;
2488 5593 2671 5650 porro
2699 5577 2958 5634 fundum
2988 5581 3214 5650 Panvii,
3246 5598 3388 5639 cum
3416 5584 3704 5642 omnibus
3745 5581 3842 5639 suis

2205 5666 2658 5739 pertinentibus,
2718 5665 2796 5723 ab
2859 5684 2979 5725 uno
3049 5668 3231 5727 latere
3300 5672 3523 5731 fundus
3578 5670 3841 5750 Apronia-

2213 5770 2380 5823 num,
2440 5755 2519 5813 ab
2573 5755 2689 5813 alio
2762 5755 2945 5825 latere
2993 5758 3167 5827 ,Silva
3244 5761 3535 5833 Candida,
3595 5780 3634 5820 θ.
3702 5757 3839 5821 tertio
